1961 3071
75 141 109 173 45

561 138 598 172 D.
620 135 773 172 MARANI
795 130 1006 169 PRtEli‘ATIO.
1030 151 1068 159 --
1090 132 1197 169 PARS.
1223 132 1262 168 II.

1719 133 1759 166 46

73 208 150 244 bant,
171 208 244 239 nihil
266 208 406 247 agebant.
424 211 462 240 At
485 207 535 239 ubi
552 208 589 238 de
611 206 719 238 arbore
734 205 892 245 agnitionis
903 204 1033 235 Aradiso
1043 205 1155 236 solutus
1165 205 1296 241 ludebat,
1313 209 1376 236 erat
1386 204 1483 235 adhuc
1500 204 1551 236 Dei
1568 213 1653 244 puer.
1670 205 1759 236 Post-

73 257 272 291 gustaverunt,
289 253 362 283 nihil
376 254 502 293 primum
514 256 670 283 senserunt
682 260 769 291 quam
786 249 896 281 erube-

73 298 226 329 scendum.
261 299 359 338 ltaque
383 297 428 328 sui
462 307 580 338 quoque
610 305 697 327 sexus
712 295 895 326 intellectum

74 343 205 382 tegmine
222 347 408 373 notaverunt.
430 355 441 371 ι

113 387 287 423 Audit-udus
299 388 329 418 in
345 387 480 418 eamdem
495 383 895 423 seritentiamGregoriusNa-

73 432 230 462 zianzenus
247 432 296 472 qui
313 433 355 463 sic
368 432 499 472 loquitur
512 431 649 469 0rat.38,
665 440 693 470 p.
707 430 777 461 619:
796 430 896 468 Θεωρία

73 479 120 516 γαρ
136 477 168 515 ᾖν
198 479 228 506 τὸ
255 479 346 517 φυτὸν,
363 479 399 509 ὡς
423 477 505 515 ῧιέμὴ
520 476 626 516 θεωρία,
651 476 682 509 ἧς
714 476 805 512 μόνοις
834 473 895 501 ἑπι-

73 521 172 550 ὃαίνειν
204 522 320 562 ὄιςφαλὶς
348 530 408 553 τοῖς
423 522 472 555 τὴν
488 521 539 554 ἕξιν
567 521 747 559 τελεωτὲροις,
764 520 793 547 0-3
814 517 895 546 καλὸν

72 566 97 594 δὲ
122 574 181 598 τοῖς
212 567 401 606 ἁπλουστέροις
429 568 466 594 ἔτι
496 567 538 593 καὶ
553 566 601 599 τὴν
617 565 705 604 ’ἔφεσιν
719 563 893 604 λιχνοτέροις⁵

72 611 161 650 ὥςπερ
199 611 256 640 0-33“:
282 613 366 652 τροφὴ
376 611 465 640 τελεία
487 610 629 645 λυσιτελής
643 616 702 640 τοῖς
718 609 832 639 ἁπαλοῖς
858 607 896 636 ἔτι

75 657 115 684 xxi
145 656 281 693 δεομένοις
296 651 428 696 γάλακτος
474 669 482 682 ι
503 653 720 694 Contemplatio
741 656 805 683 erat
835 651 898 682 haec

73 700 173 741 arbor,
191 706 332 741 quantum
349 702 411 741 ipse
429 699 655 740 contemplanda
681 706 835 737 assequor,
860 696 895 727 ad

75 755 161 785 quam
176 746 212 776 iis
228 745 299 776 solis
314 749 392 776 tutus
403 749 449 776 est
459 753 612 784 ascensus,
627 742 677 783 qui
691 742 782 773 animi
795 741 895 772 habitu

75 790 243 830 perfectiori
255 790 570 830 sunt,hauthuaquam
587 792 684 818 autem
697 787 774 817 bona
785 785 898 825 simpli-

937 259 1024 288 quam
1037 254 1134 280 autem
1157 249 1315 281 succubuit
1332 249 1513 290 voluptati...
1543 248 1687 280 abductus
1714 254 1758 280 est

938 294 1146 333 cupiditatibus
1159 304 1241 335 puer,
1255 294 1299 325 vir
1317 294 1410 325 factus
1424 294 1635 334 inohedientia,
1653 298 1682 325 et
1698 295 1757 325 Vio-

938 339 995 369 lato
1012 340 1105 378 patris
1116 343 1264 380 praecepto
1278 341 1370 371 Deum
1386 340 1678 371 at'fecitcontumelia.
1703 353 1715 367 ι»

978 383 1122 415 Eumdem
1129 385 1304 426 scriptorem
1316 389 1453 424 suscepta
1461 393 1527 415 cum
1534 384 1682 415 haereticis
1688 394 1759 415 con-

938 429 1081 459 troversia
1093 429 1123 460 in
1153 430 1310 461 nonnullas
1325 429 1442 470 impulit
1463 430 1661 468 conjecturas,
1685 438 1758 469 quas

938 473 985 504 hic
999 474 1112 505 referre
1129 484 1186 505 non
1203 474 1323 515 pigebit.
1340 474 1413 505 Nam
1428 484 1496 505 cum
1514 474 1644 505 haeretici
1670 474 1758 506 Crea-

938 521 1030 548 torem
1047 518 1169 559 ejusque
1184 528 1274 559 opera
1289 519 1499 559 vituperarent,
1517 528 1550 550 ac
1566 519 1712 550 Adamum
1730 523 1759 549 et

939 564 1023 592 Evam
1041 572 1190 604 nunquam
1204 563 1390 594 matrimonio
1406 572 1514 594 usuros
1529 564 1621 595 fuisse
1631 568 1757 595 conten-

937 608 1116 644 derent,nisi
1128 608 1275 647 serpentis
1287 608 1414 648 impulsu
1425 609 1460 639 ad
1478 609 1554 639 lianc
1570 609 1758 648 conjunctio-

940 661 1007 682 nem
1020 652 1132 683 incitati
1155 652 1301 691 fuissent;
1319 657 1406 692 negat
1432 653 1570 684 Clemens
1585 653 1616 683 in
1633 662 1667 683 eo
1685 662 1758 694 ρειτ-

939 705 1022 727 casse
1038 697 1150 737 primos
1167 702 1315 737 parentes,
1332 697 1411 738 quod
1426 697 1614 728 matrimonio
1634 698 1679 728 usi
1695 699 1759 730 fue—

939 742 1009 776 rint,
1020 742 1072 772 sed
1085 743 1163 782 quod
1178 746 1249 773 ante
1277 747 1394 783 tempus
1420 746 1469 774 usi
1496 744 1627 783 fuerint,
1660 746 1760 782 utpote

938 785 1038 816 adhuc
1047 787 1186 826 juvenes.
1211 787 1387 821 Ἐκινὴθησαν
1403 787 1430 816 δὲ
1457 790 1550 816 θᾶττον
1578 788 1596 821 ἢ
1625 791 1760 826 προσῆκον

76 834 206 865 cioribus
217 834 313 866 adhuc
325 834 433 865 animis
441 840 529 874 atque
542 832 671 873 appetitu
683 830 805 862 avidiori
822 839 898 870 prae-

966 843 974 856 ι
1002 830 1040 859 ἔτι
1063 831 1116 860 νέοι
1146 833 1291 871 πεφυκότες
1317 832 1406 871 ἀπάτῃ
1428 833 1622 873 παραχθέντες,
1645 831 1759 872 διν-01η,

76 879 411 920 ditis,quemadmodum
426 888 478 909 nec
487 877 635 918 perfectus
647 885 680 906 ac
691 875 804 920 solidus
815 874 898 905 cibus

76 924 112 954 iis
127 924 265 954 conducit
279 923 328 963 qui
346 928 448 953 tenera
462 922 559 954 adhuc
571 925 639 951 sunt
653 924 750 956 aetate,
765 919 899 959 lacteque

75 977 151 1008 opus
162 966 360 999 habent.»His
375 969 406 999 S.
420 966 556 1006 Gregorii
573 966 670 996 verbis
686 964 778 995 utitur
794 969 823 994 ut
839 963 900 994 suis

76 1012 105 1044 S.
123 1012 254 1043 Joannes
273 1012 474 1044 Damascenus
489 1012 565 1042 lib.u
585 1010 627 1041 De
635 1010 700 1050 ﬁde
715 1008 898 1044 orthodoxa,

76 1067 140 1089 can.
161 1061 209 1089 tt.

136 1082 140 1087 .
162 1067 209 1089 ιι.

112 1067 244 1135 lioanues
257 1103 496 1143 Chrysostomus,
511 1101 564 1131 etsi
588 1100 707 1140 copiose
724 1108 776 1130 eos
790 1098 901 1133 refellit

76 1147 180 1178 homil.
203 1151 236 1177 lt}
248 1147 277 1178 in
291 1147 443 1186 Genesim,
458 1146 507 1186 qui
519 1145 677 1180 Adamnm,
694 1149 848 1184 postquam
863 1143 900 1173 de

77 1192 155 1231 ligno
170 1191 509 1232 comedit,acquisivisse
525 1189 678 1220 scientiam
691 1188 762 1219 boni
777 1193 807 1218 et
832 1186 899 1217 mali

78 1237 289 1277 dicebant,non
310 1241 409 1267 tamen
425 1245 493 1266 eum
509 1234 624 1265 dubitat
639 1243 745 1264 vocare
763 1237 897 1263 tenerum

78 1291 200 1322 puerum
218 1281 248 1311 in
264 1281 366 1312 homil.
385 1281 429 1312 I4.
442 1280 489 1311 Ait
504 1279 583 1310 enim
604 1290 615 1307 α
647 1277 896 1318 quemadmodum

80 1330 158 1365 pater
174 1326 267 1367 prolis
277 1335 379 1357 amans
395 1330 498 1356 tenero
529 1323 601 1359 ﬁlio,
621 1336 631 1350 -
665 1323 780 1367 καθάπερ
809 1322 898 1367 πατὴρ

78 1365 249 1411 eoab-.6970:
275 1370 347 1399 πκιδὶ
362 1370 424 1410 νέῳ,
441 1369 624 1399 moderatam
643 1376 744 1398 curam
758 1365 897 1406 imponit,

79 1425 114 1446 ne
127 1418 185 1446 otio
201 1415 374 1446 insolescat.
392 1415 431 1445 ita
446 1414 538 1445 Deum
555 1413 667 1443 Adamo
695 1411 897 1451 operationem

79 1464 106 1491 et
133 1459 298 1490 custodiant
329 1459 456 1500 paradisi
486 1457 656 1489 tradidisse.
681 1455 897 1500 Theodoretus,

940 883 1055 914 ut.pag.
1072 875 1227 906 470.1dem
1240 876 1327 916 paulo
1342 883 1410 907 rnte
1425 878 1613 917 conjiciendo
1634 880 1759 918 dixerat,

941 928 1048 960 nempe
1079 929 1143 960 pag.
1169 921 1240 960 466,
1264 921 1416 952 hominem
1445 931 1502 953 non
1514 923 1585 955 vitio
1600 925 1761 956 creationis

941 963 1106 1004 aberrasse,
1129 964 1180 995 sed
1196 973 1298 996 amore
1326 965 1494 1007 voluptatis,
1524 968 1655 1008 fortune
1684 971 1760 1010 quia

936 1011 1130 1048 prtoptastus
1152 1014 1254 1041 noster
1266 1015 1384 1051 tempus
1395 1017 1589 1052 praevenerat
1602 1018 1694 1054 atque
1709 1017 1760 1045 in-

940 1055 1152 1101 tempestivum»
1172 1057 1362 1101 matrimonii
1393 1059 1529 1096 gratiam
1560 1061 1759 1101 oppetiverat,

941 1099 1000 1139 Τάχ
1004 1111 1019 1127 α
1029 1110 1080 1127 που
1095 1099 1226 1138 πρνιλαῗόν
1232 1111 1271 1132 :o:
1282 1102 1360 1136 ἡμῶν
1371 1103 1415 1130 τὸν
1426 1104 1516 1142 καιρὸν
1527 1105 1572 1132 τοῦ
1583 1099 1762 1144 πρωτοπλάσξ

943 1155 987 1189 ξολ
1003 1145 1044 1172 καὶ
1060 1146 1109 1184 πρὸ
1120 1145 1189 1184 ὥρας
1204 1146 1252 1179 τῆς
1266 1150 1312 1175 τοῦ
1341 1147 1427 1184 γάμου
1456 1148 1566 1186 χάριτος
1592 1149 1758 1189 ὀρεχθέντος.

942 1187 1004 1218 Νοη
1017 1189 1116 1227 ignota
1129 1189 1181 1220 fuit
1192 1188 1391 1229 S.Augustino
1401 1192 1463 1222 hac
1475 1193 1587 1232 peccati
1596 1187 1759 1233 primorum

938 1242 991 1271 par
1003 1237 1088 1278 entm
1105 1234 1275 1273 explicandi
1288 1235 1374 1266 ratio.
1395 1247 1407 1264 ι
1426 1235 1528 1267 Visum
1538 1242 1582 1268 est
1598 1242 1626 1268 et
1641 1238 1760 1278 quibus-

940 1277 1020 1318 dam,
1036 1277 1142 1318 inquit,
1161 1278 1211 1310 lib.
1229 1287 1250 1310 ιι
1266 1279 1308 1310 De
1319 1280 1431 1311 Genesi
1442 1282 1483 1311 ad
1498 1277 1685 1322 litteram,’n.
1709 1283 1758 1321 57,

941 1322 1015 1352 duos
1030 1322 1097 1353 illos
1126 1323 1238 1362 primos
1265 1324 1401 1355 homines
1415 1325 1533 1366 nuptias
1556 1335 1624 1357 suas
1649 1326 1760 1358 furatos

940 1365 1041 1407 fuisse,
1059 1371 1088 1397 et
1111 1371 1179 1398 ante
1193 1367 1295 1398 mistos
1311 1378 1376 1400 esse
1389 1369 1561 1407 concubitu,
1593 1380 1679 1411 quam
1708 1380 1760 1402 eos

940 1411 990 1451 qui
1005 1416 1156 1442 creaverat
1167 1412 1344 1452 copulasset,
1363 1423 1449 1454 quam
1465 1423 1528 1445 rem
1553 1416 1672 1446 nomine
1687 1416 1759 1455 ligni

940 1455 1032 1487 fuisse
1046 1457 1250 1498 signiﬁcatam,
1268 1458 1349 1488 unde
1374 1459 1513 1498 prohibiti
1544 1464 1639 1496 erant,
1664 1460 1760 1492 donec

80 1510 177 1545 quaest.
196 1505 235 1536 98
252 1505 282 1535 in
298 1498 438 1536 Genesim
454 1504 496 1534 sic
511 1502 659 1542 loquitur:
679 1500 742 1530 ossa
753 1502 785 1528 τὰ
800 1498 927 1542 κομιδῇρ
940 1506 1105 1545 opportune
1121 1503 1572 1543 temporejungerentur.»Hanc
1587 1504 1760 1544 opinionem

82 1550 123 1577 νέα
150 1549 242 1578 παιδία
271 1549 387 1589 ἔρυθριᾷν
415 1549 514 1588 πέφυκε
542 1550 591 1580 τῆς
616 1546 725 1579 ἐσθῆτος
755 1556 896 1584 γεγυμνω-

81 1594 152 1631 μένα.
189 1593 266 1624 Κατὰ
291 1594 378 1634 βραχὺ
393 1592 420 1621 δὲ
449 1593 496 1620 to")
511 1592 635 1629 σώματος
664 1590 896 1634 αὒξκνομένουγκαί

79 1642 120 1667 τοῦ
147 1645 192 1668 νοῦ
220 1639 315 1667 λοιπόν
357 1637 507 1678 ἀρχομένου
521 1636 570 1670 τὴν
586 1636 682 1664 οἰκείαν
697 1635 771 1675 φύσιν
796 1633 897 1678 ἐπιδει-

81 1683 178 1721 κνύναι,
218 1683 267 1712 οὒκ
295 1683 333 1713 ἔτι
355 1682 449 1711 λοιπὸν
464 1680 568 1721 φορητὴ
583 1686 642 1711 τοῖς
658 1678 802 1718 μειρακίοις
817 1680 835 1713 ἡ
848 1679 897 1717 γύ-

80 1739 186 1764 μνωσις,
224 1727 284 1756 ἀλλ’
315 1727 452 1766 ἐρυθριῶσι
483 1727 527 1754 καὶ
552 1723 806 1764 περιϐάλλονται,...
824 1722 900 1751 Οὕτω

79 1773 120 1799 καὶ
152 1774 175 1801 οἱ
203 1773 264 1812 περὶ
298 1775 343 1801 τὴν
359 1771 444 1809 Ἀδὰμ
460 1771 532 1802 εὗθὺς
549 1769 598 1801 μὲν
620 1767 834 1804 διαιπλαιςτθέντες⁷
852 1767 899 1795 οἶα

80 1815 110 1848 δὴ
135 1817 224 1851 νήπιοι
253 1818 298 1845 κιὶ
333 1817 481 1855 εὐθύ-τενεῖς
496 1814 602 1848 καὶτῆς
628 1813 756 1851 ἁμαρτίας
786 1811 900 1849 ἀμύητοι

80 1862 124 1889 οὒκ
138 1861 289 1901 ᾐσχύνοντο
317 1860 380 1901 δίχα
407 1858 579 1899 περιϐολαίων
605 1857 751 1896 διάγοντες.
769 1856 841 1884 Μετὰ
870 1855 897 1883 δὲ

80 1906 126 1938 τὴν
154 1900 250 1945 πὲξραν
264 1912 323 1938 τοῖς
352 1904 460 1945 φύλλοις
486 1904 543 1931 ἔνια
556 1907 602 1932 τοῦ
615 1902 740 1938 σώματος
756 1900 898 1929 συνεκάλυ-

81 1953 130 1987 "pr:
141 1944 344 1990 popa-Pueri
356 1944 493 1990 juniorcs
509 1952 590 1978 veste
605 1945 706 1977 nudati
719 1944 898 1976 erubescere

82 1999 180 2025 natura
190 2004 249 2025 non
268 1995 374 2035 solent;
395 1993 533 2034 paulatim
545 1996 643 2023 autem
654 1994 807 2021 crescente
829 1999 897 2021 cor-

82 2048 230 2078 pore,cum
241 2048 326 2070 mens
338 2044 438 2079 postea
451 2037 601 2078 propriam
613 2038 746 2066 naturam
762 2042 899 2066 exserere

82 2084 211 2124 coeperit,
225 2083 319 2115 adulti
337 2084 399 2124 jam
411 2092 470 2114 non
483 2082 629 2123 patienter
643 2079 743 2110 ferunt
756 2088 788 2124 se
804 2079 900 2124 nuda-

80 2127 115 2165 ri,
128 2123 180 2159 sed
192 2123 374 2159 erubescunt
389 2132 417 2158 et
432 2129 679 2167 conteguntur....
698 2124 739 2154 Ita
754 2123 791 2154 de
807 2123 898 2154 Adam

81 2177 108 2202 et
123 2172 158 2203 de
173 2174 237 2213 ejus
253 2182 346 2204 uxore
360 2172 549 2204 sentiendum
566 2175 621 2206 est,
650 2167 702 2209 qui
726 2168 824 2198 statim
850 2168 900 2199 ubi

80 2216 190 2248 formati
204 2222 285 2255 sunt,
301 2217 382 2248 velut
392 2217 519 2247 infantes
530 2220 559 2247 et
574 2222 681 2246 recens
694 2213 765 2250 nati,
782 2221 816 2243 ac
828 2221 899 2252 pec-

79 2267 142 2293 cato
158 2263 289 2294 nondum
305 2261 489 2299 initiati,non
501 2261 707 2293 afﬁciebanlul‘
725 2257 902 2295 verecundia

80 2306 143 2338 sine
154 2307 263 2339 amictu
273 2307 446 2347 agentes.At
457 2311 523 2348 post
535 2307 749 2347 experientiam
760 2304 900 2347 quasdam

82 2356 176 2390 partes
190 2352 325 2393 corporis
340 2352 419 2383 foliis
430 2351 661 2383 occultaverunt.
683 2362 697 2381 ›
714 2350 768 2382 Ηιο
784 2358 902 2392 quoque

83 2394 199 2427 infantia
215 2406 275 2428 non
289 2397 321 2427 in
335 2396 520 2436 ignoratione
536 2395 682 2436 consistit,
704 2396 756 2427 sed
775 2395 805 2426 in
819 2395 904 2425 inno-

82 2440 244 2482 centia,qua
257 2445 380 2482 peccato
397 2441 517 2479 amissa,
530 2440 666 2471 stimulos
680 2441 898 2481 concupiscen-

82 2484 127 2515 tia:
140 2491 298 2516 senserunt
313 2490 342 2516 et
358 2485 473 2526 pudore
488 2485 604 2516 suffl'usi
617 2489 687 2516 sunt

120 2528 168 2561 Ill.
187 2530 326 2562 Clemens
339 2525 560 2562 Alexandrinus
576 2530 738 2570 Protrept.,
755 2539 773 2568 p
799 2529 857 2560 69:
871 2525 900 2558 Ὀ

82 2577 182 2613 πρῶτος
210 2575 254 2604 ὅτε
292 2575 319 2603 ἐν
341 2574 490 2614 παραδείσῳ
505 2574 598 2610 ἔπαιζε
612 2573 755 2612 λελυμένος
772 2573 827 2614 ἐπεὶ
844 2573 900 2614 (le-

83 2618 208 2657 gendum
222 2619 340 2651 videtur
354 2613 403 2659 ἔτι)
438 2619 541 2648 παιδίον
568 2619 601 2653 ἧν
630 2622 676 2647 τοῦ
691 2622 767 2647 Θεοῦ.
788 2613 856 2647 ’Ὂτὲ
872 2617 899 2646 δὲ

85 2663 225 2693 ὑπέπιπτεν
251 2664 387 2703 ﬁam/$3,...
423 2665 560 2703 παρήγετο
599 2663 747 2701 ἐπιθυμίαις
777 2664 791 2691 ὁ
820 2670 898 2700 παῖς,

85 2706 261 2746 ἀνδριζόμενος
291 2709 420 2747 ἀπειθείᾳ,
450 2710 494 2737 χαί
521 2708 692 2748 παρακούσας
717 2710 762 2734 τοῦ
798 2709 899 2747 Πατρὸς

86 2751 212 2792 inﬁmo
236 2755 282 2782 τὸν
310 2754 387 2785 Θεόν.
408 2764 420 2782 α
438 2752 558 2784 Primus
573 2750 794 2792 homo,quando
810 2751 840 2782 iu
852 2760 901 2792 pa-

941 1545 1038 1584 rejicit
1052 1544 1083 1576 S.
1102 1545 1292 1585 Augustinus,
1310 1551 1342 1577 ut
1359 1547 1523 1578 ridiculam
1551 1552 1580 1579 et
1611 1558 1629 1580 a
1658 1557 1762 1580 rerum

938 1593 1093 1630 gestarum
1100 1595 1285 1630 proprietate
1292 1591 1504 1624 discedentem.
1512 1592 1617 1624 Lenius
1626 1593 1686 1632 agit
1693 1603 1760 1624 cum

940 1634 976 1664 iis
987 1634 1037 1674 qui
1053 1635 1257 1666 existimabant
1271 1637 1469 1675 festinatione
1483 1639 1678 1677 prcevertisse
1692 1637 1763 1669 illos

939 1678 1075 1710 homines
1086 1680 1252 1718 appetitum
1262 1681 1395 1712 scientiae
1404 1681 1473 1712 boni
1486 1685 1514 1713 et
1524 1682 1640 1719 mali,et
1655 1683 1761 1714 immu-

939 1727 1007 1755 turo
1018 1727 1148 1763 tempore
1155 1725 1311 1765 percipere
1322 1725 1462 1764 voluisse,
1480 1727 1559 1767 quod
1573 1728 1617 1758 eis
1632 1727 1761 1759 dilatum

940 1769 1139 1808 opportunius
1150 1770 1335 1801 seruabatur.
1349 1769 1433 1801 Hanc
1448 1772 1624 1802 sententiam
1639 1781 1696 1802 non
1707 1772 1762 1803 im~

941 1812 1058 1854 probat,
1075 1813 1161 1844 modo
1173 1815 1279 1845 veritas
1289 1815 1419 1846 historiae
1429 1825 1489 1846 non
1501 1820 1635 1855 negetur.
1656 1828 1667 1844 α
1686 1816 1759 1857 Hoc,

942 1857 1047 1898 inquit,
1065 1858 1088 1887 si
1105 1857 1305 1899 fortelignum
1319 1859 1391 1890 illud
1410 1869 1467 1890 non
1483 1861 1518 1891 ad
1535 1861 1760 1901 proprietatem,

940 1907 1081 1933 utverum
1098 1902 1208 1942 lignum
1225 1907 1253 1934 et
1265 1912 1330 1934 vera
1344 1914 1430 1944 poma
1441 1905 1572 1944 ejus,sed
1585 1905 1620 1935 ad
1638 1905 1761 1944 ﬁguram

940 1946 1029 1976 velint
1044 1947 1302 1987 accipere.habeat
1317 1948 1427 1979 exitum
1440 1949 1569 1990 aliquem
1587 1956 1678 1980 rectae
1690 1949 1761 1980 ﬁdei

941 1991 1112 2032 veritatique
1131 1991 1327 2032 probabilem.
1346 2003 1359 2022 ι
1389 1992 1571 2033 Legendum,
1589 1994 1656 2024 Nisi
1683 1994 1763 2032 forte

940 2035 1070 2076 lignum,
1086 2040 1134 2066 aut
1149 2045 1268 2067 sensum
1286 2038 1396 2068 frustra
1406 2039 1590 2069 venabimur.

982 2079 1107 2112 Videtur
1121 2090 1137 2111 e
1149 2081 1278 2112 Philonis
1287 2082 1389 2113 hausta
1401 2082 1532 2113 fontibus
1544 2083 1606 2113 haec
1616 2083 1653 2113 de
1665 2083 1764 2114 matri-

943 2125 1033 2155 monii
1049 2125 1207 2156 immaturo
1221 2135 1274 2156 ulu
1290 2127 1401 2166 opinio.
1420 2126 1446 2157 ls
1462 2127 1540 2157 enim
1566 2127 1594 2157 in
1625 2127 1702 2158 libro
1722 2129 1765 2160 De

913 2195 932 2220 ο
941 2170 1049 2220 mundi
1064 2170 1183 2210 opiﬁcio
1199 2180 1257 2201 non
1272 2171 1360 2202 modo
1370 2176 1540 2211 serpentem
1552 2171 1764 2212 interpretatur

943 2213 1134 2254 voluptatem,
1151 2215 1202 2245 sed
1225 2216 1312 2246 etiam
1322 2224 1455 2246 amorem
1474 2217 1555 2247 inter
1568 2217 1721 2248 Adamum
1737 2222 1764 2249 et

944 2258 1040 2289 Evam
1054 2260 1262 2299 supervenisse
1270 2260 1369 2298 docet,
1384 2265 1412 2292 et
1425 2265 1572 2301 tanquam
1587 2263 1679 2292 unius
1692 2264 1763 2294 ani-

943 2304 1034 2335 malis
1048 2305 1107 2336 duo
1129 2305 1257 2337 dimidia
1285 2311 1426 2347 separata
1443 2308 1476 2338 in
1511 2316 1604 2338 unum
1634 2309 1763 2339 collecta

943 2350 1210 2391 coaptasse,indita
1221 2352 1350 2391 utrique
1364 2352 1507 2391 cupidine
1518 2351 1665 2391 gignendi
1679 2352 1766 2383 simi-

945 2395 1001 2426 lem
1021 2395 1135 2436 prolem
1159 2404 1213 2436 per
1223 2401 1359 2427 mutuam
1376 2397 1635 2428 consuetudinem.
1663 2407 1676 2424 ι
1694 2397 1764 2428 Ηωε

941 2440 1263 2480 cupido,inquit,etiam
1281 2450 1440 2481 corporum
1455 2441 1632 2482 voluptatem
1650 2441 1763 2481 genuit,

941 2490 1061 2526 quaeest
1089 2486 1170 2524 origo
1200 2485 1386 2526 iniquitatum
1416 2491 1445 2517 (ιι
1474 2487 1763 2526 praevaricationum,

942 2530 1178 2570 quandoquidem
1198 2531 1261 2561 talis
1272 2530 1406 2571 voluptas
1421 2531 1536 2562 mortali
1548 2536 1576 2562 et
1586 2531 1694 2563 misera
1706 2531 1766 2562 vita

942 2575 1139 2605 immortalem
1156 2579 1185 2605 et
1197 2574 1312 2606 beatam
1327 2576 1526 2607 commutavit.
1547 2589 1560 2604 ι
1580 2571 1608 2606 ’0
1633 2576 1660 2605 δὲ
1683 2577 1762 2608 πόθος

943 2621 1018 2651 οὗτος
1033 2621 1076 2648 καὶ
1091 2621 1139 2654 τὴν
1168 2623 1220 2649 τῶν)
1245 2621 1376 2659 σωμάτων
1404 2620 1502 2655 ἡδονὴν
1526 2621 1680 2660 ἓγέννησεν,
1703 2622 1764 2655 ἣτις

941 2665 1009 2694 ἐστὶν
1029 2664 1200 2702 ἀδικημάτων
1216 2666 1259 2693 καὶ
1288 2666 1522 2704 παρανομημάτων
1552 2666 1635 2706 ἁρχὴ,
1672 2665 1705 2694 δι’
1736 2667 1765 2694 οὗ

940 2709 1149 2738 ὖπαλλάντονται
1168 2711 1213 2738 τὸν
1227 2711 1322 2744 θνητὸν
1358 2712 1401 2739 καὶ
1423 2710 1599 2749 κακοδαίμονα
1623 2711 1677 2749 βίον
1707 2710 1765 2738 ἀντ’

940 2754 1068 2783 ἀθανάτου
1084 2756 1127 2782 καὶ
1142 2753 1304 2793 Ξῦδαίμονος.
