1961 3071
39 113 73 149 49

525 118 560 150 D.
586 119 735 150 MARANI
759 114 968 149 PREFATIO.
993 133 1031 140 —-
1054 116 1160 149 PKRS.
1187 117 1224 148 ll.

1682 112 1721 144 50

72 183 122 215 lll.
137 182 248 215 Justini
268 183 389 224 vestigia
406 183 515 224 premit
525 182 997 223 Tatianus,etgenera-a-mnnis
1021 186 1085 214 θει-
1108 182 1140 213 In
1166 181 1303 213 eamdem
1328 181 1507 212 sententiam
1530 182 1581 220 ait,
1609 190 1638 210 ιι.
1655 179 1717 210 $6:

34 227 83 259 tim
92 237 159 259 cum
168 229 311 259 omnibus
318 228 489 259 hominibus
495 230 696 259 communicat
705 231 856 269 peccatum

32 272 149 303 Adami.
164 284 175 301 α
195 274 237 304 Ac
255 273 338 304 initio
360 273 494 312 quidem,
512 273 608 313 inquit
623 282 653 304 n.
670 273 719 313 13,
737 273 858 312 spiritus

32 317 136 348 anima:
147 317 302 348 convictor
311 321 386 355 erat,
402 317 454 348 sed
468 327 531 349 eam
545 317 628 358 sequi
642 318 789 348 nolentem
806 317 857 348 de-

34 362 154 393 seruit.
171 362 247 393 Etn.
262 364 309 393 11:
327 375 338 391 α
353 362 417 393 Νοη
429 364 488 393 nati
501 371 603 393 sumus
612 367 642 393 ιιι
658 371 854 399 moraremur,

30 408 80 438 sed
97 411 200 438 nostra
216 407 303 448 culpa
317 407 472 438 morimur.
486 407 616 438 Perdidit
632 416 685 438 nos
701 407 794 438 libera
809 416 858 437 vo-

30 451 147 492 luntas;
176 452 252 482 servi
282 452 350 483 facti
365 461 468 482 sumus
483 452 532 492 qui
551 451 636 482 liberi
652 460 788 489 eramus;
805 459 858 491 per

30 500 184 536 peccatum
202 497 316 528 venditi
333 506 445 527 sumus.
464 497 544 528 Nihil
562 496 632 528 mali
660 497 767 528 factum
784 501 828 527 est
841 506 858 527 a

30 541 88 572 Deo
103 551 112 578 ;
129 551 185 572 nos
202 541 258 582 ipsi
275 541 469 581 produximus
484 541 670 572 vitiositatem
684 551 691 580 ;
709 551 774 572 eam
790 548 857 572 vero

29 586 78 625 qui
92 586 410 625 produxerunt,denuo
420 586 507 617 etiam
520 586 678 626 repudiare
691 590 823 626 possunt.
842 600 854 613 ι

28 630 135 661 Statuit
147 628 289 661 Tatianus
300 635 332 662 ut
343 631 561 671 mlserias,quee
580 640 614 662 ex
626 635 745 671 peccato
753 628 858 662 Adami

28 675 192 715 ﬂuxerunt,
210 676 249 705 ita
265 675 352 706 etiam
365 675 445 706 illius
461 680 615 716 peccatum
632 676 668 706 ad
686 685 739 706 nos
755 685 858 706 omnes

29 720 182 758 pertinere
199 720 454 756 Quemadmodum
465 730 533 751 cum
546 729 580 751 eo
595 720 701 761 perditi
712 724 740 751 et
757 720 785 751 in
797 728 858 752 ser-

27 764 148 794 vitutem
163 765 275 796 redacti
305 769 334 795 ct
360 764 472 796 ventliti
496 774 530 796 ac
563 766 670 796 mortui
685 774 800 803 sumus,
818 765 858 796 ita

27 808 117 839 etiam
133 818 203 839 cum
220 809 270 840 illo
283 809 469 840 vitiositatem
489 809 693 850 produximus.

66 854 132 885 Non
146 854 254 884 mirum
270 863 339 893 ergo
351 855 374 884 si
390 854 679 894 Tatianus,magistri
690 855 799 886 Justini
811 865 858 886 ve-

27 898 133 938 stigiis,
153 899 265 938 primos
279 899 403 930 deorum
420 899 619 930 multitudinis
633 904 857 933 monstratoresi

28 943 167 982 paradiso
184 944 296 982 ejectos
323 944 414 975 fuisse
438 944 475 975 ob
490 945 546 975 hoc
561 944 659 975 scelus
675 949 703 974 et
718 945 859 976 mortales

27 989 123 1019 {actos
142 988 232 1018 fuisse
244 988 317 1020 dicit
334 997 340 1018 :
361 1002 373 1017 «ι
395 988 482 1020 Verbi
499 993 598 1020 autem
617 989 860 1030 potentia,inquit

28 1034 103 1070 n.7,
123 1042 190 1063 cum
206 1033 234 1063 in
251 1042 284 1064 se
306 1034 480 1073 prtevideret
504 1033 574 1074 quid
598 1038 687 1071 esset,
713 1044 770 1064 non
786 1031 857 1065 illud

30 1078 152 1118 quidem
171 1078 296 1115 l‘ato,sed
310 1078 403 1109 libera
420 1078 590 1118 eligentium
606 1078 756 1110 voluntate
771 1088 858 1110 even-

31 1129 147 1160 turum;
164 1124 327 1153 futurarum
349 1132 448 1154 rerum
479 1127 602 1154 eventus
618 1123 809 1163 praedicebat,
824 1133 859 1155 ac

33 1167 195 1207 nequitiam
208 1167 376 1198 interdictis
387 1167 628 1208 prohibebat,eos
638 1172 736 1199 autem
751 1168 857 1200 lauda-

31 1212 90 1249 bat,
109 1211 161 1252 qui
179 1212 247 1243 boni
265 1217 486 1252 permanerent.
510 1213 667 1252 Postquam
685 1217 783 1244 autem
801 1214 856 1244 lio-

28 1257 127 1287 mines
151 1267 244 1288 unum
274 1257 403 1298 aliquem
423 1262 529 1297 praeter
544 1264 678 1295 caeteros,
699 1262 859 1298 propterea

29 1301 109 1341 quod
123 1302 337 1341 primogenitus
347 1302 611 1342 erat,ca|lidiorem
624 1303 762 1333 assectati
777 1307 856 1343 sunt,

28 1356 63 1376 ac
74 1356 143 1377 eum
156 1348 211 1378 etsi
225 1347 282 1387 legi
304 1347 357 1378 Dei
372 1347 589 1384 obluctabatur,
603 1357 655 1387 pro
671 1347 732 1377 Deo
750 1347 861 1379 habue-

28 1396 116 1429 runt;
134 1396 195 1422 tum
213 1391 301 1422 Verbi
314 1391 444 1432 potentia
457 1398 486 1423 et
497 1392 686 1433 inceptorem
702 1392 862 1433 proﬂigata;

30 1436 207 1468 temeritatis
224 1441 254 1467 ct
268 1438 332 1476 ejus
355 1441 518 1468 sectatores
544 1446 561 1468 a
577 1446 630 1468 sua
646 1437 862 1468 consuetudine

30 1481 271 1522 exclusit.Atque
285 1482 331 1512 his
348 1481 481 1522 quidem,
498 1481 549 1522 qui
564 1482 600 1512 ad
617 1482 777 1522 imagian
807 1479 892 1514 DeiC

30 1526 126 1556 tactus
139 1527 392 1563 erat,tliscedente
408 1526 445 1557 ab
462 1536 497 1557 eo
514 1527 684 1567 potentiore
700 1527 815 1567 spiritu,
831 1525 862 1558 ﬁt

33 1571 169 1601 mortalis
185 1581 193 1608 ;
207 1571 259 1602 ille
273 1576 372 1602 autem
391 1572 607 1611 primogenitus
622 1575 746 1612 propter
762 1577 860 1602 trans-

30 1616 218 1653 gressionem
231 1621 259 1647 et
271 1616 485 1656 ignorationem
497 1617 614 1647 daemon
633 1625 698 1647 esse
715 1615 856 1657 incepit.»

31 1660 105 1690 Mira
118 1661 165 1691 hic
180 1666 207 1692 et
219 1661 308 1700 digna
323 1670 388 1701 qum
404 1661 578 1692 observetur
592 1670 693 1692 rerum
711 1661 859 1694 confusio.

30 1706 189 1736 Peccatum
214 1707 320 1737 Adami
345 1715 413 1736 cum
444 1709 565 1746 peccato
596 1705 808 1746 posteriorum,
825 1715 859 1737 ac

29 1759 136 1780 rursus
152 1751 275 1781 istorum
288 1754 441 1790 peccatum
456 1760 522 1781 cum
536 1750 642 1782 Adami
656 1754 775 1790 peccato
789 1760 860 1782 con-

27 1795 264 1836 funditur,quasi
280 1805 370 1826 unum
388 1804 510 1835 prorsus
523 1800 600 1826 esset
614 1795 861 1827 delictum.Unde

27 1840 118 1877 illutl,
137 1840 196 1871 nisi
224 1840 293 1881 quia
325 1841 354 1871 in
372 1841 486 1871 Adamo
504 1840 616 1881 posteri
643 1845 815 1880 peccarunl,
831 1845 862 1872 et

26 1885 64 1916 ab
84 1885 198 1916 Adamn
218 1885 364 1926 proﬂuxit
383 1885 435 1916 illa
449 1886 547 1916 cordis
563 1885 704 1926 pravitas,
732 1885 779 1916 cui
803 1885 859 1916 ho-

28 1930 128 1961 mines
140 1930 235 1961 libere
251 1929 445 1971 obsequendo
458 1930 570 1961 cultum
599 1929 723 1961 deorum
735 1930 861 1961 induxe-

26 1980 97 2005 runt
108 1975 124 2005 ?

71 2019 108 2051 IV
116 2044 121 2049 .
129 2021 222 2051 Multa
234 2019 322 2051 etiam
334 2023 496 2051 occurrunt
511 2020 587 2061 apud
599 2020 795 2060 Theophilum
804 2020 863 2051 An-

28 2065 206 2096 tiochenum
224 2064 438 2105 testimonia,in
450 2064 558 2105 quibus
573 2069 724 2106 peccatum
741 2065 859 2098 Adami,

28 2115 59 2140 ut
72 2119 165 2140 unum
194 2114 222 2140 et
249 2119 408 2141 commune
423 2110 563 2141 omnibus
579 2115 732 2151 peccatum
746 2109 860 2141 descri-

901 227 1175 265 cQuemadmodum
1187 236 1237 258 vas
1248 226 1285 265 si,
1304 230 1458 267 postquam
1472 225 1636 256 confectum
1652 224 1720 255 fue-

897 272 1015 313 rit,vitii
1026 272 1138 312 aliquid
1153 271 1447 308 habeat,ret‘nnditur
1463 274 1491 301 et
1506 269 1671 308 reﬁngitur,
1689 272 1722 300 ut

899 326 1005 348 novum
1018 319 1049 348 et
1060 317 1206 356 integrum
1223 317 1272 347 ﬂat
1285 327 1293 354 ;
1306 316 1385 348 idem
1397 315 1510 346 homini
1522 323 1601 344 mors
1611 313 1696 345 aﬂ'ert
1712 323 1719 344 :

899 361 1025 402 quodam
1045 363 1124 392 enim
1148 361 1237 392 modo
1249 360 1458 399 confringitur,
1473 364 1506 390 ut
1520 368 1609 390 sanus
1623 358 1654 389 in
1669 367 1721 389 re-

898 407 1084 438 surrectione
1100 406 1277 442 inveniatur,
1304 405 1334 436 id
1359 409 1404 437 est
1425 404 1565 442 mundus,
1576 404 1677 443 justus
1693 407 1722 434 et

897 451 1085 483 immortalis.
1107 462 1118 479 ι

939 496 1116 528 Persuasum
1126 495 1422 537 eratTheophilonos
1428 504 1495 526 cum
1504 493 1617 525 Adamo
1626 496 1725 524 morte

900 540 1054 572 damnatos
1079 550 1137 572 non
1154 550 1232 578 esse,
1250 541 1305 572 nisi
1331 540 1400 581 quia
1415 540 1445 570 in
1455 539 1568 570 Adamo
1583 537 1720 579 peccavi—

901 595 982 624 mus;
1011 595 1110 626 neque
1136 586 1216 617 enim
1239 585 1332 617 Deum
1362 584 1499 616 innocuis
1514 584 1589 614 hanc
1604 591 1722 623 pinnam

900 630 1105 671 impositurum
1118 630 1229 668 fuisse;
1247 640 1283 661 ne
1299 631 1363 671 ipse
1378 629 1482 660 mortis
1492 633 1596 660 auctor
1605 637 1670 658 esse
1683 626 1724 657 vi-

900 675 1032 706 deretur.
1051 688 1065 703 ι
1082 675 1112 707 Si
1128 675 1327 707 immortalem
1340 676 1377 706 ab
1387 674 1472 705 initio
1487 673 1615 711 fecisset,
1631 672 1721 703 deum

899 729 967 752 eum
984 720 1113 758 fecisset,
1139 721 1234 761 inquit
1262 730 1291 750 n.
1310 720 1367 758 27;
1398 728 1501 750 rursus
1511 720 1534 750 si
1551 717 1720 754 mortalem,

900 765 1048 796 videretur
1061 765 1139 796 Deus
1149 774 1239 796 causa
1254 765 1336 795 illius
1351 765 1456 795 mortis
1468 772 1544 795 esse.
1561 775 1574 792 ι

1212 817 1333 850 CAPUT
1356 817 1417 849 VII.

1161 866 1205 897 De
1217 865 1333 898 Christi
1346 865 1459 905 gratia.

900 920 919 948 Ι.
936 920 1068 957 Charitas,
1083 928 1141 957 quae
1156 921 1237 957 legem
1263 919 1393 957 adimplet,
1415 927 1459 957 per
1473 918 1545 957 ﬁdem
1560 918 1722 957 impetratur.

935 956 968 984 II.
984 956 1042 984 Haec
1056 954 1118 984 ﬁdes
1131 954 1255 985 chaiitate
1267 954 1380 984 aniniata
1396 954 1486 985 gratiae
1500 954 1660 982 donum'est.
1677 954 1722 983 Ill.

936 992 1018 1026 Quam
1034 996 1122 1028 potens
1140 995 1264 1028 quaman
1284 991 1382 1028 dﬂcaxi
1394 989 1451 1028 haec
1473 990 1565 1028 gratia.
1582 989 1617 1018 IV
1637 989 1723 1028 Unica

934 1026 1040 1063 semper
1051 1026 1155 1056 exstitit
1176 1026 1266 1055 salutis
1293 1026 1340 1063 via.
1370 1026 1431 1054 ﬁdes
1458 1026 1587 1063 charitate
1602 1026 1722 1063 animata,

936 1061 1008 1099 quam
1022 1063 1101 1100 gratia
1115 1063 1227 1100 largitur.
1244 1063 1272 1100 Υ.
1289 1062 1369 1100 Quam
1384 1061 1510 1100 immerito
1524 1061 1639 1100 Justinus
1654 1061 1725 1089 salu-

936 1097 985 1127 t'em
1008 1097 1130 1127 aiternam
1154 1097 1266 1128 Socratis
1291 1101 1316 1126 et
1330 1097 1448 1126 Heracliti
1464 1098 1596 1133 agnovisse
1616 1097 1721 1125 dicatur.

935 1135 974 1162 Vl.
1001 1135 1157 1163 Testimonia
1185 1135 1216 1163 de
1243 1132 1335 1163 Christi
1348 1133 1427 1170 gratia
1443 1141 1474 1161 ex
1488 1133 1603 1168 Epistula
1617 1133 1646 1161 ad
1663 1133 1724 1161 Dio~

935 1175 1041 1206 gustum
1054 1174 1080 1199 et
1093 1170 1190 1198 Tatiani
1204 1170 1332 1198 Oratione.

939 1218 963 1250 Ι.
977 1218 1013 1251 Ut
1033 1219 1131 1259 lapsus
1157 1219 1246 1249 homo
1263 1221 1398 1258 sanetur,
1423 1217 1542 1248 unicum
1556 1217 1724 1248 remedium

899 1264 1034 1302 agnoscit
1045 1264 1192 1299 Justinus,
1212 1263 1301 1294 ﬁdem
1314 1272 1380 1303 quae
1403 1271 1456 1302 per
1466 1261 1637 1293 charitatem
1650 1271 1724 1302 ope—

900 1312 1126 1348 ratur,eamque
1141 1307 1275 1347 gratuita;
1290 1312 1319 1338 et
1330 1306 1544 1347 omnipotentis
1559 1306 1660 1346 gratim
1674 1307 1725 1337 do-

902 1361 974 1383 num
990 1362 1055 1383 esse
1066 1353 1207 1384 declarat.

944 1397 1082 1437 Judaei,in
1096 1397 1202 1437 quibus
1213 1395 1369 1427 ﬂectendis
1380 1399 1408 1426 et
1420 1395 1727 1436 promovendismira—

905 1441 980 1473 biles
995 1442 1134 1473 exstitere
1145 1441 1301 1473 charitatis
1309 1441 1420 1473 Justini
1431 1440 1645 1480 conatus,hanc
1654 1449 1726 1480 prte-

904 1487 990 1527 cipue
1000 1496 1112 1517 moram
1127 1486 1338 1517 eruditzeillius
1351 1485 1724 1526 disputationiattulerunt,

904 1532 981 1573 quod
1001 1532 1093 1571 legem
1123 1531 1180 1562 sibi
1202 1535 1231 1562 et
1257 1530 1385 1562 ﬁliorum
1413 1530 1540 1561 Abrahae
1553 1529 1724 1569 dignitatem

903 1576 976 1607 satis
993 1585 1098 1616 magna
1112 1585 1178 1607 esse
1207 1576 1244 1606 ad
1275 1575 1401 1606 salutem
1417 1574 1555 1615 praesidia
1569 1575 1725 1605 ducerent.

901 1620 1053 1652 Iustinum
1091 1621 1225 1651 hortatur
1254 1619 1373 1660 Trypho
1400 1619 1484 1650 initio
1513 1618 1666 1659 colloquii,
1695 1622 1727 1649 ut

903 1665 999 1705 primo
1009 1665 1249 1706 circumcidatur,
1261 1665 1370 1696 deinde
1381 1664 1564 1701 observet,ut
1579 1664 1643 1703 lege
1655 1673 1726 1694 san-

902 1711 992 1740 citum
1006 1709 1196 1747 cst,Sabbata
1208 1714 1237 1740 et
1251 1709 1315 1740 dies
1328 1709 1417 1739 festos
1428 1713 1456 1739 et
1471 1709 1642 1739 neomenias
1659 1708 1724 1745 Dei,

902 1764 935 1786 ac
947 1764 1068 1795 prorsus
1081 1754 1179 1785 omnia
1195 1754 1283 1785 faciat
1297 1763 1363 1794 quae
1381 1754 1409 1784 in
1424 1753 1491 1792 lege
1517 1752 1626 1793 scripta
1642 1757 1722 1784 sunt.

900 1800 949 1830 Sic
959 1800 1039 1830 enim
1050 1800 1173 1830 fortasse
1181 1798 1417 1830 misericordiam
1428 1798 1469 1828 illi
1485 1807 1502 1828 a
1511 1798 1572 1828 Deo
1581 1797 1721 1828 futuram.

904 1845 1027 1876 Miratur
1039 1844 1241 1885 Trypho,cum
1256 1842 1498 1881 Christiani,cum
1516 1844 1596 1873 tanto
1608 1842 1725 1874 virtutis

904 1889 1037 1920 colendae
1051 1889 1148 1920 studio
1164 1889 1307 1928 ferantur,
1325 1888 1421 1927 legem
1437 1887 1530 1919 Mosis
1545 1896 1604 1917 non
1624 1886 1726 1918 obser-

903 1938 982 1972 vent,
1001 1943 1030 1965 n.
1046 1934 1094 1965 'lO.
1111 1934 1224 1964 Auctor
1236 1937 1280 1963 est
1296 1933 1350 1970 eis,
1368 1935 1400 1962 ut
1414 1931 1562 1963 Christum
1581 1932 1673 1963 Deum
1690 1941 1725 1962 ex

906 1977 1026 2018 Virgine
1049 1979 1180 2018 genitum
1205 1977 1329 2009 credere
1354 1977 1500 2017 desinant,
1518 1985 1645 2016 eumque
1669 1985 1723 2016 po-

907 2023 965 2054 tius
980 2024 1131 2055 hominem
1163 2033 1197 2054 ex
1228 2021 1400 2053 hominibus
1414 2022 1545 2061 genitum
1561 2020 1673 2058 dicant,
1690 2030 1725 2051 ac

904 2068 978 2107 legis
989 2071 1129 2100 accurata
1139 2067 1344 2099 observatione
1351 2070 1541 2097 consecutum
1552 2069 1582 2096 ut
1590 2065 1724 2096 Christus

905 2117 996 2151 esset,
1011 2123 1042 2146 n.
1059 2114 1109 2146 67.
1128 2115 1161 2145 In
1174 2113 1230 2149 hoc
1244 2118 1346 2143 errore
1359 2109 1575 2142 indormiebant
1589 2109 1693 2148 Judaei,
1707 2119 1725 2140 a

28 2156 125 2187 hitur.
141 2155 241 2186 τρεῖ-ω
256 2159 354 2186 autem
371 2155 522 2193 dicuntur,
538 2155 692 2196 inquitlib.
709 2163 741 2193 tt,
761 2164 791 2185 n.
810 2156 858 2195 t7,
871 2158 1051 2198 Dmagistris
1076 2157 1138 2188 suis
1162 2157 1279 2197 decepti
1304 2160 1332 2186 et
1359 2155 1466 2191 laetati,
1493 2164 1509 2185 a
1525 2153 1632 2195 quibus
1648 2154 1724 2184 hanc

29 2201 84 2229 ὺπὲι
108 2204 157 2228 τοὺ
172 2201 334 2237 θηρεύεσθαι,
348 2200 378 2230 id
395 2204 439 2230 est
455 2209 491 2231 ex
514 2209 548 2230 eo
562 2199 639 2240 quod
657 2199 785 2231 eﬂ‘erataa
797 2199 860 2230 fue-

25 2246 89 2276 rint
108 2255 116 2274 :
136 2244 211 2275 nihil
223 2244 304 2275 enim
318 2245 387 2276 mali
400 2254 416 2276 a
427 2245 488 2276 Deo
504 2245 627 2284 factum,
639 2244 692 2275 sed
705 2244 783 2277 bona
798 2254 859 2275 om-

26 2291 77 2320 nia
94 2294 125 2320 et
142 2288 227 2320 valde
252 2289 350 2330 bona;
374 2291 425 2320 sed
443 2293 595 2330 peccatum
613 2289 741 2321 hominis
757 2299 806 2321 eas
828 2290 857 2321 in

24 2335 132 2365 vitium
153 2334 286 2365 abduxit.
315 2334 441 2365 Homine
457 2336 536 2365 enim
553 2333 590 2364 de
608 2333 653 2365 via
666 2334 855 2372 deﬂectente,

25 2381 102 2420 ipsa;
118 2388 239 2420 quoque
269 2379 357 2410 simul
380 2379 578 2410 deﬂexerunt.
601 2378 856 2415 Quemadmodum

25 2425 108 2455 enim
124 2424 267 2454 dominus
284 2424 391 2455 domus
407 2433 474 2455 cum
499 2424 639 2464 praiclare
651 2433 684 2454 se
698 2424 783 2463 gerit,
801 2433 856 2455 ne-

25 2469 203 2500 cessitatem
223 2468 315 2499 servis
328 2469 412 2500 affert
428 2472 510 2500 recte
521 2468 648 2509 vivendi;
666 2468 692 2499 si
707 2478 776 2499 vero
793 2478 859 2509 pec-

25 2513 264 2549 caverit,eadem
282 2514 358 2544 servi
372 2513 548 2554 peccabunt;
566 2513 667 2544 eodem
686 2513 774 2544 modo
789 2523 858 2544 con-

28 2559 92 2597 tigil
108 2563 140 2588 ut
156 2558 260 2596 homo,
274 2558 324 2598 qui
337 2558 476 2589 dominus
492 2561 568 2596 erat,
587 2561 724 2597 peccaret
740 2558 858 2589 etsetvi

27 2612 85 2634 una
103 2607 276 2643 peccarent.
295 2603 368 2634 Cum
384 2607 482 2633 autem
499 2602 624 2634 redierit
652 2603 741 2633 homo
770 2602 805 2633 ad
828 2603 858 2634 id

26 2649 105 2687 quod
123 2648 294 2678 secundum
314 2652 446 2678 naturam
462 2652 508 2678 est
524 2653 551 2678 et
565 2647 652 2678 fidem
667 2648 807 2687 peccandi
820 2648 860 2678 fe-

25 2693 113 2728 cerit,
132 2693 242 2724 bellua;
257 2702 375 2732 quoque
387 2693 416 2722 in
429 2692 582 2732 pristinam
600 2692 858 2724 mansuetudinem

24 2738 239 2768 restituentur.
262 2750 274 2766 ιδ
300 2737 338 2769 Ut
361 2737 476 2768 reditus
500 2737 535 2768 ad
557 2736 702 2779 justitiam
727 2746 786 2767 non
802 2739 858 2776 soli

22 2782 150 2821 Adamo,
168 2782 209 2813 ita
223 2791 279 2813 nec
292 2782 392 2823 lapsus
407 2781 557 2820 tribuitur;
567 2781 620 2813 sed
632 2781 764 2812 omnium
779 2791 858 2813 com-

901 2203 988 2235 etiam
1001 2202 1205 2234 stultissimam
1221 2201 1394 2241 opinionem
1419 2202 1607 2240 acceperant,
1624 2199 1723 2229 omni-

901 2248 955 2280 bus
970 2254 1013 2279 επ
1022 2249 1136 2278 semine
1150 2246 1286 2277 Abrahae
1296 2245 1462 2276 secundum
1484 2253 1605 2277 comem
1621 2247 1720 2284 editis,

900 2293 1020 2324 etiamsi
1027 2295 1199 2332 peccatores
1209 2294 1240 2322 et
1250 2289 1399 2322 increduli
1418 2293 1446 2321 et
1460 2291 1491 2321 in
1506 2291 1601 2322 Deum
1614 2294 1722 2322 contu-

899 2345 996 2369 m’aces
1008 2337 1260 2377 fuerint,regnum
1273 2339 1417 2366 aeternum
1428 2335 1531 2366 datum
1543 2336 1594 2372 iri,
1608 2344 1637 2367 η.
1652 2335 1721 2367 140.

940 2382 1012 2414 Cum
1022 2379 1100 2412 tanta
1116 2384 1195 2412 esset
1217 2379 1388 2411 Judaeorum
1404 2379 1434 2409 in
1450 2379 1515 2419 lege
1530 2380 1646 2416 ﬁducia,
1664 2389 1723 2411 non

899 2427 1171 2468 se'gniterJtmtinus
1180 2426 1211 2456 in
1221 2425 1277 2456 huc
1288 2424 1451 2456 minuendo
1463 2430 1566 2456 errore
1578 2425 1720 2463 elaborat,

899 2480 933 2504 ac
949 2473 1051 2503 eadem
1064 2480 1143 2512 saepe
1157 2473 1295 2511 repetere
1305 2479 1365 2500 non
1380 2468 1521 2509 pigraiur.
1536 2469 1724 2503 Demonstrat

898 2518 1039 2558 justitiam
1053 2527 1112 2548 non
1125 2517 1155 2546 in
1169 2515 1317 2557 praeputii,
1335 2515 1386 2546 sed
1396 2514 1428 2545 in
1450 2514 1547 2546 cordis
1562 2515 1727 2547 circumcis-

899 2564 994 2600 sione,
1013 2571 1072 2592 non
1086 2561 1116 2592 in
1133 2565 1262 2591 extrema
1274 2559 1456 2599 jejuniorum
1479 2563 1508 2590 et
1523 2559 1721 2591 Sabhatorum

900 2607 1108 2639 observatione
1119 2605 1243 2646 positam
1260 2604 1392 2644 esse,sed
1409 2603 1438 2634 in
1455 2603 1648 2635 interioribus
1658 2605 1722 2635 ani-

902 2653 941 2683 mi
958 2651 1173 2687 affectionibus,
1186 2659 1259 2690 quas
1272 2658 1337 2680 cum
1354 2649 1483 2679 externis
1498 2648 1637 2690 operibus
1651 2659 1723 2680 con-

896 2697 982 2737 jungi
999 2696 1151 2737 prophetae
1161 2693 1436 2735 praecipiantﬂtmc
1447 2693 1477 2724 in
1493 2703 1578 2725 usum
1593 2694 1724 2725 testimo-

900 2743 951 2774 nia
969 2751 1004 2774 ex
1023 2740 1098 2773 Isaia
1115 2745 1146 2772 et
1169 2740 1251 2770 Mose
1265 2738 1423 2779 depromit,
1441 2747 1471 2770 n.
1490 2739 1528 2770 l4
1548 2742 1577 2770 et
1593 2739 1641 2769 15.
1657 2738 1722 2771 Uno

899 2786 989 2818 verbo
1004 2785 1115 2817 nullam
1132 2783 1433 2825 agnoscit‘justitiam,
1447 2786 1633 2824 quaé‘non‘ex
1649 2783 1722 2814 cha-
