1961 3071
91 108 129 141 53

581 112 617 143 D.
638 109 788 143 MARANI
813 111 1025 143 PREFATIO.
1048 129 1087 134 —
1109 111 1217 143 PARS.
1242 111 1281 142 II.

1734 110 1771 143 54

85 176 256 216 pertinacia,
270 187 305 208 ea
319 187 373 218 spe
385 177 548 218 molliebat,
562 178 670 209 horum
682 177 814 218 aliquem
825 185 865 209 ea:
875 179 938 207 εοΛ
950 175 1086 208 virtutem
1099 176 1214 208 habuit.
1230 188 1241 205 ο
1256 175 1340 213 Quod
1353 184 1423 216 ergo
1439 184 1456 206 a
1468 174 1652 206 daemonibus
1665 174 1773 206 libera-

84 221 212 259 repert'ri
220 231 306 261 posse
320 223 447 259 semine,
463 223 545 262 quod
556 223 709 263 reliquum
724 222 764 254 ad
777 221 908 253 salutem

81 270 228 297 (talentum
241 266 354 305 factum
368 267 589 307 esl,n.32.Etu.
603 267 639 299 64
656 277 663 297 :
684 279 697 295 c
710 266 794 298 Nunc
810 270 908 297 autem

82 310 151 350 quia
162 311 310 350 judicium
326 311 378 342 Dei
387 311 528 349 formido,
545 311 584 342 de
599 312 680 342 nullo
697 321 731 342 ex
747 316 843 342 vestro
855 320 907 350 ge-

82 364 155 386 nere
168 355 442 395 przejudico,utrum
459 356 483 386 is
495 366 553 387 non
568 357 606 387 sit
618 366 652 387 ex
669 365 771 387 eorum
786 364 908 396 genere,

83 399 134 440 qui
150 400 316 431 secundum
326 400 448 440 gratiam
461 401 578 432 Domini
590 400 715 432 Sabaoth
727 400 833 431 salvari
843 409 911 440 pos.

83 444 355 485 sunt.Quapropter
365 446 498 484 quamvis
510 455 568 475 non
581 445 671 486 probe
682 445 908 485 agatis-,pergam

82 492 182 519 tamen
208 489 351 530 quidquid
376 499 393 520 a
413 489 498 520 vobis
523 489 707 530 propositum
732 493 783 520 aut
809 493 910 520 contra

82 533 173 564 fuerit
197 533 323 571 dictum,
339 534 375 565 ad
392 534 422 565 id
439 534 622 575 respondere
653 547 664 563 ι
683 534 766 570 Quod
783 534 909 573 gratuita

83 578 294 609 misericordia
306 579 372 609 aliis
383 579 568 616 conceditur,
581 579 609 609 id
623 579 702 619 justo
715 578 829 619 judicio
843 579 908 609 aliis

80 632 141 653 non
154 623 278 654 concedi
290 623 376 654 docet
392 633 410 654 ιι
426 624 464 654 55
482 634 488 654 :
509 622 591 654 uNon
604 633 698 661 eram,
712 624 843 664 inquam,
861 623 908 654 al-

81 667 208 708 laturus,
221 667 350 709 Trypho,
366 669 420 699 has
435 668 713 706 demonstrationes,
729 668 837 708 quibus
857 677 909 699 eos

80 711 277 744 condemnari
290 713 361 743 scio.
379 712 430 753 qui
455 713 517 744 haec
534 718 564 744 et
580 713 689 744 similia
712 713 838 750 colunt,,
857 713 909 744 sed

80 766 132 788 eas
145 767 220 797 quas
235 763 336 789 contra
352 767 441 788 nemo
452 757 553 789 dicere
568 757 687 797 poterit.
699 757 787 789 Novae
811 761 910 788 autem

950 231 1017 253 mur
1028 226 1058 254 et
1070 223 1221 254 damones
1235 230 1420 261 superamus,
1438 229 1505 251 cum
1527 229 1564 251 ex
1577 219 1647 250 vitio
1662 219 1698 250 ad
1710 219 1771 249 vir-

950 270 1043 297 tutem
1061 265 1285 306 emergimus,id
1301 265 1410 297 Christi
1425 266 1565 306 potentiae
1578 263 1771 296 tribuendum

950 315 1006 350 est;
1022 321 1081 342 non
1098 311 1195 342 minus
1208 310 1351 351 profecto.
1378 318 1465 350 quam
1492 319 1559 340 cum
1574 309 1723 340 daemonia
1732 318 1771 340 ex

950 355 1126 396 corporibus
1140 355 1335 396 pelluntur.ld
1353 364 1471 396 quoque
1486 354 1617 385 declarat
1627 353 1771 385 Justinus.

954 413 968 428 α
984 401 1158 440 Adjutorem
1170 399 1250 432 enim
1265 399 1362 435 illum,
1378 399 1473 439 inquit
1487 398 1622 439 ejusdem
1639 398 1771 438 Dialog..

951 455 981 476 ιι.
997 445 1047 486 30,
1064 449 1094 476 et
1103 445 1334 485 Redemptorem
1348 444 1545 485 appellamus,
1560 443 1646 483 cnjus
1660 443 1705 474 vel
1722 452 1773 473 no-

952 490 1040 522 minis
1065 489 1224 530 potentiam
1240 489 1387 520 dmmonia
1401 488 1465 528 ipsa
1484 489 1727 528 perhorrescunt,
1738 497 1773 518 ac

950 534 1040 566 hodie
1055 544 1108 576 per
1132 543 1241 565 nomen
1256 534 1325 565 Jesu
1340 533 1449 565 Christi
1472 533 1527 563 sub
1549 532 1652 563 Pontio
1678 531 1771 562 Pilato

948 579 1058 611 Judmae
1068 579 1192 619 praeside
1202 578 1336 610 cruciﬁxi
1350 578 1482 617 adjurata
1497 577 1708 617 subjiciuntur.
1725 589 1740 604 ιι

991 625 1140 656 Concessa
1155 625 1184 655 in
1198 623 1316 654 deserto
1334 622 1447 653 curatio
1474 622 1521 653 his
1535 622 1585 662 qui
1601 626 1771 662 serpentum

952 669 1100 700 morsibus
1110 668 1394 707 fuerantvulnerati,
1410 667 1507 706 imago
1523 671 1552 697 et
1563 667 1657 705 ﬁgura
1665 666 1774 698 exstitit

950 714 1062 753 salutis,
1080 722 1167 754 quam
1189 722 1206 744 a
1229 713 1345 744 Christo
1360 712 1534 752 accipimus.
1550 722 1561 739 α
1580 712 1676 752 Atque
1691 711 1772 742 illam

952 760 1038 790 etiam
1055 759 1191 798 ﬁguram,
1213 757 1346 798 illudque
1376 757 1505 797 signum,
1529 756 1624 797 inquit
1649 755 1772 796 Dialog.

81 801 134 833 tibi
152 801 482 852 videbuntur,quamvis
493 802 626 852 quotidie
641 812 657 833 a
667 802 907 852 vobislegantur.
923 825 941 852 Β
953 814 988 852 n._
1000 804 1033 836 9|
1043 803 1132 844 ,quod
1141 803 1282 852 adversus
1296 801 1480 852 serpentium
1497 810 1612 852 morsus
1627 801 1717 832 Israel
1729 801 1774 852 in-

83 850 115 876 ut
129 846 176 877 vel
192 856 227 877 ex
244 847 299 878 hoc
311 851 485 887 perpectum
502 847 675 885 habeamus,
691 847 772 878 vobis
783 847 822 878 ob
840 857 908 878 ves-

83 895 160 921 tram
174 891 335 932 nequitiam
352 901 369 922 a
392 891 452 923 Deo
468 896 642 931 potestatem
658 892 821 932 sapientiae,
844 901 910 932 quas

81 936 164 966 illius
180 936 281 967 verbis
298 936 386 974 inest,
404 936 606 975 intelligenda:
615 937 818 968 absconditam
835 937 909 967 fuis-

81 989 124 1011 se.
145 981 298 1011 nonnullis
313 980 456 1021 exceptis,
471 980 578 1021 quibus
606 981 769 1012 secundum
786 990 911 1012 summa»,

81 1034 144 1056 sua
160 1025 373 1056 misericordiae
394 1025 528 1065 gratiam,
541 1029 573 1056 ut
587 1026 627 1056 ait
640 1025 738 1066 Isaias,
755 1035 857 1057 semen
871 1026 909 1057 ad

82 1069 209 1100 salutem
238 1069 366 1110 reliquit.
384 1080 422 1101 ne
445 1074 477 1100 ut
503 1069 720 1102 Sedomitarum
737 1075 768 1102 et
782 1071 910 1103 Gomor-

82 1115 248 1154 rhmorum,
265 1114 303 1146 ita
315 1119 344 1145 ct
355 1124 450 1154 genus
464 1120 593 1146 vestrum
607 1115 727 1155 periret.
747 1127 760 1145 ι

123 1158 269 1195 lll.Quam
284 1164 386 1199 potens
401 1159 438 1190 sit
448 1169 595 1200 quamque
606 1159 709 1191 efﬁcax
725 1160 831 1192 Christi
841 1170 910 1200 gra-

83 1204 137 1244 tia,
151 1213 216 1243 quae
233 1213 285 1234 nos
295 1213 329 1235 ex
342 1204 484 1235 servitute
500 1205 529 1235 in
540 1205 705 1235 lihertatem
722 1205 858 1245 vindicat,
876 1215 912 1236 ex

83 1248 240 1279 nonnullis
253 1249 431 1289 testimoniis
453 1250 539 1280 modo
568 1249 662 1280 citatis
678 1249 840 1281 existimari
857 1259 911 1289 po-

83 1293 238 1330 test,ve|ut
252 1302 287 1324 ex
300 1293 336 1324 iis
346 1294 533 1334 quaalustino
545 1304 561 1324 a
572 1295 734 1326 venerabili
748 1304 820 1326 sene
834 1295 913 1326 dicta

84 1338 188 1370 retuli.
201 1338 302 1369 Fidem
321 1338 400 1369 illam
417 1339 446 1369 in
463 1338 556 1369 Deum
568 1339 766 1380 incarnatum,
780 1348 846 1380 quae
861 1349 914 1371 nos

86 1382 205 1422 penitus
221 1387 352 1418 renovat.
372 1393 408 1414 ex
440 1383 519 1414 illius
547 1384 741 1424 omnipotenti
766 1384 915 1416 voluntate

84 1427 264 1467 repetit,qui
279 1427 386 1458 Filium
396 1437 481 1459 suum
494 1427 644 1459 incarnari
655 1428 757 1459 voluit.
779 1441 792 1456 α
804 1429 914 1460 Putatis

951 849 1085 880 stitutum
1101 851 1155 885 est,
1167 847 1202 878 ad
1227 855 1331 878 eorum
1349 846 1474 877 salutem
1500 849 1631 877 erectum
1653 854 1719 876 esse
1734 846 1773 876 li-

950 899 1031 935 quet,
1047 893 1097 934 qui
1103 894 1164 933 jam
1182 897 1243 924 tum
1256 891 1483 933 praenuntiatam
1499 891 1591 922 fuisse
1605 891 1731 922 credunt
1745 895 1774 922 et

952 942 1078 970 mortem
1094 938 1226 978 serpenti
1238 946 1291 978 per
1304 946 1385 974 eum,
1398 937 1448 977 qui
1464 936 1681 976 cruciﬁgendus
1697 941 1772 973 erat,

951 983 1090 1020 futuram,
1103 986 1133 1013 et
1143 982 1267 1014 salutem
1283 982 1308 1013 is
1323 981 1374 1022 qui
1391 980 1539 1021 serpentis
1553 980 1700 1011 morsibus
1711 980 1773 1011 laesi

950 1029 988 1058 ad
1013 1037 1092 1065 eum,
1115 1036 1133 1059 a
1151 1037 1209 1068 quo
1224 1026 1382 1058 cruciﬁxus
1407 1026 1455 1056 ille
1470 1024 1562 1057 Filius
1582 1025 1613 1055 in
1629 1025 1773 1056 mundum

952 1073 1059 1103 missus
1072 1076 1127 1111 est,
1141 1071 1323 1112 confugiunt.
1341 1083 1355 1099 ι

991 1117 1094 1149 Crucis
1118 1117 1292 1158 potentiam,
1305 1125 1392 1157 quam
1418 1114 1572 1146 unicornis
1591 1113 1730 1146 cornibus
1745 1115 1774 1146 iu

953 1162 1104 1202 Scriptura
1124 1161 1273 1201 designari
1298 1164 1390 1201 putat,
1407 1160 1451 1191 sic
1470 1159 1581 1191 ibidem
1605 1158 1635 1191 S.
1667 1162 1776 1199 martyr

954 1207 1113 1247 pradicat:
1133 1205 1224 1237 «Illud
1237 1209 1348 1242 autem,
1359 1204 1418 1236 His
1432 1205 1573 1236 cornibus
1586 1207 1688 1244 gentes
1693 1207 1776 1244 petet

953 1252 1026 1283 inde
1041 1260 1134 1290 mque
1151 1251 1189 1282 ab
1203 1255 1335 1281 extremo
1359 1253 1461 1290 terrae,
1477 1249 1506 1280 id
1529 1249 1607 1289 quod
1631 1248 1721 1279 hodie
1744 1248 1776 1279 in

955 1296 1093 1327 omnibus
1101 1295 1352 1335 gentibusfactum
1364 1294 1497 1325 videmus
1507 1293 1776 1324 demonstrat.Cor-

957 1351 994 1371 nu
1005 1341 1085 1371 enim
1103 1340 1234 1380 petiti,id
1251 1344 1297 1370 est
1311 1338 1482 1378 compuncti
1497 1348 1532 1369 ex
1548 1337 1686 1368 omnibus
1700 1347 1776 1376 gen-

956 1385 1034 1416 tibus
1043 1385 1081 1415 ab
1090 1384 1230 1416 inanibus
1238 1383 1402 1414 simulacris
1410 1382 1672 1413 etdzemonibusad
1682 1381 1775 1412 Deum

955 1429 1089 1461 conversi
1105 1427 1443 1467 sunt.-Charitas,quam
1455 1427 1588 1459 Christus
1598 1426 1736 1457 diﬁ'undit
1746 1426 1777 1456 in

83 1466 362 1512 futurumiunquam
374 1472 478 1513 luisse,
495 1480 527 1504 ut
540 1474 601 1504 haec
617 1473 646 1503 in
658 1473 819 1513 Scripturis
828 1473 913 1504 intel-
922 1466 942 1491 ε
956 1475 1045 1506 corda
1058 1478 1250 1513 nostra,swpe
1259 1482 1274 1503 a
1284 1466 1400 1504 Justino
1408 1471 1575 1512 depingitur
1585 1472 1640 1502 sub
1649 1470 1778 1510 imagine

85 1517 181 1556 ligere
198 1518 398 1558 possemUs,ni
411 1518 558 1549 voluntate
572 1518 652 1559 illius
665 1518 715 1558 qui
730 1518 792 1549 haec
808 1518 908 1555 voluit,

83 1561 208 1601 gratiam
225 1563 447 1602 accepissemus
461 1563 645 1603 intelligendi
657 1563 699 1594 ὀἳ
710 1576 721 1591 ιι
741 1562 848 1594 Christi
860 1573 911 1603 po-

83 1606 208 1636 tentiam
236 1605 265 1636 in
282 1606 413 1644 gentium
429 1608 621 1639 conversione
652 1607 776 1639 miriﬁce
790 1607 909 1638 elucere

84 1650 183 1681 docet.
201 1661 215 1679 ι
232 1652 312 1687 Haec,
331 1651 426 1692 inquit
441 1652 529 1692 Apol.
545 1661 578 1693 ιι,
595 1662 623 1684 n.
642 1653 692 1693 10,
706 1652 840 1684 Christus
854 1662 909 1683 no-

83 1700 147 1725 ster
158 1695 278 1735 propria
293 1705 346 1726 sua
359 1696 466 1727 virtute
482 1696 638 1736 perfecit.»
656 1696 719 1728 Mox
737 1697 915 1728 Christiano.

83 1748 150 1771 rum
165 1741 360 1771 constantiam
372 1740 558 1779 describens,
577 1741 617 1772 ait
635 1751 641 1773 :
662 1754 675 1769 α
691 1741 759 1772 Haec
769 1741 847 1772 enim
859 1741 915 1772 vir-

88 1788 136 1814 tus
149 1783 243 1814 Patris
260 1784 469 1816 inenarrabilis
481 1785 560 1826 fecit,
579 1795 637 1816 non
653 1785 774 1816 humani
797 1793 915 1816 sermo-

89 1829 138 1858 nis
153 1828 360 1861 instrumenta.
380 1842 393 1857 ι›
412 1830 520 1861 Christi
544 1834 642 1861 autem
666 1830 828 1869 potentiam
858 1839 917 1861 non

87 1878 159 1904 tunc
175 1873 269 1904 solum
296 1874 439 1905 enituisse
455 1874 612 1912 existimat,
635 1884 701 1905 cum
730 1878 758 1905 et
772 1875 915 1915 apostolis

84 1918 226 1949 invictam
237 1918 273 1949 ad
281 1919 501 1959 praedicandum
514 1919 704 1959 Evangelium
714 1919 909 1950 constantiam

87 1962 209 1999 afﬂavit,
224 1967 367 1994 eteorum
388 1964 438 2004 qui
465 1964 613 2004 apostolos
635 1964 794 1995 audiebant
819 1965 910 1996 corda

85 2007 214 2047 aperuit,
233 2008 284 2038 sed
299 2008 386 2039 etiam
401 2018 468 2041 cum
485 2019 513 2040 ιιι
525 2019 587 2049 ιεοε
598 2009 633 2040 ad
649 2018 792 2049 praesepe,
810 2009 839 2040 in
855 2019 913 2050 quo

87 2052 186 2082 infans
194 2052 322 2092 jacebat,
337 2053 466 2085 attraxit.
478 2054 527 2086 Sic
543 2054 622 2084 enim
640 2053 770 2094 loquitur
792 2054 912 2095 Dialog.

954 1519 1190 1551 circumcisionis
1210 1527 1218 1550 ε
1243 1522 1272 1549 et
1286 1517 1558 1553 circumcisionem,
1575 1525 1661 1557 quam
1686 1515 1777 1547 Josue

952 1564 1055 1596 cultris
1070 1563 1195 1604 lapideis
1211 1562 1323 1603 peregit
1337 1562 1376 1597 η,
1391 1562 1513 1600 ﬁguram
1533 1561 1680 1592 exstitisse
1697 1564 1779 1600 putat

950 1609 1031 1640 illius
1047 1608 1293 1648 circumcisionis,
1316 1616 1404 1647 quam
1426 1616 1443 1637 a
1468 1607 1583 1638 Christo
1598 1605 1774 1645 accipimus.

959 1666 974 1683 ι
991 1654 1135 1686 Praeclare
1158 1662 1228 1692 ergo
1243 1652 1274 1683 in
1292 1651 1378 1683 nobis
1403 1652 1509 1692 agitur,
1532 1651 1628 1692 inquit
1652 1650 1776 1690 Dialog.

958 1709 988 1730 n.
1006 1699 1074 1736 114,
1087 1697 1139 1739 qui
1160 1697 1262 1728 cultris
1288 1697 1412 1737 lapideis
1427 1696 1593 1728 circumcisi
1609 1704 1712 1726 sumus
1727 1704 1777 1725 se—

958 1744 1054 1776 cunda
1069 1742 1308 1774 circumcisione.
1325 1741 1421 1772 Prima
1439 1742 1517 1772 enim
1531 1741 1580 1771 illa
1591 1744 1687 1771 vestra
1701 1740 1778 1770 ferro

959 1792 1078 1829 peracta
1093 1791 1137 1818 est
1154 1791 1184 1818 et
1197 1787 1356 1827 peragitur:
1370 1786 1443 1816 duro
1460 1786 1538 1816 enim
1555 1785 1644 1816 corde
1659 1793 1779 1825 perma—

960 1833 1047 1864 netis.
1060 1833 1165 1863 Nostra
1178 1836 1277 1863 autem
1293 1831 1563 1871 circumcisio,quae
1576 1829 1707 1861 secunda
1719 1838 1778 1859 nu-

957 1887 1040 1909 mero
1056 1881 1120 1918 post
1128 1881 1254 1908 vestram
1267 1876 1401 1906 instituta
1412 1879 1525 1916 est,per
1537 1875 1651 1915 lapides
1664 1878 1778 1913 acutos,

952 1922 983 1958 id
999 1926 1043 1953 est
1056 1931 1106 1962 per
1122 1930 1274 1952 sermones
1283 1921 1482 1961 apostolorum
1505 1920 1612 1950 summi
1629 1920 1708 1950 illius
1723 1928 1779 1950 an-

954 1967 1064 2008 gularis
1075 1966 1181 2006 lapidis
1196 1970 1225 1996 et
1240 1967 1304 1996 sine
1320 1965 1457 1996 manibus
1467 1964 1604 2005 abscissi,
1618 1964 1778 1995 circumci-

956 2013 1000 2043 dit
1015 2020 1067 2043 nos
1080 2020 1097 2041 a
1111 2010 1340 2041 simulacrorum
1356 2009 1436 2040 cultu
1448 2016 1478 2040 et
1504 2009 1540 2039 ab
1562 2009 1643 2040 omni
1660 2018 1781 2049 prorsus

957 2055 1248 2098 pravitate.Quorum
1265 2054 1355 2085 corda
1369 2055 1408 2085 ita
1417 2058 1484 2085 sunt
1496 2055 1636 2094 pravitate
1648 2054 1780 2084 circum-

87 2107 117 2128 n.
134 2097 191 2145 78A:
213 2110 223 2125 ι
245 2098 316 2145 Nam
333 2103 362 2129 et
376 2099 452 2145 quod
467 2099 540 2145 dicit
556 2098 655 2145 Isaias:
674 2099 916 2145 Accipietvtrtu-
928 2097 1131 2145 Dcisa,utlasti
1144 2104 1268 2130 mortem
1280 2103 1452 2139 oppetamus
1460 2103 1582 2139 propter
1592 2107 1780 2145 nomenpraz-

87 2146 144 2172 tem
163 2142 304 2172 Damasci
317 2147 344 2174 et
361 2144 456 2184 spatia
467 2143 616 2174 Samaria
628 2144 856 2183 “,signiﬁcabat
866 2154 916 2176 ne-

86 2186 151 2216 farii
168 2187 322 2223 daemonis,
336 2188 388 2228 qui
405 2187 554 2218 habitabat
577 2189 724 2228 Damasci,
742 2192 914 2227 potestatem

84 2230 235 2262 aChristo
263 2233 359 2262 statim
381 2240 471 2273 atque
498 2236 585 2263 natus
608 2238 698 2267 esset,
724 2232 834 2264 victum
866 2233 915 2273 iri,

85 2276 164 2315 quod
173 2275 294 2316 quidem
303 2276 413 2307 factum
424 2276 489 2308 esse
501 2277 810 2317 demonstraturMagi
822 2277 914 2315 enim,

86 2320 139 2361 qui
156 2325 187 2350 ut
203 2321 298 2361 spolia
308 2322 387 2362 rapti
400 2322 516 2353 fuerant
526 2322 561 2352 ad
579 2321 670 2353 malas
681 2331 812 2362 quasque
822 2322 916 2353 actio-

86 2375 153 2402 nes,
165 2365 201 2396 ad
215 2375 288 2406 quas
303 2376 353 2397 eos
366 2366 418 2397 ille
434 2367 549 2398 daemon
566 2366 750 2406 impellebat,
767 2366 817 2397 ubi
828 2367 917 2399 Chri-

84 2414 163 2441 stum
175 2410 329 2441 adoratum
343 2415 499 2449 venerunt,
516 2410 666 2447 defecere,
685 2415 717 2442 ut
729 2411 916 2442 manifestum

87 2459 143 2496 est,
159 2455 196 2485 ab
210 2464 255 2485 ea.
275 2465 341 2496 quae
356 2456 422 2487 illos
435 2460 466 2486 ut
481 2456 574 2496 spolia
596 2461 744 2496 rapuerat,
762 2461 914 2496 potestate,

87 2509 174 2538 quam
194 2499 281 2530 nobis
296 2509 404 2531 arcane
414 2500 566 2540 Scriptura
577 2500 711 2531 Damasci
729 2501 861 2532 habitare
875 2501 918 2531 in-

87 2543 178 2576 dicat.
199 2557 209 2572 ·
229 2544 356 2576 Ειιι.88
375 2555 382 2577 :
403 2559 415 2573 α
434 2547 530 2586 Atque
547 2545 618 2576 illud
635 2546 721 2576 etiam
738 2545 819 2576 vobis
831 2546 916 2576 testi-

89 2590 189 2619 monio
205 2590 342 2630 sit,quod
354 2590 436 2621 vobis
445 2590 504 2621 dixi
516 2590 552 2620 ab
562 2589 680 2621 Arabia:
692 2590 784 2630 magis
796 2591 915 2628 factum,

89 2633 135 2673 qui
149 2644 216 2665 cum
233 2635 332 2665 statim
349 2644 383 2666 ac
395 2644 468 2675 puer
484 2639 569 2666 natus
585 2635 917 2672 est,venissent,adora-

87 2683 193 2710 verunt
207 2688 288 2710 eum.
308 2679 380 2710 t‘tam
397 2684 428 2710 ut
444 2680 474 2710 in
498 2679 594 2710 lucem
623 2679 721 2710 editus
749 2683 805 2716 est,
834 2688 917 2710 suam

130 2758 157 2805 Ψ
168 2759 277 2803 Dialog
301 2784 308 2801 ,
327 2769 358 2791 ιι.
380 2760 445 2793 119.
490 2759 514 2782 ¹¹
533 2759 589 2791 lsa.
606 2768 666 2797 νιιι,
683 2761 712 2792 4.
756 2759 782 2781 ¹¹
796 2760 885 2792 Josue
905 2768 934 2795 v,

958 2147 1044 2177 clarze
1055 2145 1135 2176 illius
1151 2146 1256 2182 Petrm,
1270 2153 1336 2184 quae
1348 2144 1418 2175 etin
1436 2153 1540 2174 eorum
1556 2143 1709 2183 corda,qui
1727 2152 1781 2182 per

957 2191 1053 2231 ipsum
1069 2190 1198 2230 diligunt
1212 2188 1328 2219 Patrem
1344 2188 1675 2228 universorum,aquam
1687 2189 1780 2218 vivam

958 2235 1066 2268 emittit
1076 2239 1104 2266 et
1118 2243 1170 2266 eos
1182 2238 1273 2274 potat,
1286 2233 1337 2274 qui
1351 2242 1456 2274 aquam
1467 2235 1534 2264 vitae
1545 2234 1658 2264 sitiunt.
1678 2246 1690 2260 »

998 2280 1163 2312 Mirabilem
1177 2279 1258 2311 illam
1273 2278 1371 2310 cordis
1387 2278 1656 2316 circumcisionem,
1670 2287 1783 2318 quama

959 2325 1075 2358 Christo
1090 2324 1264 2364 accipimus,
1274 2332 1376 2354 novam
1389 2323 1545 2363 quamdam
1559 2322 1781 2362 generationem

960 2375 989 2401 et
1000 2369 1181 2401 creationem
1195 2377 1260 2398 esse
1286 2369 1456 2408 pronuntiat
1472 2368 1503 2399 S.
1522 2372 1630 2407 martyr
1644 2366 1781 2406 Scriptu-

959 2424 1060 2446 rarum
1073 2413 1246 2444 auctoritate
1261 2413 1364 2445 fretus.
1384 2425 1397 2441 α
1414 2414 1485 2450 Nos,
1502 2413 1610 2453 inquit,
1622 2422 1652 2444 ιι.
1666 2411 1733 2449 135,
1745 2421 1779 2442 ex

961 2458 1069 2490 Christi
1085 2462 1169 2488 utero
1184 2457 1272 2488 recisi
1287 2466 1388 2488 verum
1405 2467 1507 2488 sumus
1523 2457 1716 2488 lsraeliticum
1726 2466 1781 2496 ge-

960 2513 1026 2534 nus.
1047 2515 1060 2531 ι
1079 2502 1115 2533 Et
1130 2512 1159 2533 ιι.
1180 2501 1235 2533 138
1253 2510 1260 2533 :
1282 2514 1293 2530 α
1322 2502 1456 2534 Christus
1479 2510 1545 2534 cum
1568 2501 1782 2542 primogenitus

960 2551 1038 2579 esset
1053 2546 1149 2577 omnis
1164 2550 1426 2583 creatura,rursus
1443 2546 1530 2577 etiam
1543 2547 1636 2578 factus
1649 2551 1693 2577 est
1706 2548 1784 2587 prin-

958 2592 1069 2633 cipium
1107 2591 1228 2622 alterius
1246 2591 1364 2631 generis
1388 2591 1426 2622 ab
1462 2591 1524 2632 ipso
1547 2591 1717 2631 regenerati
1733 2601 1787 2631 per

958 2647 1062 2678 aquam
1079 2640 1108 2668 et
1117 2636 1206 2668 ﬁdem
1224 2641 1252 2666 et
1265 2637 1388 2676 lignum,
1414 2646 1472 2677 quo
1494 2637 1664 2677 mysterium
1687 2637 1785 2669 crucis

960 2682 1139 2714 continetur.
1159 2694 1170 2709 υ

939 2763 995 2802 .9.-
