1961 3071
101 35 140 67 59

555 41 586 71 S.
606 41 791 72 JUSTINUS
813 40 1079 74 PHILOSOPHUS
1107 45 1154 75 ET
1178 45 1354 77 MABTYR.

1758 49 1798 81 60

106 101 201 154 lucem
217 111 298 134 suam
312 104 512 154 praetenderit.
539 104 620 136 Idem
634 105 732 154 dooet
761 106 882 154 Dialog.
900 118 930 154 η,
943 113 962 138 Α
974 109 1131 142 observare
1142 111 1315 144 debuissent
1330 114 1380 154 qui
1394 113 1431 145 de
1448 114 1497 146 illo
1514 116 1717 149 detraxerunt:
1736 124 1798 149 sta-

102 146 151 194 93,
169 157 276 194 nempe
293 148 367 194 nihil
382 158 503 190 prorsus
521 150 640 190 prietexi
659 159 745 189 posse
767 151 802 182 ab
818 146 864 183 his
880 153 930 194 qui

103 191 196 230 legem
213 192 265 223 Dei
285 192 405 231 violant,
423 194 538 225 etiamsi
554 195 745 236 perditissimi
762 201 791 227 et
804 191 930 239 corrup-

104 236 208 267 tissimi
221 237 291 268 sint.

139 295 171 325 ‘2"
181 295 215 342 §i
230 296 364 342 .lustinus
380 298 506 329 salutem
524 304 664 329 aeternam
678 293 930 342 philosophis,thl

100 345 168 371 ante
175 339 323 372 Christum
334 342 460 375 fuerant.
474 343 659 374 concessiSSe
686 339 804 381 dicitur,
825 339 928 376 eadém

101 385 143 416 illi
161 395 229 426 erga
242 395 292 417 eos
308 388 357 427 qui
374 392 439 428 post
454 388 603 419 Christum
621 388 717 430 tuere,
730 399 764 420 ac
777 389 832 429 ipsi
843 390 930 421 Justi—

101 440 139 461 no
155 431 284 471 tequales
301 433 509 468 erantJenilas
521 437 549 464 et
565 433 751 472 indulgentia
765 435 821 465 erit
841 436 928 466 attri-

100 475 230 507 buenda.
247 476 318 508 Nam
335 477 372 508 de
389 478 520 518 utrisque
537 478 628 510 dicit:
645 479 703 515 Qui
719 488 786 510 cum
808 481 928 511 ratione

97 525 237 553 v‘xemnt
251 526 280 553 et
303 523 419 562 vivuul,
449 524 620 554 Christiani
641 527 713 555 sunt
732 529 759 554 et
781 525 927 564 impavidi

99 575 134 597 ac
150 566 307 605 intrepidi.

143 623 175 653 3°
190 623 372 655 Christianos
387 633 452 655 esse
468 624 540 655 dicit
556 634 618 661 eos,
635 625 685 665 qui
708 625 798 656 vitam
826 626 932 663 rationi

103 671 333 699 consentaneam
352 668 512 704 duxerunt.
531 674 562 700 ot
577 671 728 701 Socratem
744 675 771 701 et
794 671 929 702 Heracli-

103 716 179 748 tum;
198 722 255 742 non
272 713 350 753 quod
367 713 413 744 isti
432 723 484 754 per
499 715 586 745 tidem
600 714 628 744 in
638 714 927 754 Christisanguinem

104 757 221 788 liberali
237 767 251 788 a
268 759 396 798 peccatis
410 759 587 794 fuerint,sed
606 759 822 800 quiaquidquid
834 760 930 792 St‘lell'

104 802 151 833 tite
165 807 193 833 et
208 803 322 833 virtutis
339 804 368 834 in
385 804 428 834 eis
444 804 548 841 eluxit,
566 804 592 834 id
610 804 807 835 Christianum
822 810 930 844 esl,nt-

104 852 170 888 pote
186 858 251 879 cum
275 847 450 880 Christianis
471 849 582 880 faciens
605 854 632 880 et
653 859 668 880 a
686 849 783 880 Verbo
809 859 927 881 omnem

103 892 253 924 hominem
271 893 459 925 illuminante
473 894 626 925 donatum.
642 907 655 922 κ
673 894 927 935 Quincunque,in-

104 937 166 977 quit
181 937 272 978 Apol.
286 939 315 975 ‘2,
333 948 361 968 n.
384 939 429 972 tO,
443 940 584 979 praeclare
603 949 733 979 unquam
752 939 853 970 dixere
877 944 928 971 aut

103 983 304 1023 oxcogitavere
317 984 483 1024 philosophi
500 989 548 1015 aut
564 985 662 1024 legum
682 985 928 1021 latort~s,hmcin-

102 1031 188 1058 vento
204 1033 232 1058 et
248 1029 433 1059 considerato
446 1030 544 1069 aliqua
560 1039 594 1060 ex
612 1034 693 1070 parte
709 1029 806 1060 Verbo
825 1029 927 1060 elabo-

103 1076 215 1104 rarunt.
235 1085 246 1101 »ι
267 1074 302 1104 Et
319 1074 401 1105 n.t3:
417 1086 429 1102 at
443 1074 633 1114 Quaecunque
649 1074 725 1114 apud
743 1074 815 1105 alios
827 1084 930 1105 omnes

105 1117 246 1155 praeclare
264 1119 353 1157 dicta,
365 1128 399 1149 ea
415 1124 514 1149 nostra
530 1124 598 1150 sunt
612 1119 934 1151 Christianorum-Sic

104 1161 266 1193 Tertullian
273 1173 306 1192 ns
316 1173 419 1194 omnes
427 1164 563 1195 homines
572 1164 744 1194 naturaliter
751 1164 934 1196 Christianos

102 1215 169 1237 esse
181 1207 266 1244 dicit,
280 1208 358 1247 quia,
378 1213 483 1239 natura
499 1209 585 1247 duce,
604 1208 745 1239 nonnulla
760 1208 862 1239 dicere
881 1218 932 1239 so-

103 1250 174 1288 lent,
192 1262 258 1292 quae
282 1253 447 1284 Christiana
470 1260 549 1285 sunt.
569 1253 645 1284 Deus
669 1262 793 1291 magnus
809 1257 838 1284 et
854 1253 933 1284 Deus

103 1295 208 1333 bonus,
228 1302 254 1327 et
271 1298 347 1338 quod
365 1300 443 1330 Deus
459 1299 590 1339 dederit,
603 1298 734 1329 omnium
752 1307 804 1328 vox
816 1299 931 1330 estJu-

101 1341 199 1372 dicem
225 1352 343 1383 quoque
368 1348 550 1374 contestatur
577 1343 672 1378 illum,
699 1344 778 1373 Deus
798 1343 887 1383 videt,
902 1347 930 1373 et

102 1386 162 1416 Deo
180 1388 356 1418 commendo
374 1393 402 1418 et
429 1387 507 1419 Deus
529 1388 601 1419 milii
624 1387 738 1418 reddet.
755 1386 778 1418 Ο
795 1388 925 1417 ιθςιίπιοη

101 1430 181 1461 nium
199 1432 306 1463 animas
324 1433 498 1464 naturaliter
514 1432 804 1467 Christianteanuid
821 1433 927 1463 mirum

100 1484 170 1514 ergo
182 1475 206 1506 si
221 1476 405 1508 Christianos
421 1482 502 1508 vocat
524 1477 657 1509 lustinus
683 1486 735 1508 eos
760 1478 807 1517 qui
834 1487 924 1507 unum
936 1482 956 1506 C

102 1521 194 1551 Deum
213 1531 278 1552 esse
294 1522 473 1553 docuerunt?
492 1536 504 1550 »
522 1522 632 1553 Horum
659 1522 803 1557 omnium,
831 1522 927 1562 inquit

99 1565 185 1602 Apol.
198 1565 228 1606 ἓ,
242 1576 271 1597 n.
292 1567 339 1603 10,
354 1567 440 1607 longe
465 1568 637 1598 ﬁrmissisus
661 1567 714 1597 hac
732 1567 759 1597 in
777 1576 809 1597 re
825 1566 928 1597 Socra-

99 1614 142 1639 tes
158 1610 187 1640 in
202 1611 304 1641 eadem
315 1621 348 1642 ac.
365 1622 418 1642 nos
431 1612 557 1643 crimina
568 1617 685 1642 vocatus
695 1617 749 1642 est.
761 1610 839 1641 Nova
849 1611 926 1642 enim

100 1653 246 1685 daemonia
262 1655 400 1686 dixerunt
412 1657 447 1687 ab
464 1668 497 1687 eu
515 1656 851 1696 induci,etquosri\'itas
863 1656 923 1686 exi-

97 1698 198 1729 SLimat
220 1699 305 1736 deos,
331 1701 367 1731 ab
384 1711 419 1732 eo
440 1712 498 1732 non
516 1701 690 1733 existimari.
712 1714 724 1728 η
746 1702 782 1731 At
801 1700 923 1732 minime

96 1743 435 1777 dissimulavitJustinus
450 1746 519 1787 quid
533 1747 680 1786 ejusmodi
708 1745 878 1777 hominibus
895 1747 924 1777 in

96 1787 225 1819 Verbum
243 1790 424 1830 incarnatum
441 1801 498 1822 non
509 1791 703 1822 credentibus
718 1790 923 1826 defueritJum

95 1832 124 1862 in
141 1833 186 1873 iis,
201 1844 267 1874 qua:
277 1836 312 1865 arl
330 1836 530 1876 cognitionem
556 1836 687 1867 veritatis
705 1840 849 1876 Spectant,
864 1839 922 1865 tum

98 1877 126 1907 in
143 1877 179 1907 iis
194 1887 260 1919 qua),
275 1880 311 1910 ad
324 1881 408 1911 vitam
421 1886 448 1912 et.
459 1881 727 1921 mores.l’ostquam
741 1879 820 1911 enim
834 1879 923 1910 Verbi

96 1931 185 1953 omne
201 1923 361 1957 humanum
380 1936 473 1965 genus
490 1926 636 1965 particeps
649 1935 713 1956 esse
729 1925 919 1964 docuit,pro—

96 1967 175 1997 tinus
191 1973 308 2002 revocat
323 1971 352 2001 in
370 1971 626 2011 memoriam,quze
641 1975 727 2000 antea
736 1970 772 2000 de
790 1969 924 2000 Incarna-

98 2011 186 2042 tionis
199 2024 287 2045 causa
303 2015 429 2055 dixerat;
444 2015 584 2045 nimirum
601 2019 632 2045 ut
648 2014 758 2045 indicet
783 2014 850 2054 quid
875 2014 923 2044 in—

96 2056 178 2087 tersit
194 2059 272 2090 inter
288 2069 350 2097 cos,
367 2061 443 2101 quia
459 2059 556 2091 Verbo
574 2059 699 2100 aliquam
715 2058 847 2090 Veritatis
857 2067 922 2099 par.

95 2102 211 2135 ticulam
229 2109 421 2145 acceperunt,
440 2110 468 2135 et
482 2114 543 2139 eos.
563 2105 611 2145 qui
638 2105 665 2134 in
693 2104 771 2134 idem
789 2103 918 2133 Verbum

93 2147 278 2180 incarnatum
304 2143 511 2180 crediderunt.
530 2143 603 2180 llinc
619 2149 648 2179 in
666 2148 749 2189 Apol.
764 2149 793 2186 ἓ,
811 2158 839 2179 n.
855 2148 874 2179 8
892 2153 919 2178 et
933 2143 951 2167 ο

97 2194 143 2230 10,
161 2194 290 2225 declarat
315 2193 496 2225 Christianus
518 2203 578 2225 non
594 2195 633 2224 ad
647 2198 762 2233 partem
788 2193 925 2233 aliquam

93 2238 297 2270 disseminata:
313 2241 444 2270 rationis
464 2240 560 2270 vitam
587 2238 816 2277 ins!ituere,sed
829 2238 868 2269 ad
880 2241 926 2268 to-

93 2284 165 2319 tius.
181 2285 212 2314 id
227 2289 269 2315 est
287 2284 400 2315 Christi
425 2285 629 2322 cognitionem
646 2287 675 2314 et
693 2283 925 2322 contemplatio-

94 2329 356 2360 nem.Parlit-,ulam
370 2329 500 2359 veritatis
517 2329 664 2368 cognitam
681 2328 771 2358 fuisse
788 2327 924 2363 philoso-

94 2373 159 2411 phis
174 2374 347 2403 fatetur.sed
366 2374 548 2404 obscure.ila
564 2378 705 2404 utsecum
723 2373 776 2412 ipsi
795 2381 925 2411 ptignan-

93 2417 132 2447 tia
150 2418 316 2454 docuerint,
336 2428 365 2448 n.
385 2417 433 2454 13,
451 2423 481 2448 at
506 2427 557 2448 eos
574 2423 685 2448 tantum
716 2419 801 2447 docet
825 2422 924 2452 sanari

95 2472 194 2502 posse,
211 2463 259 2502 qui
278 2464 308 2493 in
321 2463 470 2494 Christum
489 2464 622 2494 credunt.
641 2463 744 2493 Natum
767 2462 858 2498 enim,
877 2462 923 2492 in-

91 2507 163 2546 quit,
179 2517 212 2537 ex
230 2507 364 2547 ingenito
376 2512 473 2538 etnon
490 2507 649 2538 enarrabili
664 2507 723 2538 Deo
734 2506 862 2537 Verbum
874 2514 924 2538 se-

92 2551 221 2582 cundum
238 2552 329 2582 Deum
341 2552 501 2583 adoramus
518 2562 524 2588 ;
549 2552 789 2593 quandoquidem
806 2555 927 2590 propter

92 2605 145 2626 nos
162 2596 250 2627 homo
264 2597 372 2627 factum
391 2602 448 2634 est,
462 2601 494 2627 ut
511 2597 738 2637 perpessionum
755 2600 922 2626 nostrarum

94 2641 241 2682 particeps
259 2641 369 2672 factum
387 2641 533 2672 medelam
546 2641 603 2672 illis
619 2641 740 2672 faceret.

130 2706 161 2736 J"
177 2704 255 2736 inest
266 2703 380 2736 Justini
400 2704 499 2736 verbis
522 2709 609 2737 acuta
621 2704 820 2743 ratiocinatio,
837 2713 924 2746 quam

972 154 1183 187 tuitmalorum
1201 157 1369 189 daemonum
1396 160 1549 191 molitione
1574 162 1796 201 persecutiones

971 199 1001 230 in
1013 199 1194 232 Christianos
1204 202 1417 244 excitarizquod
1428 205 1548 245 quidem
1564 199 1600 236 ne
1611 207 1745 237 videatur
1755 207 1799 238 in-

973 245 1128 283 credibile,
1143 256 1178 277 ea
1191 247 1280 277 sumit
1294 248 1459 287 argumenti
1476 249 1553 286 loco,
1569 260 1634 290 quae
1653 251 1723 282 viris
1738 253 1798 282 vir-

974 290 1043 321 tutis
1057 291 1144 322 laude
1160 292 1324 331 insignibus
1351 299 1525 326 evenerunt.
1542 294 1618 326 era
1635 305 1729 327 necne
1747 306 1798 327 ex-

971 334 1079 366 stiterit
1095 336 1212 367 itiorum
1236 337 1331 368 virtus
1357 348 1415 369 non
1442 339 1609 371 examinat:
1627 342 1698 372 satis
1710 341 1736 372 ei
1754 346 1799 372 est

971 379 1187 419 demonstrare,
1204 382 1273 413 odio
1285 382 1403 414 habitos
1417 383 1580 424 [uis-sequi
1595 386 1700 425 quovis
1712 387 1799 417 modo

969 425 1130 457 secundum
1146 427 1296 458 rationem
1311 429 1412 459 vivere
1425 432 1453 460 et
1470 430 1580 460 vitium
1604 431 1712 471 fugere
1733 435 1799 462 stu-

968 469 1106 509 duerint,
1118 472 1205 512 Apol.
1221 472 1250 511 ἓ,
1266 482 1346 504 num.
1364 474 1394 505 8.
1405 473 1497 505 Nemo
1514 484 1586 506 sane
1602 469 1800 508 diiieritveras

968 515 1091 563 virtutes
1104 526 1121 548 a
1136 518 1251 563 Justino
1268 519 1295 548 in
1317 519 1436 550 athletis
1464 520 1595 552 laudatas
1610 522 1712 563 fuisse;
1730 524 1799 563 quia

969 559 1066 606 tamen
1083 562 1244 593 honoriﬁca
1259 563 1296 593 de
1311 563 1369 594 illis
1378 568 1463 595 erant
1475 565 1628 597 hominum
1641 559 1798 606 judicia,id

973 604 1011 636 ad
1027 615 1097 637 usus
1112 616 1182 637 suos
1197 607 1331 648 adjungit
1346 612 1377 639 ut
1392 604 1704 651 Christianis,qnorum
1720 604 1800 642 tanta

973 654 1036 681 erat
1051 651 1080 681 in
1098 655 1192 682 morte
1208 652 1374 692 oppetenda
1398 654 1488 684 animi
1513 655 1665 692 fortitudo,
1692 657 1797 687 eadem

970 701 1033 732 [aus
1050 705 1107 726 non
1122 695 1330 736 denegaretur.
1348 711 1359 725 υ
1374 697 1429 734 Qui
1444 703 1543 730 autem
1560 709 1627 731 vera
1642 699 1731 741 bona,
1749 701 1797 731 in-

943 758 959 782 Β
972 739 1035 783 quit
1047 740 1131 780 Apol.
1149 741 1201 778 Ἄπι
1230 742 1279 782 ti,
1290 751 1323 773 ac
1341 742 1464 774 minime
1479 739 1798 781 lucataiinternoscuiit,

974 785 994 817 ii
1020 785 1133 831 virtutis
1162 785 1307 817 beneﬁcio
1331 787 1506 828 incorrupti.
1524 790 1608 826 Quod
1634 791 1753 831 quidem
1772 796 1800 822 et

972 829 1010 861 de
1026 830 1201 876 Christianis
1216 841 1250 862 ac
1264 831 1300 862 de
1315 832 1444 867 athletis,
1478 833 1572 874 iisque
1588 829 1701 875 quires
1717 837 1799 876 ejus-

971 875 1050 906 modi
1065 885 1186 915 gessere
1195 876 1297 916 quales
1313 881 1408 917 poette
1418 878 1456 908 de
1470 879 1628 910 celebratis
1644 875 1798 912 hominum

969 919 1110 960 opinione
1126 920 1183 950 diis
1198 921 1292 962 scrips
1313 931 1356 959 re,
1374 931 1431 953 non
1445 922 1661 956 insulsissimus
1674 925 1800 966 quisque

969 963 1142 996 existimare
1172 965 1273 1003 debet,
1302 966 1358 997 hoc
1385 967 1490 998 ductus
1514 963 1702 1008 argumento,
1721 963 1798 1010 quod

971 1013 1106 1040 mortem.
1128 1019 1193 1050 quas
1218 1010 1336 1042 videtur
1362 1011 1511 1051 fugienda,
1525 1018 1763 1047 contemnamus.
1782 1027 1796 1042 ιι

969 1052 1006 1085 Ut
1021 1054 1057 1084 de
1074 1054 1203 1092 athletis,
1219 1055 1255 1085 ita
1268 1060 1299 1086 et
1310 1055 1347 1086 de
1364 1056 1547 1097 philosophis
1563 1058 1693 1099 loquitur
1706 1060 1798 1090 Justi-

975 1108 1029 1128 nus
1046 1109 1052 1127 :
1067 1100 1234 1145 exﬁopinata
1264 1104 1456 1141 utrorumque
1485 1102 1591 1134 virtute
1615 1103 1644 1134 id
1668 1105 1799 1145 excerpit

974 1144 1120 1174 commodi
1132 1144 1167 1175 ad
1183 1144 1387 1176 defensionem
1405 1155 1426 1176 rt
1439 1146 1568 1188 ligionis,
1581 1152 1611 1178 ut
1621 1149 1671 1188 qui
1684 1149 1721 1180 de
1732 1149 1798 1181 istis

975 1188 1137 1219 honoriﬁce
1158 1189 1303 1228 judicant,
1330 1199 1381 1221 eos
1410 1191 1448 1222 de
1469 1191 1642 1223 Christianis
1659 1204 1715 1224 non
1732 1193 1798 1224 sine

974 1242 1089 1274 summa
1106 1233 1259 1274 iniquitate
1277 1234 1433 1266 detrahere
1445 1236 1640 1269 demonstret.

1016 1272 1050 1303 VI
1067 1272 1360 1305 Praestantissimasad
1373 1275 1545 1315 Diognetum
1554 1277 1687 1317 epistola:
1696 1283 1798 1309 auctor

973 1317 1109 1349 observat
1124 1319 1223 1350 tandm
1240 1319 1377 1350 homines
1397 1320 1426 1351 in
1442 1330 1556 1352 summo
1573 1322 1701 1359 miseriae
1720 1328 1795 1354 statu

971 1363 1092 1393 relictos
1102 1364 1203 1399 fuisse,
1218 1367 1249 1394 ut
1261 1367 1378 1395 tandem
1396 1365 1553 1406 aliquando
1567 1376 1583 1397 a
1600 1367 1672 1398 Filio
1681 1367 1796 1399 Deire-

970 1408 1082 1448 dempti
1095 1408 1257 1438 immeritos
1267 1418 1299 1439 se
1307 1409 1433 1448 gratiam
1443 1412 1596 1451 accepisse
1616 1413 1793 1445 taterentur.

974 1464 985 1480 ιι
1004 1452 1139 1488 Quandiu
1152 1453 1251 1492 igitur,
1270 1453 1405 1494 inquitn.
1422 1455 1451 1495 8,
1470 1456 1601 1494 prudens
1617 1466 1702 1488 suum
1718 1467 1793 1488 con-

969 1497 1064 1527 sil-um
1079 1496 1107 1527 in
1123 1497 1260 1538 mysterio
1275 1498 1435 1536 retinebat,
1448 1500 1594 1539 neglectui
1608 1511 1661 1531 nos
1673 1502 1796 1541 habere,

971 1541 1141 1582 nullamque
1159 1543 1252 1572 nostri
1267 1552 1368 1573 curam
1383 1553 1486 1583 gerere
1502 1545 1694 1578 videbatur...
1720 1547 1796 1579 01η-

971 1586 1020 1616 nia
1031 1586 1120 1626 igitur
1136 1586 1212 1626 apud
1225 1596 1257 1617 se
1273 1587 1385 1618 sciebat
1402 1598 1459 1619 una
1480 1599 1547 1620 cum
1568 1590 1653 1625 Filio.
1672 1600 1796 1623 oecono-

974 1631 1050 1661 mica
1075 1640 1128 1662 sua
1152 1632 1289 1664 scientia.
1306 1631 1448 1664 Cteterum
1480 1643 1573 1675 usque
1593 1635 1628 1665 ad
1659 1636 1797 1676 superius

967 1682 1085 1715 tempus
1096 1676 1163 1706 sivit
1176 1685 1228 1706 no~
1240 1685 1292 1716 pro
1305 1676 1387 1707 libito
1400 1677 1522 1708 incertis
1536 1679 1665 1710 molibus
1676 1679 1794 1721 agitari,

967 1720 1036 1750 dum
1054 1729 1070 1750 a
1084 1720 1285 1760 voluptatibus
1297 1725 1326 1751 et
1342 1721 1551 1761 cupiditatibus
1567 1725 1726 1754 transversi
1744 1734 1793 1755 ra-

967 1772 1126 1803 peremur:
1147 1774 1203 1795 non
1221 1765 1340 1805 quidem
1358 1766 1435 1806 quod
1466 1766 1525 1797 ullo
1551 1769 1638 1798 modo
1665 1770 1794 1808 peccatis

968 1809 1074 1840 nostris
1089 1812 1243 1849 gauderet,
1261 1810 1312 1841 sed
1326 1820 1359 1841 ea
1372 1811 1513 1852 tolerans;
1532 1822 1627 1853 neque
1643 1813 1716 1845 illud
1733 1824 1791 1855 quo

965 1854 1111 1893 injustitia
1127 1855 1322 1886 exercebatur
1337 1860 1453 1896 tempus
1464 1857 1700 1898 approbans,sed
1713 1854 1794 1890 men-

964 1899 1160 1938 temjustitiaa
1173 1909 1291 1935 creans,
1306 1903 1339 1930 ut
1352 1910 1419 1932 cum
1450 1912 1485 1932 eo
1510 1905 1643 1942 tempore
1670 1904 1794 1935 convicti

972 1952 1027 1975 ess-
1041 1953 1105 1974 mus
1131 1953 1146 1974 e
1178 1945 1304 1985 propriis
1325 1945 1476 1986 operibus,
1499 1946 1554 1977 vita
1579 1956 1645 1978 esse
1668 1947 1793 1989 indigni,

968 1994 1035 2019 tunc
1048 1989 1099 2020 Dei
1117 1990 1284 2029 benignitas
1300 2000 1353 2021 nos
1370 2000 1404 2021 ea
1414 1991 1594 2029 dignaretur.
1616 2005 1629 2019 ι

1006 2029 1096 2059 Deum
1115 2030 1264 2060 hominem
1282 2031 1369 2061 fatum
1383 2031 1476 2062 fuisse
1487 2032 1591 2072 probat
1606 2042 1639 2063 ex
1653 2033 1732 2064 illius
1743 2035 1794 2065 ad-

965 2079 1066 2105 ventus
1083 2074 1259 2114 dignissimo
1286 2081 1489 2114 monumento,
1507 2077 1641 2107 cordium
1668 2087 1795 2110 conver-

961 2119 1044 2150 sione
1059 2124 1088 2150 et
1098 2119 1195 2150 stabili
1212 2129 1246 2150 ac
1263 2120 1348 2150 tirma
1359 2120 1580 2162 justitin,quam
1598 2121 1634 2152 ab
1654 2132 1688 2154 eo
1704 2124 1793 2155 Chri-

967 2164 1054 2194 :tiani
1070 2164 1228 2204 accipiunt.
1243 2165 1387 2196 Observat
1404 2175 1462 2195 non
1479 2165 1645 2197 ministrum
1662 2167 1791 2208 aliquem

967 2213 1016 2238 aut
1031 2209 1167 2249 angelum
1180 2218 1196 2239 a
1212 2208 1270 2240 Deo
1285 2209 1407 2240 missum
1424 2209 1523 2246 fuisse,
1542 2211 1593 2241 sed
1609 2210 1704 2251 ipsum
1727 2213 1792 2252 opi-

970 2254 1055 2284 ficem
1074 2258 1101 2284 el
1114 2258 1276 2284 creatorem
1306 2254 1450 2286 omnium.
1481 2270 1490 2281 υ
1503 2254 1567 2286 Νοη
1584 2255 1676 2295 vides,
1699 2257 1794 2297 inquit

969 2307 1000 2329 n.
1011 2299 1042 2339 7,
1054 2307 1112 2338 quo
1130 2298 1227 2337 plures
1243 2299 1396 2338 suppliciis
1409 2300 1588 2338 at‘l’iciuntur,
1606 2305 1684 2332 tanto
1697 2303 1790 2342 majo-

968 2353 1031 2378 rem
1047 2342 1170 2373 aliorum
1189 2352 1255 2373 esse
1268 2352 1392 2374 numeru
1401 2348 1440 2375 rn?
1457 2346 1517 2376 Hac
1533 2355 1591 2375 non
1604 2345 1740 2376 videntur
1755 2346 1792 2376 ab

967 2387 1137 2418 hominibus
1155 2387 1217 2418 ﬁeri
1234 2388 1315 2418 :heec
1329 2388 1475 2420 adventus
1491 2390 1557 2429 ejus
1580 2394 1648 2420 sunt
1665 2390 1793 2421 indicia?

967 2432 1038 2468 Quis
1047 2431 1125 2462 enim
1138 2441 1172 2462 ex
1191 2433 1360 2463 hominibus
1375 2434 1514 2464 omnibus
1530 2438 1614 2464 norat
1628 2434 1697 2474 quid
1713 2439 1793 2465 esset

969 2477 1057 2514 Deus,
1076 2476 1243 2517 priusquam
1261 2477 1323 2517 ipse
1335 2478 1477 2509 venisset?
1490 2490 1502 2506 ι
1522 2478 1574 2509 Dei
1586 2478 1727 2508 voluntati
1739 2488 1792 2510 ac-

967 2526 1084 2561 ceptum
1110 2522 1199 2552 rel’ert
1229 2522 1371 2562 quidquid
1400 2522 1485 2552 nobis
1523 2523 1599 2553 inest
1624 2523 1789 2554 charitatis.

968 2567 1122 2606 Postquam
1139 2570 1250 2603 autem,
1270 2567 1375 2607 inquit,
1392 2576 1423 2598 η.
1441 2568 1489 2604 10,
1503 2567 1586 2597 illum
1603 2569 1789 2610 cognoveris,

966 2614 1075 2652 quanta
1093 2616 1119 2643 te
1131 2611 1283 2652 impletum
1294 2612 1329 2642 iri
1342 2611 1440 2642 lmtitia
1457 2611 1620 2644 existimas?
1635 2613 1692 2644 Aut
1703 2623 1793 2654 quan-

968 2661 1027 2688 tum
1051 2656 1156 2696 diliges
1182 2666 1248 2687 eum
1271 2656 1319 2696 qui
1350 2656 1432 2696 prior
1445 2660 1473 2688 te
1488 2657 1528 2687 ita
1547 2657 1698 2690 dilexerit?
1719 2659 1790 2690 Cum

966 2706 1066 2734 autem
1083 2700 1211 2742 diligere
1225 2701 1364 2745 coeperis,
1378 2700 1509 2734 imitator
1519 2701 1710 2745 benignitatis
1728 2704 1793 2744 ejus
