1961 3071
126 120 164 159 69

620 127 654 159 Ι).
680 122 830 160 ΜΑΗΑΝῙ
852 119 1061 159 PREFATtO.
1087 144 1119 150 -
1140 124 1247 158 PARS.
1272 121 1311 158 Π.

1787 125 1823 156 'iU

128 194 222 224 munis
231 199 278 225 est
287 193 383 234 panis,
401 193 452 223 sed
468 194 662 231 eucharistia,
680 206 713 226 ex
732 195 849 227 duabus
865 195 954 227 rebus
966 202 984 223 Ι.
998 195 1121 231 tionem,
1139 204 1204 235 qua:
1218 195 1250 225 iit
1263 195 1292 225 in
1305 194 1497 231 eucharistia,
1516 201 1542 224 et
1556 204 1620 224 eam
1636 202 1701 234 quae
1712 203 1821 233 corpo-

125 243 271 273 canstans,
291 243 409 268 terrena
419 242 448 269 et
462 239 596 276 ccelesti;
615 239 658 270 sic
675 244 703 270 et
715 249 840 280 corpora
854 244 954 271 nostra

126 282 319 323 percipienti-i
334 283 558 323 eucharistiam,
572 284 633 324 jam
653 294 710 315 non
724 290 793 315 sunt
808 285 952 325 corrupti-

125 327 292 367 bilia,spem
306 328 536 359 resurrectionis
551 329 698 360 habentia.
714 340 725 354 ι
741 330 810 360 Sola
820 329 954 361 Ecclesia

125 372 153 402 in
183 371 366 402 celebranda
395 373 577 404 eucharistia
605 374 908 405 communicationem
925 378 953 404 ιιι

124 417 268 447 unitatem
283 417 437 457 praedicat,
453 417 521 458 quia
536 423 625 448 sectae
636 428 694 449 non
710 424 791 450 recte
807 419 950 455 dividunt,

122 465 154 492 ut
163 460 216 492 n.3
227 460 359 498 dicebat,
377 471 442 493 eam
454 471 521 502 qui:
530 466 573 493 est
583 463 624 494 ad
632 463 806 503 ppoximum
817 472 951 494 commu-

122 507 256 537 nionem.
274 506 468 537 ltesurreclio
484 507 620 547 corporis
631 514 661 538 et
673 508 794 547 spiritus
810 508 872 539 sive
886 509 951 539 ani-

123 559 192 590 mas,
210 559 298 591 quam
315 551 450 582 Ecclesia
464 552 707 592 docet,loquendi
723 554 798 584 ratio
815 558 858 583 est
874 552 952 593 apud

121 595 260 635 antiquos
286 596 403 632 usitata,
422 601 452 627 ut
474 596 627 628 observavi
650 598 684 628 ad
713 598 870 638 Theophili
888 599 947 628 An-

122 640 218 670 tioch.
236 640 289 671 lib.
308 650 328 672 ι.

163 684 224 715 Sed
237 685 315 725 quod
334 686 483 726 praecipue
502 685 719 717 observandum
744 687 830 717 nobis
848 692 902 723 est,
920 686 949 716 in

123 728 169 759 his
183 728 281 760 verbis
295 741 302 760 :
320 730 517 762 Eucharistt‘a
529 729 689 762 cmduabus
702 730 790 762 rebus
800 736 952 771 constans,

120 778 241 804 terrena
253 779 282 804 et
293 774 480 811 calesti,duo
493 775 614 811 diversi,
633 783 684 814 pro
695 775 822 806 diversis
835 781 951 817 tempo-

124 817 222 855 ribus,
241 819 426 850 eucharisliaa
442 819 780 852 statusconsiderantur.
791 821 888 851 Primo
904 829 952 851 res

123 866 243 893 terrena
259 869 314 904 est,
331 864 394 894 sive
406 864 496 904 panis
515 865 570 904 qui
581 868 623 894 e~l
634 872 652 894 α
665 868 758 901 terra,
776 875 834 895 unu
850 865 950 905 verbo,

117 911 214 951 prmi:
243 910 423 945 communis,
450 909 558 939 deinde
573 908 606 938 ﬁt
621 909 812 945 eucharistta,
837 911 892 940 hoc
909 915 953 940 est

121 963 233 994 corpus
249 958 277 983 et
291 952 412 993 sanguis
428 953 546 984 Domini
566 953 720 993 anlicem
735 954 817 984 illum
831 964 865 985 ex
882 963 952 985 suc-

126 999 266 1031 cessione
281 1002 389 1028 statum
400 998 540 1037 praeclare
551 998 582 1028 in
595 998 652 1029 alio
664 998 751 1029 etiam
762 999 827 1029 loco
842 998 939 1029 deseri

126 1045 169 1075 bit
185 1043 316 1074 lrenaaus
332 1051 339 1074 ζ
356 1042 408 1073 Κιὶ
422 1043 502 1082 ὅνπερ
516 1044 614 1083 τρόπον
628 1044 658 1071 τὸ
678 1043 752 1076 ξύλον
768 1046 815 1077 τῆς
833 1043 953 1081 ἀμπέλου

124 1089 214 1118 κλιοὶν
238 1089 274 1119 εἰς
291 1088 341 1122 τὴν
362 1088 413 1127 γῆν
434 1091 473 1125 τῷ
486 1087 542 1124 ἱδίιν
565 1092 648 1127 χιιρῷ
675 1088 887 1127 Empire-9697.35,
911 1091 955 1118 xxi

124 1136 138 1163 ὀ
153 1135 252 1165 κόκκος
274 1134 321 1161 τοῦ
335 1133 408 1161 σίτου
438 1134 526 1161 πεσὼν
549 1134 585 1164 εἷς
611 1133 660 1166 τὴν
676 1135 739 1172 γῆν,
756 1134 799 1160 καὶ
815 1133 953 1170 ὁισλυθεὶ;,

124 1178 273 1210 tantoa-ch;
302 1179 403 1217 ἠγέρθη
433 1176 475 1205 διὰ
504 1179 551 1206 τοῦ
567 1178 718 1215 Πειεύματος
742 1181 787 1206 τοῦ
810 1183 886 1215 θεοῦ,
909 1182 955 1206 τιιῦ

124 1223 284 1262 συνέχοντοξ
313 1224 346 1250 τὲι
375 1223 461 1250 πάντα
477 1231 484 1237 ·
509 1222 600 1251 ἔπειτα
625 1221 652 1250 δὲ
680 1223 721 1250 διὰ
737 1226 784 1256 τῆς
801 1224 894 1263 σοφίας
917 1224 953 1255 εἷς

124 1270 225 1308 χρῆσιν
239 1267 350 1295 ὶλθόντα
372 1267 528 1307 ἀνθρώπων,
554 1268 597 1295 χαὶ
622 1266 879 1306 πρῡσλπμϐινόμενι
907 1269 952 1296 τὸν

124 1313 207 1352 λόγον
220 1315 268 1340 τοῦ
283 1316 348 1341 Θεοῦ
377 1313 531 1352 εὖχιριστία
560 1312 672 1352 γίνεται,
697 1311 762 1351 ὅπερ
791 1312 844 1340 ἐστὶ
875 1314 952 1350 σῶμα

122 1359 168 1386 καὶ
194 1357 266 1394 diu
288 1361 333 1386 τοῦ
357 1360 467 1395 Χριστου
484 1365 490 1372 ·
523 1356 605 1388 οὕτως
635 1358 678 1385 αἱ
698 1358 731 1385 τὰ
746 1358 863 1394 ἡμέτερι
895 1358 952 1385 σώ-

124 1413 197 1441 ματα
218 1401 244 1434 ἐξ
262 1402 343 1435 αὖτῆς
374 1402 533 1442 τρεψόμενι,
565 1403 609 1429 καὶ
632 1402 737 1430 τεθέντι
763 1403 798 1435 εἰς
812 1402 862 1435 τὴν
888 1403 950 1442 γῆν⁷

123 1447 168 1475 καὶ
198 1445 350 1475 διιλυθὲντπ
387 1446 413 1474 ἐν
443 1447 520 1485 αὑτῇ,
560 1447 735 1481 ἁνιστήσετιι
772 1447 799 1475 ἐν
833 1451 872 1485 τῷ
897 1447 953 1484 ἰδίῳ

124 1492 222 1537 καιρῷ,
245 1494 291 1537 tot”:
309 1490 394 1537 λέγω
420 1495 467 1520 τοῦ
496 1495 562 1520 Θεοῦ
579 1492 629 1519 civ
644 1491 745 1537 ἕγερῗν
761 1493 852 1524 αὐτοῖς
869 1503 951 1537 χαρι-
962 1512 982 1537 C

124 1535 237 1574 ζομένου
253 1536 289 1567 si;
306 1534 382 1568 δόξαν
398 1537 464 1564 Πεοῦ
479 1537 522 1564 xxi
539 1536 651 1575 Πατρός.
672 1546 684 1565 ι
705 1535 740 1566 Et
756 1536 953 1577 quemadmo-

126 1580 198 1611 dum
212 1580 323 1619 lignum
340 1580 421 1617 vitis,
438 1581 534 1621 inquit
548 1580 601 1612 lib.
617 1589 647 1620 v,
659 1580 765 1621 cap.2,
783 1590 813 1611 n.
831 1581 954 1622 3,depo-

127 1626 217 1655 silum
235 1625 265 1655 in
280 1628 389 1655 terram
406 1633 459 1655 suo
471 1625 629 1656 l'rnctiﬁcat
643 1629 822 1665 tempore,et
830 1635 952 1665 granum

128 1668 219 1701 tritici
234 1668 377 1700 decidens
391 1669 422 1700 in
437 1673 548 1701 terram
563 1676 593 1700 et
608 1669 784 1700 dissolutum
801 1670 953 1711 multiplex

127 1713 219 1753 surgit
234 1722 288 1754 per
299 1713 442 1754 Spiritum
459 1713 523 1752 Dei,
538 1714 587 1754 qui
611 1714 744 1745 continet
760 1714 870 1749 omnia.
888 1725 954 1755 quae

126 1757 237 1789 deinde
252 1767 306 1799 per
316 1758 494 1796 sapientiam
505 1759 536 1789 in
552 1768 638 1789 usum
654 1759 784 1789 hominis
791 1760 916 1790 veniunt
926 1764 956 1790 et

128 1802 326 1844 percipienda
333 1802 466 1834 Verbum
476 1803 531 1834 Dei
542 1803 721 1834 eucharistia
733 1804 899 1844 ﬁunt,quod
910 1809 955 1836 est

128 1856 239 1888 corpus
248 1850 281 1879 et
291 1849 411 1886 sanguis
421 1847 530 1879 Christi
543 1859 552 1884 ς
565 1848 608 1879 sic
619 1852 649 1879 et
671 1852 771 1879 nostra
781 1858 905 1889 corpora
918 1858 954 1880 ex

130 1901 164 1923 ea
176 1892 288 1923 nutrita
304 1897 334 1923 et
348 1893 478 1933 reposita
491 1892 522 1923 in
547 1897 701 1928 terram,et
729 1893 860 1924 resoluta
875 1894 904 1924 in
921 1904 956 1925 ea

129 1941 288 1977 resurgent
301 1937 332 1968 in
348 1946 402 1968 suo
418 1941 563 1978 tempore,
582 1938 679 1968 Verbo
692 1937 744 1969 Dei
759 1939 954 1970 resurrsctio-

128 1991 198 2013 nem
217 1981 261 2013 eis
276 1982 417 2020 donante,
430 1983 459 2012 in
470 1982 593 2021 gloriam
606 1982 659 2013 Dei
674 1983 780 2015 Patris.
797 1995 807 2012 ι
820 1983 885 2014 Νοιι
901 1993 954 2024 po-

130 2031 188 2058 test
203 2027 253 2058 hic
266 2027 418 2058 successio
428 2027 613 2058 diversorum
622 2031 749 2059 statuunt
759 2037 819 2059 non
825 2028 956 2059 animad-

129 2071 217 2108 verti,
234 2071 293 2101 nisi
318 2071 385 2111 quis
412 2072 558 2104 caacutiat.
575 2072 674 2103 Primo
691 2081 741 2103 res
765 2076 884 2104 terrena
899 2078 954 2111 est,

129 2125 239 2157 nempe
250 2115 279 2146 id
290 2116 372 2156 quod
385 2116 553 2155 depositum
563 2117 596 2147 in
607 2120 720 2148 treram
728 2126 783 2149 suo
790 2117 958 2158 [ruciificat

996 240 1078 270 ribus
1091 240 1198 270 nostris
1222 248 1366 278 promissa
1382 244 1437 276 est,
1455 239 1532 279 quod
1549 239 1635 279 panis
1660 239 1824 269 substantfa

998 289 1128 315 mutetur
1141 284 1171 314 in
1188 284 1274 314 aliam
1292 284 1378 323 longe
1390 283 1581 319 dissimilem,
1600 283 1709 314 nostris
1723 290 1820 314 autem

997 339 1042 360 cov
1051 329 1173 370 poribus
1189 329 1383 360 substantiam
1395 339 1478 359 suam
1489 328 1685 359 retinentibus
1696 328 1821 369 qualitas

996 377 1109 406 tantum
1126 383 1281 404 aet-essura
1297 374 1344 405 sit.
1362 374 1418 405 Sed
1435 383 1469 404 ex
1487 374 1542 404 hoc
1554 373 1727 404 discrimiue
1744 382 1818 413 prae—

994 419 1103 450 clarior
1128 420 1226 450 evenit
1251 419 1445 459 comparatio.
1475 419 1578 449 Probat
1600 419 1680 449 enim
1693 417 1822 448 lrenaeus

995 464 1093 494 minus
1110 464 1284 495 miraculum
1302 473 1337 494 ex
1353 463 1477 503 majore,
1501 468 1531 493 ut
1546 467 1768 494 controversum
1786 471 1820 493 ex

995 519 1053 539 non
1068 513 1270 540 controverso.
1288 508 1366 544 Quin
1397 508 1485 538 etiam
1501 507 1631 539 absurda
1647 512 1726 538 esset
1741 507 1819 538 illius

993 553 1191 591 ratiocinatio,
1205 553 1259 584 nisi
1272 553 1468 584 substantiam
1484 553 1568 593 panis
1584 552 1702 592 penitus
1713 552 1819 582 mutari

993 607 1027 629 ac
1042 597 1150 628 nullam
1166 607 1288 638 prorsus
1304 606 1462 637 superesse
1478 597 1624 628 dicamus.
1637 596 1821 636 Quocunque

993 643 1073 674 enim
1091 643 1202 673 honoro
1218 642 1301 682 panis
1315 647 1470 682 augeatur;
1482 641 1505 671 si
1517 641 1601 682 panis
1611 651 1677 672 esse
1693 650 1751 671 non
1765 641 1819 671 de-

994 688 1081 724 sinat,
1096 688 1182 727 longe
1199 687 1366 718 mirabilior
1395 687 1451 717 erit
1473 696 1631 727 corporum
1652 691 1818 717 nostrorum

996 732 1128 767 mutatio,
1147 742 1212 772 quae
1226 741 1284 762 non
1300 731 1395 762 solum
1411 731 1566 771 acquirent
1589 731 1820 771 incorruptionis

994 777 1154 813 decus,sed
1169 777 1257 807 etiam
1272 786 1305 806 ex
1319 776 1444 807 mortuis
1463 781 1490 806 et
1514 775 1667 806 di~solutis
1675 785 1708 806 ac
1723 775 1752 805 in
1770 785 1818 806 va-

994 822 1055 852 rius
1070 821 1174 852 mundi
1191 826 1286 862 partes
1297 821 1447 861 dissipatis
1460 821 1563 851 eadem
1573 820 1670 860 quoad
1682 820 1819 851 substan-

994 866 1065 897 tiam
1086 867 1157 897 tiant
1171 875 1307 906 corpora,
1320 865 1514 906 superaddito
1529 864 1819 905 ineorruptibilitatis

995 912 1084 942 dono.

1036 956 1182 987 Praeterea
1206 955 1279 986 duas
1302 954 1481 985 mutationes
1506 954 1536 984 in
1558 963 1632 994 pane
1647 953 1817 985 considerat

994 999 1123 1031 lremeus
1141 1010 1148 1030 :
1162 999 1287 1040 primam
1301 1008 1358 1040 qua
1373 1009 1408 1030 ex
1421 998 1518 1030 tritico
1533 999 1690 1030 decidente
1714 998 1744 1029 in
1757 1004 1818 1029 ter-

994 1054 1057 1076 ram
1067 1049 1097 1076 et
1105 1045 1247 1075 dissoluto
1257 1044 1418 1084 multiplex
1428 1045 1527 1084 surgit
1536 1044 1740 1084 pet-Spiritum
1750 1045 1816 1081 Dei,

996 1089 1087 1129 ﬁtque
1101 1091 1184 1129 panis
1194 1090 1228 1119 ad
1241 1089 1395 1120 hominum
1415 1098 1504 1124 usus;
1517 1089 1640 1120 alteram
1651 1099 1708 1130 qua
1722 1090 1820 1130 perci-

996 1134 1081 1173 piens
1094 1133 1224 1165 Verbum
1240 1134 1290 1166 Dei
1302 1135 1334 1164 tit
1345 1143 1455 1174 corpus
1466 1133 1743 1165 ChristiJ'osterior
1751 1144 1819 1165 niu-

995 1179 1066 1209 tntio
1083 1179 1169 1217 longe
1185 1178 1349 1209 mirabilior
1366 1188 1453 1218 quatit
1483 1178 1588 1218 prima.
1606 1179 1679 1209 Nam
1695 1188 1819 1219 compa-

994 1227 1098 1254 rantur
1112 1223 1232 1262 quidem
1247 1233 1315 1253 cum
1334 1227 1457 1263 utraque
1482 1227 1582 1253 nostra
1598 1232 1733 1263 corpora,
1752 1232 1820 1264 qua

994 1276 1031 1298 ea:
1041 1267 1227 1298 eucharistia
1239 1269 1398 1305 nutrita,et
1409 1267 1539 1307 rrpost'ta
1551 1267 1582 1298 in
1595 1272 1712 1298 terram
1729 1272 1757 1298 et
1768 1278 1818 1298 re-

994 1312 1095 1343 soluta
1110 1313 1142 1342 in
1157 1321 1202 1351 ea,
1220 1316 1379 1351 resurgant
1392 1320 1447 1342 sua
1467 1315 1609 1351 tempore.
1626 1313 1662 1342 At
1677 1321 1815 1343 resurre-

995 1357 1101 1388 ctionis
1116 1357 1245 1387 eli‘ectrix
1259 1361 1303 1386 est
1319 1355 1382 1386 sola
1397 1355 1446 1386 illa
1473 1357 1557 1396 panis
1573 1356 1602 1386 in
1614 1365 1724 1397 corpus
1736 1355 1818 1388 Chri-

994 1401 1030 1432 sli
1043 1401 1176 1438 mutatio,
1191 1410 1256 1441 quas
1267 1400 1348 1430 nulla
1363 1409 1484 1440 prorsus
1499 1400 1597 1437 erit,si
1609 1402 1692 1441 panis
1707 1411 1815 1441 super-

994 1446 1032 1476 sit
1048 1445 1223 1477 substantia.
1354 1473 1357 1474 ,

1035 1489 1079 1522 Vl.
1110 1490 1205 1521 Locus
1233 1489 1410 1520 Tertulliani
1435 1489 1543 1529 legitur
1569 1489 1598 1520 in
1614 1489 1691 1520 libro
1702 1498 1732 1521 tv
1743 1490 1815 1522 adv.

994 1536 1188 1571 Marcionem,
1205 1544 1232 1565 c.
1249 1534 1280 1571 4,
1297 1534 1348 1565 ubi
1358 1534 1400 1564 sic
1412 1533 1554 1575 loquitur:
1568 1547 1581 1562 ι
1595 1533 1816 1566 Prolessusita-

994 1590 1051 1621 que
1062 1589 1094 1611 se
1111 1579 1353 1620 concupiscentia
1370 1579 1547 1618 concupisse
1561 1579 1652 1610 edere
1666 1579 1774 1620 pascha
1788 1584 1818 1610 et

994 1633 1080 1656 suum
1091 1624 1260 1664 (indignum
1273 1623 1352 1654 enim
1362 1623 1469 1664 utquid
1482 1623 1612 1654 alienum
1624 1624 1816 1665 concupisce.

994 1674 1040 1700 ret
1053 1669 1301 1709 Deus)acceptum
1312 1677 1416 1708 panem
1431 1667 1654 1699 etdistrihutnm
1663 1668 1818 1710 discipulis

996 1723 1105 1754 corpus
1118 1713 1198 1744 illum
1210 1721 1296 1743 suum
1307 1713 1376 1743 fecit
1388 1723 1394 1741 ε
1406 1712 1472 1744 Hoc
1484 1717 1526 1744 est
1536 1722 1648 1754 corpus
1659 1722 1758 1745 meum
1774 1714 1818 1745 di-

994 1759 1101 1799 cendo,
1116 1758 1144 1789 id
1173 1762 1217 1788 est
1242 1757 1334 1797 figura
1348 1757 1482 1797 corporis
1508 1758 1577 1789 mei.
1597 1758 1703 1798 Figura
1717 1763 1815 1790 autem

996 1813 1055 1834 non
1066 1802 1215 1843 esset,nisi
1231 1802 1362 1833 veritatis
1376 1807 1453 1833 esset
1469 1811 1588 1843 corpus.
1605 1802 1750 1834 Caeterum
1766 1813 1817 1834 va-

996 1857 1051 1879 cua
1061 1857 1122 1885 res,
1140 1856 1206 1887 quae
1224 1851 1269 1878 est
1298 1847 1472 1887 phantasma
1497 1847 1620 1887 ﬁguram
1635 1857 1743 1888 capere
1759 1858 1818 1879 non

996 1897 1108 1933 posset.
1125 1894 1183 1923 Aut
1196 1892 1219 1921 si
1232 1896 1388 1931 propterea
1404 1900 1511 1931 panem
1537 1901 1645 1932 corpus
1659 1892 1718 1923 sibi
1734 1892 1814 1930 fecit,

997 1936 1206 1978 quiacorporis
1228 1937 1347 1966 carebat
1359 1936 1497 1974 veritate;
1508 1945 1578 1975 ergo
1593 1946 1703 1976 panem
1714 1938 1817 1968 debuit

998 1981 1115 2012 tradere
1124 1990 1176 2021 pro
1187 1980 1426 2012 nobis.Faciehnt
1441 1980 1477 2010 ad
1489 1982 1646 2012 vanitatem
1659 1983 1817 2013 Marcionis

999 2031 1029 2057 ut
1046 2026 1129 2066 panis
1141 2034 1192 2065 pro
1204 2025 1290 2055 nobis
1301 2024 1526 2064 cruciﬁgeretur
1556 2038 1568 2055 ι

1038 2070 1132 2110 Hujus
1141 2071 1195 2100 loci
1210 2070 1296 2100 aliam
1306 2069 1534 2110 explicationem
1545 2069 1816 2112 Perrionius,aliam

998 2120 1135 2147 auctores
1145 2115 1356 2154 Perpetuitalis
1363 2115 1436 2155 fidei
1444 2115 1618 2147 attulerunt:
1632 2115 1684 2148 sed
1694 2123 1818 2157 utraque

130 2156 261 2202 tempore
272 2166 303 2191 et
318 2160 400 2192 venit
413 2161 443 2191 in
460 2170 547 2192 usum
575 2161 743 2200 hominum,
760 2166 862 2202 estque
874 2156 957 2202 panis
968 2156 990 2181 ί)
999 2159 1174 2192 Tertulliani
1183 2159 1359 2190 sententiam
1372 2159 1403 2190 in
1413 2163 1474 2190 tuto
1483 2159 1581 2200 posuit
1596 2165 1624 2191 et
1638 2160 1719 2192 illius
1733 2156 1819 2192 testi-

130 2205 311 2242 communis,
324 2205 433 2236 deinde
448 2214 555 2246 corpus
569 2209 597 2237 et
611 2207 738 2247 sanguis
753 2207 882 2246 Christi,
896 2207 958 2238 sive

131 2259 180 2282 res
195 2250 337 2281 cmlestis.

171 2296 237 2335 Ipsa
247 2295 338 2326 etiam
352 2294 539 2326 encharisliae
547 2305 614 2326 cum
625 2295 900 2336 duplicicorpornm
910 2306 961 2328 no-

131 2344 260 2371 strorum
270 2343 348 2370 statu
356 2339 540 2380 comparatio
550 2346 619 2371 ante
626 2340 728 2371 oculos
740 2341 822 2380 ponit
831 2341 957 2372 duorum

132 2385 163 2415 in
176 2383 361 2416 eucharistia
375 2389 503 2415 statuum
515 2386 748 2417 successionem.
766 2386 886 2427 Compai
895 2390 961 2416 atur

131 2429 253 2460 mutatio
265 2437 334 2460 Cum
348 2429 573 2466 mutatione,res
583 2434 781 2470 terrena,quae
792 2430 824 2461 lit
839 2440 887 2461 res
902 2440 958 2462 cae-

131 2473 225 2511 lestis,
239 2473 302 2504 sive
319 2473 403 2514 panis
416 2474 596 2515 communis,
608 2474 658 2515 qui
669 2474 701 2505 tit
715 2483 823 2515 corpus
837 2475 956 2513 Christi,

131 2527 197 2549 cum
213 2527 342 2558 corpore
350 2518 550 2558 corruptibili,
565 2519 643 2559 quod
657 2519 686 2550 lit
700 2528 806 2560 corpus
822 2520 959 2551 incorru-

130 2562 312 2604 ptibile.Res
322 2566 420 2594 autem
434 2562 542 2593 eodem
554 2567 689 2603 tempore
696 2573 731 2594 ac
741 2565 807 2595 sine
818 2564 878 2596 ulla
889 2574 959 2596 suc-

132 2608 269 2639 cessione
285 2613 407 2638 terrena
417 2613 446 2638 et
460 2607 806 2648 cmlestis,corruptibilis
817 2613 847 2640 et
859 2610 959 2641 incor-

134 2652 286 2693 ruptibilis
301 2651 373 2693 quid
386 2652 505 2683 alierret
513 2652 659 2683 momenti
668 2653 705 2683 ad
721 2662 962 2694 corporunt.quae

131 2706 210 2728 nunc
225 2696 436 2737 corruptibilia
451 2702 533 2735 sunt,
549 2697 679 2728 futuram
694 2696 960 2739 incorruptibilita-

129 2741 212 2774 tam?

170 2786 246 2819 Illud
260 2787 386 2829 quidem
402 2785 481 2817 inest
491 2786 675 2826 discriminis
684 2786 763 2818 inter
772 2787 852 2818 illam
870 2791 962 2818 muta-

999 2205 1100 2237 monio
1110 2204 1251 2235 abntendi
1271 2203 1441 2235 facultatem
1460 2205 1638 2237 adversariis
1653 2207 1816 2248 praeripuit.

999 2249 1080 2281 Nihil
1094 2248 1190 2280 obstat
1204 2248 1363 2289 quominus
1379 2248 1496 2280 tertiam
1512 2249 1671 2281 aderamus
1693 2260 1759 2292 qua;
1773 2253 1819 2283 ei-

999 2295 1067 2326 dem
1085 2293 1236 2334 proposito
1251 2294 1449 2324 communiter
1461 2295 1618 2326 conducat.

1040 2339 1177 2378 Figuram
1193 2338 1333 2378 intelligit
1346 2337 1545 2370 Tertullianus
1555 2339 1585 2370 id
1596 2341 1674 2380 quod
1684 2340 1820 2373 substan-

1001 2383 1070 2414 tiam
1096 2382 1224 2423 aliquam
1252 2382 1450 2414 exterioribus
1464 2383 1556 2423 signis
1580 2385 1819 2425 circumscribit;

1001 2428 1079 2459 unde
1094 2430 1144 2460 ait:
1163 2426 1318 2465 Vacuares,
1335 2435 1399 2467 qua:
1414 2431 1455 2458 est
1469 2429 1660 2470 phantasma,
1685 2431 1820 2470 ﬁguram

1001 2483 1113 2514 capere
1122 2483 1182 2504 non
1191 2474 1396 2512 posset:solum
1407 2481 1515 2513 corpus
1523 2473 1651 2505 solidum
1662 2475 1716 2506 sub
1729 2477 1822 2516 ligura

1001 2519 1093 2550 latere
1109 2522 1215 2559 potest.
1232 2517 1329 2553 Quare
1359 2517 1469 2549 Christi
1493 2518 1590 2549 verbis
1606 2519 1685 2550 hunc
1699 2529 1819 2552 sensum

1001 2564 1141 2604 assignat,
1158 2562 1224 2594 Hoc
1238 2566 1281 2593 est
1297 2571 1405 2602 corpus
1415 2571 1524 2604 meum,
1541 2563 1569 2593 id
1591 2569 1636 2595 est
1647 2565 1741 2604 ﬁgura
1756 2576 1822 2606 quae

1001 2618 1109 2649 corpus
1126 2617 1225 2639 meum
1246 2607 1478 2652 circumscribit,
1491 2613 1746 2641 etsacramentum
1762 2621 1820 2652 quo

1002 2654 1061 2684 mei
1075 2652 1208 2693 corporis
1223 2651 1387 2682 substantia
1401 2652 1581 2684 continetur.

1043 2698 1101 2729 Cur
1116 2697 1192 2728 hanc
1202 2696 1309 2728 Christi
1324 2696 1423 2728 verbis
1443 2697 1670 2738 explicationem
1685 2699 1823 2739 subjiciat

1002 2743 1213 2780 Tertullianus,
1245 2741 1331 2773 facile
1345 2750 1434 2773 causa
1448 2743 1594 2783 repetitur
1615 2753 1650 2774 ex
1666 2744 1822 2775 Marcionis

1003 2796 1207 2829 errore,quein
1213 2785 1709 2828 refellendumsusceperat.Christi
1715 2797 1823 2830 corpus
