1961 3071
45 95 72 127 77
504 97 538 128 D.
563 95 714 128 MARANI
736 91 945 126 PREFATIO.
970 111 1008 116 —
1031 94 1137 127 PARS.
1161 94 1200 126 II.
1227 136 1229 140 γ
1657 95 1697 127 78

41 161 168 201 docentur,
184 161 264 192 nobis
281 171 337 193 una
352 162 540 202 precantibus
556 165 585 192 et
609 161 825 202 jejunantibus.
839 164 856 188 Α
870 160 898 190 in
915 160 1053 192 eumdem
1071 161 1168 192 locum
1191 161 1224 192 ﬁt
1251 166 1425 199 conventus,
1443 167 1472 193 et
1486 164 1700 195 commentaria

41 205 131 237 Deinde
142 216 176 237 eo
186 206 355 238 ducuntura
371 207 522 244 nobis,ubi
536 216 611 248 aqua
621 211 708 247 est,et
725 205 827 236 eodem
871 205 1083 244 apostolorum,
1101 210 1150 236 aut
1177 206 1286 246 scripta
1316 207 1524 246 prophetatum
1550 209 1697 249 leguntur,

39 250 240 289 regenerationis
256 251 341 281 modo
370 255 599 291 regenerantur,
631 261 688 292 quo
718 255 746 281 et
774 249 829 289 ipsi
871 249 967 289 quoad
985 249 1053 280 licet
1068 259 1120 289 per
1135 250 1382 287 tempus.Deinde
1399 251 1448 282 ubi
1465 252 1700 291 lectordesiit,is

40 303 119 324 smnus
129 295 300 334 regenerati.
316 295 387 326 Nam
401 296 430 326 in
442 296 563 326 nomine
575 296 705 336 parentis
718 295 831 325 univer-
871 293 920 333 Qui
944 298 1048 333 praeest
1063 294 1297 325 admonitionem
1312 295 1407 326 verbis
1418 300 1446 326 et
1461 297 1698 329 adhortationem

39 348 116 368 surum
129 348 160 369 ac
174 339 288 370 Domini
311 339 362 370 Dei
389 350 423 370 ac
453 339 610 371 Salvatoris
639 340 732 370 nostri
759 339 829 370 Jesu
872 338 908 367 ad
925 347 973 368 res
989 343 1047 369 tam
1063 339 1219 378 prreclaras
1241 339 1399 371 imitandas
1428 341 1560 382 suscipit.
1593 344 1699 375 Postea

39 383 125 413 Christi
139 387 165 413 et
187 383 311 423 Spiritus
324 385 416 415 sancti
442 384 589 415 lavacrum
606 384 635 415 in
661 392 736 424 aqua
760 388 830 414 tunc
872 391 978 413 omnes
993 383 1082 413 simul
1098 383 1308 423 consurgimus
1333 388 1361 414 et
1391 394 1496 425 preces
1525 387 1698 425 emittimus,

39 427 183 467 suscipiunt.
198 441 208 456 It
229 429 350 460 Videtur
371 430 503 460 Justinus
518 439 576 460 non
591 439 626 460 ea
640 429 735 459 solum
761 438 828 459 cre-
871 431 970 472 atque,
987 432 1018 457 ut
1031 427 1093 467 jam
1108 427 1251 466 diximus,
1263 428 1313 458 ubi
1328 428 1473 460 desiimus
1486 432 1701 472 precari,panis

39 471 106 501 dendi
121 476 147 503 et
159 473 271 504 vivendi
292 480 437 514 praecepta
453 474 596 510 indicare,
613 483 678 514 qua)
699 473 831 513 quotidie
872 471 994 502 atfertur
1009 477 1037 503 et
1053 472 1151 502 vinum
1169 477 1198 504 et
1212 482 1298 512 aqua,
1316 478 1344 504 et
1358 474 1408 513 qui
1420 480 1535 514 praeest,
1554 471 1659 516 preces
1673 481 1703 508 et

38 516 227 548 catechumenis
244 518 501 555 tradebantur,sed
515 528 549 549 ea
560 519 756 559 potissimum,
769 527 834 558 quae
876 517 1036 562 gratiarum
1051 518 1184 548 actiones
1200 517 1268 548 totis
1283 517 1394 548 Viribus
1405 519 1521 557 emittit,
1535 525 1563 551 et
1576 522 1700 562 populus

38 570 86 590 cum
103 561 159 602 ipso
176 562 319 603 baptismo
329 564 541 603 jungebantur,
557 563 698 594 nimirum
712 563 836 594 interro-
876 561 1032 592 aCClamat:
1051 564 1157 598 Amm,
1171 566 1325 597 eteorum,
1344 564 1371 592 in
1384 563 1492 603 quibus
1505 566 1606 604 gratia;
1618 561 1702 598 iactat

37 606 143 644 gationes
157 612 184 637 et
198 609 419 647 responsiones,
436 608 712 639 abrenuntiationes
726 611 755 638 et
772 617 837 647 pro-
879 611 957 643 sunt,
975 607 1140 638 distributio
1165 609 1199 640 ﬁt
1228 611 1256 640 et
1285 610 1514 642 communicatio
1542 613 1702 653 unicuique

37 650 169 681 leSsionem
186 652 263 683 ﬁdei.
283 652 314 683 ld
330 654 486 684 conﬁrmat
500 653 647 689 Justinus,
664 662 695 684 n.
716 653 838 692 65.1psa
881 653 1082 691 prtescntium,
1096 657 1124 682 et
1135 652 1307 684 absentibus
1321 662 1375 693 per
1384 653 1527 686 diaconos
1543 650 1699 690 mittitur.»

36 694 72 724 illa
85 696 290 728 verba.Deinde
300 707 332 728 eo
341 697 495 729 ducuntur
507 707 525 728 ιι
533 698 619 729 nobis
631 698 771 737 ubiaqua
782 703 835 731 est.
879 694 954 727 Huic
970 696 1093 736 liturgiaa
1104 697 1257 728 simillima
1268 703 1312 729 est
1327 707 1442 738 ea,quaa
1458 699 1488 730 in
1505 701 1702 733 Constitutio—

34 739 94 769 aiiud
108 742 242 780 suspicari
259 752 317 772 non
331 743 444 773 sinunt.
462 742 500 773 Ex
518 743 626 783 quibus
643 743 715 773 illud
748 742 834 773 etiam

35 788 95 830 patet
109 785 166 816 hzec
192 787 293 817 omnia
321 787 349 817 in
378 787 442 828 ipsa
471 788 597 819 ecclesia
625 787 722 828 peragi
751 787 867 830 solitaB

33 829 116 866 fuisse,
131 835 284 871 antequam
303 831 494 871 baptizandus
509 833 546 862 ad
576 841 692 863 sacrum
725 831 833 862 lunlem

32 873 181 906 duceretur.
198 875 246 906 Sic
263 877 351 906 etiam
363 876 478 916 jejunia
493 877 541 908 hic
559 881 720 907 memorata
738 876 834 914 bapti-

31 927 110 948 smum
122 920 212 959 ipsum
230 922 364 960 proxime
374 921 564 959 antecedunt,
579 921 654 952 etab
666 921 732 952 aliis
748 920 837 952 Chri~

31 963 117 994 stianis
130 974 186 995 una
200 974 265 996 cum
283 965 457 1005 baptizando
473 966 679 1006 observantur,
696 965 783 1006 quale
795 969 839 996 est

30 1007 87 1038 illud
100 1007 240 1048 jejunium
253 1010 332 1050 quod
347 1011 450 1042 Petrus
466 1010 560 1050 pridie
577 1010 714 1050 bapiismi
732 1009 835 1040 indicit

29 1052 52 1081 in
62 1052 234 1085 Clementina
251 1055 353 1085 homil.
373 1054 420 1095 l3,
437 1065 467 1087 n.
500 1054 544 1085 12.
574 1055 640 1086 Vid.
670 1055 833 1086 Comtitut.

26 1101 122 1137 (ιροει.,
140 1098 190 1130 lib.
206 1107 256 1136 vn,
277 1109 303 1130 c.
322 1099 372 1131 22.

60 1141 131 1173 Nihil
147 1143 192 1173 bic
213 1143 250 1174 de
272 1148 457 1174 sacramento
487 1144 719 1175 conﬁrmationis
744 1143 837 1173 Justi-

26 1197 94 1218 nus:
111 1198 204 1229 neque
219 1189 247 1219 id
266 1190 386 1220 mirum.
418 1189 482 1220 Non
506 1190 657 1221 catholicis
672 1189 832 1226 scribebat,

27 1232 70 1262 sed
86 1232 276 1273 imperatores
291 1234 426 1265 ethnicos
442 1235 657 1275 alloquebatur,
668 1234 746 1275 apud
762 1243 835 1274 quos

28 1276 136 1308 minime
145 1279 313 1310 necessaria
321 1284 383 1310 erat
393 1279 481 1319 hujus
490 1280 533 1310 rei
543 1280 704 1311 enuntiatio
711 1305 716 1310 .
723 1278 836 1311 Deinde

28 1330 84 1352 vero
99 1322 273 1363 baptismum
284 1324 322 1354 ita
337 1324 479 1355 describit
488 1323 667 1364 Justinus,ut
676 1324 740 1364 ipse
752 1324 836 1354 illum

29 1366 227 1408 (presbyterum
244 1369 322 1399 enim
339 1369 430 1400 fuisse
443 1369 592 1401 Justinum
604 1379 663 1400 non
681 1369 752 1400 levis
767 1378 837 1399 cun-

23 1411 126 1450 jectura
141 1419 192 1452 est)
208 1413 324 1444 solebat
346 1413 576 1451 administrare;
604 1414 744 1444 nimirum
775 1414 838 1444 sine

27 1457 249 1494 conﬁrmatione,
266 1468 332 1498 quae
348 1459 492 1498 episcopis
503 1464 652 1489 reservata
668 1464 741 1490 erat.
755 1457 868 1498 Stepen

25 1502 187 1533 eveniebant
203 1504 386 1544 presbyteris
400 1503 568 1543 baptizandi
583 1503 766 1540 occasiones,
786 1511 840 1534 nec

25 1547 119 1577 maturi
129 1547 277 1588 baptismo
287 1547 474 1579 oblervidam
484 1549 621 1588 pietatem
632 1548 838 1582 catechumeni

22 1591 160 1623 solemnes
168 1592 309 1633 baptismi
322 1593 384 1624 dies
394 1593 612 1633 exspectabant.
624 1593 708 1625 Unde
719 1593 839 1624 Tertul-

23 1635 111 1667 ltanus
126 1637 177 1669 lib.
198 1638 241 1669 De
261 1637 419 1678 baptismo,
436 1647 462 1668 c.
479 1638 514 1669 19
531 1648 537 1669 :
553 1650 565 1667 ι
580 1637 724 1669 Caeterum
743 1638 840 1668 omnis

22 1680 79 1712 dies
93 1681 205 1713 Domini
222 1689 283 1722 est,
296 1682 392 1713 omnis
407 1682 490 1719 hora,
507 1692 595 1714 omne
607 1687 723 1723 tempus
740 1682 839 1713 habile

24 1725 156 1766 baptismo
170 1736 176 1758 :
193 1727 218 1757 si
230 1727 270 1757 de
285 1727 473 1757 solemnitate
483 1727 655 1765 interest,de
663 1729 755 1766 gratia
764 1728 838 1758 nihil

23 1776 143 1803 interest.
164 1785 176 1798 ι»

58 1815 101 1848 lV.
117 1816 249 1848 Necesse
266 1826 325 1847 nou
341 1822 385 1848 est
399 1817 562 1848 admonere
577 1817 604 1848 id
620 1817 698 1858 quod
714 1817 839 1858 quisque

19 1861 82 1892 satis
97 1862 249 1903 perspicit,
279 1861 423 1901 baptisma
439 1866 504 1902 post
532 1862 669 1892 dimissos
697 1862 837 1892 catechu-

20 1915 116 1937 menos
135 1912 163 1938 et
180 1907 364 1948 pcenitentes
377 1907 439 1938 dari
455 1906 574 1937 solitum
592 1907 691 1938 fuisse.
709 1907 795 1944 Nam,
808 1912 839 1937 ut

19 1956 90 1991 patet
103 1961 137 1983 ex
169 1951 354 1988 testimonio,
385 1951 463 1992 quod
494 1961 561 1982 mox
589 1952 764 1990 referemus,
789 1952 838 1992 qui

19 1996 176 2034 baptizatus
186 1995 399 2033 fuerat,statim
408 1995 609 2027 deducebatur
621 1997 656 2028 ad
670 1997 836 2035 ecclesiam,

16 2046 42 2072 et
56 2042 179 2082 liturgiae
194 2049 304 2081 preces
319 2040 439 2071 ﬁebant.
456 2041 597 2082 Synaxes,
614 2041 643 2072 in
657 2042 764 2081 quibus
780 2051 838 2072 non

14 2086 132 2117 dabatur
149 2084 376 2127 baptismus,sic
391 2085 520 2117 breviter
534 2085 722 2123 describit,n.
740 2087 789 2118 67:
801 2090 840 2125 τῇ

12 2135 54 2161 τοῦ
80 2132 155 2167 ἡλίου
182 2130 320 2170 λεγομένῃ
347 2130 433 2180 ἡμέρᾳ
461 2131 566 2180 πᾶντιξιγ
600 2132 669 2160 κατὰ
703 2131 794 2165 πόλεις
824 2131 875 2180 ἧι.)

12 2177 103 2216 ἀγροὺς
131 2178 272 2214 μενόντων
299 2175 342 2203 ἐπὶ
357 2176 387 2203 τὸ
402 2175 464 2203 anu-ri)
489 2175 635 2206 συνέλευσις
657 2177 769 2216 γίνετειι⁷
797 2175 842 2204 καὶ

12 2222 42 2251 τὰ
75 2221 345 2259 ἀπομνημονεύματυ
372 2223 425 2248 τῶν
441 2219 609 2258 ἆποττόλων,
625 2220 642 2254 ἤ
653 2221 685 2248 τὰ
701 2221 839 2260 συγγράμο

12 2278 81 2304 ματα
114 2270 168 2295 τῶν
196 2265 344 2305 προφητῶν
368 2263 577 2303 ὰναγινωεηιετςιι
594 2265 691 2305 μέχρις
707 2265 837 2306 ἐγχωρεῖ.

12 2313 79 2340 Εἶτα
107 2312 283 2349 παυσιμένου
309 2310 355 2338 τοῦ
391 2309 630 2350 ἀναγινώσκοντος,
661 2311 674 2338 ὁ
703 2312 837 2350 προεστὼς

12 2354 50 2384 διὰ
77 2357 159 2396 λόγῡυ
176 2357 229 2389 τὴν
253 2354 386 2384 νουθεσίαν
400 2354 440 2381 κιιὶ
456 2353 601 2396 πρόκλησιν
616 2357 665 2388 τῆς
685 2359 737 2383 τῶν
753 2355 841 2384 καλῶν

12 2402 107 2430 τούτων
144 2401 296 2439 μιμώσεως
312 2405 438 2429 notet-tiu.
454 2393 576 2428 ’Ἔπειτα
590 2399 751 2437 ἀνιστάμεθκ
767 2404 843 2439 κοινῇ

12 2448 116 2484 πάντες,
133 2447 179 2474 καὶ
193 2445 282 2484 εὒχὰς
295 2444 447 2481 πέμπομεν·
465 2444 520 2484 καὶ,
537 2445 573 2476 ὡς
589 2444 672 2484 προέφ
680 2456 755 2485 Ἱμεν,
772 2457 842 2474 πίω-

12 2492 131 2530 σιμένων
146 2493 229 2529 ἡμῶν
243 2490 293 2522 τῆς
309 2489 405 2528 εὐχῆς,
421 2487 500 2528 ἄρτος
516 2489 688 2529 προσφέρεται
711 2491 754 2518 καὶ
769 2491 844 2531 οἶνος

12 2538 48 2565 ui
71 2536 151 2576 ωηρ,
176 2536 224 2564 καὶ
248 2536 261 2562 ᾗ
280 2534 415 2573 προεστὼς
438 2534 520 2573 εὐχὰς
536 2534 635 2569 ὁμοίως
650 2536 694 2563 καὶ
719 2538 845 2576 εὔχαρις..

12 2582 76 2620 τίεις,
91 2581 143 2614 ὅση
158 2579 273 2617 δύναμις
285 2578 368 2615 αὑτῷ,
385 2577 547 2616 ἀναπέμπει,
561 2580 605 2606 καὶ
620 2578 634 2605 ὸ
650 2578 714 2611 λαὸς
731 2580 846 2621 ἐπευφη-

12 2635 56 2664 μεῖ
71 2625 159 2665 λέγων
176 2625 208 2653 τὸ
221 2625 322 2661 Ἀμήν
335 2631 378 2651 ut
388 2624 406 2658 ἡ
415 2621 530 2655 διάδοσις
545 2624 588 2651 κιὶ
601 2625 618 2658 ἡ
631 2624 782 2663 μετάληψις
793 2627 846 2657 ἀπὸ

12 2674 63 2699 τῶν
86 2668 341 2710 εὖχαριστηθέντων
355 2668 458 2704 ἒκάπῳ
473 2667 583 2708 γίνεται,
609 2670 654 2697 mi.
669 2676 729 2702 τοῖς
745 2671 774 2698 οὗ
787 2682 840 2710 πιρ

12 2719 65 2744 ῡῦσι
79 2715 124 2744 διὰ
142 2717 196 2743 τῶν
213 2712 343 2742 διακόνων
357 2712 502 2751 πέμπεται.
522 2722 536 2742 ι
559 2712 648 2752 Solis,
665 2719 697 2746 ut
719 2714 840 2752 dicitur.

12 2760 68 2799 :lio,
80 2759 221 2791 omnium
236 2757 299 2798 sive
323 2757 424 2796 urbes,
447 2755 510 2799 sive
537 2766 623 2798 agros
650 2759 842 2794 incolentium

881 741 969 772 nibus
983 741 1156 782 apostolicis
1167 747 1259 773 exstat
1274 742 1326 773 lib.
1338 748 1435 780 vm,et
1445 744 1588 786 quidquid
1601 747 1702 778 ibiar-

880 785 997 817 ticulate
1013 787 1181 827 exponitur,
1199 787 1226 818 id
1243 786 1376 818 Justinus
1397 785 1566 821 summatim
1582 791 1700 823 indicat.

918 858 970 888 llle
980 867 1024 887 om
1030 859 1114 889 nium
1123 859 1188 890 sive
1195 858 1286 890 urbes
1295 859 1360 890 sive
1371 868 1460 899 agros
1468 861 1664 894 incolentium
1671 865 1704 895 in

879 903 1013 935 eumdem
1028 902 1125 934 locum
1141 907 1312 941 conventus,
1331 913 1389 934 non
1405 905 1470 936 sine
1498 906 1596 947 aliqua
1613 917 1704 939 exce-

881 947 980 993 ptione
995 948 1217 993 intelligendus.
1233 947 1306 979 Nam
1318 948 1367 979 ubi
1383 949 1545 981 vehemens
1556 957 1620 982 erat
1634 962 1703 993 per-

881 992 1005 1029 secutio,
1024 992 1053 1023 id
1069 992 1133 1023 ﬁeri
1146 1002 1203 1023 non
1215 997 1349 1033 poterat:
1368 994 1448 1025 unde
1475 992 1671 1035 interrogatus
1688 1006 1705 1027 a

879 1047 913 1078 pr
919 1038 1015 1068 electo
1023 1037 1157 1068 Justinus
1168 1046 1255 1078 quem
1267 1038 1301 1068 in
1316 1039 1704 1073 locumChristium'eome—

878 1084 991 1122 nirent,
1005 1083 1166 1122 respondet
1175 1091 1209 1114 eo
1221 1091 1463 1123 unumquemque
1477 1087 1640 1117 convenire
1649 1095 1706 1126 quo

879 1127 947 1158 vdit
975 1132 1028 1158 aut
1054 1131 1158 1167 possit.
1191 1139 1202 1155 α
1221 1128 1276 1164 An,
1294 1127 1401 1167 inquit.
1425 1129 1574 1160 existimas
1602 1141 1706 1163 omnes

880 1181 934 1201 nos
951 1172 979 1201 in
994 1171 1134 1202 eumdem
1151 1172 1249 1202 locum
1266 1172 1426 1203 convenire
1441 1173 1544 1205 solitos
1559 1174 1572 1206 ?
1587 1176 1706 1207 Minime

876 1226 924 1247 res
940 1216 979 1246 ita
992 1226 1024 1247 se
1040 1216 1140 1247 habet.
1163 1229 1175 1246 »
1193 1217 1339 1248 Praeterea
1361 1217 1392 1247 in
1408 1219 1523 1258 magnis
1539 1220 1706 1252 civitatibus

877 1270 953 1292 unus
976 1270 1080 1291 omnes
1104 1261 1288 1292 Christianos
1305 1262 1388 1292 locus
1417 1263 1556 1304 excipere
1573 1274 1631 1295 non
1649 1275 1702 1305 po-

878 1306 981 1336 tuisset
1008 1305 1178 1341 Quinetiam
1187 1306 1289 1337 Romae
1302 1306 1438 1336 videntur
1450 1309 1601 1339 nonnullae
1616 1310 1706 1340 exsti-

881 1352 950 1381 tisse
962 1350 1108 1387 ecclesiae,
1124 1351 1154 1381 in
1165 1350 1318 1390 quibusad
1330 1352 1519 1383 commodum
1532 1355 1708 1394 eorum,qui

881 1405 915 1426 ex
931 1394 1052 1426 Oriente
1074 1396 1197 1425 Romam
1213 1395 1381 1436 veniebant,
1398 1396 1516 1436 liturgia
1526 1396 1632 1429 Graeco
1647 1400 1706 1430 ritu

881 1444 910 1471 et
937 1439 1039 1470 Graeca
1061 1439 1161 1479 lingua
1187 1439 1402 1471 celebraretur.
1420 1441 1492 1471 Nam
1509 1441 1708 1482 interrogatus

881 1494 897 1515 a
912 1485 1061 1525 praefecto,
1078 1489 1109 1515 ut
1120 1485 1207 1515 modo
1222 1484 1360 1525 vidimus,
1377 1485 1511 1516 Justinus
1526 1486 1658 1518 declarat
1673 1497 1706 1519 se

883 1539 1002 1560 manere
1011 1525 1368 1569 prupe'domumdlartt‘ni
1376 1539 1421 1569 cu,
1428 1531 1535 1562 usdrm
1550 1533 1591 1562 ad
1602 1531 1705 1563 balne-

880 1583 931 1604 um
947 1574 1351 1614 cognomentoTimiutinum,
1368 1583 1402 1605 ac
1410 1584 1465 1615 per
1475 1579 1568 1606 totum
1579 1579 1706 1618 tempus,

881 1618 958 1659 quod
982 1620 1083 1649 Romae
1094 1618 1232 1657 traduxit,
1251 1618 1348 1650 alium
1359 1624 1521 1651 conventus
1533 1619 1632 1652 locum
1648 1631 1706 1652 nou

881 1664 1062 1703 cognovisse.
1080 1663 1110 1694 Id
1129 1664 1183 1694 hac
1199 1673 1269 1703 ergo
1292 1663 1381 1695 domo
1397 1665 1533 1704 mysteria
1560 1665 1707 1697 celebrari

880 1707 1025 1746 solebant,
1055 1708 1146 1749 idque
1170 1707 1279 1739 Graecae
1303 1708 1440 1739 Ecclesiae
1461 1710 1519 1740 ritu
1537 1714 1566 1740 et
1581 1710 1705 1749 lingua;

880 1756 981 1792 utpote
997 1753 1033 1783 ab
1045 1752 1109 1792 ipsn
1125 1753 1251 1790 Justino,
1265 1753 1462 1784 utverisimile
1473 1760 1529 1794 est,
1543 1755 1703 1787 celebrata.

881 1798 978 1838 Atque
992 1797 1021 1828 id
1037 1806 1133 1828 causae
1148 1806 1213 1828 esse
1227 1801 1307 1837 puto,
1323 1807 1376 1828 cur
1390 1797 1508 1838 liturgia
1519 1809 1537 1829 a
1551 1799 1582 1830 S.
1603 1806 1707 1841 marty-

881 1851 914 1872 re
930 1841 1137 1883 expositamon
1154 1841 1362 1879 Romanae,sed
1375 1842 1414 1882 ei,
1432 1853 1497 1883 quae
1508 1849 1551 1874 est
1566 1845 1596 1875 in
1612 1844 1707 1877 Cons-

880 1887 1071 1918 titutiom'bua
1087 1887 1275 1927 apostolicis,
1293 1887 1398 1917 similis
1414 1888 1463 1918 sit.
1481 1890 1534 1924 Qui
1554 1898 1621 1920 cum
1632 1889 1704 1921 Jus-

880 1932 941 1962 tino
963 1931 1172 1971 comprehensi
1188 1936 1256 1961 sunt
1272 1936 1300 1962 et
1318 1936 1411 1962 morte
1436 1933 1578 1972 damnati,
1601 1935 1704 1966 viden-

880 1980 927 2007 tur
936 1976 1085 2007 Justinum
1097 1975 1238 2007 habuisse
1252 1978 1416 2007 animarum
1428 1987 1548 2008 suarum
1559 1984 1705 2010 rectorem

880 2025 909 2053 et
924 2031 958 2051 ex
974 2020 1010 2051 iis
1027 2021 1109 2057 locis,
1127 2020 1178 2050 ubi
1192 2020 1292 2051 Graeca
1314 2021 1412 2060 lingua
1437 2023 1562 2062 vigebat,
1581 2026 1705 2055 Romam

883 2065 1007 2096 venisse,
1026 2064 1134 2101 Quaerit
1147 2064 1227 2095 enim
1244 2075 1277 2096 ex
1295 2065 1329 2096 iis
1344 2066 1499 2106 praefectus
1521 2078 1558 2099 an
1572 2079 1629 2100 non
1656 2078 1706 2100 eos

883 2110 1015 2142 Justinus
1026 2109 1207 2141 Christianos
1218 2110 1320 2140 fecerit
1334 2109 1349 2139 Τ
1362 2110 1526 2152 Evelpistus
1540 2122 1571 2144 se
1590 2114 1708 2146 Justim'

884 2163 1035 2186 sermones
1044 2163 1155 2194 magna
1166 2163 1234 2185 cum
1249 2154 1401 2194 voluptate
1410 2157 1513 2188 audire
1528 2159 1647 2189 solitum
1662 2160 1705 2190 di-

882 2199 964 2230 cit.ls
977 2209 992 2230 e
1004 2198 1309 2240 Cappadocia,Hierax
1325 2199 1426 2230 lcouio
1438 2201 1561 2233 Romam
1574 2208 1704 2236 venerat.

922 2264 1106 2304 Legebantur
1120 2264 1281 2304 Scripturae
1306 2264 1422 2296 Veteris
1450 2271 1479 2297 et
1504 2266 1574 2298 Novi
1600 2268 1706 2301 Testa-

881 2310 986 2347 menli,
1003 2313 1102 2349 atque,
1119 2312 1150 2338 ut
1164 2309 1368 2349 praescribitur
1381 2310 1469 2349 lib.u,
1481 2321 1507 2342 c.
1521 2313 1572 2350 57,
1583 2323 1705 2344 earum-

883 2355 950 2385 dem
967 2354 1131 2399 Constttut.
1149 2353 1288 2399 populum
1306 2355 1501 2387 hortabantur
1515 2358 1625 2398 singuli
1637 2368 1706 2399 pre-

883 2398 992 2439 sbyteri
1008 2403 1036 2428 et
1047 2403 1197 2443 postremo
1213 2398 1382 2439 episcopus.
1400 2400 1473 2431 Cum
1490 2402 1546 2433 hoc
1569 2398 1707 2443 pra-scri-

887 2448 934 2484 pto
951 2453 1008 2473 non
1025 2447 1134 2488 pugnat
1147 2441 1345 2484 Justinus,qui
1357 2453 1473 2476 summa
1481 2441 1580 2477 rerum
1593 2448 1708 2488 fastigia

889 2486 1175 2533 enarrat,etidcirco
1191 2487 1264 2533 nihil
1280 2489 1318 2519 de
1333 2490 1557 2522 catechumenis
1568 2498 1598 2523 et
1610 2486 1706 2533 poeni-

888 2533 1018 2564 tenlibus
1030 2531 1139 2563 dimitti
1153 2532 1244 2563 solitis
1253 2533 1342 2570 ait,ac
1354 2540 1563 2574 praetereaeam
1570 2531 1710 2569 edisseri-

888 2578 1046 2618 liturgiam,
1061 2586 1127 2617 qua
1141 2577 1230 2608 etiam
1246 2578 1382 2609 ecclesiis
1397 2589 1487 2611 unum
1505 2583 1708 2614 tantummodo

888 2623 1091 2669 presbyterum
1099 2621 1276 2669 habentibus
1292 2624 1493 2660 conveniebat,
1505 2627 1519 2654 ὁ
1530 2629 1708 2669 πραεσιώς,ίε

888 2669 942 2709 qui
949 2665 1129 2714 praeest‘sive
1137 2668 1304 2714 praesidens
1312 2677 1389 2709 saepe
1398 2670 1476 2709 apud
1488 2665 1624 2713 antiquos
1631 2665 1709 2714 epist

882 2721 987 2752 cepum
999 2710 1130 2756 designat
1135 2711 1297 2756 ,interdum
1310 2717 1398 2743 etiam
1410 2710 1573 2756 presbyteri
1584 2718 1640 2748 hoc
1649 2710 1706 2748 do-

883 2761 994 2789 nantur
1000 2755 1197 2796 uomiue,imo
1205 2756 1470 2798 clerusgeneratim
1479 2755 1706 2803 comprehendi-
