1961 3071
205 109 244 144 83

257 180 291 210 In
308 177 587 219 exordioApologt'w
598 176 904 210 alteﬁustristianos
914 174 1044 215 appellat
1055 178 1073 202 A

218 232 269 255 eos
283 223 390 264 quibus
403 232 574 263 persuasum
592 229 636 255 est
651 222 802 264 improbos
821 225 847 252 et
867 220 1043 252 libidinosas

218 272 336 300 aeterno
342 273 411 308 igne
423 272 631 300 excruciatum
641 269 692 304 iri,
704 269 826 298 virtutis
836 270 936 297 autem
948 264 1043 295 culto-

220 322 268 345 res
281 317 369 344 extra
385 322 501 345 omnem
512 314 731 354 perpessionem
739 321 805 343 cum
822 312 882 342 Deo
897 310 1042 341 victuros.

220 357 283 388 Non
300 357 392 396 magis
409 367 478 397 ergo
495 358 699 399 improborum
715 355 869 397 suppliciis
877 355 965 386 ﬁnem
981 357 1043 399 sta,-

222 402 313 433 luisse
329 402 472 433 dicendus
488 397 547 441 est,
560 412 647 443 quam
664 402 810 433 bonorum
832 398 977 443 praemiis.
988 397 1043 429 lbi-

221 446 288 477 dem
305 452 518 478 commemorat
546 442 693 479 laudanda
717 445 850 477 mulieris
874 442 1045 475 Christianae

221 491 328 527 studia,
346 501 412 531 quae
427 496 459 522 ut
475 493 612 524 maritum
630 502 646 523 e
661 491 779 531 ﬂagitiis
796 489 973 525 retraheret,
991 487 1045 518 de-

222 535 375 567 nuntiabat
390 536 418 568 ei
429 538 536 576 futura
545 537 703 569 libidinose
713 545 749 567 ac
758 539 870 576 prceter
880 537 988 564 rectam
998 541 1046 562 ra-

222 582 332 613 tionem
349 582 518 613 viventibus
531 583 563 613 in
574 585 687 614 (sterno
700 583 770 622 igne
782 579 942 620 supplicia.

264 625 299 657 ll.
313 626 386 657 Cum
398 626 452 657 hac
461 626 476 658 ,Ι
480 627 569 658 ustini
580 621 719 658 doctrina
725 625 885 658 conciliare
893 621 1049 663 aggrediar

223 680 288 711 quin
304 671 332 701 in
348 672 479 711 speciem
497 672 655 711 pugnantia
667 672 804 710 leguntur
820 669 905 700 initio
931 666 1049 705 Dialogi

223 725 290 746 cum
306 714 477 755 Tryphone,
494 726 553 746 non
569 716 619 747 illa
643 716 762 756 quidem
779 714 815 745 ab
842 714 906 754 ipso
936 711 1050 743 Iustino

225 760 387 801 disputata,
403 761 454 790 sed
471 770 488 792 a
500 761 626 801 quodam
642 770 714 791 sene
725 759 903 794 Christiano,
932 766 965 787 ex
994 765 1051 796 quo

225 805 325 835 audita
339 805 431 836 refert
446 810 475 836 et
486 805 590 845 probat
605 807 637 836 S.
654 802 1051 845 martyr.Postqua'r.Justino

226 850 372 890 persuasit
387 859 476 881 senex
493 850 685 891 philosophos
699 850 728 881 in
745 849 806 880 suis
820 848 857 879 de
872 847 972 879 anima
986 845 1050 876 dis-
1062 855 1081 880 Β

227 894 427 935 putationibus
444 899 519 925 totos
533 904 647 932 errare,
664 904 720 926 nec
735 894 805 935 quid
821 893 859 924 sit
881 891 981 925 anima
995 901 1048 923 ex—

227 939 338 979 plicare
350 948 449 979 posse,
464 940 526 970 haec
542 940 624 971 addit
637 948 643 971 :
665 951 677 968 ι
689 939 790 980 Neque
800 938 889 970 etiam
900 938 1048 969 immorta-

226 983 262 1014 lis
269 984 367 1014 anima
379 983 506 1015 dicenda
518 990 646 1022 est;nam
659 984 682 1015 si
695 983 871 1015 immortalis
884 984 974 1015 etiam
989 991 1051 1022 pro-

226 1028 303 1059 fecto
320 1028 459 1068 ingenita.
479 1041 491 1056 ι
511 1029 586 1060 Tum
603 1029 708 1070 quaerit
723 1037 758 1059 ex
782 1027 898 1059 Justino
913 1037 950 1058 an
969 1036 1052 1057 mun-

227 1074 297 1104 dum
314 1073 482 1112 ingenitum
497 1074 781 1113 credat.Negantem
794 1072 941 1104 collaudat
952 1081 1053 1108 senex,

226 1128 259 1148 ac
275 1118 315 1148 ita
330 1118 521 1149 ratiocinatur
538 1129 544 1149 :
567 1132 579 1146 α
593 1118 677 1155 Quod
686 1118 711 1149 si
725 1118 853 1148 mundus
870 1117 986 1157 genitus
999 1120 1053 1151 est,

228 1171 352 1194 necesse
367 1167 411 1193 est
424 1163 538 1194 animas
552 1173 670 1204 quoque
685 1164 799 1202 genitas
823 1171 901 1199 esse,
920 1171 953 1192 ac
970 1170 1056 1201 posse

228 1217 286 1238 non
301 1207 457 1240 exsistere.
470 1209 544 1239 Sunt
559 1208 638 1239 enim
650 1207 734 1238 facta}
748 1206 903 1238 hominum
919 1216 952 1237 ac
967 1209 1053 1236 caete-

227 1261 327 1282 rorum
344 1251 515 1283 animalium
531 1262 630 1290 causa,
644 1252 669 1282 si
684 1251 806 1283 omnino
831 1250 988 1291 separatim
1018 1259 1052 1280 ac

227 1305 287 1327 non
299 1305 356 1327 una
371 1306 437 1327 cum
454 1297 581 1337 propriis
611 1295 786 1336 corporibus
815 1299 929 1335 genatas
958 1294 1050 1325 dices.

225 1342 289 1373 Non
297 1350 366 1381 ergo
382 1341 564 1373 immortales
580 1345 657 1372 sunt.
672 1352 686 1371 )
702 1341 872 1372 Assentitur
883 1339 1015 1371 Justinus
1024 1343 1053 1369 et

225 1386 370 1426 quaeritex
385 1396 456 1417 sene
471 1391 568 1417 utrum
578 1386 657 1417 idem
668 1387 705 1417 de
716 1384 870 1416 animabus
882 1383 1051 1424 dicat,qucd

227 1437 308 1468 Plato
323 1434 361 1465 de
376 1432 589 1472 mundo,quem
605 1431 787 1470 corruptioni
803 1429 1053 1465 obnoxium,qua-

671 111 700 142 S.
724 109 909 142 JUSTINUS
931 102 1194 140 PHILOSOPHUS
1214 108 1263 140 ET
1288 109 1462 141 MARTYR.

1871 102 1915 138 84

1085 178 1162 205 stras
1175 184 1233 205 non
1249 185 1265 206 a
1280 174 1398 215 seipsis,
1415 174 1467 205 sed
1480 183 1496 205 a
1509 173 1570 206 Deo
1586 173 1837 204 immortalitatem
1855 182 1913 203 ac-

1086 219 1196 260 tipere.
1210 220 1241 251 1°
1256 219 1326 250 Eam
1349 223 1460 250 tantum
1477 218 1727 250 immortalitatem
1754 217 1917 248 animabus

1087 265 1443 305 denegatlustinus,quaa
1458 273 1524 295 cum
1541 263 1586 295 rei
1609 268 1716 295 creata;
1739 262 1917 294 conditione

1087 310 1249 341 consistere
1265 319 1323 340 non
1340 309 1443 350 possit.
1464 321 1477 336 α
1494 308 1596 349 Neque
1620 308 1708 339 etiam
1734 307 1917 338 immortalis

1087 354 1185 386 anima
1200 354 1338 385 dicenda.
1355 353 1428 385 Nam
1445 353 1470 384 si
1485 352 1765 392 immortalis,etiam
1780 351 1917 392 profecto

1086 399 1228 439 ingenita.
1249 411 1260 427 ιι
1279 400 1342 430 Non
1359 408 1423 429 eam
1435 407 1504 437 ergo
1520 397 1769 429 immortalitatem
1799 397 1915 437 rvjicit,

1086 454 1151 485 quae
1166 453 1201 475 ex
1216 443 1268 474 Dei
1282 443 1430 474 voluntate
1448 443 1567 483 pendet,
1583 442 1635 473 sed
1652 451 1717 473 eam
1744 451 1830 482 quam
1857 442 1917 472 sibi

1088 489 1256 529 philosophi
1268 487 1402 519 nonnulli
1417 487 1594 527 arrogabant
1608 487 1667 527 qui,
1682 491 1714 518 ut
1730 491 1816 517 antea
1827 487 1916 518 dice-

1088 534 1146 569 bat,
1169 545 1180 562 α
1198 543 1266 564 cum
1295 532 1493 564 immortalem
1519 536 1549 563 et
1564 532 1769 572 incorpoream
1785 532 1918 562 animam

1089 588 1154 610 esse
1170 583 1290 619 ponant,
1308 587 1364 609 nec
1377 586 1478 618 poenas
1489 577 1610 608 daturos
1622 586 1654 607 se
1669 581 1783 617 putant,
1800 576 1824 607 si
1842 576 1917 617 quid

1090 623 1158 654 mali
1176 623 1301 655 fecerint
1313 624 1381 663 (pati
1398 623 1478 653 enim
1491 632 1549 653 non
1561 620 1804 662 potestquidquid
1817 621 1920 652 incor-

1092 678 1212 709 poreum
1230 669 1298 709 est),
1312 678 1365 699 nec
1378 669 1439 708 jam
1450 669 1520 703 Deo,
1540 676 1606 697 cum
1623 666 1922 697 immortalissitani-

1092 723 1150 750 ma,
1165 715 1325 754 quidquam
1342 713 1488 753 indigent.

1132 775 1164 807 2°
1179 776 1247 807 Haec
1263 774 1476 805 confirmantur
1490 781 1524 802 ex
1549 770 1596 802 his
1623 779 1688 811 qua
1703 769 1784 801 addit
1799 778 1889 800 sene)
1913 781 1920 801 :

1097 834 1109 851 α
1128 821 1157 853 Si
1171 820 1298 851 mnndus
1313 818 1429 858 genitus
1443 821 1498 857 est,
1515 825 1639 847 necesse
1651 819 1696 846 est
1712 814 1824 845 animas
1840 825 1921 854 quo-
1952 833 1953 837 η

1092 877 1150 908 que
1163 865 1277 906 genitas
1289 873 1366 901 esse,
1383 872 1417 894 ac
1433 871 1519 902 posse
1532 871 1590 892 non
1604 860 1759 908 exsistere.
1773 858 1927 908 Nonsunt

1092 904 1373 952 ergorimniorlales.
1394 920 1407 952 γ)
1426 908 1457 939 [η
1469 916 1505 937 eo
1516 915 1586 943 ergo
1603 904 1788 952 immorta‘es
1802 904 1926 935 animas

1094 949 1271 996 negat,quod
1286 951 1471 994 possentnon
1483 950 1698 996 exsisteregnec
1714 949 1846 980 futurum
1859 953 1924 980 sta-

1093 994 1159 1039 tuit,
1176 994 1213 1031 ut
1221 998 1379 1039 aliquando
1395 997 1538 1029 exsistere
1553 995 1705 1035 desinant,
1727 994 1779 1026 sed
1796 994 1823 1024 id
1855 994 1925 1025 fieri

1098 1055 1185 1088 posse
1197 1044 1362 1076 contendit.

1136 1105 1168 1136 3°
1183 1104 1255 1136 Cum
1272 1103 1399 1133 animam
1411 1100 1552 1130 victuram
1570 1102 1666 1138 negat,
1695 1098 1719 1128 si
1745 1099 1824 1129 Deus
1856 1106 1924 1128 eam

1097 1150 1194 1180 vivere
1236 1147 1374 1183 noluerit,
1419 1149 1477 1175 tota
1513 1143 1671 1184 disputatio
1714 1145 1851 1174 versatur
1886 1142 1926 1173 de

1097 1195 1204 1226 animae
1228 1197 1343 1228 natura,
1374 1199 1430 1222 nec
1457 1188 1549 1229 magis
1592 1189 1630 1219 de
1681 1188 1824 1218 malorum
1854 1187 1925 1217 ani-

1096 1239 1199 1270 mabus
1240 1236 1361 1268 disserit
1403 1244 1505 1271 senex,
1535 1243 1622 1275 quam
1669 1233 1705 1264 de
1731 1233 1882 1272 justorum
1916 1246 1925 1274 ς

1094 1284 1145 1315 sed
1173 1282 1332 1323 cujuslibet
1359 1281 1467 1312 anima;
1495 1279 1538 1310 sic
1568 1282 1767 1318 comparatam
1786 1286 1853 1307 esse
1869 1287 1925 1307 na-

1096 1334 1189 1360 turam
1205 1315 1367 1361 contendit,
1388 1330 1418 1356 ut
1435 1335 1488 1357 nec
1503 1325 1559 1355 vita
1591 1315 1645 1359 sit,
1668 1332 1722 1370 nec
1743 1321 1801 1370 vita
1830 1322 1927 1360 ipsius
1952 1315 1953 1370 χ

1098 1373 1216 1415 propria
1235 1372 1283 1403 sit.
1313 1370 1511 1407 Quamobrem
1538 1367 1719 1415 non_magis
1740 1366 1806 1415 dici‘
1823 1371 1930 1415 potest

1097 1411 1241 1449 malorum
1255 1415 1409 1456 supoliciis
1426 1415 1514 1445 finem
1531 1412 1676 1449 statuisse,
1691 1421 1778 1452 quam
1793 1411 1929 1441 felicitati

225 1486 312 1513 tenus
328 1484 444 1511 creatus
455 1465 566 1514 est,sed
582 1481 679 1507 tamen
690 1465 742 1507 Dei
754 1476 901 1506 voluntate
911 1480 1050 1514 perman-
1091 1465 1256 1514 luslorym-

227 1535 330 1559 surum
345 1523 467 1560 statuit;
483 1531 519 1552 an
535 1531 603 1552 vero
617 1522 680 1552 haec
697 1521 848 1551 Platonem
869 1523 898 1550 et
912 1517 1057 1558 Pythago-
1068 1523 1088 1548 c

227 1581 291 1604 ram
307 1569 427 1600 latuisse
443 1566 522 1598 velit.
538 1566 613 1596 Tum
638 1574 728 1596 senex
744 1575 750 1596 :
769 1577 782 1592 α
800 1564 882 1595 Nihil
909 1565 1059 1596 Platonem

230 1624 330 1648 moror
346 1622 401 1644 nec
418 1612 620 1652 Pythagoram,
639 1619 693 1640 nec
716 1618 894 1650 quemquam
926 1608 1059 1640 omnino,

230 1662 280 1702 qui
298 1659 367 1690 talia
381 1658 529 1702 opinetur.
545 1655 594 1686 Sic
611 1658 710 1702 autem
727 1663 760 1702 se
776 1655 882 1702 veritas
898 1654 996 1702 habet:
1014 1653 1062 1683 id-

229 1697 288 1747 que
303 1703 372 1735 inde
388 1700 553 1742 perspicies
569 1710 575 1731 :
593 1699 691 1730 anima
708 1698 753 1728 vel
770 1697 825 1728 vita
842 1703 895 1735 est,
911 1699 954 1730 Vel
971 1698 1058 1728 vitam

231 1742 420 1784 habet.0uod
433 1746 458 1776 si
475 1745 531 1776 vita
546 1749 601 1784 est,
618 1753 676 1774 non
694 1743 758 1783 ipsa
771 1751 788 1773 a
802 1752 846 1777 se.
861 1744 911 1773 sed
929 1743 1005 1774 aliud
1023 1742 1059 1773 ab

232 1805 266 1827 eo
283 1794 370 1825 vitam
388 1787 760 1830 accipit,quemadmodum
776 1790 872 1819 motus
885 1788 964 1818 aliud
975 1788 1057 1828 quid-

231 1840 310 1881 piam
327 1841 436 1874 movet,
449 1844 535 1881 quam
546 1833 690 1881 seipsum.
700 1832 836 1881 Animam
849 1837 946 1881 autem
963 1833 1059 1863 vivere

233 1876 321 1916 nemo
340 1881 502 1922 negaverit.
519 1879 577 1910 Sed
591 1878 615 1909 si
629 1877 708 1918 vivit,
726 1887 784 1907 non
801 1876 868 1922 ideo
883 1877 964 1918 vivit,
982 1877 1058 1917 quod

234 1930 290 1960 vita
305 1928 354 1967 sit,
371 1921 422 1957 sed
438 1924 516 1966 quod
533 1924 597 1954 vitae
613 1923 781 1967 particeps.
801 1921 888 1967 Aliud
908 1927 1006 1953 autem
1031 1922 1058 1952 id

234 1973 312 2015 quod
328 1971 454 2011 alicujus
469 1973 515 2015 est
530 1967 689 2009 particeps,
706 1966 785 2015 aliud
801 1966 829 1997 id
852 1967 947 2015 ipsum
975 1967 1059 2007 cujus

234 2011 281 2052 est
291 2016 450 2058 particeps.
468 2014 543 2046 Vita),
556 2012 771 2058 autemranima’
785 2016 829 2043 est
848 2011 1005 2058 particeps,
1024 2022 1058 2042 eo

234 2056 312 2106 quod
328 2072 392 2094 eam
410 2061 488 2106 Deus
501 2060 596 2090 vivere
610 2057 831 2106 velitisimiliter
848 2056 1056 2106 particepsali—

235 2101 353 2151 quando
370 2116 428 2137 non
443 2105 510 2145 erit,
523 2113 590 2134 cum
603 2111 666 2151 eam
681 2101 760 2151 Deus
775 2101 873 2132 vivere
888 2102 977 2151 nolet.
997 2101 1056 2132 Ne-

235 2146 294 2196 que
308 2152 388 2183 enim
404 2155 436 2182 ut
451 2149 515 2196 Dei,
529 2147 669 2196 itaetiam
685 2146 792 2176 animae
809 2146 926 2186 propria
937 2146 999 2177 vita
1007 2150 1062 2177 est.

237 2192 295 2231 Sed
311 2193 561 2238 quemadmodum
575 2192 664 2223 homo
678 2201 736 2221 non
753 2200 873 2238 semper
885 2193 1052 2227 constat,ne

237 2253 296 2284 que
312 2235 455 2283 perpetuo
471 2247 578 2278 corpus
594 2246 660 2267 cum
677 2236 778 2284 anima
801 2235 993 2284 conjunctum
1010 2240 1064 2275 est,
1077 2239 1099 2264 D

238 2280 384 2326 sem-cum
399 2284 471 2317 solvi
482 2286 598 2324 oportet
610 2280 1067 2326 harmoniam,relinquitcorpus

239 2324 349 2372 anima,
365 2340 420 2362 nec
431 2331 492 2370 jam
509 2331 603 2359 exstat
628 2327 738 2361 homo;
770 2324 935 2372 similiter,“
950 2324 1068 2366 quando

240 2369 370 2409 animam
385 2369 443 2406 non
462 2375 526 2414 jam
559 2381 624 2402 esse
644 2374 790 2411 oporteat,
822 2369 949 2400 discedit
976 2369 1012 2400 ab
1036 2379 1070 2400 ea

240 2422 362 2463 spiritus
379 2419 483 2459 vitalis,
502 2427 557 2448 nec
569 2417 631 2457 jam
658 2418 752 2446 exstat
769 2414 878 2451 anima,
908 2414 960 2445 sed
992 2415 1070 2445 unde

240 2462 349 2498 educta
361 2469 416 2501 est,
434 2474 469 2495 eo
487 2462 655 2494 revertitur.

282 2511 313 2542 Si
339 2511 396 2541 rite
410 2509 611 2546 attendamus,
629 2514 686 2536 non
705 2505 802 2536 favent
824 2504 886 2535 haec
903 2503 1072 2536 testimonia

241 2554 378 2587 absurdae
390 2552 534 2593 opinioni,
548 2560 635 2592 quam
650 2549 820 2582 Dodwcllus
835 2558 894 2579 non
905 2549 944 2579 ita
956 2549 1070 2589 pridem

242 2600 318 2641 apud
332 2599 443 2639 Anglos
457 2597 591 2628 defendit
619 2594 781 2641 acrsanctis
798 2593 931 2624 Patribus
944 2594 1069 2641 affinxit.

241 2639 356 2676 animas
371 2652 474 2674 eorum
491 2642 540 2683 qui
556 2651 573 2672 a
589 2640 700 2681 Spiritu
718 2642 820 2670 sancto
836 2639 1005 2678 regenerati
1021 2649 1074 2679 per

243 2689 421 2731 baptismum
439 2682 607 2721 non'fuere,
625 2685 795 2716 interituras
810 2682 971 2731 aliquando
999 2689 1027 2715 et
1043 2685 1072 2715 in

242 2728 367 2767 nihilum
383 2733 542 2764 redituras.
567 2730 646 2763 Nihil
662 2729 741 2761 aliud
759 2729 815 2760 hoc
846 2728 910 2760 loco
939 2729 1073 2760 Justinus

244 2784 295 2812 aut
320 2787 411 2811 senex
427 2778 478 2810 ille
493 2774 808 2814 Christianusdocent,
819 2773 876 2804 nisi
886 2775 1001 2806 animas
1018 2784 1071 2805 no-

1141 1510 1171 1541 4ο
1186 1508 1344 1547 Οοηςεριίς
1356 1505 1454 1536 verbis
1474 1504 1602 1535 declarat
1616 1513 1705 1534 senex
1735 1503 1832 1534 nullas
1857 1506 1926 1536 ani—

1104 1565 1167 1587 mas
1191 1541 1354 1584 mori-Sic
1383 1550 1461 1580 enim
1488 1548 1641 1580 reddenda
1663 1552 1732 1578 sunt
1757 1548 1818 1579 haec
1847 1549 1929 1583 illius
1952 1541 1953 1555 ¹

1103 1601 1203 1636 verba,
1220 1602 1252 1630 ut
1268 1599 1296 1628 in
1312 1597 1461 1628 notatione
1474 1595 1509 1625 ad
1527 1595 1606 1626 hunc
1636 1594 1731 1625 locum
1763 1594 1928 1633 observavi,

1103 1646 1171 1675 ἀλλὰ.
1189 1645 1242 1680 μὴν
1258 1643 1315 1673 οὖέὲ
1337 1642 1511 1676 ἀποθνήσκειν
1535 1641 1603 1680 φημὶ
1633 1640 1720 1672 «in;
1748 1641 1794 1672 τὰς
1838 1643 1930 1682 ψυχὰς

1104 1692 1168 1728 ἐγὼ,
1192 1694 1238 1721 etc
1271 1701 1280 1714 ιι
1301 1689 1366 1718 Non
1383 1690 1478 1716 tamen
1493 1685 1590 1725 perire
1613 1684 1679 1715 dico
1695 1683 1770 1714 ullas
1791 1686 1930 1723 animas;

1103 1745 1169 1766 vere
1186 1733 1265 1765 enim
1279 1732 1316 1762 de
1331 1731 1414 1762 lucro
1430 1730 1458 1760 id
1478 1733 1555 1760 esset
1571 1728 1723 1768 improbis.
1737 1729 1811 1765 Quid
1826 1730 1932 1769 igitur?

1104 1781 1218 1794 ηιμ-μ...
1236 1777 1352 1794 num...“
1371 1775 1482 1794 animus
1508 1775 1535 1794 in
1565 1774 1687 1794 unnlinrn
1703 1774 1768 1794 lnnn
1794 1784 1916 1794 mann-nn

1104 1781 1220 1811 Piorum
1235 1777 1353 1818 quidem
1370 1775 1484 1806 animas
1507 1775 1536 1805 in
1565 1774 1687 1805 meliore
1703 1774 1768 1804 loco
1794 1784 1931 1813 manere,

1101 1825 1271 1865 iniquorum
1288 1826 1384 1852 autem
1402 1825 1430 1850 et
1447 1819 1591 1850 malorum
1607 1819 1636 1849 in
1660 1818 1930 1860 deteriore,judicii

1102 1864 1218 1908 tempus
1234 1864 1502 1907 exspectantesﬁic
1514 1865 1575 1894 istae
1587 1873 1652 1894 cum
1670 1864 1766 1903 dignae
1774 1864 1931 1905 Deojudi~

1102 1918 1174 1944 cata;
1189 1913 1311 1948 fuerint,
1337 1920 1393 1942 non
1420 1910 1481 1949 jam
1499 1909 1629 1948 amplius
1666 1909 1854 1942 moriuntur:
1887 1910 1932 1941 hae

1102 1968 1170 1989 vero
1188 1957 1352 1998 puniuntur
1364 1954 1495 1995 quandiu
1513 1963 1562 1984 uas
1574 1962 1639 1984 esse
1668 1957 1696 1983 et
1726 1954 1824 1994 puniri
1853 1955 1932 1985 Deus

1100 2002 1236 2033 voluerit.
1259 2014 1269 2029 ι
1288 2001 1319 2032 Si
1332 2002 1370 2031 de
1389 1999 1469 2030 lucro
1484 2003 1562 2029 esset
1573 1998 1718 2038 improbis
1735 1999 1828 2035 mori;
1845 1998 1934 2030 nulla:
1952 2028 1953 2034 η

1101 2057 1170 2087 ergo
1186 2047 1293 2078 animae
1307 2045 1487 2084 moriuntur;
1502 2052 1569 2074 nam
1583 2043 1673 2083 justis
1689 2044 1830 2074 astruitur
1842 2047 1932 2073 teter-
1951 2055 1953 2087 ξ

1098 2082 1183 2125 nitas.
1204 2093 1348 2132 Usnrpata
1372 2100 1388 2120 a
1403 2082 1628 2129 senelloquendi
1648 2089 1719 2120 ratio
1743 2098 1821 2128 saepe
1849 2088 1933 2119 idem

1105 2138 1250 2177 significat
1278 2127 1312 2166 ac
1342 2135 1466 2166 nullum.
1490 2127 1538 2165 Sic
1574 2133 1650 2173 apud
1682 2133 1817 2169 Paulum,
1849 2127 1953 2163 Rom.‘

1109 2183 1229 2222 111,20:
1260 2181 1303 2214 Ἐξ
1337 2181 1420 2220 ἔργω-ι

1109 2228 1182 2267 σάρξ.
1200 2226 1252 2258 Ex
1263 2225 1403 2265 operibus
1415 2225 1492 2262 legis
1517 2233 1577 2254 non
1591 2223 1816 2263 jusﬁ/icobilur
1840 2223 1937 2253 omnis

1109 2281 1191 2304 coro.
1210 2271 1292 2308 Quod
1309 2270 1382 2301 dixit
1397 2278 1522 2309 serpens
1551 2268 1667 2298 mulieri
1694 2279 1700 2299 :
1719 2269 1747 2297 Τί
1762 2268 1801 2296 ὅτι
1817 2268 1892 2295 εἶπεν
1922 2269 1936 2295 ὃ

1110 2319 1186 2357 Θεὸς³
1225 2319 1254 2345 οὗ
1283 2316 1321 2353 μὴ
1350 2316 1452 2356 φάγητε
1488 2314 1540 2342 ἀπὸ
1563 2314 1660 2345 πινῖῖις
1687 2313 1762 2346 ξύλου
1787 2318 1833 2341 τοὺ
1848 2323 1935 2350 :19:—

1110 2362 1274 2399 δείσωςϐιιν
1284 2360 1427 2400 praecepit
1443 2358 1525 2389 vobis
1541 2358 1619 2389 Deus
1630 2362 1661 2388 ut
1675 2366 1733 2388 nou
1748 2356 1936 2387 camella-olis

1112 2407 1146 2438 de.
1161 2406 1243 2437 omni
1260 2403 1500 2444 liguoparadisi?
1512 2403 1588 2434 Gen.
1605 2411 1648 2438 tu,
1669 2403 1695 2440 1,
1712 2401 1741 2431 in
1759 2401 1813 2431 hoc
1829 2400 1934 2430 menti-

1114 2456 1172 2482 tum
1189 2460 1256 2481 esse
1272 2453 1440 2490 serpentem
1456 2447 1626 2478 existimant
1653 2446 1793 2481 Irenznus,
1826 2444 1875 2475 lib.
1905 2453 1933 2480 v,
1952 2462 1953 2467 η

1112 2508 1178 2538 cap.
1194 2496 1245 2533 ‘23;
1263 2495 1393 2534 Tertul.,
1409 2494 1461 2524 lib.
1482 2502 1502 2524 ιι
1529 2496 1634 2524 contra
1653 2492 1845 2538 Marciane/It,
1872 2500 1934 2538 cap.

1114 2535 1156 2574 10'
1172 2554 1179 2579 ;
1195 2541 1348 2574 Ambros.
1365 2540 1417 2571 lib.
1434 2540 1475 2570 De
1488 2538 1594 2579 parad.
1610 2546 1619 2572 ;
1646 2536 1816 2579 Chrysostl
1836 2535 1934 2567 hornil.

1117 2584 1152 2614 16
1165 2575 1195 2613 in
1212 2582 1464 2619 (iencs..eumque
1480 2575 1574 2619 prima
1590 2575 1748 2608 avocanda).
1759 2586 1774 2606 a
1797 2575 1856 2606 Deo
1871 2585 1935 2605 mu-

1114 2628 1197 2659 lieris
1214 2630 1394 2658 tentamvnta
1422 2624 1464 2655 sic
1490 2623 1623 2654 molitum
1652 2631 1729 2659 esse,
1755 2621 1837 2662 quasi
1861 2619 1936 2652 Deus

1115 2672 1224 2704 nullius
1240 2671 1311 2711 ligni
1324 2679 1408 2701 usum
1424 2668 1631 2700 concessisset.

1470 2180 1551 2217 νόμοι)
1578 2181 1607 2208 οὗ
1630 2178 1833 2212 damnati/.7211:
1864 2180 1953 2206 πᾶσί

1154 2732 1189 2762 5ο
1203 2727 1507 2766 Quaesieratlustinos
1527 2735 1564 2757 ex
1581 2735 1652 2757 sene
1665 2734 1701 2757 an
1720 2734 1790 2761 non,
1809 2728 1837 2754 ut
1853 2733 1934 2762 ruun-

1116 2777 1186 2807 dum
1202 2775 1295 2812 Plato,
1313 2772 1356 2804 sic
1370 2773 1435 2814 ipse
1464 2771 1579 2803 animas
1603 2780 1656 2802 sua
1689 2769 1810 2810 quidm
1837 2769 1936 2809 sponte
