1961 3071
51 92 82 124 85
547 95 582 125 Ι).
605 95 755 126 MARANI
777 93 987 125 PREFATIO.
1013 111 1049 116 —
1072 96 1178 127 PARS.
1203 95 1240 127 Il.
1699 97 1737 130 86

52 159 237 191 immortales
262 170 322 191 non
351 168 429 196 esse,
445 160 498 192 sed
524 164 621 192 tamen
646 161 700 192 Dei
729 161 827 192 volunt

951 173 1000 190 mv
1021 166 1066 191 τοῦ
1089 167 1153 192 Θεοῦ
1175 164 1356 202 πεποιημένη.
1385 177 1394 188 4-
1412 163 1476 195 Non
1505 167 1550 196 est
1564 165 1740 196 immortalis

48 209 174 235 zeternas
191 205 256 236 fore
267 205 392 237 diceret.
410 205 546 237 Addebat
561 206 639 236 idem
654 205 790 237 Justinus
807 206 874 237 Pla-
916 206 1026 243 anima,
1045 217 1062 237 ο
1078 208 1242 248 Graeci,per
1258 209 1399 249 seipsam,
1412 209 1463 239 sed
1477 209 1627 245 mortalis;
1645 215 1740 249 potest

46 249 158 279 tonicus
168 249 266 280 solum
279 250 370 280 Deum
389 260 444 281 nec
460 251 590 290 genitum
609 260 675 281 esse
692 260 745 281 nec
768 260 873 281 corru-
915 254 1016 282 tamen
1033 252 1135 282 eadem
1148 262 1207 283 non
1226 253 1444 285 mori.llloritur
1460 253 1538 284 enirn
1557 258 1585 283 et
1601 254 1739 284 dissolvi-

46 293 130 332 ptioni
149 293 333 332 obnoxium,
351 299 457 326 caatera
473 305 541 325 vero
569 299 633 335 post
649 305 715 325 eum
732 295 832 334 genita
845 300 874 326 et

45 338 228 378 corriiptioni
245 339 385 376 obnoxia,
404 345 434 370 et
450 339 518 370 talia
533 344 563 370 ut
589 339 702 370 aboleri
717 339 828 379 possint
845 344 874 371 et

43 383 98 421 jam
118 383 204 413 nulla
222 393 298 419 esse,
325 389 411 424 atque
427 384 482 414 hoc
499 385 595 424 ipsum
615 394 710 415 causae
726 393 802 424 esse,
822 394 874 415 cur

46 427 148 458 animae
166 429 332 459 moriantur
356 435 384 460 et
401 429 570 469 puniantur.
598 428 669 460 Nam
698 429 722 459 si
736 429 874 468 ingenitae

47 476 153 512 essent,
173 482 233 504 non
248 474 377 504 futurum
395 479 426 504 ut
453 478 621 514 pec-carent,
639 477 667 504 et
680 473 801 504 stultitia
822 483 873 504 re-

47 517 229 555 dundarent,
256 524 282 549 et
296 518 406 558 ignavae
420 523 468 549 aut
483 520 597 549 feroces
613 523 723 555 essent,
749 523 799 549 aut
821 528 875 549 sua

45 567 146 600 sponte
165 563 196 593 in
223 573 293 594 sues
320 563 480 603 migrarent
506 567 534 594 et
550 567 704 603 serpentes
728 568 756 593 et
773 572 872 594 canes.

46 605 72 636 ln
85 607 138 637 hac
149 608 304 639 sententia
320 608 393 639 nihil
418 608 455 638 de
469 608 634 638 animarum
652 608 874 638 immortalitate

42 651 232 690 detrahitur;
250 653 301 684 sed
318 653 424 691 genita:
449 657 516 684 sunt
541 663 576 684 ac
608 653 680 684 tales
702 658 730 683 ut
760 652 873 683 aboleri

41 696 166 734 possint.
187 697 262 727 Mori
276 702 373 728 autem
391 697 542 734 dicuntur,
559 702 703 738 quatenus
720 697 874 731 mutationi

39 751 70 771 ac
84 741 166 772 vitiis
182 741 319 772 obnoxiae
345 747 424 773 sunt.
448 742 534 773 Hlll‘c
549 742 749 782 corruptionis
764 745 872 772 statum

38 795 116 824 szepe
134 791 264 817 mortem
279 787 420 826 appellari
438 787 525 817 modo
541 786 725 817 videbimus:
742 789 806 827 ipse
822 796 873 817 se-

39 840 91 860 nex
109 832 202 870 paulo
228 835 314 862 antea
341 831 461 862 dicebat
489 831 603 862 animas
615 832 774 871 justorum,
791 841 826 871 po

951 844 983 860 :w
1006 833 1055 873 ἄρα
1070 835 1100 862 τὸ
1116 834 1254 873 εἰρημένον
1273 845 1277 851 ·

38 885 128 915 quam
141 880 290 906 aeternum
307 876 454 907 felicitatis
469 880 576 907 statum
590 876 705 915 adeptze
716 880 795 913 sunt,
812 885 871 906 non

34 921 97 959 jaiii
126 920 258 960 amplius
287 921 373 952 mori.
405 921 490 952 Nulla
518 931 587 959 ergo
600 920 711 952 residet
728 930 825 961 neque
840 921 870 951 in

41 966 97 995 hoc
114 974 205 1006 sene,
222 975 318 1006 neque
335 965 363 996 in
391 965 506 997 Juszino
529 965 640 996 erroris
651 965 790 1005 suspicio.
805 965 870 996 Jam

37 1010 140 1040 citatis
157 1010 265 1040 Jiistini
299 1010 474 1041 testimoniis
503 1011 574 1041 illuil
596 1011 705 1041 addere
734 1010 807 1041 libet
836 1019 870 1040 ex

39 1055 185 1094 Dialogo,
200 1065 230 1085 n.
251 1057 316 1086 130.
334 1069 343 1083 ι
364 1056 405 1087 Ex
424 1057 499 1086 Isaia
513 1055 671 1085 didicimus
682 1055 825 1092 futurum,
844 1061 874 1087 ut

37 1099 180 1130 membra
194 1100 452 1140 prmvaricalorum
463 1109 479 1130 a
492 1109 592 1130 verine
608 1105 636 1130 et
647 1100 715 1139 igne
730 1100 873 1131 inexstin-

37 1150 84 1174 cto
96 1150 253 1181 verentur,
272 1145 451 1176 immortalia
472 1146 690 1184 permanentia,
707 1145 746 1175 ita
762 1153 788 1174 ut
802 1155 874 1185 spe-

37 1190 157 1220 ctaculo
173 1190 230 1220 sint
245 1191 326 1221 omni
342 1190 452 1221 carni.u
467 1189 649 1229 Quicorpori
666 1189 869 1220 immortalita-

39 1243 100 1264 tem
119 1239 178 1264 tain
206 1240 411 1266 asseveranter
425 1234 569 1273 attribuit,
591 1244 627 1265 an
650 1235 756 1265 animm
777 1234 869 1274 potuit

37 1279 191 1319 denegare
202 1284 216 1310 ?

79 1324 135 1357 III.
147 1324 263 1354 Tatiani
280 1324 456 1354 sententiam
474 1324 615 1364 pmclare
627 1333 796 1363 expressam
813 1323 866 1354 ha-

38 1368 148 1399 bemus
161 1369 189 1399 in
206 1370 355 1399 (li-unone
366 1369 509 1399 adversus
522 1369 689 1401 Graecoan
698 1378 756 1408 qua
773 1368 815 1398 sic
830 1369 870 1399 [o-

36 1414 153 1452 qullul‘,
178 1424 207 1444 ιι,
237 1414 400 1451 ἓῦῖΣῶμά
421 1425 460 1445 τις
490 1414 560 1442 εἶναι
590 1413 661 1452 λέγει
692 1414 777 1441 Θεόν·
817 1413 871 1452 ἐγὼ

34 1458 61 1485 δὲ
93 1459 238 1495 ἀσώματον
257 1466 263 1472 ·

34 1514 118 1535 μενον
133 1511 140 1518 “

32 1548 158 1580 εέτέπιξ,
185 1549 279 1586 Κριτὲκ
305 1549 375 1576 εἴην.
407 1549 478 1575 lium
513 1549 556 1576 καὶ
584 1544 772 1584 Ῥιόἀμανοον,
814 1547 868 1586 ἐγὼ

169 1504 317 1542 ὶιπύρωτιν
339 1503 490 1531 ἀποϐαίνειν
511 1504 579 1531 κατὰ
610 1503 727 1542 καιροὺς,
759 1503 812 1542 ἐγὼ
840 1501 867 1530 δὲ

32 1593 60 1620 δὲ
84 1593 166 1621 αὖῑὸιι
198 1595 243 1620 τὸν
273 1594 337 1621 Θεὸν
355 1604 360 1608 ⁸
382 1593 614 1628 ἀπκῦινχτῖζεσθιι
636 1593 720 1629 μόνην
742 1592 790 1626 τὴν
813 1595 866 1630 ψυ-

34 1639 106 1677 χὴνΊ
124 1637 177 1676 ἐγὼ
193 1637 220 1665 δὲ
237 1639 280 1665 καὶ
294 1638 323 1665 τὸ
340 1638 384 1665 ὠν
398 1637 464 1675 αὖτῇ
479 1638 593 1676 οπρκίον.
616 1649 625 1663 ί
642 1636 692 1667 Est
707 1636 756 1676 (lui
773 1637 864 1667 Deum

35 1691 152 1722 corpus
161 1692 227 1712 esse
239 1681 328 1718 ditat,
341 1691 394 1719 ego
410 1681 631 1721 incorporeum:
646 1682 788 1712 mundum
803 1690 867 1711 esse

38 1726 351 1765 indissolubilengego
363 1726 595 1763 dissolvendum;
605 1726 865 1764 conﬂagrationem

37 1772 130 1801 variis
143 1771 325 1810 temporibus
341 1771 470 1806 evenire,
484 1780 540 1807 ego
566 1771 658 1800 semel
674 1774 843 1801 eventuram
860 1781 867 1808 ;

37 1816 157 1853 jiidices
172 1825 238 1846 esse
252 1816 376 1846 Minoem
395 1815 760 1855 οιΙζίιειάειιηθηιιιιιιῑιβμ
776 1815 867 1845 Deum

41 1862 162 1899 ipsum;
180 1860 272 1890 solam
289 1861 416 1891 aiiimain
433 1860 655 1891 immortalitate
680 1860 796 1893 donari.
815 1869 868 1898 ego

38 1915 164 1936 carnem
191 1915 308 1945 quoque
325 1915 391 1936 cuni
408 1905 518 1935 anima.
541 1919 550 1930 -ι
570 1904 626 1935 Sed
652 1909 749 1935 tamen
762 1906 869 1935 anima;

37 1951 75 1980 im
93 1950 290 1980 mortalitatem
301 1949 440 1980 aTatiano
455 1949 556 1989 negari
569 1949 868 1980 censetdoctissimus

36 1995 128 2025 abbas
144 1995 182 2025 de
211 1996 383 2033 Longuerue
417 1995 445 2024 in
474 1993 696 2030 dissertatione,
720 2003 786 2033 quae
803 1999 868 2033 post

37 2042 203 2070 orationem
220 2039 332 2070 Taliaiii
359 2043 451 2070 exstat
475 2039 504 2069 in
521 2039 583 2070 edit
618 2038 712 2069 Oxon.
734 2051 745 2066 «ι
767 2038 865 2069 Tatia-

40 2095 105 2120 iius,
124 2084 234 2125 inquit,
252 2084 371 2115 indocte
381 2084 464 2124 juxta
477 2094 511 2114 ac
530 2084 618 2124 impie
635 2088 721 2122 negat
736 2083 864 2114 animam

917 299 962 326 tur
977 305 1042 326 cuin
1060 305 1184 337 corpore
1200 297 1330 328 veritatis
1344 298 1468 337 ignara;
1485 299 1615 337 resurgit
1640 302 1738 329 autem

916 344 1018 379 postea
1033 340 1062 371 in
1078 341 1136 372 line
1145 342 1247 372 mundi
1263 351 1321 373 una
1333 352 1399 372 cum
1410 348 1674 383 corpore.morlem
1689 352 1741 383 per

915 385 1061 425 supplicia
1072 386 1101 416 in
1111 387 1328 418 immortalitate
1338 388 1497 428 accipiens.
1517 388 1630 418 Rursus
1641 392 1738 418 autem

916 438 973 459 non
992 431 1125 465 moritur,
1144 431 1258 462 etiamsi
1274 433 1404 462 solvatur
1414 432 1450 462 ad
1476 437 1602 472 tempus,
1616 432 1669 462 Dei
1685 442 1738 463 eo-

915 474 1048 513 giiitione
1064 475 1216 506 instructa.
1236 489 1249 504 ii

956 518 1013 550 Sed
1025 519 1117 560 liquet
1129 521 1231 551 mortis
1243 521 1364 552 nomine
1388 531 1445 552 non
1462 521 1695 553 destructionem
1713 526 1741 553 et

915 563 1076 595 abitionem
1085 565 1114 595 in
1126 565 1251 596 nihilum
1260 566 1477 606 designari,scd
1487 567 1740 598 misernmanimie

916 618 931 638 a
949 608 1009 639 Deo
1023 609 1128 640 alienae
1143 613 1263 643 statum.
1281 610 1354 641 Nam
1377 611 1470 651 ipsam
1487 611 1737 642 immortalitatem

916 653 1110 693 reproburum
1137 659 1264 686 mortem
1293 657 1325 686 ia
1350 656 1577 687 immortalitate
1590 657 1741 697 appellare

917 707 976 728 non
992 698 1116 730 dubitat.
1133 699 1204 735 Quae
1225 705 1389 740 sequuntur
1417 702 1607 741 expressiooa
1622 706 1690 731 sunt
1702 702 1737 731 ad

916 742 996 774 illius
1033 748 1162 774 mentem
1193 745 1429 785 perspiciendam
1451 756 1458 775 :
1478 745 1539 774 Καθ’
1566 747 1660 779 ἑαυτὴν
1690 747 1739 785 γὰρ

915 789 1009 821 σκότος
1040 788 1103 826 ἐστὶ,
1133 791 1176 818 καὶ
1203 789 1274 818 οῦδὲν
1301 790 1327 817 ἐν
1350 791 1415 828 αὒτῇ
1444 791 1580 828 φωτεινὸν,
1604 792 1647 819 καὶ
1663 792 1738 820 τοῦτό

1305 846 1316 862 α
1335 830 1366 863 Ἠ
1389 836 1478 863 σκοτία
1493 836 1523 863 τὸ
1539 839 1594 876 ῳιῦς
1610 837 1639 864 οὕ
1653 848 1737 864 κπα-

1667 881 1679 889 ν

913 877 1052 915 λαμϐάνει.
1073 890 1084 905 n
1111 880 1193 918 Ψυχὴ
1222 880 1271 918 γὰρ
1299 880 1346 908 οὒκ
1369 880 1434 914 αὐτὴ
1464 881 1494 908 τὸ
1530 886 1632 918 πνεῦμα
1667 881 1737 908 ἔσω-

913 934 968 959 σεν,
995 923 1081 957 ἐσώθη
1111 922 1138 951 δὲ
1167 925 1211 952 ὑπ’
1232 925 1320 964 αὐτοῦ,
1346 926 1389 953 καὶ
1410 926 1440 953 τὸ
1463 926 1519 957 πῶς
1554 926 1603 959 τὴν
1631 926 1737 954 σκοτίαν

912 967 1068 999 κατέλαϐεν,
1101 964 1128 997 ’0
1157 969 1241 1008 Λόγος
1277 970 1326 1007 μὲν
1362 969 1416 998 ’ἐστι
1445 971 1476 998 τὸ
1507 975 1553 999 τοῦ
1575 974 1639 998 Θεοῦ
1668 971 1735 1009 φῶς,

916 1013 1009 1042 σκότος
1037 1012 1063 1040 δὲ
1091 1014 1108 1047 ἡ
1145 1013 1335 1051 ἆνεπιπῆμων
1365 1015 1453 1054 ψυχή.
1486 1016 1534 1042 Διὰ
1560 1019 1637 1043 τοῦτο
1668 1015 1737 1052 μόνη

916 1058 964 1093 μὲν
991 1057 1164 1095 δικιτωμὲνη,
1201 1059 1266 1097 πρὸς
1301 1060 1350 1092 τὴν
1377 1059 1443 1092 ὕλην
1464 1058 1529 1087 νεύει
1559 1060 1642 1096 κάτω,
1673 1071 1736 1087 συν-

915 1103 1118 1136 αποϐ-ιήσκτιυσι
1141 1106 1173 1141 τῇ
1195 1104 1282 1142 σαρκί.
1314 1105 1438 1141 Συζυγίςιν
1467 1103 1493 1131 δὲ
1508 1104 1658 1140 κεκτκμένη
1688 1105 1736 1137 τὴν

916 1158 925 1164 .
949 1151 959 1156 υ
976 1148 988 1174 θ
1007 1148 1013 1165 .'
1131 1148 1137 1157 ι
1282 1148 1290 1165 μ
1344 1148 1354 1157 ι’
1431 1149 1437 1157 π
1476 1161 1480 1165 .
1593 1159 1600 1166 .
1655 1149 1665 1165 .'
1684 1162 1688 1166 .

923 1158 962 1175 ,ου
991 1157 1043 1174 ε.ου
1072 1150 1236 1185 Πνευμπιτος,
1266 1159 1314 1176 017.
1343 1148 1574 1183 εστιναϐοήθητος
1622 1149 1730 1189 ἀνερμ-

909 1203 952 1219 τίιι
975 1191 1002 1219 δὲ
1030 1192 1094 1230 πρὸς
1126 1191 1191 1230 ἅπερ
1219 1192 1298 1226 ’ὠπὴν
1327 1194 1421 1232 ὂόηγεῒ
1450 1194 1536 1232 χωρία
1566 1195 1596 1221 τὸ
1619 1197 1734 1230 Πνεύμι.

913 1249 925 1264 α
944 1237 1001 1267 Per
1016 1244 1048 1266 se
1061 1236 1140 1266 enim
1165 1236 1263 1267 anima
1289 1237 1363 1267 nihil
1379 1237 1458 1267 aliud
1477 1242 1531 1274 est,
1550 1247 1635 1277 quam
1652 1243 1734 1268 tene-

911 1280 1040 1320 braa,nec
1050 1279 1247 1320 quidquainin
1258 1281 1626 1322 ealuminosunLAtqiieid
1640 1283 1734 1322 ipsum

911 1329 955 1355 est
979 1324 1057 1366 quod
1082 1325 1213 1356 dicitur:
1246 1325 1382 1356 Tmebrw
1406 1326 1500 1357 lucem
1525 1336 1583 1357 non
1600 1336 1734 1367 compre-

911 1371 1047 1401 hendunt
1061 1369 1224 1410 2".Neque
1241 1370 1321 1400 enim
1337 1370 1434 1400 anima
1446 1371 1580 1410 spiritum
1598 1372 1734 1409 servavit,

912 1415 964 1445 sed
980 1415 1044 1454 ipsa
1059 1415 1095 1444 ab
1111 1423 1146 1444 eo
1164 1419 1277 1445 servata
1294 1419 1348 1452 est,
1366 1419 1393 1445 et
1411 1414 1457 1445 lux
1474 1415 1609 1446 tenebras
1625 1425 1734 1455 appre-

296 1458 389 1486 ἄλυτον
418 1461 486 1486 εἶναι
518 1460 562 1486 τὸν
590 1458 701 1495 κόσμον,
736 1459 790 1497 ἐγὼ
812 1458 826 1486 λ

956 1460 1025 1490 nilit.
1045 1459 1096 1490 Est
1118 1463 1216 1489 autem
1244 1459 1375 1491 Verbum
1400 1459 1500 1489 divina
1515 1460 1586 1496 lux;
1604 1461 1736 1491 tenebiae

911 1513 979 1535 vero
1007 1504 1145 1544 imperita
1158 1504 1268 1535 anima.
1292 1503 1478 1544 Quapropter
1491 1505 1515 1535 si
1531 1505 1617 1544 degat
1631 1505 1734 1536 solita—

909 1550 964 1586 ria,
980 1549 1120 1579 deorsum
1145 1548 1180 1578 ad
1198 1548 1349 1579 materiam
1368 1550 1468 1588 vergit,
1488 1559 1544 1580 una
1561 1560 1626 1580 cum
1645 1559 1734 1580 carne

910 1595 1051 1624 moriens.
1070 1594 1141 1624 Cum
1168 1593 1267 1623 divino
1280 1598 1376 1623 autem
1390 1592 1501 1633 Spiritu
1514 1595 1661 1634 copulata,
1675 1605 1734 1626 non

908 1643 988 1670 caret
1003 1637 1179 1677 auxilio,sed
1192 1647 1226 1668 eo
1242 1638 1450 1678 ascendit,quo
1465 1638 1622 1670 deducitur
1638 1649 1654 1669 a
1671 1640 1733 1679 Spi-

907 1684 976 1714 ritu.
997 1695 1008 1712 n
1027 1684 1091 1714 Huc
1105 1692 1175 1721 ergo
1189 1682 1265 1712 redit
1280 1682 1330 1712 illa
1345 1692 1424 1713 mors
1439 1683 1545 1714 animae
1560 1684 1611 1714 Dei
1627 1685 1732 1724 cogni-

910 1728 989 1758 tione
1014 1728 1173 1764 destitutze,
1189 1731 1220 1756 ut
1244 1727 1383 1757 deorsum
1405 1732 1513 1767 vergat.
1531 1738 1586 1759 nec
1603 1728 1733 1767 Spiritus

909 1773 1017 1803 auxilio
1045 1781 1160 1802 sursum
1187 1773 1308 1802 teratur.
1338 1775 1375 1803 At
1401 1772 1425 1802 si
1441 1772 1578 1803 deorsum
1596 1774 1688 1812 vergit
1705 1778 1733 1804 et

911 1817 1064 1848 materiam
1081 1816 1195 1856 quierit,
1213 1825 1271 1846 non
1293 1820 1338 1846 est
1353 1817 1482 1856 profecto
1498 1822 1612 1848 mortua
1630 1822 1659 1848 et
1677 1819 1731 1849 de-

910 1866 1031 1892 structa.
1050 1861 1120 1892 Sine
1136 1870 1224 1890 causa
1241 1870 1309 1898 ergo
1330 1861 1375 1891 vir
1391 1861 1579 1891 doctissimus
1592 1862 1649 1892 duo
1665 1863 1732 1893 ani-

911 1915 1025 1936 marum
1039 1914 1146 1944 genera
1163 1904 1295 1935 distinxit
1319 1905 1397 1944 apud
1423 1906 1588 1942 Tatianum,
1605 1916 1731 1947 quorum

909 1951 975 1981 alim
1002 1950 1176 1985 moriantur,
1207 1949 1272 1980 aliae
1297 1950 1458 1980 solvantur.
1485 1951 1586 1981 Nullas
1600 1953 1733 1990 agnoscit

908 1994 1355 2034 Tulianus,qu:eiioiisoli'antur
1368 2004 1384 2024 a
1398 2003 1522 2034 corpore
1535 2005 1542 2032 ;
1557 1995 1652 2026 niillas
1668 2006 1733 2036 quae

909 2039 1073 2070 moriantur
1084 2049 1150 2070 cum
1167 2047 1303 2078 corpore.

947 2084 1047 2116 Multis
1057 2084 1123 2114 aliis
1131 2083 1222 2114 rebus
1234 2083 1513 2114 declaratTatianus
1522 2085 1635 2115 animas
1643 2086 1730 2116 etiam

40 2131 199 2160 humanam
231 2134 335 2160 natura
367 2129 564 2159 immortalem
586 2138 663 2159 esse.
692 2126 1646 2168 PronuntiatDmalorumusqueadresurrectionempermanere.
1660 2130 1731 2162 Cum

41 2175 119 2205 enim
137 2174 332 2214 quorumdam
345 2174 496 2204 hominum
508 2173 621 2203 animas
639 2173 713 2203 iiiori
724 2182 781 2203 una
799 2182 864 2202 cum

42 2219 230 2259 corporibus;
248 2219 373 2249 aliorum
403 2228 473 2248 vero
501 2218 572 2248 solvi
590 2218 723 2258 quidem,
739 2218 789 2247 sed
807 2226 866 2247 non

43 2266 128 2294 iiiori.
146 2265 242 2304 Atque
260 2264 313 2294 hoc
328 2268 527 2294 commentum
545 2272 638 2293 novus
660 2262 866 2292 inconsidera—

42 2314 147 2348 tusiiue
162 2309 301 2347 magister
314 2310 432 2340 Graecos
446 2308 541 2338 docet.
558 2320 570 2334 ιι
590 2307 686 2337 Locus
701 2306 737 2336 ab
749 2307 867 2337 erudito

41 2354 102 2384 viro
118 2354 226 2384 citatus
240 2353 382 2389 occurrit,
409 2362 439 2383 n.
471 2355 514 2390 I3,
547 2351 595 2382 ubi
613 2352 654 2382 sic
670 2351 798 2390 legitur:
816 2353 868 2380 Οὐκ

40 2400 109 2427 Ξττιν
138 2399 278 2433 Sitti-1110:,
310 2397 397 2437 ἄνδρες
423 2397 576 2430 "lin-qva;
599 2398 615 2430 ἡ
631 2397 708 2436 ψυχὴ
729 2395 788 2424 κκΟ’
803 2397 867 2424 ἐπυ-

41 2445 102 2478 τὴν⁴
118 2444 203 2476 (bini.
226 2443 253 2471 δε
296 2443 381 2471 Ἀλλὰ
410 2442 515 2470 adventat
537 2443 554 2475 ἡ
575 2441 640 2474 αὒτῆ
664 2442 707 2468 καὶ
736 2441 774 2478 μὴ
797 2442 867 2468 ἁπο-

40 2491 175 2523 ίὶνῆτκειν.
203 2489 316 2523 Θνήσκει
341 2489 390 2526 γὰρ
415 2488 458 2515 κιὶ
481 2487 568 2515 λύεται
597 2486 664 2523 μετὰ
692 2489 737 2513 1:03
775 2485 868 2522 σώμα-

41 2545 97 2569 τυς,
130 2534 169 2566 μὴ
197 2534 362 2572 γινίίηκωη
390 2533 439 2566 τὴν
469 2532 604 2567 ἀλήθειιν,
622 2531 755 2558 ἆνίστιται
781 2529 807 2557 δὲ
832 2531 868 2562 εἷς

43 2579 149 2616 Cetego;
180 2579 221 2606 ἐπὶ
244 2577 379 2613 συντελείᾳ
411 2577 455 2605 tuo
483 2577 583 2613 κόσμου
613 2576 658 2602 σὺν
687 2578 724 2611 τῷ
753 2575 868 2615 σώματι,

815 2631 868 2647 ππ-

43 2624 154 2650 θλνιτον
179 2622 219 2650 διὰ
250 2623 377 2662 axungia:
401 2621 427 2649 ἐν
457 2618 765 2656 ἆ(1χ·ιππῐᾳ)ικ;ι.75;ἱνουσι
783 2628 789 2634 ·

46 2668 85 2694 λιν
113 2678 140 2695 τε
168 2668 197 2695 οἳ
217 2668 340 2703 Θνήσκει,
365 2667 412 2695 κᾶν
436 2668 499 2705 urb:
526 2665 616 2704 καιρὸν
646 2663 721 2701 λυθῇ,
744 2667 792 2697 τὴν
810 2664 869 2692 ἐπί-

84 2747 126 2768 θί*
138 2747 224 2779 Joan.
240 2757 260 2788 i,
277 2748 308 2779 5.

910 2174 1044 2204 nonnulli
1069 2173 1224 2203 animabus
1240 2182 1363 2212 corpore
1379 2173 1485 2204 solutis
1502 2183 1535 2203 ea
1564 2175 1733 2206 tribuerent

909 2228 974 2259 qua}
986 2219 1152 2248 daemonum
1170 2217 1341 2257 operatione
1358 2218 1418 2248 ﬁeri
1435 2218 1551 2255 solent;
1573 2220 1613 2249 sic
1630 2230 1731 2250 earum

908 2263 1078 2303 opinionem
1091 2262 1283 2298 refellit,num
1304 2262 1350 2293 16.
1363 2271 1383 2289 ‘n
1397 2262 1488 2293 Porro
1504 2263 1665 2304 (temones,
1683 2265 1733 2305 qui

909 2309 1080 2340 hominibus
1096 2308 1254 2348 imperant,
1274 2317 1332 2338 non
1349 2312 1416 2338 sunt
1432 2309 1539 2340 animae
1565 2311 1731 2348 hominum,

909 2354 971 2390 Quo
985 2354 1065 2384 enim
1090 2359 1174 2393 pacto
1202 2353 1336 2383 efﬁcaces
1350 2355 1437 2385 etiam
1455 2359 1520 2392 post
1537 2361 1660 2386 mortem
1678 2357 1732 2387 tie-

910 2399 990 2430 rent?
1017 2399 1081 2431 Nisi
1093 2398 1167 2428 forte
1182 2398 1282 2430 homo.
1302 2398 1430 2438 quandiu
1454 2399 1532 2435 vivit,
1550 2400 1694 2440 insipiens
1707 2406 1735 2432 et

911 2443 1056 2474 invalidus
1073 2447 1116 2473 est
1128 2447 1276 2480 ;inortuus
1287 2447 1384 2473 autem
1406 2443 1572 2474 efficni'iore
1594 2446 1734 2484 praeditus

910 2488 1046 2518 facultate
1061 2488 1201 2523 creditur.
1230 2487 1286 2518 Sed
1311 2496 1405 2526 neque
1421 2496 1469 2518 res
1485 2488 1524 2518 ita
1540 2498 1571 2518 se
1587 2489 1687 2530 habet,
1705 2495 1735 2521 ut

910 2533 980 2563 alibi
992 2532 1271 2570 demonstravimus;
1289 2536 1317 2562 et
1329 2531 1502 2570 perdilﬁcile
1514 2534 1735 2565 estexistimare

911 2577 1039 2608 animam
1057 2577 1264 2613 immortalem,
1281 2586 1348 2607 cum
1367 2586 1383 2606 e
1395 2586 1531 2617 corpore,
1545 2579 1630 2618 cujus
1644 2589 1735 2610 mem-

912 2622 975 2653 bris
991 2622 1161 2662 impeditur,
1173 2621 1353 2661 migraverit,
1367 2622 1546 2660 sagaciorem
1563 2624 1637 2654 fieri.
1648 2639 1658 2651 ι»
1681 2624 1734 2656 Vi-

913 2667 966 2697 des
977 2667 1131 2698 Tatianuin
1147 2666 1194 2697 hic
1205 2676 1293 2706 agere
1308 2666 1345 2696 de
1361 2666 1517 2697 animabus
1532 2667 1702 2708 impiorum,
1720 2679 1737 2699 a
