1961 3071
203 87 243 130 si

204 163 313 205 quibus
333 163 468 196 nonnulli
481 165 607 205 plurima
623 165 653 196 in
667 164 831 197 humanum
847 173 940 206 genus
951 164 1028 195 mala
1039 173 1058 192 Α

205 206 353 249 proﬁcisci
368 209 584 242 existimabant.
618 209 710 250 Negat
724 210 867 242 Tatianus
884 206 1030 251 ejusmodi

204 254 318 285 animas
337 254 440 285 eadem
457 258 492 285 ac
516 250 666 285 daemones
681 259 831 295 praestare,
848 255 900 286 sed
918 255 946 285 in
961 263 1029 285 cer-

205 298 312 329 tissimi
328 298 466 339 prineipii
491 299 556 330 loco
578 299 679 331 statuit
704 309 765 335 eas,
790 309 857 331 cum
873 308 889 330 e
905 308 1030 339 corpore

205 343 405 381 migraverint,
418 352 575 383 superesse
586 347 614 375 et
631 344 813 375 immortales
828 353 905 375 esse.
924 343 1029 375 Homi—

204 396 271 418 nem
283 388 521 420 immortalitatis
532 389 695 429 imaginem
705 398 721 420 a
733 388 832 420 Verbo
848 393 978 420 creatum
989 388 1031 419 di-

205 432 255 467 cit.
273 442 356 464 num.
373 433 402 463 Ἰ.

245 478 311 509 Non
327 477 412 507 aliam
437 486 507 516 ergo
531 482 655 509 mortem
680 479 787 510 animae
805 479 970 519 suspicatus
986 479 1033 509 est

206 521 359 562 Tatianus,
378 525 483 562 praeter
501 532 580 559 eam,
597 532 661 564 qua:
685 532 702 554 a
730 523 859 564 peccatis
888 522 1031 563 Spiritum

206 569 340 597 sanctum
356 566 526 598 arcentibus
550 566 758 607 proficiscitur.
777 569 824 598 Sic
838 567 916 599 enim
933 567 1033 598 statuit

205 611 369 652 hominem,
387 611 413 641 si
429 613 572 652 templum
589 613 684 643 sancti
700 612 829 652 Spiritus
857 622 915 643 nou
931 612 1029 650 fuerit,

204 655 268 687 sora
283 664 351 687 voce
364 665 382 687 ιι
398 654 505 688 bellut‘s
530 656 665 696 differre,
681 662 787 688 cwtera
802 665 873 688 vero
900 657 1032 697 ejusdem

205 710 268 733 esse
282 710 321 732 ac
334 700 403 732 illas
418 698 614 742 conditionis,
624 705 657 733 ut
668 705 720 741 qui
733 711 795 733 non
809 703 850 732 sit
865 702 1031 733 similitudo

207 746 272 777 Dei.
293 746 416 777 Minime
439 755 508 786 ergo
525 747 664 777 nimirum
682 747 707 777 si
723 752 853 778 mortuos
867 747 1029 786 exiStimat,

207 790 259 832 qui
272 800 304 821 se
318 799 336 822 a
347 789 458 830 Spiritu
474 796 574 822 sancto
595 791 810 822 abstraxerunt.
826 793 868 823 De
884 791 1030 832 ejusmodi
1041 787 1061 811 Β

208 839 303 866 morte
318 835 525 876 accipiendum
542 836 619 876 quod
635 836 688 875 ait,
706 846 736 867 η.
753 836 883 873 9.ιριιί(1
901 836 1030 877 estquod

207 889 245 911 ex
260 879 318 911 fato
334 889 394 920 prae
408 879 527 911 avaritia
541 880 661 920 vigilas!l
686 881 745 913 Cur
760 890 794 912 ex
810 881 868 912 fato
884 890 962 921 saepe
977 891 1030 912 cu-

207 924 294 965 pidus
305 933 382 964 saepe
400 924 551 956 moreris?
568 936 579 954 ι

248 968 281 1000 In
298 968 433 1000 eamdem
445 970 624 1000 sententiam
640 970 680 1001 ait
691 970 886 1008 daemones,“
900 970 1031 1011 quotidie

208 1014 284 1045 mori
300 1023 366 1044 cum
380 1013 519 1045 homines
531 1024 654 1054 peccare
666 1015 818 1053 docent,et
834 1019 894 1046 tum
906 1015 1032 1047 maxime

208 1060 378 1097 morituros,
390 1069 457 1090 cum
473 1060 503 1091 in
518 1061 663 1101 supplicia
679 1061 885 1093 detrudentur.
897 1060 1030 1092 «Daemo-

208 1114 261 1136 nes
277 1114 335 1136 non
353 1104 437 1135 facile
451 1105 628 1146 moriuntur,
638 1105 742 1147 inquit.
760 1115 791 1138 ιι,
809 1106 857 1141 14,
875 1106 1030 1137 suntenim

208 1149 306 1181 carnis
322 1153 469 1190 expertes,
485 1150 537 1180 sed
556 1150 684 1182 viventes
701 1151 803 1181 mortis
826 1150 959 1181 instituta
982 1160 1035 1182 ex-

208 1198 321 1230 ercent;
336 1194 424 1225 toties
439 1195 578 1225 nimirum
595 1199 624 1226 et
652 1195 708 1236 ipsi
733 1195 904 1235 morientes,
923 1196 1037 1236 quoties

208 1239 244 1270 ad
262 1239 445 1283 peccandum
467 1244 628 1271 sectatores
652 1249 721 1271 suos
744 1240 918 1271 erudierint.
935 1240 1037 1281 Itaque

208 1283 286 1324 quod
302 1292 382 1314 nunc
396 1282 456 1314 illis
471 1283 650 1324 rraecipuum
671 1288 726 1325 est,
743 1285 923 1316 utsimiliter
935 1294 969 1316 ac
984 1285 1035 1316 ho-

209 1328 305 1359 mines
322 1337 380 1358 non
397 1328 570 1369 moriantur,
587 1328 618 1358 id
642 1328 764 1359 minime
789 1329 941 1370 effugient,
967 1339 1033 1360 cum

207 1373 350 1414 incipient
362 1373 472 1415 puniri,
487 1383 542 1405 nec
565 1374 630 1405 vitae
647 1379 765 1406 aeternae
781 1375 938 1416 participes
952 1385 1033 1407 mor-

209 1423 267 1450 tem
282 1418 441 1460 quamdam
456 1418 487 1449 in
503 1419 727 1451 immortalitate
743 1419 1032 1456 sortienturQuem-
1044 1431 1064 1456 ο

208 1463 367 1495 admodum
381 1463 459 1494 enim
476 1473 541 1501 nos,
559 1463 667 1503 quibus
682 1474 762 1495 nunc
779 1464 852 1495 mori
868 1464 955 1495 facile
968 1474 1039 1495 con-

211 1509 308 1549 tingit,
325 1513 427 1549 po'stea
444 1516 510 1540 cum
535 1508 683 1548 voluptate
711 1508 976 1549 immortalitatem,
994 1508 1038 1540 vel

210 1553 344 1584 dolorem
374 1562 442 1584 cum
466 1553 688 1584 immortalitate
703 1553 924 1593 percipiemus;
943 1554 986 1585 sic
1011 1557 1041 1585 et

209 1598 363 1630 daemones
385 1597 435 1638 qui
463 1597 599 1638 praesenti
628 1597 684 1628 vita
704 1597 738 1628 ad
757 1597 940 1637 peccandum
962 1598 1039 1629 abu-

212 1647 326 1679 tuntur,
340 1650 375 1673 ac
388 1651 440 1682 per
455 1644 544 1672 totam
561 1642 646 1672 vitam
669 1642 844 1682 moriuntur,
859 1651 964 1673 rursus
982 1642 1039 1673 im-

213 1685 421 1718 mortalitatem
437 1685 592 1717 habebnnt
606 1690 711 1716 natura
726 1685 845 1726 quidem
856 1688 991 1717 eamdem
1007 1697 1040 1718 ac

212 1732 282 1763 dum
299 1732 442 1768 viverent,
459 1731 594 1771 supplicii
607 1735 705 1761 autem
720 1731 836 1761 ratione
855 1731 983 1762 similem
1001 1732 1039 1762 il-

211 1777 308 1808 lorum
326 1776 491 1812 hominum,
508 1775 558 1815 qui
573 1785 608 1806 ex
619 1774 711 1805 animi
741 1775 786 1805 sui
807 1776 955 1807 sententia
970 1785 1038 1816 ges-

211 1829 288 1859 sere,
305 1820 449 1862 quidquid
470 1820 621 1851 daemones
647 1819 813 1851 viventibus
844 1821 1040 1861 prmséripse-

211 1870 289 1897 rant.
310 1878 322 1895 ι

253 1909 304 1943 IV.
320 1909 385 1942 Huc
399 1909 495 1950 redigi
517 1913 614 1950 potest
638 1912 697 1939 tota
712 1909 819 1940 Justini
833 1913 863 1939 et
875 1908 989 1941 Tatiani
1002 1910 1042 1941 de

213 1957 320 1989 animm
334 1955 556 1986 immortalitate
569 1953 796 1985 doctrinazhanc
807 1958 917 1993 negant
929 1964 982 1985 sua
995 1965 1046 1986 na-

215 2007 281 2033 tura
296 2000 492 2031 immortalem
508 2008 585 2039 esse,
596 1998 648 2029 sed
666 2002 778 2029 tantum
796 1999 848 2030 Dei
865 1999 1018 2031 voluntate
1037 2010 1045 2036 ;

215 2045 370 2078 mortalem
387 2044 466 2075 illam
494 2043 597 2074 dicunt
619 2048 765 2083 quatenus
779 2042 810 2073 in
826 2043 897 2074 vitia
923 2044 1044 2075 labitur-

655 100 685 131 S.
707 98 891 132 J‘USTINUS
913 96 1177 131 PHILOSOPHUS
1199 97 1246 133 ET
1270 102 1443 135 MARTYR.

1854 99 1902 134 88

1071 166 1189 197 mternis
1203 167 1383 201 cruciatibus
1398 167 1525 205 ducitur,
1541 169 1612 200 eihil
1630 170 1721 209 magis
1738 172 1886 199 consenta
1909 174 1931 209 ζ

1072 218 1159 240 neum
1183 211 1344 252 Scripturaa
1357 219 1386 243 et
1401 214 1519 244 Patrum
1544 208 1687 254 loquendi
1698 213 1876 244 consuetud'

1072 255 1112 285 ni.
1128 254 1205 287 Nihil
1218 257 1296 288 aliud
1308 256 1365 288 sibi
1381 258 1581 289 vultsecunda
1605 267 1685 289 mors
1699 258 1729 288 in
1745 258 1856 298 Apoca’
1875 294 1878 295 ν

1073 300 1116 339 psi
1128 300 1261 340 pluribus
1278 287 1350 334 locis
1358 287 1531 334 aestas
1541 287 1583 335 23.
1597 287 1682 335 inhi;
1693 287 1835 343 ιιῐειζέίιιτι
1873 287 1898 343 ἕ

1073 354 1162 376 υηυιη
1189 346 1341 378 hominem
1370 348 1489 378 intravit
1515 348 1556 378 εδ.
1587 357 1665 379 mors
1680 352 1723 378 est
1743 341 1840 389 anima
1862 341 1887 389 Γ

1072 391 1380 431 corporis.(Diabolus
1395 392 1430 424 ad
1445 394 1626 433 operandam
1639 393 1757 433 duplam
1771 398 1845 423 mott
1866 391 1885 424 1‘.

1073 440 1202 466 nostram
1219 436 1314 476 inquit
1328 431 1575 477 Augustinus,lib.
1591 447 1619 469 tv
1633 431 1789 477 Dea-Trin”
1808 447 1825 466 n
1849 444 1854 465 ι

1073 480 1208 521 simplam
1235 482 1332 513 attulit
1356 491 1451 512 suam.
1476 482 1533 513 Per
1556 483 1739 523 impietatem
1769 491 1857 522 namq

1074 509 1206 573 mortuus
1221 526 1309 557 estin
1324 527 1442 566 spiritu.
1471 540 1482 556 ι
1514 509 1616 567 Idem,r
1636 527 1688 559 lib.
1716 535 1776 557 xlv.
1807 509 1860 556 n.1'
1886 509 1920 573 ’ξ

1075 583 1087 598 α
1102 570 1195 602 Habet
1206 571 1316 612 quippe
1332 575 1361 602 et
1374 571 1472 602 anima
1500 576 1624 603 mortem
1641 581 1737 608 suam,
1754 581 1820 602 cum
1839 580 1866 601 Vl

1073 615 1157 646 beata
1168 621 1260 647 caret.
1279 628 1292 644 »
1309 616 1344 646 Et
1360 616 1411 648 lib.
1428 625 1460 657 ιι,
1478 625 1509 648 n.
1528 616 1564 648 15
1580 628 1586 647 :
1614 629 1626 645 α
1645 618 1712 656 lpsa
1742 615 1877 646 mutabil;

1075 665 1116 691 tas
1132 670 1190 691 non
1205 661 1452 692 inconvenienter
1464 661 1625 692 mortalitas
1641 660 1759 695 dicitur,
1788 669 1891 690 secun-

1073 706 1143 736 dum
1159 715 1246 746 quam
1261 705 1395 737 etanima
1410 705 1518 737 dicitur
1534 706 1621 737 mori.
1638 719 1650 734 γ)
1671 706 1759 736 Plura
1774 705 1902 744 collige-

1073 760 1105 782 re
1120 761 1177 782 non
1195 751 1266 782 libet
1281 751 1309 781 in
1320 760 1352 781 re
1369 751 1522 781 manifesta
1534 754 1562 781 et
1578 751 1727 791 explorata

1913 598 1928 606 ι.

1114 810 1148 840 V.
1166 808 1243 842 Satis
1255 818 1405 850 superque
1416 813 1611 840 monstratum
1635 817 1723 848 spero
1741 807 1812 838 nihil
1829 806 1904 838 Jus-

1075 855 1167 886 tiuum
1184 855 1221 886 de
1236 854 1459 885 immortalitate
1479 854 1645 885 animarum
1662 852 1805 889 sensisse,
1822 853 1904 892 quod

1075 899 1184 931 Christi
1200 904 1327 939 martyre
1342 898 1547 938 dignissimum
1564 899 1621 940 sit;
1638 903 1668 929 at
1680 898 1735 928 alia
1751 907 1807 928 non
1830 896 1907 927 levis

1075 949 1213 985 superest
1231 943 1364 984 quaestio,
1381 953 1417 974 an
1434 943 1583 975 daemones
1600 947 1628 974 et
1644 943 1736 974 malos
1765 941 1908 974 homines

1069 992 1130 1032 jam
1148 999 1226 1020 nunc
1241 989 1309 1029 igne
1321 989 1453 1028 torqueri
1468 988 1640 1019 crediderit.

1113 1047 1167 1079 Vix
1185 1046 1308 1077 dubium
1322 1047 1393 1087 quin
1409 1047 1541 1078 Justinus
1563 1046 1710 1086 supplicia
1732 1045 1905 1076 dtemonum

1073 1094 1108 1125 ad
1123 1097 1289 1124 extremum
1302 1098 1331 1124 et
1340 1092 1479 1132 generale
1488 1092 1635 1132 judicium
1647 1092 1736 1123 dilata
1748 1090 1905 1131 putaverit.

1078 1139 1109 1170 Id
1123 1139 1232 1170 diserte
1248 1138 1335 1169 docet
1351 1139 1380 1168 in
1396 1137 1469 1168 locis
1482 1137 1568 1167 modo
1579 1137 1676 1168 citatis
1691 1136 1856 1176 discipulus
1872 1136 1908 1166 il-

1079 1183 1135 1214 lius
1149 1183 1301 1220 Tatianus,
1313 1183 1362 1224 qui
1374 1182 1508 1213 nondum
1525 1191 1541 1212 a
1555 1181 1686 1221 magistri
1700 1180 1833 1211 doctrina
1849 1180 1907 1210 de-

1079 1228 1269 1264 lecerat,cum
1282 1227 1446 1258 orationem
1461 1227 1603 1258 adversus
1615 1226 1732 1257 Gmcos
1747 1225 1906 1256 scriberet.

1079 1272 1109 1304 S.
1126 1273 1261 1313 martyris
1276 1272 1422 1303 sententia
1436 1282 1470 1303 ex
1488 1271 1535 1302 his
1551 1271 1650 1302 verbis
1667 1270 1794 1311 perspici
1810 1273 1910 1309 potest

1078 1318 1106 1349 iu
1119 1317 1220 1358 Apol‘.,
1239 1319 1266 1357 l,
1280 1327 1310 1348 ιι.
1326 1318 1384 1349 ⁶28τ
1402 1330 1414 1345 α
1433 1316 1517 1357 Apud
1535 1326 1589 1347 nos
1604 1316 1696 1353 enim,
1708 1313 1907 1356 inquit,prin-

1078 1372 1147 1403 ceps
1163 1363 1307 1394 malorum
1325 1363 1490 1392 daemonum
1505 1370 1629 1400 serpens
1645 1364 1763 1391 vocatur
1773 1364 1802 1390 et
1818 1359 1906 1390 Sata-

1077 1417 1129 1439 nas
1141 1413 1170 1439 et
1185 1407 1331 1446 diabolus,
1349 1412 1380 1437 ut
1391 1406 1514 1446 potestis
1528 1415 1562 1436 ex
1580 1406 1687 1438 litteris
1703 1404 1810 1435 nostris
1824 1413 1908 1434 scru-

1082 1453 1169 1484 tando
1197 1452 1378 1492 perspicere.
1406 1451 1490 1481 Hunc
1520 1450 1753 1491 praemonstravit
1768 1448 1910 1480 Christus

1082 1507 1147 1528 cum
1164 1498 1255 1537 ipsius
1278 1496 1408 1528 exercitu
1423 1500 1453 1526 et
1465 1495 1679 1526 assectantibus
1692 1493 1861 1525 hominibus
1876 1493 1909 1523 in

1082 1542 1180 1582 ignem
1198 1542 1319 1572 missum
1337 1541 1384 1577 iri,
1400 1545 1431 1570 ut
1457 1541 1486 1570 in
1514 1540 1661 1570 inlinitum
1689 1548 1782 1570 aavum
1799 1547 1910 1568 excru-

1083 1587 1209 1617 cientur.
1222 1586 1399 1624 Interposita
1414 1586 1492 1616 enim
1512 1594 1604 1622 mora,
1619 1585 1775 1625 quominus
1791 1583 1818 1613 id
1830 1582 1911 1613 Deus

1082 1631 1224 1661 hactenus
1242 1631 1537 1670 perﬁceret,propter
1553 1631 1711 1660 humanum
1729 1637 1822 1667 genus
1833 1637 1910 1658 cott-

1082 1676 1211 1716 ῑίεἱιμιῐειι
1228 1676 1362 1707 eamdem
1376 1676 1551 1706 sententiam
1568 1678 1681 1715 spectat
1696 1672 1773 1714 quod
1789 1673 1909 1704 S.mar—

1083 1726 1126 1761 tyr
1155 1721 1265 1751 lrenaao
1294 1725 1369 1750 teste
1398 1720 1527 1753 dicebat,
1555 1719 1731 1752 daemonem.
1749 1722 1909 1757 antequam

1082 1766 1216 1797 Christus
1231 1765 1491 1801 veniret,nondum
1507 1769 1589 1795 certo
1604 1764 1723 1794 scivisse
1739 1772 1805 1794 sese
1820 1762 1910 1791 dam-

1083 1814 1183 1841 natum
1194 1819 1270 1850 esse,
1288 1810 1327 1840 ita
1339 1813 1370 1840 ut
1384 1809 1481 1848 seipse
1496 1809 1583 1840 stulta
1599 1809 1647 1839 illa
1663 1807 1805 1848 opinione
1828 1807 1909 1837 frui-

1083 1858 1219 1891 trarctur,
1239 1854 1322 1894 quasi
1335 1854 1425 1885 Deum
1439 1853 1582 1884 latuisset.
1600 1853 1714 1886 «Bene.
1731 1853 1837 1893 inquit,
1855 1851 1909 1884 lib.

1083 1909 1112 1937 v,
1129 1909 1155 1929 c.
1169 1898 1219 1934 96,
1238 1899 1379 1935 lrcnaeus,
1392 1898 1525 1930 Justinus
1535 1898 1609 1929 dixit
1624 1897 1764 1938 quoniam
1776 1901 1843 1928 ante
1855 1897 1910 1928 Do-

1090 1943 1162 1974 mini
1176 1944 1332 1974 adventum
1349 1953 1497 1984 nunquam
1523 1952 1611 1974 ausus
1635 1948 1679 1973 est
1695 1942 1816 1974 Satanas
1831 1941 1910 1972 blas-

1090 1989 1229 2028 phemare
1259 1988 1351 2019 Deum
1378 1997 1384 2019 :
1415 1989 1525 2028 quippe
1550 1989 1680 2018 nondum
1707 1987 1806 2017 sciens
1827 1996 1910 2017 suam

1088 2033 1320 2064 damnationem.
1341 2044 1351 2060 ι
1371 2032 1513 2064 Observat
1540 2032 1685 2068 Petavius,
1717 2032 1768 2063 lib.
1792 2039 1834 2066 ut,
1869 2030 1913 2061 De

213 2075 342 2131 ﬁ-traque
361 2088 503 2129 loquendi
527 2088 601 2119 ratio
627 2075 735 2118 itsitata
750 2088 826 2129 apud
843 2088 992 2129 antiquos.
1011 2089 1040 2121 S.
1055 2078 1214 2131 Df’"9¢’“§_a
1230 2088 1257 2109 ε·
1274 2077 1292 2109 3
1307 2078 1379 2131 θιι4ι
1397 2077 1472 2131 hall.“
1497 2077 1604 2126 ξυδίίηί
1617 2076 1795 2131 ’θρίηῖοηθιη
1814 2075 1909 2131 ςιυρδά

214 2136 346 2168 Irenaeus
355 2134 470 2165 animas
481 2133 536 2164 Dei
547 2132 707 2170 voluntate,
722 2142 781 2163 non
796 2142 850 2163 sua
863 2142 966 2165 natura
984 2135 1042 2166 im-

216 2180 357 2212 mortales
377 2188 443 2209 esse
458 2178 554 2209 docet.
578 2189 589 2205 ι
608 2176 864 2213 Quemadmodum
884 2179 963 2209 enim
980 2188 1043 2210 coa-

216 2227 290 2262 lum,
306 2223 412 2264 inquit,
430 2223 522 2263 lib.lt,
539 2231 563 2253 c.
579 2222 629 2260 34,
645 2231 676 2253 n.
689 2222 719 2262 2,
734 2225 763 2252 et
791 2222 914 2264 reliqua),
937 2223 1042 2261 stellae,

217 2274 247 2302 et
267 2269 367 2300 omnia
383 2272 559 2299 ornamenta
584 2268 728 2307 ipsorum,
745 2276 813 2297 cum
829 2274 898 2298 ante
913 2277 972 2299 non
993 2278 1043 2300 es-

218 2315 373 2353 sent,facta
392 2317 504 2349 sunt.et
518 2312 610 2343 multo
627 2316 762 2352 tempore
789 2319 980 2352 perseverant
995 2323 1044 2344 se-

217 2360 349 2392 cundum
365 2359 544 2389 voluntatem
560 2357 625 2397 Dei;
639 2357 680 2387 sic
697 2357 773 2387 etde
786 2356 952 2395 animabus,
966 2362 994 2389 et
1008 2358 1046 2389 de

217 2404 382 2446 spiritibus,
399 2407 428 2434 et
448 2403 567 2433 omnino
584 2402 621 2433 de
637 2401 777 2432 omnibus
799 2402 855 2439 his,
882 2411 948 2442 quae
968 2403 1045 2434 facta

219 2454 298 2488 sunt,
315 2450 447 2489 cogitans
463 2447 529 2487 quis
545 2447 667 2478 minime
683 2446 827 2486 peccabit.
845 2448 962 2487 quando
978 2458 1043 2479 om-

217 2494 357 2535 nia,quaa
371 2493 446 2523 facta
460 2495 538 2529 sunt,
562 2491 677 2522 initium
695 2490 814 2531 quidem
842 2491 960 2523 factum
983 2502 1044 2524 sua;

217 2539 355 2570 habeant.
385 2540 573 2575 perseverant
597 2540 697 2566 autem
713 2535 904 2576 quoadusque
918 2546 951 2567 ea
966 2536 1044 2569 Deus

218 2588 248 2615 et
258 2591 324 2615 esse
336 2590 366 2614 et
382 2589 574 2622 perseverare
585 2579 723 2611 voluerit.
744 2593 756 2607 ιι
771 2579 852 2616 Quod
863 2585 960 2611 autem
975 2591 1045 2622 spe-

219 2632 277 2661 ctat
291 2628 328 2660 ad
344 2627 422 2658 illam
438 2625 545 2657 animae
570 2629 709 2666 mortem,
723 2634 788 2665 quae
815 2634 849 2655 ex
871 2626 1002 2666 nequitia
1020 2631 1049 2659 et

259 2708 286 2731 ³³
299 2707 389 2748 Apoc.
408 2715 457 2747 xx,
477 2706 511 2738 14
527 2716 535 2744 ;
551 2713 615 2744 xxI,
629 2706 660 2737 8.
701 2705 734 2731 33
748 2704 835 2736 Rom.
855 2715 881 2743 v,
901 2706 949 2738 12.

1085 2122 1300 2162 ignorationem
1327 2122 1527 2153 damnationis
1541 2126 1661 2152 secutus
1676 2131 1741 2152 esse
1757 2127 1909 2151 auctorem

1085 2167 1249 2198 carminum
1261 2168 1293 2198 in
1308 2167 1501 2206 Marcianum,
1520 2166 1539 2198 Ι.
1557 2175 1576 2205 ι,
1594 2176 1609 2196 c
1625 2168 1654 2203 3;
1668 2166 1840 2200 EuSebium,
1856 2165 1908 2196 lib.

1083 2220 1113 2242 IV
1124 2211 1220 2249 Hist,
1232 2221 1259 2243 c.
1277 2212 1327 2249 18;
1344 2211 1543 2251 Epiphanium
1568 2211 1674 2241 haeres.
1699 2210 1750 2247 39;
1767 2209 1910 2242 lsidorum

1089 2256 1265 2287 Pelusiotam
1282 2257 1351 2287 libr.
1368 2264 1399 2294 ιι,
1413 2255 1500 2296 epist.
1512 2256 1563 2294 90;
1581 2254 1786 2286 ﬂicumenium
1805 2255 1833 2284 in
1846 2263 1911 2294 cap.

1088 2301 1156 2338 ult.,
1181 2301 1295 2340 [Petr.;
1322 2311 1376 2332 nec
1391 2301 1539 2332 immerito
1562 2301 1632 2331 inde
1653 2300 1736 2340 sequi
1763 2299 1913 2329 existimat

1088 2345 1142 2376 llos
1155 2347 1317 2386 scriptores
1342 2345 1450 2376 diaboli
1465 2345 1494 2376 iu
1516 2350 1625 2376 aeterno
1643 2344 1710 2383 igne
1723 2343 1868 2384 supplicia
1883 2343 1911 2374 in

1088 2395 1252 2421 extremum
1268 2391 1413 2431 judicium
1430 2390 1520 2421 dilata
1534 2390 1709 2421 credidisse.

1126 2448 1163 2480 At
1177 2449 1254 2489 quod
1269 2448 1374 2480 iisdem
1391 2448 1525 2479 Patribus
1540 2447 1674 2478 attribuit
1694 2447 1745 2478 lib.
1770 2455 1788 2481 ι,
1803 2456 1867 2486 cap.
1881 2450 1912 2487 8,

1087 2492 1345 2534 Dcemonemspem
1354 2492 1678 2524 nomtullumhabuissc
1686 2491 1856 2522 obtinendae
1865 2502 1916 2531 [scr

1087 2538 1238 2570 Christum
1255 2538 1411 2575 salutis,“
1424 2537 1587 2577 Epiphanio
1602 2536 1722 2576 quidem
1736 2535 1854 2566 attrihni
1867 2546 1914 2576 po-

1090 2588 1159 2622 test;
1174 2584 1202 2614 id
1219 2584 1296 2614 enim
1310 2587 1411 2624 aperte
1426 2582 1566 2618 declarat;
1583 2585 1611 2611 at
1628 2580 1737 2611 Justini
1750 2585 1780 2611 et
1801 2590 1913 2620 eorum,

1090 2629 1140 2669 qui
1166 2628 1246 2660 illius
1269 2628 1359 2659 verba
1382 2632 1432 2658 aut
1462 2626 1639 2666 retulerunt,
1675 2629 1705 2655 ut
1731 2624 1861 2656 Irenteus
1888 2632 1915 2657 et
