1961 3071
152 85 191 118 89

653 85 688 115 Ι).
712 83 863 115 ΜΑΜΝΙ
887 82 1100 114 ΡΗιΕΕΑΤῙΟ.
1120 101 1154 107 -ο
1180 85 1277 116 PARS
1299 85 1339 116 ΙΙ.

1808 82 1848 116 90

154 151 314 191 Eusebius,
336 156 387 183 aut
402 155 446 188 ut,
460 155 565 182 auctor
576 150 718 182 carminis
733 151 766 181 in
784 149 983 185 Marcionem,
996 152 1016 176 A
1027 148 1065 179 ad
1081 154 1247 181 extremum
1255 149 1399 190 judicium
1412 150 1626 191 rejiciunt,non
1639 149 1750 181 idcirco
1760 149 1848 180 vider

154 197 286 229 Isidorus
297 201 327 228 et
337 195 544 236 (Ecumenius,
571 195 673 227 imitati
703 200 782 232 sunt,
796 195 855 226 alia
871 194 986 225 videtur

106 249 115 265 ‘-
156 251 221 274 esse
235 241 421 273 causa.Hanc
434 242 512 272 enim
528 241 674 272 rationem
692 241 778 271 atl'ert
790 239 920 271 Irenazus
934 248 987 269 cur

114 308 118 311 -
155 286 275 318 diabolo
290 286 425 319 Justinus
450 285 582 317 nondum
595 286 632 316 de
648 294 701 316 sua
725 284 916 316 damnatione
932 294 985 316 ex-

125 344 129 354 ι
157 331 302 372 ploratum
314 330 405 363 fuisse
414 330 550 367 dixisset,
573 342 586 358 ι
604 330 741 371 quoniam
764 329 837 360 etin
864 328 987 370 parabo-

120 381 123 383 '
156 375 194 407 lis
208 379 234 407 et
249 375 399 415 allegoriis
414 385 431 406 a
447 374 601 416 prophetis
626 375 669 405 sic
695 374 732 405 de
747 383 782 405 eo
798 374 910 405 dictum
927 377 982 404 est.

156 422 226 452 Post
236 424 335 452 autem
351 420 507 452 adventum
523 419 642 450 Domini
652 428 687 450 ex
701 418 892 450 sermonibus
902 418 985 449 Chri-

156 466 194 496 sti
209 469 238 497 et
248 465 447 506 apostolorum
461 465 526 504 ejus
537 464 655 496 discens
668 464 832 501 manifeste,
845 463 984 504 quoniam

157 510 233 549 ignis
247 519 376 545 aeternus
392 511 418 541 ei
435 513 617 551 praeparatus
643 513 688 540 est
711 518 746 540 ex
767 518 820 540 sua
839 508 986 539 voluntate

160 554 330 586 abscedenti
346 564 362 586 a
378 556 449 591 Deo,
467 559 497 585 et
510 553 650 585 omnibus
665 553 714 594 qui
729 553 793 584 sine
814 553 986 593 paenitentia

161 604 351 640 perseverant
363 600 391 630 in
407 599 553 639 apostasia
567 609 572 628 :
592 607 646 638 per
658 598 830 638 hujusmodi
848 597 985 628 homines

159 644 345 684 blasphemat
367 653 436 674 eum
464 643 568 679 Deum,
585 641 635 683 qui
662 642 809 683 judicium
833 642 984 682 importat,

159 689 242 730 quasi
254 689 316 729 jam
341 688 566 724 condemnatus,
585 690 613 718 et
624 690 776 727 peccatum
793 696 854 717 suae
866 691 985 726 aposta—

159 733 209 763 siie
218 732 370 764 Conditori
386 742 438 764 suo
457 732 594 773 imputat,
606 736 638 762 et
654 741 712 762 non
729 741 790 762 suae
806 731 948 762 voluntati
959 734 988 761 et

159 777 315 809 sententiae
331 788 338 809 :
355 776 605 816 quemadmodum
618 780 646 806 et
657 776 706 816 qui
723 775 989 816 supergrediuntur

159 823 250 861 leges,
265 825 295 852 et
311 830 412 862 pinnas
427 821 508 857 dant,
526 824 692 861 queruntur
704 820 740 851 do
757 819 986 859 legislatoribus,

160 867 213 898 sed
231 876 290 897 non
314 866 351 897 de
371 866 549 905 semetipsis.
571 878 582 894 ι
600 865 722 896 Nullum
754 865 802 895 hic
831 864 988 904 vestigium

160 911 226 951 spei
240 911 270 941 in
285 911 433 943 Christum
445 909 615 950 Dominum;
640 909 857 940 dubitationem
875 910 989 939 Satanae

160 965 196 987 ac
206 956 294 986 sortis
308 965 370 986 sua:
385 955 622 995 ignoranlionem
648 963 684 985 ex
711 962 746 984 eo
772 953 891 994 repetit,
909 954 986 993 quod
1000 959 1019 984 Β

161 1000 242 1032 illius
251 999 458 1031 condemnatio
471 1008 527 1030 non
541 1003 600 1029 tam
613 1002 714 1039 aperte
723 998 753 1028 in
769 998 869 1030 Veteri
885 998 989 1029 Eesta—

164 1048 367 1085 mento,quam
383 1043 413 1074 in
429 1045 513 1076 Novo
524 1043 628 1073 fuisset
638 1041 887 1083 praedicata.Quin
899 1043 989 1073 etiam

163 1089 299 1121 Satanam
315 1088 446 1119 lrenaeus
458 1098 493 1119 eo
505 1087 636 1118 stultitiae
648 1087 795 1118 existimat
806 1087 988 1127 pervenisse,

162 1139 195 1166 ut
208 1136 301 1166 Deum
313 1134 405 1164 latere
419 1136 556 1165 tentaret.
575 1142 633 1163 nun
647 1141 700 1172 per
714 1131 857 1172 seipsum,
873 1132 924 1163 sed
937 1141 991 1173 per

162 1179 320 1211 haereticos
329 1177 577 1218 blasphemando.
599 1189 611 1205 (ε
630 1179 705 1208 Nam
720 1177 786 1217 ipse
811 1186 862 1216 per
876 1181 989 1208 semet-

164 1224 276 1265 ipsum,
293 1222 390 1264 inquit
406 1222 516 1254 ibidem
535 1221 676 1261 lrenwus,
709 1220 786 1252 unde
813 1231 871 1251 non
902 1221 992 1252 nudet

165 1268 375 1309 blasphemare
395 1276 480 1298 suum
505 1265 675 1303 Dominum,
699 1265 949 1305 quemadmodum
965 1270 994 1298 et

167 1313 255 1344 initio
273 1321 326 1354 per
346 1316 517 1352 serpentem
532 1310 649 1342 seduxit
664 1311 825 1347 hominem,
843 1311 927 1351 quasi
948 1311 993 1341 la-

166 1363 231 1389 tens
242 1356 348 1388 Deum.
364 1369 375 1385 ι
392 1357 550 1396 Nunquam
568 1364 638 1394 ergo
660 1355 790 1387 Justinus
811 1358 840 1385 et
866 1355 997 1387 Irenmus

166 1403 277 1443 opinati
294 1405 363 1432 sunt
377 1400 514 1432 Satanam
538 1409 674 1440 sperasse
700 1400 728 1430 in
754 1399 904 1431 Christum
920 1410 928 1437 ;
944 1400 996 1431 sed

169 1447 268 1488 potius
283 1455 428 1476 summam
453 1445 532 1476 illius
557 1444 710 1475 stultitiam
738 1449 875 1484 arguunt,
897 1445 948 1485 qui
964 1454 997 1475 se

167 1492 263 1524 Deum
279 1491 371 1521 latere
386 1499 472 1531 posse
485 1489 705 1520 existimaverit.
723 1488 807 1525 Quod
827 1493 924 1520 autem
941 1489 995 1520 de-

169 1537 231 1568 bita
246 1536 289 1567 illi
305 1535 384 1576 ignis
398 1534 543 1575 supplicia
553 1534 588 1564 ad
607 1538 770 1565 extremum
781 1534 927 1574 judicium
944 1543 995 1565 re-

165 1582 287 1622 jiciunt;
303 1581 381 1612 hanc
396 1579 567 1620 opinionem
586 1578 732 1618 Petavius,
751 1578 803 1610 lib.
820 1587 862 1616 tu,
882 1578 925 1609 De
935 1588 995 1609 un-

167 1627 255 1667 geh‘s,
272 1635 337 1666 cap.
351 1623 608 1664 4,5pectatissimis
619 1623 785 1663 quibusque
802 1623 1025 1660 Patribus,in-C

168 1675 214 1702 ter
226 1680 300 1711 quos
311 1677 470 1700 recensere
488 1672 601 1709 poterat
612 1667 756 1699 Hilarium
772 1668 801 1698 in
812 1669 998 1709 Psal.cxun,

170 1716 334 1757 probatam,
351 1723 368 1745 a
395 1714 425 1746 S.
438 1713 567 1745 Thomas
581 1713 646 1744 sine
669 1712 781 1744 erroris
797 1718 866 1744 nota
884 1723 999 1744 memo-

171 1765 265 1792 ratam
283 1764 312 1791 et
332 1769 350 1790 a
370 1759 510 1799 Caje’tano
534 1758 597 1789 sine
623 1757 735 1788 erroris
757 1758 884 1789 crimine
909 1759 1000 1789 fuisse

170 1809 384 1847 propugnatam
397 1802 560 1834 contendit.
578 1814 588 1829 ι
608 1803 749 1833 Veterum
761 1803 873 1843 opinio,
891 1802 997 1844 inquit,

169 1850 226 1882 etsi
243 1850 298 1880 hoc
313 1853 448 1889 tempore
462 1851 583 1887 recepta
599 1856 658 1877 non
684 1851 741 1882 est,
758 1847 830 1887 quia
849 1847 1000 1880 daemones

170 1894 370 1926 damnationis
382 1902 442 1924 sua;
453 1902 554 1933 poenas
563 1901 666 1923 omnes
679 1892 1000 1933 expendere,quaequi-

172 1941 242 1971 dem
258 1938 433 1970 essentiales
448 1942 601 1977 vocantur,
619 1937 748 1976 theologi
762 1937 824 1967 fere
840 1937 974 1968 sentiunt
992 1947 1000 1976 ;

172 1994 232 2015 non
247 1988 291 2014 est
306 1987 406 2013 tamen
424 1982 547 2018 erroris,
565 1981 675 2012 nedum
705 1981 824 2011 haeresis
853 1991 1000 2012 accusan-

171 2029 228 2059 dus
241 2028 290 2069 qui
303 2031 417 2058 assetat
432 2026 631 2061 diabolum.et
646 2026 711 2066 ejus
726 2026 997 2065 angelos,nondum

172 2077 305 2105 extremo
320 2082 354 2103 ac
369 2081 485 2102 summo
511 2071 654 2110 supplicio
682 2070 821 2107 cruciari,
847 2071 909 2102 sive
925 2071 1000 2111 ignis

171 2117 362 2150 efﬁcientiam
379 2115 518 2156 experiri,
533 2116 562 2145 iu
579 2125 635 2154 qua
648 2114 850 2146 damnationis
866 2115 998 2153 illorum,

171 2161 249 2204 quod
266 2162 300 2192 ad
317 2170 436 2191 sensum
460 2164 489 2191 et
513 2159 737 2200 perpessionem
755 2159 869 2197 attinet,
887 2169 1004 2190 summa

172 2206 336 2238 consistit.»
349 2205 428 2237 ldem
446 2205 482 2234 de
495 2204 635 2244 tlujetuno
648 2204 691 2235 sic
702 2205 1004 2244 loquiturnCajetani

171 2252 349 2282 sententiam
375 2249 529 2280 catholicae
561 2249 629 2278 lidei
657 2249 835 2279 contrariam
864 2258 922 2279 non
939 2258 1005 2279 esse

175 2300 289 2326 certum
311 2298 367 2326 est.
385 2293 457 2324 Nam
485 2303 581 2333 neque.
597 2293 761 2332 Scriptura,
785 2302 880 2333 neque
902 2294 1005 2324 conci-

173 2341 246 2371 lium
264 2340 354 2371 ulluin
370 2340 515 2370 hactenus
529 2338 633 2368 docuit
648 2338 800 2368 daemones
811 2341 942 2369 extrema
956 2339 1007 2369 illa

174 2385 322 2426 supplicia
343 2383 472 2425 perpeti,
489 2393 554 2423 quae
576 2387 676 2423 parata
692 2382 729 2412 iis
745 2391 810 2413 esse
838 2383 901 2423 ipse
914 2383 1006 2423 judex

171 2431 255 2462 dicit.
276 2429 387 2462 nUnde
416 2429 551 2460 eruditus
578 2438 700 2468 operum
729 2428 761 2460 S.
777 2429 881 2460 lrenaai
908 2430 1006 2461 editor

172 2476 207 2507 D.
221 2475 353 2506 Renatus
374 2476 514 2512 Massuet,
538 2473 658 2505 dissert.
675 2473 706 2512 3,
718 2481 775 2506 art.
793 2474 821 2508 9,
841 2479 958 2514 captum
975 2475 1004 2505 in

173 2521 328 2551 manifesta
341 2520 490 2551 calumnia
505 2519 645 2550 Grabium
659 2523 689 2548 et
703 2519 897 2549 constrictum
912 2523 1003 2556 tenet,

173 2566 336 2597 Romanam
360 2563 524 2595 Ecclesiam
548 2563 771 2603 reprehendere
793 2573 908 2600 ausum,
926 2565 1004 2605 quod

171 2614 205 2647 ut
222 2611 253 2641 iu
269 2610 351 2650 otiis,
369 2609 413 2640 ita
425 2612 452 2640 et
467 2609 538 2640 hinc
550 2619 568 2638 α
582 2612 759 2639 sanctorum
772 2608 910 2646 Patrum,
921 2610 1004 2650 ipso-

175 2663 303 2696 rumque
317 2655 368 2685 sui
380 2653 596 2692 fundator-um,
612 2653 694 2684 Petri
704 2656 733 2684 et
748 2652 1004 2690 Pouli,senteutia

165 2699 355 2740 'disoessert't.

208 2743 358 2777 Catio-um
389 2744 482 2775 sancti
509 2743 625 2781 Patres,
642 2742 713 2774 dum
730 2742 808 2783 ignis
822 2743 1003 2784 supplicium

1027 193 1138 225 debent
1151 195 1301 226 diabolum
1319 194 1437 225 interim
1455 195 1588 226 cruciatu
1605 195 1687 225 omni
1709 195 1854 225 eximere.

1028 238 1111 275 Quod
1128 239 1247 280 quidem
1270 247 1305 270 ex
1321 239 1367 270 his
1382 238 1413 270 S.
1430 238 1534 270 Hilarii
1560 239 1658 270 verbis
1688 239 1829 279 probatur
1845 248 1852 269 :

1030 296 1043 311 α
1060 283 1196 314 Adventu
1222 283 1301 315 enim
1318 283 1447 324 Domini,
1465 283 1561 325 inquit
1578 285 1607 315 in
1629 283 1734 324 psalm.
1751 291 1851 323 cxattt,

1028 328 1177 360 confracta
1192 333 1220 360 et
1231 329 1357 359 contrita
1372 328 1480 360 diaboli
1494 333 1624 369 potestas
1640 333 1766 365 est,cum
1785 325 1852 359 ﬁdei

1027 378 1197 404 sanctorum
1210 373 1363 405 hominum
1387 373 1539 413 subjectus
1553 379 1608 410 est,
1626 383 1685 404 non
1698 373 1775 414 quod
1793 382 1852 404 non

1026 418 1123 450 adhuc
1139 419 1278 458 potentiae
1304 427 1365 449 s'lae
1392 419 1536 449 maximas
1560 418 1667 450 habeat
1692 419 1781 458 vires,
1798 417 1850 448 sed

1026 472 1079 503 per
1093 463 1122 493 id
1139 463 1217 503 quod
1234 467 1383 503 utcunque
1395 463 1547 503 subjectus
1557 462 1771 503 est,praesentis
1782 462 1852 492 sub-

1022 507 1162 548 jectionis
1174 508 1345 538 conditione
1358 507 1499 539 ultioniet
1515 517 1609 548 poenae
1624 508 1760 546 legitimae
1775 516 1847 547 prae-

1027 557 1164 592 paratur:
1184 556 1213 583 ut
1224 562 1304 583 nunc
1320 563 1375 593 per
1389 553 1464 584 hanc
1482 553 1617 584 eamdem
1631 553 1845 593 subjoctionem

1027 602 1120 628 tactus
1138 598 1242 631 fumet.
1261 597 1330 629 licet
1355 598 1486 628 nondum
1501 603 1579 629 totus
1595 602 1698 629 uratur
1710 607 1717 629 :
1729 597 1780 628 sed
1799 605 1852 637 per

1026 641 1057 672 id
1072 642 1150 682 quod
1168 642 1286 673 interim
1304 643 1419 673 fumare
1440 643 1548 683 potuit,
1567 647 1596 673 et
1616 643 1662 673 uri
1678 651 1766 683 posse
1781 651 1852 672 nos-

1028 687 1141 718 cendus
1157 691 1212 717 est.
1228 700 1240 714 n
1259 686 1311 718 His
1335 687 1497 728 adjungere
1526 696 1683 727 possumus
1711 686 1789 727 quod
1814 685 1855 716 ait

1029 732 1108 762 idem
1134 731 1264 762 Hilarius
1289 731 1339 762 lib.
1354 737 1459 763 eontra
1477 732 1685 770 (fumantium,
1703 732 1775 767 n.8,
1791 730 1853 761 dte-

1030 785 1135 807 mones
1158 776 1193 806 ad
1215 781 1374 816 martyrum
1403 778 1576 808 veneranda
1600 785 1667 807 ossa
1681 776 1813 815 mugire,
1827 778 1856 805 et

1030 821 1151 852 urisine
1158 821 1370 862 ignibusrquod
1379 821 1498 862 quidem
1507 821 1590 853 multi
1600 821 1649 853 alii
1657 820 1770 859 antiqui
1781 819 1856 851 scri-

1032 870 1131 905 ptores
1146 865 1244 896 tesxati
1260 870 1339 901 sunt,
1357 871 1388 897 ut
1401 866 1525 897 eruditas
1545 867 1581 898 ad
1609 866 1686 897 hunc
1703 866 1735 898 S.
1752 864 1857 897 Hilarii

1031 910 1129 941 locum
1145 910 1351 942 adnotationes
1368 911 1506 951 probant.

1073 974 1121 1005 VI.
1139 974 1169 1005 S.
1198 979 1307 1016 martyr
1324 985 1508 1018 nequaquam
1531 980 1561 1007 ut
1577 975 1758 1012 daemonum,
1777 974 1816 1005 ita
1832 978 1863 1006 et

1032 1019 1176 1050 malorum
1206 1021 1361 1052 hominum
1385 1022 1531 1053 cruciatus
1548 1021 1578 1052 in
1594 1026 1757 1057 extremum
1770 1019 1853 1060 judi-

1031 1064 1108 1095 cium
1124 1065 1231 1104 rejicit.
1251 1065 1349 1098 Videri
1367 1070 1466 1099 tamen
1483 1071 1581 1107 posset
1590 1066 1715 1106 rejicere
1729 1065 1760 1096 in
1777 1063 1856 1096 testi-

1031 1109 1140 1140 moniis
1154 1119 1243 1150 supra
1256 1111 1364 1149 allatis,
1374 1111 1402 1141 in
1414 1111 1520 1152 quibus
1532 1111 1626 1142 malos
1640 1109 1778 1144 homines
1791 1117 1858 1140 cum

1031 1153 1216 1185 desinentibus
1232 1155 1386 1196 conjungit
1398 1155 1569 1195 etutrisque
1586 1159 1684 1196 parata
1699 1164 1765 1185 esse
1781 1153 1860 1192 ignis

1032 1198 1177 1239 supplicia
1192 1199 1337 1231 decernit.
1355 1201 1394 1232 At
1405 1200 1475 1231 alibi
1491 1201 1600 1231 diserte
1616 1200 1746 1231 declarat
1762 1198 1858 1230 malu-

1033 1253 1098 1274 rum
1114 1244 1228 1276 animas
1240 1245 1328 1276 modo
1340 1245 1535 1286 torqueri.Sic
1547 1244 1860 1285 loquiturinCo/tw't.’

1037 1298 1067 1319 n.
1084 1289 1124 1320 35
1141 1299 1148 1320 :
1169 1289 1266 1320 «Nihil
1279 1290 1357 1320 enim
1373 1290 1402 1321 in
1418 1291 1546 1330 majores
1561 1295 1672 1323 vestros
1689 1287 1859 1329 peccabitis.

1037 1333 1063 1365 si
1079 1342 1159 1365 utine
1177 1334 1207 1364 iu
1220 1335 1399 1365 contrariam
1417 1334 1534 1365 illorum
1551 1333 1646 1366 errori
1663 1338 1774 1374 partem
1791 1332 1862 1364 ferri

1040 1378 1146 1416 velitis;
1163 1379 1364 1419 quosquidem
1381 1379 1541 1410 verisimile
1555 1383 1688 1410 estnunc
1699 1378 1729 1410 in
1744 1377 1862 1409 inferno

1039 1432 1106 1454 sera
1117 1423 1290 1464 pmnitentia
1303 1424 1407 1455 ductos
1423 1424 1525 1464 lugere
1538 1436 1544 1462 ,
1557 1433 1590 1455 ac
1601 1423 1625 1454 si
1638 1423 1700 1458 ﬁeri
1717 1426 1816 1464 posset
1832 1426 1862 1452 ut

1039 1467 1109 1499 inde
1125 1468 1206 1499 vobis
1224 1468 1404 1504 nuntiarent.
1424 1479 1489 1509 quas
1501 1469 1558 1500 sibi
1586 1474 1650 1509 post
1667 1470 1755 1500 finem
1773 1468 1862 1507 hujus

1038 1512 1105 1544 vitae
1121 1518 1294 1549 evenerunt.
1319 1514 1484 1546 nosceretis
1507 1514 1641 1554 profecto
1668 1513 1786 1554 quantis
1811 1522 1861 1547 vos

1038 1557 1124 1588 malis
1137 1557 1277 1589 liberatos
1293 1558 1393 1589 velint.
1409 1572 1421 1586 ιι
1439 1560 1476 1590 Ει
1497 1559 1527 1589 in
1538 1559 1684 1600 Apologia
1701 1560 1729 1594 1,
1749 1567 1778 1588 n.
1798 1559 1833 1588 1'2
1853 1566 1859 1588 :

1041 1615 1052 1629 α
1067 1601 1159 1633 Vobis
1169 1607 1267 1634 autem
1283 1603 1434 1643 adjutores
1448 1604 1581 1635 omnium
1598 1603 1751 1638 hominum
1768 1602 1862 1633 maxi-

1043 1656 1089 1677 me
1101 1653 1129 1678 et
1140 1647 1286 1679 auxiliarii
1296 1648 1331 1679 ad
1342 1657 1444 1688 pacem
1456 1649 1624 1689 sumus,qui
1636 1649 1698 1679 haec
1709 1648 1862 1683 docemus,

1040 1692 1106 1724 ﬁeri
1122 1693 1244 1723 omnino
1261 1703 1318 1724 non
1337 1703 1432 1734 posse,
1447 1700 1478 1723 ut
1490 1694 1582 1726 Deum
1599 1693 1686 1727 lateat
1702 1692 1863 1729 maleﬁcus,

1041 1741 1090 1768 aut
1116 1746 1232 1778 avarus,
1249 1743 1299 1769 aut
1328 1738 1494 1776 insidiator,
1511 1742 1560 1770 aut
1589 1738 1691 1769 virtute
1713 1737 1863 1778 praeditus,

1042 1791 1076 1812 ac
1097 1791 1340 1823 unumquemque
1365 1783 1402 1814 ad
1419 1787 1562 1815 aeternum
1579 1782 1640 1813 sive
1656 1790 1786 1822 pumam,
1804 1781 1866 1811 sive

1042 1826 1167 1858 salutem
1179 1836 1231 1867 pro
1250 1827 1364 1858 meritis
1378 1829 1525 1858 actionum
1539 1827 1714 1867 proficiscia
1731 1827 1765 1857 Et
1781 1825 1864 1857 n20:

1043 1872 1134 1903 (Cum
1150 1876 1248 1903 autem
1263 1871 1431 1913 iniquorum
1449 1872 1562 1904 animas
1573 1871 1671 1913 puniri
1682 1870 1864 1903 sensuetiam

1044 1921 1109 1956 post
1124 1920 1248 1947 mortem
1261 1917 1399 1957 praeditas
1416 1917 1555 1954 dicimus,
1572 1917 1832 1950 bonorutuautem
1849 1924 1866 1945 ι

1041 1960 1197 2000 suppliciis
1208 1961 1347 1992 liberatas
1359 1963 1499 2002 praeclare
1520 1971 1552 1992 se
1577 1961 1700 2001 habere,
1717 1960 1820 1991 eadem
1831 1968 1866 1990 ac

1043 2009 1136 2044 poetze
1151 2009 1178 2036 et
1195 2006 1361 2046 philosophi
1376 2006 1475 2038 dicere
1486 2003 1865 2045 videbimur.aLiquetJus-

1043 2049 1136 2080 tinum
1162 2050 1200 2081 de
1229 2051 1393 2082 animarum
1423 2055 1491 2082 ante
1517 2050 1765 2082 resurrectionem
1790 2053 1866 2079 statu

1042 2103 1131 2132 agere
1142 2095 1264 2136 jamque
1274 2095 1392 2136 iniquo.»
1404 2095 1583 2126 cruciatibus
1591 2095 1726 2125 addictos
1738 2103 1866 2135 pronun-

1046 2138 1130 2170 tiare.
1149 2139 1197 2170 Sic
1212 2141 1299 2171 etiam
1316 2150 1405 2171 senex
1422 2140 1471 2171 ille
1486 2139 1769 2179 Christianus,cujus
1781 2138 1865 2169 testi—

1047 2183 1177 2214 tnouium
1194 2193 1283 2224 supra
1294 2185 1388 2221 attuli,
1407 2185 1548 2216 malorum
1565 2184 1718 2215 animasiu
1735 2184 1866 2214 deterio-

1046 2237 1079 2258 re
1096 2229 1159 2259 luco
1171 2229 1317 2269 judicium
1334 2229 1449 2260 dicebat
1468 2234 1652 2269 exspectare.
1667 2228 1866 2265 Quamobrem

1018 2274 1114 2303 Dcum
1131 2273 1173 2305 ait
1187 2273 1320 2305 Justinus
1336 2274 1428 2305 malos
1441 2274 1578 2306 homines
1596 2283 1662 2304 cum
1683 2273 1868 2304 daemonibus

1049 2318 1267 2357 postjudicium
1281 2323 1444 2350 extremum
1460 2323 1570 2350 aeterno
1586 2318 1645 2357 igni
1656 2318 1806 2350 addictum
1819 2317 1867 2356 iri,

1047 2362 1076 2392 id
1091 2363 1127 2394 de
1138 2373 1211 2394 novo
1226 2363 1275 2394 illo
1290 2368 1365 2395 statu
1381 2363 1600 2403 accipiendum,
1617 2363 1647 2394 in
1659 2373 1717 2404 quo
1730 2373 1788 2394 non
1806 2363 1866 2401 jam

1047 2406 1108 2437 sola
1128 2410 1236 2448 anima,
1260 2409 1312 2440 sed
1339 2409 1435 2449 ipsum
1460 2408 1547 2439 etiam
1563 2417 1671 2448 corpus
1688 2417 1754 2439 cum
1768 2407 1868 2438 anima

1047 2452 1244 2492 torquebitur.

1085 2520 1151 2560 Ipsa
1161 2521 1265 2552 Justini
1278 2521 1424 2552 sententia
1448 2521 1485 2551 de
1506 2525 1628 2552 venturo
1645 2521 1680 2552 ad
1698 2520 1867 2551 Antichris-

1047 2570 1106 2596 tum
1124 2566 1333 2596 debellandum
1352 2566 1519 2602 tlhristo,ac
1530 2566 1615 2597 illum
1627 2570 1654 2597 et
1663 2566 1830 2597 obedientes
1840 2565 1869 2594 ρὶ

1045 2612 1079 2642 in
1095 2615 1239 2651 stagnum
1256 2612 1347 2652 ignis,
1363 2616 1394 2641 ut
1405 2611 1445 2641 ait
1457 2610 1596 2651 lrenteus,
1614 2611 1666 2641 lib.
1679 2619 1720 2647 tv,
1733 2619 1797 2650 cap.
1817 2609 1867 2646 30,

1046 2656 1185 2692 missuro,
1208 2660 1383 2696 argumento
1406 2659 1452 2686 est
1479 2655 1561 2686 illum
1586 2655 1741 2695 agnovisse
1757 2654 1868 2685 inﬂicta

1046 2699 1131 2731 malis
1153 2701 1323 2732 hominibus
1342 2705 1411 2731 ante
1436 2704 1599 2732 extremum
1623 2700 1773 2741 judicium
1790 2697 1866 2738 ignis

1044 2744 1201 2786 supplicia.
