  <div class='ocr_page' id='page_1' title='image "/cluster/home/n/w/nwhite01/storage/ocr_20150623/6/njp.32101077772364/068.png"; bbox 0 0 1961 3071; ppageno 0'>
   <div class='ocr_carea' id='block_1_1' title="bbox 76 102 137 134">
    <p class='ocr_par' dir='ltr' id='par_1_1' title="bbox 76 102 137 134">
     <span class='ocr_line' id='line_1_1' title="bbox 76 102 137 134; baseline 0.016 -1"><span class='ocrx_word' id='word_1_1' title='bbox 76 102 137 134; x_wconf 81' lang='grc'><strong>105</strong></span> 
     </span>
    </p>
   </div>
   <div class='ocr_carea' id='block_1_2' title="bbox 561 103 1306 137">
    <p class='ocr_par' dir='ltr' id='par_1_2' title="bbox 561 103 1306 137">
     <span class='ocr_line' id='line_1_2' title="bbox 561 103 1306 137; baseline 0.003 -3"><span class='ocrx_word' id='word_1_2' title='bbox 561 103 596 135; x_wconf 91' lang='lat' dir='ltr'><strong>D.</strong></span> <span class='ocrx_word' id='word_1_3' title='bbox 622 103 773 137; x_wconf 84' lang='lat' dir='ltr'><strong>MARANI</strong></span> <span class='ocrx_word' id='word_1_4' title='bbox 795 103 1006 136; x_wconf 69' lang='lat' dir='ltr'><strong>PREFATIO.</strong></span> <span class='ocrx_word' id='word_1_5' title='bbox 1033 121 1070 128; x_wconf 86' lang='lat'><strong>—</strong></span> <span class='ocrx_word' id='word_1_6' title='bbox 1093 105 1200 137; x_wconf 77' lang='lat' dir='ltr'><strong>PARS.</strong></span> <span class='ocrx_word' id='word_1_7' title='bbox 1227 105 1280 136; x_wconf 91' lang='lat' dir='ltr'><strong>Ill.</strong></span> <span class='ocrx_word' id='word_1_8' title='bbox 1304 128 1306 130; x_wconf 57' lang='grc' dir='ltr'><strong><em>τ</em></strong></span> 
     </span>
    </p>
   </div>
   <div class='ocr_carea' id='block_1_3' title="bbox 1717 105 1773 137">
    <p class='ocr_par' dir='ltr' id='par_1_3' title="bbox 1717 105 1773 137">
     <span class='ocr_line' id='line_1_3' title="bbox 1717 105 1773 137; baseline 0 0"><span class='ocrx_word' id='word_1_9' title='bbox 1717 105 1773 137; x_wconf 83' lang='grc'><strong>106</strong></span> 
     </span>
    </p>
   </div>
   <div class='ocr_carea' id='block_1_4' title="bbox 74 170 1779 212">
    <p class='ocr_par' dir='ltr' id='par_1_4' title="bbox 74 170 1779 212">
     <span class='ocr_line' id='line_1_4' title="bbox 74 170 1779 212; baseline 0.002 -12"><span class='ocrx_word' id='word_1_10' title='bbox 74 171 205 210; x_wconf 76' lang='lat' dir='ltr'><strong>Gregorii</strong></span> <span class='ocrx_word' id='word_1_11' title='bbox 223 175 252 200; x_wconf 90' lang='lat' dir='ltr'><strong>et</strong></span> <span class='ocrx_word' id='word_1_12' title='bbox 267 170 431 207; x_wconf 78' lang='lat' dir='ltr'><strong>Ambrosii,</strong></span> <span class='ocrx_word' id='word_1_13' title='bbox 447 179 557 211; x_wconf 88' lang='lat' dir='ltr'><strong>eosque</strong></span> <span class='ocrx_word' id='word_1_14' title='bbox 572 171 613 201; x_wconf 89' lang='lat' dir='ltr'><strong>sic</strong></span> <span class='ocrx_word' id='word_1_15' title='bbox 628 171 798 212; x_wconf 79' lang='lat' dir='ltr'><strong>alloquitur:</strong></span> <span class='ocrx_word' id='word_1_16' title='bbox 815 183 824 199; x_wconf 76' lang='grc' dir='ltr'><strong>ιι</strong></span> <span class='ocrx_word' id='word_1_17' title='bbox 842 170 902 201; x_wconf 87' lang='grc' dir='ltr'><strong>Νο-</strong></span> <span class='ocrx_word' id='word_1_18' title='bbox 914 176 932 199; x_wconf 83' lang='grc' dir='ltr'>Α</span> <span class='ocrx_word' id='word_1_19' title='bbox 944 180 1048 202; x_wconf 90' lang='lat' dir='ltr'><strong>omnes</strong></span> <span class='ocrx_word' id='word_1_20' title='bbox 1058 172 1086 203; x_wconf 94' lang='lat' dir='ltr'><strong>in</strong></span> <span class='ocrx_word' id='word_1_21' title='bbox 1100 171 1271 203; x_wconf 81' lang='lat' dir='ltr'><strong>Creatorem</strong></span> <span class='ocrx_word' id='word_1_22' title='bbox 1287 181 1492 203; x_wconf 89' lang='lat' dir='ltr'><strong>umversorum</strong></span> <span class='ocrx_word' id='word_1_23' title='bbox 1508 173 1601 204; x_wconf 88' lang='lat' dir='ltr'><strong>Deum</strong></span> <span class='ocrx_word' id='word_1_24' title='bbox 1615 172 1779 210; x_wconf 79' lang='lat' dir='ltr'><strong>credimus,</strong></span> 
     </span>
    </p>
   </div>
   <div class='ocr_carea' id='block_1_5' title="bbox 74 215 904 256">
    <p class='ocr_par' dir='ltr' id='par_1_5' title="bbox 74 215 904 256">
     <span class='ocr_line' id='line_1_5' title="bbox 74 215 904 256; baseline 0 -10"><span class='ocrx_word' id='word_1_25' title='bbox 74 224 121 246; x_wconf 80' lang='lat' dir='ltr'><strong>vos</strong></span> <span class='ocrx_word' id='word_1_26' title='bbox 152 215 312 246; x_wconf 70' lang='lat' dir='ltr'><strong>hzereticos</strong></span> <span class='ocrx_word' id='word_1_27' title='bbox 341 225 390 245; x_wconf 90' lang='lat' dir='ltr'><strong>vos</strong></span> <span class='ocrx_word' id='word_1_28' title='bbox 421 215 541 256; x_wconf 82' lang='lat' dir='ltr'><strong>antiqua</strong></span> <span class='ocrx_word' id='word_1_29' title='bbox 556 215 701 246; x_wconf 89' lang='lat' dir='ltr'><strong>catholica</strong></span> <span class='ocrx_word' id='word_1_30' title='bbox 715 216 800 253; x_wconf 86' lang='lat' dir='ltr'><strong>ﬁdes,</strong></span> <span class='ocrx_word' id='word_1_31' title='bbox 818 225 904 256; x_wconf 79' lang='lat' dir='ltr'><strong>quam</strong></span> 
     </span>
    </p>
   </div>
   <div class='ocr_carea' id='block_1_6' title="bbox 75 260 906 301">
    <p class='ocr_par' dir='ltr' id='par_1_6' title="bbox 75 260 906 301">
     <span class='ocr_line' id='line_1_6' title="bbox 75 260 906 301; baseline 0 -11"><span class='ocrx_word' id='word_1_32' title='bbox 75 260 161 290; x_wconf 89' lang='lat' dir='ltr'><strong>modo</strong></span> <span class='ocrx_word' id='word_1_33' title='bbox 177 269 352 300; x_wconf 78' lang='lat' dir='ltr'><strong>oppugnare</strong></span> <span class='ocrx_word' id='word_1_34' title='bbox 368 260 512 299; x_wconf 65' lang='lat' dir='ltr'><strong>coepistis,</strong></span> <span class='ocrx_word' id='word_1_35' title='bbox 535 270 551 290; x_wconf 90' lang='lat' dir='ltr'><strong>a</strong></span> <span class='ocrx_word' id='word_1_36' title='bbox 584 260 829 301; x_wconf 62' lang='lat' dir='ltr'><strong>praeclarissimis,</strong></span> <span class='ocrx_word' id='word_1_37' title='bbox 858 261 906 301; x_wconf 92' lang='lat' dir='ltr'><strong>qui</strong></span> 
     </span>
    </p>
   </div>
   <div class='ocr_carea' id='block_1_7' title="bbox 74 304 904 345">
    <p class='ocr_par' dir='ltr' id='par_1_7' title="bbox 74 304 904 345">
     <span class='ocr_line' id='line_1_7' title="bbox 74 304 904 345; baseline -0.001 -11"><span class='ocrx_word' id='word_1_38' title='bbox 74 305 193 335; x_wconf 91' lang='lat' dir='ltr'><strong>fuerunt</strong></span> <span class='ocrx_word' id='word_1_39' title='bbox 201 309 270 335; x_wconf 88' lang='lat' dir='ltr'><strong>ante</strong></span> <span class='ocrx_word' id='word_1_40' title='bbox 280 304 519 345; x_wconf 86' lang='lat' dir='ltr'><strong>nos,doctoribus</strong></span> <span class='ocrx_word' id='word_1_41' title='bbox 527 305 904 345; x_wconf 69' lang='lat' dir='ltr'><strong>praedicatademonstrat.»</strong></span> 
     </span>
    </p>
   </div>
   <div class='ocr_carea' id='block_1_8' title="bbox 76 349 908 390">
    <p class='ocr_par' dir='ltr' id='par_1_8' title="bbox 76 349 908 390">
     <span class='ocr_line' id='line_1_8' title="bbox 76 349 908 390; baseline 0 -10"><span class='ocrx_word' id='word_1_42' title='bbox 76 349 135 388; x_wconf 86' lang='lat' dir='ltr'><strong>0p.</strong></span> <span class='ocrx_word' id='word_1_43' title='bbox 151 351 274 390; x_wconf 80' lang='lat' dir='ltr'><strong>imperf.</strong></span> <span class='ocrx_word' id='word_1_44' title='bbox 294 349 346 381; x_wconf 88' lang='lat' dir='ltr'><strong>lib.</strong></span> <span class='ocrx_word' id='word_1_45' title='bbox 364 359 382 387; x_wconf 90' lang='lat' dir='ltr'><strong>l,</strong></span> <span class='ocrx_word' id='word_1_46' title='bbox 402 359 432 381; x_wconf 92' lang='lat' dir='ltr'><strong>n.</strong></span> <span class='ocrx_word' id='word_1_47' title='bbox 446 350 474 381; x_wconf 88' lang='lat'><strong>9.</strong></span> <span class='ocrx_word' id='word_1_48' title='bbox 489 349 589 390; x_wconf 87' lang='lat' dir='ltr'><strong>Neque</strong></span> <span class='ocrx_word' id='word_1_49' title='bbox 601 359 670 389; x_wconf 84' lang='lat' dir='ltr'><strong>ergo</strong></span> <span class='ocrx_word' id='word_1_50' title='bbox 683 350 750 380; x_wconf 85' lang='lat' dir='ltr'><strong>nixa</strong></span> <span class='ocrx_word' id='word_1_51' title='bbox 761 350 848 380; x_wconf 91' lang='lat' dir='ltr'><strong>unius</strong></span> <span class='ocrx_word' id='word_1_52' title='bbox 859 355 908 380; x_wconf 87' lang='lat' dir='ltr'><strong>aut</strong></span> 
     </span>
    </p>
   </div>
   <div class='ocr_carea' id='block_1_9' title="bbox 74 394 908 426">
    <p class='ocr_par' dir='ltr' id='par_1_9' title="bbox 74 394 908 426">
     <span class='ocr_line' id='line_1_9' title="bbox 74 394 908 426; baseline 0.001 -2"><span class='ocrx_word' id='word_1_53' title='bbox 74 395 199 425; x_wconf 89' lang='lat' dir='ltr'><strong>alterius</strong></span> <span class='ocrx_word' id='word_1_54' title='bbox 208 395 338 425; x_wconf 88' lang='lat' dir='ltr'><strong>hominis</strong></span> <span class='ocrx_word' id='word_1_55' title='bbox 349 394 518 425; x_wconf 88' lang='lat' dir='ltr'><strong>testimonio</strong></span> <span class='ocrx_word' id='word_1_56' title='bbox 531 394 651 425; x_wconf 87' lang='lat' dir='ltr'><strong>traditio</strong></span> <span class='ocrx_word' id='word_1_57' title='bbox 659 394 807 425; x_wconf 85' lang='lat' dir='ltr'><strong>fundatam</strong></span> <span class='ocrx_word' id='word_1_58' title='bbox 821 395 908 426; x_wconf 84' lang='lat' dir='ltr'><strong>totius</strong></span> 
     </span>
    </p>
   </div>
   <div class='ocr_carea' id='block_1_10' title="bbox 75 437 910 479">
    <p class='ocr_par' dir='ltr' id='par_1_10' title="bbox 75 437 910 479">
     <span class='ocr_line' id='line_1_10' title="bbox 75 437 910 479; baseline 0.002 -11"><span class='ocrx_word' id='word_1_59' title='bbox 75 437 218 469; x_wconf 68' lang='lat' dir='ltr'><strong>Ecclesim</strong></span> <span class='ocrx_word' id='word_1_60' title='bbox 243 448 392 470; x_wconf 88' lang='lat' dir='ltr'><strong>consensu</strong></span> <span class='ocrx_word' id='word_1_61' title='bbox 416 439 605 470; x_wconf 78' lang='lat' dir='ltr'><strong>traditionem</strong></span> <span class='ocrx_word' id='word_1_62' title='bbox 625 439 768 479; x_wconf 83' lang='lat' dir='ltr'><strong>debilitat,</strong></span> <span class='ocrx_word' id='word_1_63' title='bbox 792 449 847 470; x_wconf 91' lang='lat' dir='ltr'><strong>nec</strong></span> <span class='ocrx_word' id='word_1_64' title='bbox 872 440 910 470; x_wconf 89' lang='lat' dir='ltr'><strong>de</strong></span> 
     </span>
    </p>
   </div>
   <div class='ocr_carea' id='block_1_11' title="bbox 76 484 907 524">
    <p class='ocr_par' dir='ltr' id='par_1_11' title="bbox 76 484 907 524">
     <span class='ocr_line' id='line_1_11' title="bbox 76 484 907 524; baseline 0 -10"><span class='ocrx_word' id='word_1_65' title='bbox 76 491 179 514; x_wconf 88' lang='lat' dir='ltr'><strong>eorum</strong></span> <span class='ocrx_word' id='word_1_66' title='bbox 198 484 345 523; x_wconf 85' lang='lat' dir='ltr'><strong>pondere,</strong></span> <span class='ocrx_word' id='word_1_67' title='bbox 359 493 424 524; x_wconf 70' lang='lat' dir='ltr'><strong>qua:</strong></span> <span class='ocrx_word' id='word_1_68' title='bbox 434 484 469 514; x_wconf 89' lang='lat' dir='ltr'><strong>ad</strong></span> <span class='ocrx_word' id='word_1_69' title='bbox 483 484 633 514; x_wconf 70' lang='lat' dir='ltr'><strong>catholicae</strong></span> <span class='ocrx_word' id='word_1_70' title='bbox 648 484 792 515; x_wconf 74' lang='lat' dir='ltr'><strong>doctrinae</strong></span> <span class='ocrx_word' id='word_1_71' title='bbox 803 484 907 516; x_wconf 86' lang='lat' dir='ltr'><strong>defen-</strong></span> 
     </span>
    </p>
   </div>
   <div class='ocr_carea' id='block_1_12' title="bbox 76 527 909 568">
    <p class='ocr_par' dir='ltr' id='par_1_12' title="bbox 76 527 909 568">
     <span class='ocr_line' id='line_1_12' title="bbox 76 527 909 568; baseline 0.002 -10"><span class='ocrx_word' id='word_1_72' title='bbox 76 527 190 558; x_wconf 85' lang='lat' dir='ltr'><strong>sionem</strong></span> <span class='ocrx_word' id='word_1_73' title='bbox 201 528 315 568; x_wconf 87' lang='lat' dir='ltr'><strong>antiqui</strong></span> <span class='ocrx_word' id='word_1_74' title='bbox 328 529 488 568; x_wconf 65' lang='lat' dir='ltr'><strong>scriptores</strong></span> <span class='ocrx_word' id='word_1_75' title='bbox 500 529 839 566; x_wconf 87' lang='lat' dir='ltr'><strong>docuerunt,detrahere</strong></span> <span class='ocrx_word' id='word_1_76' title='bbox 854 529 909 560; x_wconf 91' lang='lat' dir='ltr'><strong>de-</strong></span> 
     </span>
    </p>
   </div>
   <div class='ocr_carea' id='block_1_13' title="bbox 78 573 912 613">
    <p class='ocr_par' dir='ltr' id='par_1_13' title="bbox 78 573 912 613">
     <span class='ocr_line' id='line_1_13' title="bbox 78 573 912 613; baseline 0.002 -11"><span class='ocrx_word' id='word_1_77' title='bbox 78 573 124 603; x_wconf 91' lang='lat' dir='ltr'><strong>bet</strong></span> <span class='ocrx_word' id='word_1_78' title='bbox 140 573 207 604; x_wconf 84' lang='lat' dir='ltr'><strong>leve</strong></span> <span class='ocrx_word' id='word_1_79' title='bbox 223 574 339 613; x_wconf 86' lang='lat' dir='ltr'><strong>aliquod</strong></span> <span class='ocrx_word' id='word_1_80' title='bbox 356 573 386 603; x_wconf 90' lang='lat' dir='ltr'><strong>in</strong></span> <span class='ocrx_word' id='word_1_81' title='bbox 403 573 493 604; x_wconf 85' lang='lat' dir='ltr'><strong>rebus</strong></span> <span class='ocrx_word' id='word_1_82' title='bbox 502 574 635 605; x_wconf 88' lang='lat' dir='ltr'><strong>obscuris</strong></span> <span class='ocrx_word' id='word_1_83' title='bbox 651 574 912 611; x_wconf 86' lang='lat' dir='ltr'><strong>erratum,autmi-</strong></span> 
     </span>
    </p>
   </div>
   <div class='ocr_carea' id='block_1_14' title="bbox 76 617 909 658">
    <p class='ocr_par' dir='ltr' id='par_1_14' title="bbox 76 617 909 658">
     <span class='ocr_line' id='line_1_14' title="bbox 76 617 909 658; baseline 0.001 -11"><span class='ocrx_word' id='word_1_84' title='bbox 76 626 131 648; x_wconf 90' lang='lat' dir='ltr'><strong>nus</strong></span> <span class='ocrx_word' id='word_1_85' title='bbox 143 618 301 648; x_wconf 81' lang='lat' dir='ltr'><strong>Commoda</strong></span> <span class='ocrx_word' id='word_1_86' title='bbox 313 617 442 648; x_wconf 78' lang='lat' dir='ltr'><strong>difficilis</strong></span> <span class='ocrx_word' id='word_1_87' title='bbox 454 617 613 658; x_wconf 76' lang='lat' dir='ltr'><strong>Scripturze</strong></span> <span class='ocrx_word' id='word_1_88' title='bbox 625 618 682 649; x_wconf 91' lang='lat' dir='ltr'><strong>loci</strong></span> <span class='ocrx_word' id='word_1_89' title='bbox 693 618 909 658; x_wconf 88' lang='lat' dir='ltr'><strong>interpretatio.</strong></span> 
     </span>
    </p>
   </div>
   <div class='ocr_carea' id='block_1_15' title="bbox 115 662 910 703">
    <p class='ocr_par' dir='ltr' id='par_1_15' title="bbox 115 662 910 703">
     <span class='ocr_line' id='line_1_15' title="bbox 115 662 910 703; baseline 0 -10"><span class='ocrx_word' id='word_1_90' title='bbox 115 663 149 693; x_wconf 81' lang='lat'><strong>4°</strong></span> <span class='ocrx_word' id='word_1_91' title='bbox 165 663 196 694; x_wconf 91' lang='lat' dir='ltr'><strong>Si</strong></span> <span class='ocrx_word' id='word_1_92' title='bbox 212 663 282 703; x_wconf 87' lang='lat' dir='ltr'><strong>quid</strong></span> <span class='ocrx_word' id='word_1_93' title='bbox 299 663 394 694; x_wconf 82' lang='lat' dir='ltr'><strong>sancti</strong></span> <span class='ocrx_word' id='word_1_94' title='bbox 408 662 511 694; x_wconf 87' lang='lat' dir='ltr'><strong>Patres</strong></span> <span class='ocrx_word' id='word_1_95' title='bbox 526 664 623 693; x_wconf 91' lang='lat' dir='ltr'><strong>minus</strong></span> <span class='ocrx_word' id='word_1_96' title='bbox 635 663 791 694; x_wconf 90' lang='lat' dir='ltr'><strong>commode</strong></span> <span class='ocrx_word' id='word_1_97' title='bbox 803 673 910 694; x_wconf 87' lang='lat' dir='ltr'><strong>sense-</strong></span> 
     </span>
    </p>
   </div>
   <div class='ocr_carea' id='block_1_16' title="bbox 76 707 909 753">
    <p class='ocr_par' dir='ltr' id='par_1_16' title="bbox 76 707 909 753">
     <span class='ocr_line' id='line_1_16' title="bbox 76 707 909 753; baseline 0.001 -16"><span class='ocrx_word' id='word_1_98' title='bbox 76 707 135 737; x_wconf 84' lang='lat' dir='ltr'><strong>rint</strong></span> <span class='ocrx_word' id='word_1_99' title='bbox 150 711 199 737; x_wconf 87' lang='lat' dir='ltr'><strong>aut</strong></span> <span class='ocrx_word' id='word_1_100' title='bbox 220 707 369 753; x_wconf 76' lang='lat' dir='ltr'><strong>dixerint,</strong></span> <span class='ocrx_word' id='word_1_101' title='bbox 390 707 428 753; x_wconf 81' lang='lat' dir='ltr'><strong>id</strong></span> <span class='ocrx_word' id='word_1_102' title='bbox 443 717 539 748; x_wconf 89' lang='lat' dir='ltr'><strong>neque</strong></span> <span class='ocrx_word' id='word_1_103' title='bbox 555 707 703 739; x_wconf 58' lang='lat' dir='ltr'><strong>haereticis</strong></span> <span class='ocrx_word' id='word_1_104' title='bbox 720 708 794 753; x_wconf 81' lang='lat' dir='ltr'><strong>tradi</strong></span> <span class='ocrx_word' id='word_1_105' title='bbox 810 708 909 753; x_wconf 57' lang='lat' dir='ltr'><strong>debet,</strong></span> 
     </span>
    </p>
   </div>
   <div class='ocr_carea' id='block_1_17' title="bbox 76 752 913 793">
    <p class='ocr_par' dir='ltr' id='par_1_17' title="bbox 76 752 913 793">
     <span class='ocr_line' id='line_1_17' title="bbox 76 752 913 793; baseline 0.002 -12"><span class='ocrx_word' id='word_1_106' title='bbox 76 760 176 791; x_wconf 89' lang='lat' dir='ltr'><strong>neque</strong></span> <span class='ocrx_word' id='word_1_107' title='bbox 200 752 237 782; x_wconf 83' lang='lat' dir='ltr'><strong>ab</strong></span> <span class='ocrx_word' id='word_1_108' title='bbox 268 752 413 783; x_wconf 75' lang='lat' dir='ltr'><strong>haereticis</strong></span> <span class='ocrx_word' id='word_1_109' title='bbox 437 753 507 793; x_wconf 85' lang='lat' dir='ltr'><strong>jure</strong></span> <span class='ocrx_word' id='word_1_110' title='bbox 523 753 614 793; x_wconf 86' lang='lat' dir='ltr'><strong>arripi</strong></span> <span class='ocrx_word' id='word_1_111' title='bbox 632 758 738 792; x_wconf 87' lang='lat' dir='ltr'><strong>potest.</strong></span> <span class='ocrx_word' id='word_1_112' title='bbox 764 752 913 787; x_wconf 69' lang='lat' dir='ltr'><strong>Docuerat</strong></span> 
     </span>
    </p>
   </div>
   <div class='ocr_carea' id='block_1_18' title="bbox 77 796 911 837">
    <p class='ocr_par' dir='ltr' id='par_1_18' title="bbox 77 796 911 837">
     <span class='ocr_line' id='line_1_18' title="bbox 77 796 911 837; baseline 0.002 -11"><span class='ocrx_word' id='word_1_113' title='bbox 77 796 244 837; x_wconf 78' lang='lat' dir='ltr'><strong>Cyprianus</strong></span> <span class='ocrx_word' id='word_1_114' title='bbox 257 797 435 837; x_wconf 87' lang='lat' dir='ltr'><strong>baptismum</strong></span> <span class='ocrx_word' id='word_1_115' title='bbox 442 802 524 828; x_wconf 85' lang='lat' dir='ltr'><strong>extra</strong></span> <span class='ocrx_word' id='word_1_116' title='bbox 536 797 697 828; x_wconf 87' lang='lat' dir='ltr'><strong>Ecclesiam</strong></span> <span class='ocrx_word' id='word_1_117' title='bbox 711 797 839 828; x_wconf 88' lang='lat' dir='ltr'><strong>validum</strong></span> <span class='ocrx_word' id='word_1_118' title='bbox 853 807 911 828; x_wconf 89' lang='lat' dir='ltr'><strong>non</strong></span> 
     </span>
    </p>
   </div>
   <div class='ocr_carea' id='block_1_19' title="bbox 77 841 908 883">
    <p class='ocr_par' dir='ltr' id='par_1_19' title="bbox 77 841 908 883">
     <span class='ocr_line' id='line_1_19' title="bbox 77 841 908 883; baseline 0 -11"><span class='ocrx_word' id='word_1_119' title='bbox 77 850 156 872; x_wconf 85' lang='lat' dir='ltr'><strong>esse:</strong></span> <span class='ocrx_word' id='word_1_120' title='bbox 174 842 253 872; x_wconf 90' lang='lat' dir='ltr'><strong>idem</strong></span> <span class='ocrx_word' id='word_1_121' title='bbox 269 846 429 873; x_wconf 88' lang='lat' dir='ltr'><strong>senserunt</strong></span> <span class='ocrx_word' id='word_1_122' title='bbox 443 841 604 872; x_wconf 66' lang='lat' dir='ltr'><strong>Donatistae</strong></span> <span class='ocrx_word' id='word_1_123' title='bbox 614 846 643 873; x_wconf 85' lang='lat' dir='ltr'><strong>et</strong></span> <span class='ocrx_word' id='word_1_124' title='bbox 653 841 789 883; x_wconf 79' lang='lat' dir='ltr'><strong>Cypriani</strong></span> <span class='ocrx_word' id='word_1_125' title='bbox 800 852 908 873; x_wconf 82' lang='lat' dir='ltr'><strong>nomen</strong></span> 
     </span>
    </p>
   </div>
   <div class='ocr_carea' id='block_1_20' title="bbox 948 216 1779 258">
    <p class='ocr_par' dir='ltr' id='par_1_20' title="bbox 948 216 1779 258">
     <span class='ocr_line' id='line_1_20' title="bbox 948 216 1779 258; baseline 0.004 -13"><span class='ocrx_word' id='word_1_126' title='bbox 948 224 1002 255; x_wconf 89' lang='lat' dir='ltr'><strong>per</strong></span> <span class='ocrx_word' id='word_1_127' title='bbox 1015 225 1124 247; x_wconf 88' lang='lat' dir='ltr'><strong>nomen</strong></span> <span class='ocrx_word' id='word_1_128' title='bbox 1134 216 1323 256; x_wconf 84' lang='lat' dir='ltr'><strong>primogeniti</strong></span> <span class='ocrx_word' id='word_1_129' title='bbox 1336 217 1413 247; x_wconf 89' lang='lat' dir='ltr'><strong>illius</strong></span> <span class='ocrx_word' id='word_1_130' title='bbox 1422 217 1490 249; x_wconf 86' lang='lat' dir='ltr'><strong>Filii</strong></span> <span class='ocrx_word' id='word_1_131' title='bbox 1500 217 1628 248; x_wconf 88' lang='lat' dir='ltr'><strong>sordidis</strong></span> <span class='ocrx_word' id='word_1_132' title='bbox 1635 217 1779 258; x_wconf 83' lang='lat' dir='ltr'><strong>vestibus,</strong></span> 
     </span>
    </p>
   </div>
   <div class='ocr_carea' id='block_1_21' title="bbox 948 259 1778 302">
    <p class='ocr_par' dir='ltr' id='par_1_21' title="bbox 948 259 1778 302">
     <span class='ocr_line' id='line_1_21' title="bbox 948 259 1778 302; baseline 0.005 -12"><span class='ocrx_word' id='word_1_133' title='bbox 948 259 975 290; x_wconf 88' lang='lat' dir='ltr'><strong>id</strong></span> <span class='ocrx_word' id='word_1_134' title='bbox 995 265 1038 290; x_wconf 91' lang='lat' dir='ltr'><strong>est</strong></span> <span class='ocrx_word' id='word_1_135' title='bbox 1055 261 1195 300; x_wconf 83' lang='lat' dir='ltr'><strong>peccatis,</strong></span> <span class='ocrx_word' id='word_1_136' title='bbox 1208 262 1285 291; x_wconf 86' lang='lat' dir='ltr'><strong>exuti</strong></span> <span class='ocrx_word' id='word_1_137' title='bbox 1303 265 1331 292; x_wconf 91' lang='lat' dir='ltr'><strong>et</strong></span> <span class='ocrx_word' id='word_1_138' title='bbox 1341 270 1394 302; x_wconf 86' lang='lat' dir='ltr'><strong>per</strong></span> <span class='ocrx_word' id='word_1_139' title='bbox 1417 261 1537 292; x_wconf 79' lang='lat' dir='ltr'><strong>verbum</strong></span> <span class='ocrx_word' id='word_1_140' title='bbox 1551 262 1713 294; x_wconf 87' lang='lat' dir='ltr'><strong>vocationis</strong></span> <span class='ocrx_word' id='word_1_141' title='bbox 1730 263 1778 294; x_wconf 90' lang='lat' dir='ltr'><strong>in-</strong></span> 
     </span>
    </p>
   </div>
   <div class='ocr_carea' id='block_1_22' title="bbox 950 305 1776 346">
    <p class='ocr_par' dir='ltr' id='par_1_22' title="bbox 950 305 1776 346">
     <span class='ocr_line' id='line_1_22' title="bbox 950 305 1776 346; baseline 0.002 -12"><span class='ocrx_word' id='word_1_142' title='bbox 950 305 1101 343; x_wconf 81' lang='lat' dir='ltr'><strong>ﬂammati,</strong></span> <span class='ocrx_word' id='word_1_143' title='bbox 1119 315 1221 336; x_wconf 89' lang='lat' dir='ltr'><strong>verum</strong></span> <span class='ocrx_word' id='word_1_144' title='bbox 1237 315 1330 346; x_wconf 82' lang='lat' dir='ltr'><strong>genus</strong></span> <span class='ocrx_word' id='word_1_145' title='bbox 1352 306 1535 337; x_wconf 78' lang='lat' dir='ltr'><strong>sacerdotale</strong></span> <span class='ocrx_word' id='word_1_146' title='bbox 1563 307 1613 338; x_wconf 92' lang='lat' dir='ltr'><strong>Dei</strong></span> <span class='ocrx_word' id='word_1_147' title='bbox 1630 317 1743 339; x_wconf 86' lang='lat' dir='ltr'><strong>sumus.</strong></span> <span class='ocrx_word' id='word_1_148' title='bbox 1763 321 1776 336; x_wconf 84' lang='grc'><strong>››</strong></span> 
     </span>
    </p>
   </div>
   <div class='ocr_carea' id='block_1_23' title="bbox 949 348 1778 392">
    <p class='ocr_par' dir='ltr' id='par_1_23' title="bbox 949 348 1778 392">
     <span class='ocr_line' id='line_1_23' title="bbox 949 348 1778 392; baseline 0.006 -13"><span class='ocrx_word' id='word_1_149' title='bbox 949 348 1000 380; x_wconf 84' lang='lat' dir='ltr'><strong>His</strong></span> <span class='ocrx_word' id='word_1_150' title='bbox 1014 353 1113 380; x_wconf 88' lang='lat' dir='ltr'><strong>autem</strong></span> <span class='ocrx_word' id='word_1_151' title='bbox 1131 350 1240 388; x_wconf 86' lang='lat' dir='ltr'><strong>verbis,</strong></span> <span class='ocrx_word' id='word_1_152' title='bbox 1258 351 1354 382; x_wconf 75' lang='lat' dir='ltr'><strong>instar</strong></span> <span class='ocrx_word' id='word_1_153' title='bbox 1369 352 1461 383; x_wconf 80' lang='lat' dir='ltr'><strong>unius</strong></span> <span class='ocrx_word' id='word_1_154' title='bbox 1478 352 1621 392; x_wconf 73' lang='lat' dir='ltr'><strong>hominis,</strong></span> <span class='ocrx_word' id='word_1_155' title='bbox 1636 353 1778 384; x_wconf 86' lang='lat' dir='ltr'><strong>unitatem</strong></span> 
     </span>
    </p>
   </div>
   <div class='ocr_carea' id='block_1_24' title="bbox 951 394 1778 437">
    <p class='ocr_par' dir='ltr' id='par_1_24' title="bbox 951 394 1778 437">
     <span class='ocr_line' id='line_1_24' title="bbox 951 394 1778 437; baseline 0.005 -13"><span class='ocrx_word' id='word_1_156' title='bbox 951 394 1091 425; x_wconf 76' lang='lat' dir='ltr'><strong>Ecclesim</strong></span> <span class='ocrx_word' id='word_1_157' title='bbox 1107 395 1260 426; x_wconf 85' lang='lat' dir='ltr'><strong>catholicae</strong></span> <span class='ocrx_word' id='word_1_158' title='bbox 1273 395 1421 435; x_wconf 80' lang='lat' dir='ltr'><strong>designari</strong></span> <span class='ocrx_word' id='word_1_159' title='bbox 1436 405 1502 426; x_wconf 91' lang='lat' dir='ltr'><strong>cum</strong></span> <span class='ocrx_word' id='word_1_160' title='bbox 1517 405 1569 436; x_wconf 90' lang='lat' dir='ltr'><strong>per</strong></span> <span class='ocrx_word' id='word_1_161' title='bbox 1580 406 1612 427; x_wconf 89' lang='lat' dir='ltr'><strong>se</strong></span> <span class='ocrx_word' id='word_1_162' title='bbox 1623 401 1778 437; x_wconf 81' lang='lat' dir='ltr'><strong>patet,tum</strong></span> 
     </span>
    </p>
   </div>
   <div class='ocr_carea' id='block_1_25' title="bbox 951 439 1779 483">
    <p class='ocr_par' dir='ltr' id='par_1_25' title="bbox 951 439 1779 483">
     <span class='ocr_line' id='line_1_25' title="bbox 951 439 1779 483; baseline 0.007 -15"><span class='ocrx_word' id='word_1_163' title='bbox 951 448 984 468; x_wconf 86' lang='lat' dir='ltr'><strong>cx</strong></span> <span class='ocrx_word' id='word_1_164' title='bbox 1000 439 1067 470; x_wconf 83' lang='lat' dir='ltr'><strong>aliis</strong></span> <span class='ocrx_word' id='word_1_165' title='bbox 1083 440 1156 470; x_wconf 91' lang='lat' dir='ltr'><strong>locis</strong></span> <span class='ocrx_word' id='word_1_166' title='bbox 1172 440 1342 471; x_wconf 86' lang='lat' dir='ltr'><strong>conﬁrmari</strong></span> <span class='ocrx_word' id='word_1_167' title='bbox 1358 445 1466 481; x_wconf 81' lang='lat' dir='ltr'><strong>potest.</strong></span> <span class='ocrx_word' id='word_1_168' title='bbox 1484 441 1542 482; x_wconf 85' lang='lat' dir='ltr'><strong>Ait,</strong></span> <span class='ocrx_word' id='word_1_169' title='bbox 1561 451 1589 472; x_wconf 92' lang='lat' dir='ltr'><strong>n.</strong></span> <span class='ocrx_word' id='word_1_170' title='bbox 1606 443 1655 480; x_wconf 71' lang='lat'><strong>4‘2,</strong></span> <span class='ocrx_word' id='word_1_171' title='bbox 1675 452 1779 483; x_wconf 89' lang='lat' dir='ltr'><strong>pravos</strong></span> 
     </span>
    </p>
   </div>
   <div class='ocr_carea' id='block_1_26' title="bbox 952 483 1779 524">
    <p class='ocr_par' dir='ltr' id='par_1_26' title="bbox 952 483 1779 524">
     <span class='ocr_line' id='line_1_26' title="bbox 952 483 1779 524; baseline 0.006 -11"><span class='ocrx_word' id='word_1_172' title='bbox 952 483 1088 514; x_wconf 88' lang='lat' dir='ltr'><strong>homines</strong></span> <span class='ocrx_word' id='word_1_173' title='bbox 1105 489 1260 524; x_wconf 82' lang='lat' dir='ltr'><strong>postquam</strong></span> <span class='ocrx_word' id='word_1_174' title='bbox 1272 484 1388 515; x_wconf 87' lang='lat' dir='ltr'><strong>Christo</strong></span> <span class='ocrx_word' id='word_1_175' title='bbox 1397 485 1537 516; x_wconf 86' lang='lat' dir='ltr'><strong>submissi</strong></span> <span class='ocrx_word' id='word_1_176' title='bbox 1549 495 1577 516; x_wconf 82' lang='lat' dir='ltr'><strong>et</strong></span> <span class='ocrx_word' id='word_1_177' title='bbox 1589 486 1701 518; x_wconf 87' lang='lat' dir='ltr'><strong>dociles</strong></span> <span class='ocrx_word' id='word_1_178' title='bbox 1711 487 1779 518; x_wconf 89' lang='lat' dir='ltr'><strong>facti</strong></span> 
     </span>
    </p>
   </div>
   <div class='ocr_carea' id='block_1_27' title="bbox 952 529 1777 571">
    <p class='ocr_par' dir='ltr' id='par_1_27' title="bbox 952 529 1777 571">
     <span class='ocr_line' id='line_1_27' title="bbox 952 529 1777 571; baseline 0.005 -13"><span class='ocrx_word' id='word_1_179' title='bbox 952 532 1134 565; x_wconf 71' lang='lat' dir='ltr'><strong>sunt,nmnes</strong></span> <span class='ocrx_word' id='word_1_180' title='bbox 1140 529 1239 560; x_wconf 70' lang='lat' dir='ltr'><strong>instar</strong></span> <span class='ocrx_word' id='word_1_181' title='bbox 1245 530 1338 560; x_wconf 80' lang='lat' dir='ltr'><strong>unius</strong></span> <span class='ocrx_word' id='word_1_182' title='bbox 1345 530 1441 570; x_wconf 75' lang='lat' dir='ltr'><strong>puelli</strong></span> <span class='ocrx_word' id='word_1_183' title='bbox 1449 530 1547 569; x_wconf 79' lang='lat' dir='ltr'><strong>factos</strong></span> <span class='ocrx_word' id='word_1_184' title='bbox 1557 540 1666 571; x_wconf 56' lang='grc' dir='ltr'><strong>αυεβα</strong></span> <span class='ocrx_word' id='word_1_185' title='bbox 1675 531 1758 562; x_wconf 88' lang='lat' dir='ltr'><strong>addit</strong></span> <span class='ocrx_word' id='word_1_186' title='bbox 1770 542 1777 562; x_wconf 91' lang='lat'><strong>:</strong></span> 
     </span>
    </p>
   </div>
   <div class='ocr_carea' id='block_1_28' title="bbox 955 573 1778 615">
    <p class='ocr_par' dir='ltr' id='par_1_28' title="bbox 955 573 1778 615">
     <span class='ocr_line' id='line_1_28' title="bbox 955 573 1778 615; baseline 0.006 -13"><span class='ocrx_word' id='word_1_187' title='bbox 955 585 968 600; x_wconf 77' lang='grc' dir='ltr'>α</span> <span class='ocrx_word' id='word_1_188' title='bbox 987 573 1079 609; x_wconf 79' lang='lat' dir='ltr'><strong>Quale</strong></span> <span class='ocrx_word' id='word_1_189' title='bbox 1095 578 1139 604; x_wconf 91' lang='lat' dir='ltr'><strong>est</strong></span> <span class='ocrx_word' id='word_1_190' title='bbox 1149 574 1361 614; x_wconf 83' lang='lat' dir='ltr'><strong>etiamquodin</strong></span> <span class='ocrx_word' id='word_1_191' title='bbox 1377 584 1502 615; x_wconf 86' lang='lat' dir='ltr'><strong>corpore</strong></span> <span class='ocrx_word' id='word_1_192' title='bbox 1513 575 1613 606; x_wconf 67' lang='lat' dir='ltr'><strong>videre</strong></span> <span class='ocrx_word' id='word_1_193' title='bbox 1626 575 1778 614; x_wconf 89' lang='lat' dir='ltr'><strong>licet,cum</strong></span> 
     </span>
    </p>
   </div>
   <div class='ocr_carea' id='block_1_29' title="bbox 954 617 1780 656">
    <p class='ocr_par' dir='ltr' id='par_1_29' title="bbox 954 617 1780 656">
     <span class='ocr_line' id='line_1_29' title="bbox 954 617 1780 656; baseline 0.007 -10"><span class='ocrx_word' id='word_1_194' title='bbox 954 617 1046 647; x_wconf 86' lang='lat' dir='ltr'><strong>multa</strong></span> <span class='ocrx_word' id='word_1_195' title='bbox 1065 618 1198 648; x_wconf 74' lang='lat' dir='ltr'><strong>uiembra</strong></span> <span class='ocrx_word' id='word_1_196' title='bbox 1219 623 1426 656; x_wconf 87' lang='lat' dir='ltr'><strong>numerentur,</strong></span> <span class='ocrx_word' id='word_1_197' title='bbox 1444 620 1543 650; x_wconf 86' lang='lat' dir='ltr'><strong>omnia</strong></span> <span class='ocrx_word' id='word_1_198' title='bbox 1559 630 1649 651; x_wconf 92' lang='lat' dir='ltr'><strong>unum</strong></span> <span class='ocrx_word' id='word_1_199' title='bbox 1666 625 1735 652; x_wconf 90' lang='lat' dir='ltr'><strong>sunt</strong></span> <span class='ocrx_word' id='word_1_200' title='bbox 1749 625 1780 652; x_wconf 90' lang='lat' dir='ltr'><strong>et</strong></span> 
     </span>
    </p>
   </div>
   <div class='ocr_carea' id='block_1_30' title="bbox 954 663 1780 703">
    <p class='ocr_par' dir='ltr' id='par_1_30' title="bbox 954 663 1780 703">
     <span class='ocr_line' id='line_1_30' title="bbox 954 663 1780 703; baseline 0.006 -11"><span class='ocrx_word' id='word_1_201' title='bbox 954 666 1094 693; x_wconf 83' lang='lat' dir='ltr'><strong>vocantur</strong></span> <span class='ocrx_word' id='word_1_202' title='bbox 1109 672 1229 702; x_wconf 87' lang='lat' dir='ltr'><strong>corpus.</strong></span> <span class='ocrx_word' id='word_1_203' title='bbox 1250 677 1262 691; x_wconf 75' lang='grc' dir='ltr'><strong><em>ο</em></strong></span> <span class='ocrx_word' id='word_1_204' title='bbox 1280 663 1392 694; x_wconf 88' lang='lat' dir='ltr'><strong>Eadem</strong></span> <span class='ocrx_word' id='word_1_205' title='bbox 1405 663 1442 694; x_wconf 91' lang='lat' dir='ltr'><strong>de</strong></span> <span class='ocrx_word' id='word_1_206' title='bbox 1458 665 1652 703; x_wconf 80' lang='lat' dir='ltr'><strong>causa,n.63,</strong></span> <span class='ocrx_word' id='word_1_207' title='bbox 1670 666 1780 697; x_wconf 88' lang='lat' dir='ltr'><strong>Eccle-</strong></span> 
     </span>
    </p>
   </div>
   <div class='ocr_carea' id='block_1_31' title="bbox 954 707 1779 752">
    <p class='ocr_par' dir='ltr' id='par_1_31' title="bbox 954 707 1779 752">
     <span class='ocr_line' id='line_1_31' title="bbox 954 707 1779 752; baseline 0.006 -15"><span class='ocrx_word' id='word_1_208' title='bbox 954 707 1025 738; x_wconf 89' lang='lat' dir='ltr'><strong>siam</strong></span> <span class='ocrx_word' id='word_1_209' title='bbox 1039 707 1068 738; x_wconf 91' lang='lat' dir='ltr'><strong>in</strong></span> <span class='ocrx_word' id='word_1_210' title='bbox 1082 708 1193 747; x_wconf 87' lang='lat' dir='ltr'><strong>psalmo</strong></span> <span class='ocrx_word' id='word_1_211' title='bbox 1204 716 1271 739; x_wconf 82' lang='lat' dir='ltr'><strong>xuv</strong></span> <span class='ocrx_word' id='word_1_212' title='bbox 1282 708 1325 739; x_wconf 91' lang='lat' dir='ltr'><strong>sic</strong></span> <span class='ocrx_word' id='word_1_213' title='bbox 1339 708 1509 748; x_wconf 86' lang='lat' dir='ltr'><strong>compellari</strong></span> <span class='ocrx_word' id='word_1_214' title='bbox 1524 709 1670 741; x_wconf 87' lang='lat' dir='ltr'><strong>observat:</strong></span> <span class='ocrx_word' id='word_1_215' title='bbox 1682 712 1779 752; x_wconf 79' lang='lat' dir='ltr'><strong>Audi,</strong></span> 
     </span>
    </p>
   </div>
   <div class='ocr_carea' id='block_1_32' title="bbox 953 752 1780 793">
    <p class='ocr_par' dir='ltr' id='par_1_32' title="bbox 953 752 1780 793">
     <span class='ocr_line' id='line_1_32' title="bbox 953 752 1780 793; baseline 0.004 -10"><span class='ocrx_word' id='word_1_216' title='bbox 953 753 1031 792; x_wconf 79' lang='lat' dir='ltr'><strong>ﬁlia,</strong></span> <span class='ocrx_word' id='word_1_217' title='bbox 1049 756 1079 783; x_wconf 80' lang='lat' dir='ltr'><strong>et</strong></span> <span class='ocrx_word' id='word_1_218' title='bbox 1091 752 1169 783; x_wconf 82' lang='lat' dir='ltr'><strong>vide.</strong></span> <span class='ocrx_word' id='word_1_219' title='bbox 1183 752 1265 784; x_wconf 87' lang='lat' dir='ltr'><strong>Adeo</strong></span> <span class='ocrx_word' id='word_1_220' title='bbox 1277 758 1372 783; x_wconf 89' lang='lat' dir='ltr'><strong>autem</strong></span> <span class='ocrx_word' id='word_1_221' title='bbox 1386 753 1571 793; x_wconf 87' lang='lat' dir='ltr'><strong>exploratum</strong></span> <span class='ocrx_word' id='word_1_222' title='bbox 1588 759 1651 786; x_wconf 86' lang='lat' dir='ltr'><strong>erat</strong></span> <span class='ocrx_word' id='word_1_223' title='bbox 1664 755 1780 787; x_wconf 82' lang='lat' dir='ltr'><strong>Justino</strong></span> 
     </span>
    </p>
   </div>
   <div class='ocr_carea' id='block_1_33' title="bbox 955 798 1782 839">
    <p class='ocr_par' dir='ltr' id='par_1_33' title="bbox 955 798 1782 839">
     <span class='ocr_line' id='line_1_33' title="bbox 955 798 1782 839; baseline 0.005 -12"><span class='ocrx_word' id='word_1_224' title='bbox 955 806 1010 828; x_wconf 87' lang='lat' dir='ltr'><strong>nec</strong></span> <span class='ocrx_word' id='word_1_225' title='bbox 1021 799 1162 829; x_wconf 76' lang='lat' dir='ltr'><strong>unitatem</strong></span> <span class='ocrx_word' id='word_1_226' title='bbox 1174 798 1317 829; x_wconf 63' lang='lat' dir='ltr'><strong>Ecclesia!</strong></span> <span class='ocrx_word' id='word_1_227' title='bbox 1325 798 1423 838; x_wconf 91' lang='lat' dir='ltr'><strong>rumpi</strong></span> <span class='ocrx_word' id='word_1_228' title='bbox 1441 808 1599 839; x_wconf 85' lang='lat' dir='ltr'><strong>posse,nec</strong></span> <span class='ocrx_word' id='word_1_229' title='bbox 1609 800 1744 831; x_wconf 81' lang='lat' dir='ltr'><strong>traditam</strong></span> <span class='ocrx_word' id='word_1_230' title='bbox 1753 801 1782 831; x_wconf 91' lang='lat' dir='ltr'><strong>ei</strong></span> 
     </span>
    </p>
   </div>
   <div class='ocr_carea' id='block_1_34' title="bbox 954 843 1780 884">
    <p class='ocr_par' dir='ltr' id='par_1_34' title="bbox 954 843 1780 884">
     <span class='ocr_line' id='line_1_34' title="bbox 954 843 1780 884; baseline 0.005 -12"><span class='ocrx_word' id='word_1_231' title='bbox 954 843 1108 873; x_wconf 87' lang='lat' dir='ltr'><strong>veritatem</strong></span> <span class='ocrx_word' id='word_1_232' title='bbox 1125 843 1161 873; x_wconf 91' lang='lat' dir='ltr'><strong>ab</strong></span> <span class='ocrx_word' id='word_1_233' title='bbox 1176 852 1277 874; x_wconf 87' lang='lat' dir='ltr'><strong>errore</strong></span> <span class='ocrx_word' id='word_1_234' title='bbox 1289 843 1469 883; x_wconf 87' lang='lat' dir='ltr'><strong>superari,ut</strong></span> <span class='ocrx_word' id='word_1_235' title='bbox 1483 853 1667 884; x_wconf 82' lang='lat' dir='ltr'><strong>quaecunque</strong></span> <span class='ocrx_word' id='word_1_236' title='bbox 1679 845 1780 876; x_wconf 91' lang='lat' dir='ltr'><strong>orian-</strong></span> 
     </span>
    </p>
   </div>
   <div class='ocr_carea' id='block_1_35' title="bbox 75 879 1782 930">
    <p class='ocr_par' dir='ltr' id='par_1_35' title="bbox 75 879 1782 930">
     <span class='ocr_line' id='line_1_35' title="bbox 75 879 1782 930; baseline 0.003 -14"><span class='ocrx_word' id='word_1_237' title='bbox 75 887 190 917; x_wconf 89' lang='lat' dir='ltr'><strong>erroris</strong></span> <span class='ocrx_word' id='word_1_238' title='bbox 202 887 247 917; x_wconf 91' lang='lat' dir='ltr'><strong>sui</strong></span> <span class='ocrx_word' id='word_1_239' title='bbox 264 887 514 927; x_wconf 79' lang='lat' dir='ltr'><strong>propugnaculum</strong></span> <span class='ocrx_word' id='word_1_240' title='bbox 532 896 598 918; x_wconf 88' lang='lat' dir='ltr'><strong>esse</strong></span> <span class='ocrx_word' id='word_1_241' title='bbox 613 879 779 918; x_wconf 74' lang='lat' dir='ltr'><strong>voltierunt.</strong></span> <span class='ocrx_word' id='word_1_242' title='bbox 792 887 849 918; x_wconf 84' lang='lat' dir='ltr'><strong>Sed</strong></span> <span class='ocrx_word' id='word_1_243' title='bbox 862 891 906 917; x_wconf 90' lang='lat' dir='ltr'><strong>ta-</strong></span> <span class='ocrx_word' id='word_1_244' title='bbox 920 879 938 904; x_wconf 66' lang='grc' dir='ltr'>Β</span> <span class='ocrx_word' id='word_1_245' title='bbox 951 891 997 917; x_wconf 88' lang='lat' dir='ltr'><strong>tur</strong></span> <span class='ocrx_word' id='word_1_246' title='bbox 1017 892 1114 924; x_wconf 81' lang='lat' dir='ltr'><strong>sectae,</strong></span> <span class='ocrx_word' id='word_1_247' title='bbox 1130 888 1183 918; x_wconf 89' lang='lat' dir='ltr'><strong>has</strong></span> <span class='ocrx_word' id='word_1_248' title='bbox 1193 879 1348 918; x_wconf 83' lang='lat' dir='ltr'><strong>catholicis</strong></span> <span class='ocrx_word' id='word_1_249' title='bbox 1363 879 1586 920; x_wconf 76' lang='lat' dir='ltr'><strong>nonmetuendi</strong></span> <span class='ocrx_word' id='word_1_250' title='bbox 1597 879 1782 930; x_wconf 81' lang='lat' dir='ltr'><strong>eihacrendi,</strong></span> 
     </span>
    </p>
   </div>
   <div class='ocr_carea' id='block_1_36' title="bbox 77 931 909 972">
    <p class='ocr_par' dir='ltr' id='par_1_36' title="bbox 77 931 909 972">
     <span class='ocr_line' id='line_1_36' title="bbox 77 931 909 972; baseline 0.001 -11"><span class='ocrx_word' id='word_1_251' title='bbox 77 940 147 962; x_wconf 91' lang='lat' dir='ltr'><strong>men</strong></span> <span class='ocrx_word' id='word_1_252' title='bbox 165 932 196 963; x_wconf 90' lang='lat' dir='ltr'><strong>S.</strong></span> <span class='ocrx_word' id='word_1_253' title='bbox 215 931 352 972; x_wconf 79' lang='lat' dir='ltr'><strong>martyris</strong></span> <span class='ocrx_word' id='word_1_254' title='bbox 368 932 566 963; x_wconf 89' lang='lat' dir='ltr'><strong>testimonium</strong></span> <span class='ocrx_word' id='word_1_255' title='bbox 591 932 777 971; x_wconf 81' lang='lat' dir='ltr'><strong>Augustinus</strong></span> <span class='ocrx_word' id='word_1_256' title='bbox 792 932 909 972; x_wconf 85' lang='lat' dir='ltr'><strong>eripere</strong></span> 
     </span>
    </p>
   </div>
   <div class='ocr_carea' id='block_1_37' title="bbox 76 976 908 1017">
    <p class='ocr_par' dir='ltr' id='par_1_37' title="bbox 76 976 908 1017">
     <span class='ocr_line' id='line_1_37' title="bbox 76 976 908 1017; baseline 0.001 -10"><span class='ocrx_word' id='word_1_257' title='bbox 76 976 241 1007; x_wconf 84' lang='lat' dir='ltr'><strong>Donatistis</strong></span> <span class='ocrx_word' id='word_1_258' title='bbox 257 986 316 1007; x_wconf 91' lang='lat' dir='ltr'><strong>non</strong></span> <span class='ocrx_word' id='word_1_259' title='bbox 332 977 456 1011; x_wconf 89' lang='lat' dir='ltr'><strong>dubitat,</strong></span> <span class='ocrx_word' id='word_1_260' title='bbox 471 981 500 1007; x_wconf 90' lang='lat' dir='ltr'><strong>et</strong></span> <span class='ocrx_word' id='word_1_261' title='bbox 525 977 688 1008; x_wconf 87' lang='lat' dir='ltr'><strong>secundum</strong></span> <span class='ocrx_word' id='word_1_262' title='bbox 704 978 745 1007; x_wconf 77' lang='lat' dir='ltr'><strong>De</strong></span> <span class='ocrx_word' id='word_1_263' title='bbox 761 977 908 1017; x_wconf 62' lang='lat' dir='ltr'><strong>baptismo</strong></span> 
     </span>
    </p>
   </div>
   <div class='ocr_carea' id='block_1_38' title="bbox 75 1020 905 1062">
    <p class='ocr_par' dir='ltr' id='par_1_38' title="bbox 75 1020 905 1062">
     <span class='ocr_line' id='line_1_38' title="bbox 75 1020 905 1062; baseline 0.001 -11"><span class='ocrx_word' id='word_1_264' title='bbox 75 1020 187 1052; x_wconf 90' lang='lat' dir='ltr'><strong>librum</strong></span> <span class='ocrx_word' id='word_1_265' title='bbox 200 1022 243 1052; x_wconf 90' lang='lat' dir='ltr'><strong>sic</strong></span> <span class='ocrx_word' id='word_1_266' title='bbox 257 1022 438 1054; x_wconf 70' lang='lat' dir='ltr'><strong>exorditurza</strong></span> <span class='ocrx_word' id='word_1_267' title='bbox 452 1021 602 1058; x_wconf 87' lang='lat' dir='ltr'><strong>Quantum</strong></span> <span class='ocrx_word' id='word_1_268' title='bbox 619 1031 671 1062; x_wconf 88' lang='lat' dir='ltr'><strong>pro</strong></span> <span class='ocrx_word' id='word_1_269' title='bbox 688 1021 784 1057; x_wconf 82' lang='lat' dir='ltr'><strong>nobis,</strong></span> <span class='ocrx_word' id='word_1_270' title='bbox 799 1022 905 1062; x_wconf 89' lang='lat' dir='ltr'><strong>inquit,</strong></span> 
     </span>
    </p>
   </div>
   <div class='ocr_carea' id='block_1_39' title="bbox 75 1066 905 1107">
    <p class='ocr_par' dir='ltr' id='par_1_39' title="bbox 75 1066 905 1107">
     <span class='ocr_line' id='line_1_39' title="bbox 75 1066 905 1107; baseline 0 -11"><span class='ocrx_word' id='word_1_271' title='bbox 75 1066 134 1096; x_wconf 89' lang='lat' dir='ltr'><strong>hoc</strong></span> <span class='ocrx_word' id='word_1_272' title='bbox 150 1071 196 1097; x_wconf 87' lang='lat' dir='ltr'><strong>est</strong></span> <span class='ocrx_word' id='word_1_273' title='bbox 209 1076 260 1106; x_wconf 89' lang='lat' dir='ltr'><strong>pro</strong></span> <span class='ocrx_word' id='word_1_274' title='bbox 273 1076 344 1107; x_wconf 87' lang='lat' dir='ltr'><strong>pace</strong></span> <span class='ocrx_word' id='word_1_275' title='bbox 357 1067 502 1098; x_wconf 72' lang='lat' dir='ltr'><strong>catholica</strong></span> <span class='ocrx_word' id='word_1_276' title='bbox 514 1067 621 1097; x_wconf 83' lang='lat' dir='ltr'><strong>faciant</strong></span> <span class='ocrx_word' id='word_1_277' title='bbox 633 1076 678 1103; x_wconf 87' lang='lat' dir='ltr'><strong>ea,</strong></span> <span class='ocrx_word' id='word_1_278' title='bbox 690 1076 755 1107; x_wconf 77' lang='lat' dir='ltr'><strong>quae</strong></span> <span class='ocrx_word' id='word_1_279' title='bbox 766 1071 905 1106; x_wconf 81' lang='lat' dir='ltr'><strong>tanquam</strong></span> 
     </span>
    </p>
   </div>
   <div class='ocr_carea' id='block_1_40' title="bbox 76 1111 908 1152">
    <p class='ocr_par' dir='ltr' id='par_1_40' title="bbox 76 1111 908 1152">
     <span class='ocr_line' id='line_1_40' title="bbox 76 1111 908 1152; baseline 0.001 -11"><span class='ocrx_word' id='word_1_280' title='bbox 76 1120 113 1141; x_wconf 83' lang='lat' dir='ltr'><strong>ex</strong></span> <span class='ocrx_word' id='word_1_281' title='bbox 130 1111 306 1142; x_wconf 84' lang='lat' dir='ltr'><strong>auctoritate</strong></span> <span class='ocrx_word' id='word_1_282' title='bbox 328 1112 406 1142; x_wconf 88' lang='lat' dir='ltr'><strong>beati</strong></span> <span class='ocrx_word' id='word_1_283' title='bbox 423 1111 557 1152; x_wconf 79' lang='lat' dir='ltr'><strong>Cypriani</strong></span> <span class='ocrx_word' id='word_1_284' title='bbox 573 1113 713 1142; x_wconf 88' lang='lat' dir='ltr'><strong>adversus</strong></span> <span class='ocrx_word' id='word_1_285' title='bbox 727 1121 780 1141; x_wconf 92' lang='lat' dir='ltr'><strong>nos</strong></span> <span class='ocrx_word' id='word_1_286' title='bbox 796 1121 811 1142; x_wconf 88' lang='lat' dir='ltr'><strong>a</strong></span> <span class='ocrx_word' id='word_1_287' title='bbox 828 1116 908 1151; x_wconf 86' lang='lat' dir='ltr'><strong>parte</strong></span> 
     </span>
    </p>
   </div>
   <div class='ocr_carea' id='block_1_41' title="bbox 78 1155 907 1196">
    <p class='ocr_par' dir='ltr' id='par_1_41' title="bbox 78 1155 907 1196">
     <span class='ocr_line' id='line_1_41' title="bbox 78 1155 907 1196; baseline -0.001 -10"><span class='ocrx_word' id='word_1_288' title='bbox 78 1156 185 1186; x_wconf 87' lang='lat' dir='ltr'><strong>Donati</strong></span> <span class='ocrx_word' id='word_1_289' title='bbox 210 1157 408 1196; x_wconf 87' lang='lat' dir='ltr'><strong>proferuntur,</strong></span> <span class='ocrx_word' id='word_1_290' title='bbox 427 1160 456 1187; x_wconf 91' lang='lat' dir='ltr'><strong>et</strong></span> <span class='ocrx_word' id='word_1_291' title='bbox 470 1160 612 1196; x_wconf 91' lang='lat' dir='ltr'><strong>quantum</strong></span> <span class='ocrx_word' id='word_1_292' title='bbox 629 1156 687 1186; x_wconf 87' lang='lat' dir='ltr'><strong>sint</strong></span> <span class='ocrx_word' id='word_1_293' title='bbox 701 1155 842 1187; x_wconf 87' lang='lat' dir='ltr'><strong>adversus</strong></span> <span class='ocrx_word' id='word_1_294' title='bbox 857 1165 907 1186; x_wconf 84' lang='lat' dir='ltr'><strong>eos</strong></span> 
     </span>
    </p>
   </div>
   <div class='ocr_carea' id='block_1_42' title="bbox 75 1200 908 1242">
    <p class='ocr_par' dir='ltr' id='par_1_42' title="bbox 75 1200 908 1242">
     <span class='ocr_line' id='line_1_42' title="bbox 75 1200 908 1242; baseline 0.001 -12"><span class='ocrx_word' id='word_1_295' title='bbox 75 1210 92 1231; x_wconf 87' lang='lat' dir='ltr'><strong>a</strong></span> <span class='ocrx_word' id='word_1_296' title='bbox 115 1201 226 1241; x_wconf 90' lang='lat' dir='ltr'><strong>quibus</strong></span> <span class='ocrx_word' id='word_1_297' title='bbox 241 1201 441 1242; x_wconf 84' lang='lat' dir='ltr'><strong>proferuntur,</strong></span> <span class='ocrx_word' id='word_1_298' title='bbox 459 1201 615 1241; x_wconf 89' lang='lat' dir='ltr'><strong>adjuvante</strong></span> <span class='ocrx_word' id='word_1_299' title='bbox 630 1200 767 1241; x_wconf 82' lang='lat' dir='ltr'><strong>Domino,</strong></span> <span class='ocrx_word' id='word_1_300' title='bbox 785 1201 908 1231; x_wconf 83' lang='lat' dir='ltr'><strong>demon-</strong></span> 
     </span>
    </p>
   </div>
   <div class='ocr_carea' id='block_1_43' title="bbox 76 1245 909 1286">
    <p class='ocr_par' dir='ltr' id='par_1_43' title="bbox 76 1245 909 1286">
     <span class='ocr_line' id='line_1_43' title="bbox 76 1245 909 1286; baseline 0.001 -11"><span class='ocrx_word' id='word_1_301' title='bbox 76 1250 174 1276; x_wconf 87' lang='lat' dir='ltr'><strong>strare</strong></span> <span class='ocrx_word' id='word_1_302' title='bbox 191 1246 343 1286; x_wconf 88' lang='lat' dir='ltr'><strong>proposui.</strong></span> <span class='ocrx_word' id='word_1_303' title='bbox 363 1259 376 1274; x_wconf 73' lang='grc' dir='ltr'><strong><em>ι</em></strong></span> <span class='ocrx_word' id='word_1_304' title='bbox 395 1246 424 1277; x_wconf 85' lang='lat' dir='ltr'><strong>Si</strong></span> <span class='ocrx_word' id='word_1_305' title='bbox 439 1246 506 1286; x_wconf 84' lang='lat' dir='ltr'><strong>quis</strong></span> <span class='ocrx_word' id='word_1_306' title='bbox 534 1246 626 1285; x_wconf 78' lang='lat' dir='ltr'><strong>igitur</strong></span> <span class='ocrx_word' id='word_1_307' title='bbox 641 1250 739 1286; x_wconf 87' lang='lat' dir='ltr'><strong>spreto</strong></span> <span class='ocrx_word' id='word_1_308' title='bbox 768 1245 909 1276; x_wconf 65' lang='lat' dir='ltr'><strong>Ecclesiae</strong></span> 
     </span>
    </p>
   </div>
   <div class='ocr_carea' id='block_1_44' title="bbox 77 1290 908 1330">
    <p class='ocr_par' dir='ltr' id='par_1_44' title="bbox 77 1290 908 1330">
     <span class='ocr_line' id='line_1_44' title="bbox 77 1290 908 1330; baseline 0 -10"><span class='ocrx_word' id='word_1_309' title='bbox 77 1300 229 1321; x_wconf 90' lang='lat' dir='ltr'><strong>consensu</strong></span> <span class='ocrx_word' id='word_1_310' title='bbox 245 1291 274 1322; x_wconf 90' lang='lat' dir='ltr'><strong>id</strong></span> <span class='ocrx_word' id='word_1_311' title='bbox 288 1300 367 1322; x_wconf 88' lang='lat' dir='ltr'><strong>nunc</strong></span> <span class='ocrx_word' id='word_1_312' title='bbox 377 1291 538 1322; x_wconf 76' lang='lat' dir='ltr'><strong>defendere</strong></span> <span class='ocrx_word' id='word_1_313' title='bbox 548 1290 664 1327; x_wconf 79' lang='lat' dir='ltr'><strong>audeat,</strong></span> <span class='ocrx_word' id='word_1_314' title='bbox 677 1290 754 1330; x_wconf 92' lang='lat' dir='ltr'><strong>quod</strong></span> <span class='ocrx_word' id='word_1_315' title='bbox 769 1290 840 1320; x_wconf 91' lang='lat' dir='ltr'><strong>olim</strong></span> <span class='ocrx_word' id='word_1_316' title='bbox 854 1291 908 1321; x_wconf 71' lang='grc' dir='ltr'><strong>ιυ-</strong></span> 
     </span>
    </p>
   </div>
   <div class='ocr_carea' id='block_1_45' title="bbox 78 1335 909 1375">
    <p class='ocr_par' dir='ltr' id='par_1_45' title="bbox 78 1335 909 1375">
     <span class='ocr_line' id='line_1_45' title="bbox 78 1335 909 1375; baseline 0 -10"><span class='ocrx_word' id='word_1_317' title='bbox 78 1335 177 1365; x_wconf 89' lang='lat' dir='ltr'><strong>stinus</strong></span> <span class='ocrx_word' id='word_1_318' title='bbox 193 1336 231 1366; x_wconf 88' lang='lat' dir='ltr'><strong>de</strong></span> <span class='ocrx_word' id='word_1_319' title='bbox 245 1345 339 1375; x_wconf 83' lang='lat' dir='ltr'><strong>regno</strong></span> <span class='ocrx_word' id='word_1_320' title='bbox 357 1336 437 1367; x_wconf 88' lang='lat' dir='ltr'><strong>mille</strong></span> <span class='ocrx_word' id='word_1_321' title='bbox 452 1345 597 1366; x_wconf 90' lang='lat' dir='ltr'><strong>annorum</strong></span> <span class='ocrx_word' id='word_1_322' title='bbox 615 1335 750 1375; x_wconf 85' lang='lat' dir='ltr'><strong>opinatus</strong></span> <span class='ocrx_word' id='word_1_323' title='bbox 768 1339 822 1372; x_wconf 91' lang='lat' dir='ltr'><strong>est,</strong></span> <span class='ocrx_word' id='word_1_324' title='bbox 840 1335 909 1365; x_wconf 91' lang='lat' dir='ltr'><strong>huic</strong></span> 
     </span>
    </p>
   </div>
   <div class='ocr_carea' id='block_1_46' title="bbox 80 1380 909 1419">
    <p class='ocr_par' dir='ltr' id='par_1_46' title="bbox 80 1380 909 1419">
     <span class='ocr_line' id='line_1_46' title="bbox 80 1380 909 1419; baseline 0 -9"><span class='ocrx_word' id='word_1_325' title='bbox 80 1380 207 1411; x_wconf 77' lang='lat' dir='ltr'><strong>maxime</strong></span> <span class='ocrx_word' id='word_1_326' title='bbox 222 1381 425 1411; x_wconf 72' lang='lat' dir='ltr'><strong>atlversabitur</strong></span> <span class='ocrx_word' id='word_1_327' title='bbox 437 1380 584 1417; x_wconf 87' lang='lat' dir='ltr'><strong>Justinus,</strong></span> <span class='ocrx_word' id='word_1_328' title='bbox 601 1380 647 1411; x_wconf 90' lang='lat' dir='ltr'><strong>cui</strong></span> <span class='ocrx_word' id='word_1_329' title='bbox 663 1382 745 1411; x_wconf 85' lang='lat' dir='ltr'><strong>tanto</strong></span> <span class='ocrx_word' id='word_1_330' title='bbox 760 1380 790 1410; x_wconf 94' lang='lat' dir='ltr'><strong>in</strong></span> <span class='ocrx_word' id='word_1_331' title='bbox 815 1380 909 1419; x_wconf 84' lang='lat' dir='ltr'><strong>pretio</strong></span> 
     </span>
    </p>
   </div>
   <div class='ocr_carea' id='block_1_47' title="bbox 78 1424 909 1465">
    <p class='ocr_par' dir='ltr' id='par_1_47' title="bbox 78 1424 909 1465">
     <span class='ocr_line' id='line_1_47' title="bbox 78 1424 909 1465; baseline 0 -11"><span class='ocrx_word' id='word_1_332' title='bbox 78 1424 132 1455; x_wconf 88' lang='lat' dir='ltr'><strong>fuit</strong></span> <span class='ocrx_word' id='word_1_333' title='bbox 148 1425 291 1456; x_wconf 65' lang='lat' dir='ltr'><strong>Ecclesiae</strong></span> <span class='ocrx_word' id='word_1_334' title='bbox 305 1426 476 1457; x_wconf 85' lang='lat' dir='ltr'><strong>auctoritas.</strong></span> <span class='ocrx_word' id='word_1_335' title='bbox 493 1424 644 1465; x_wconf 83' lang='lat' dir='ltr'><strong>Quidquid</strong></span> <span class='ocrx_word' id='word_1_336' title='bbox 674 1424 752 1455; x_wconf 90' lang='lat' dir='ltr'><strong>enim</strong></span> <span class='ocrx_word' id='word_1_337' title='bbox 770 1424 806 1454; x_wconf 90' lang='lat' dir='ltr'><strong>de</strong></span> <span class='ocrx_word' id='word_1_338' title='bbox 822 1424 909 1455; x_wconf 84' lang='lat' dir='ltr'><strong>Chri-</strong></span> 
     </span>
    </p>
   </div>
   <div class='ocr_carea' id='block_1_48' title="bbox 80 1469 908 1509">
    <p class='ocr_par' dir='ltr' id='par_1_48' title="bbox 80 1469 908 1509">
     <span class='ocr_line' id='line_1_48' title="bbox 80 1469 908 1509; baseline -0.001 -9"><span class='ocrx_word' id='word_1_339' title='bbox 80 1470 183 1500; x_wconf 70' lang='lat' dir='ltr'><strong>stiana:</strong></span> <span class='ocrx_word' id='word_1_340' title='bbox 196 1470 349 1509; x_wconf 80' lang='lat' dir='ltr'><strong>religionis</strong></span> <span class='ocrx_word' id='word_1_341' title='bbox 379 1470 562 1501; x_wconf 89' lang='lat' dir='ltr'><strong>ornamentis</strong></span> <span class='ocrx_word' id='word_1_342' title='bbox 589 1473 617 1500; x_wconf 91' lang='lat' dir='ltr'><strong>et</strong></span> <span class='ocrx_word' id='word_1_343' title='bbox 644 1469 729 1500; x_wconf 90' lang='lat' dir='ltr'><strong>donis</strong></span> <span class='ocrx_word' id='word_1_344' title='bbox 758 1469 908 1509; x_wconf 69' lang='lat' dir='ltr'><strong>praedicat,</strong></span> 
     </span>
    </p>
   </div>
   <div class='ocr_carea' id='block_1_49' title="bbox 80 1515 911 1554">
    <p class='ocr_par' dir='ltr' id='par_1_49' title="bbox 80 1515 911 1554">
     <span class='ocr_line' id='line_1_49' title="bbox 80 1515 911 1554; baseline -0.001 -9"><span class='ocrx_word' id='word_1_345' title='bbox 80 1515 225 1554; x_wconf 79' lang='lat' dir='ltr'><strong>quidquid</strong></span> <span class='ocrx_word' id='word_1_346' title='bbox 243 1524 310 1545; x_wconf 87' lang='lat' dir='ltr'><strong>eum</strong></span> <span class='ocrx_word' id='word_1_347' title='bbox 327 1515 364 1545; x_wconf 88' lang='lat' dir='ltr'><strong>de</strong></span> <span class='ocrx_word' id='word_1_348' title='bbox 379 1515 569 1545; x_wconf 86' lang='lat' dir='ltr'><strong>distinctione</strong></span> <span class='ocrx_word' id='word_1_349' title='bbox 582 1515 646 1544; x_wconf 67' lang='lat' dir='ltr'><strong>novi</strong></span> <span class='ocrx_word' id='word_1_350' title='bbox 658 1517 686 1544; x_wconf 89' lang='lat' dir='ltr'><strong>et</strong></span> <span class='ocrx_word' id='word_1_351' title='bbox 701 1515 809 1544; x_wconf 89' lang='lat' dir='ltr'><strong>veteris</strong></span> <span class='ocrx_word' id='word_1_352' title='bbox 823 1518 911 1544; x_wconf 82' lang='lat' dir='ltr'><strong>testa-</strong></span> 
     </span>
    </p>
   </div>
   <div class='ocr_carea' id='block_1_50' title="bbox 949 931 1781 974">
    <p class='ocr_par' dir='ltr' id='par_1_50' title="bbox 949 931 1781 974">
     <span class='ocr_line' id='line_1_50' title="bbox 949 931 1781 974; baseline 0.005 -12"><span class='ocrx_word' id='word_1_353' title='bbox 949 931 1001 962; x_wconf 89' lang='lat' dir='ltr'><strong>sed</strong></span> <span class='ocrx_word' id='word_1_354' title='bbox 1013 932 1127 963; x_wconf 93' lang='lat' dir='ltr'><strong>ﬁrmius</strong></span> <span class='ocrx_word' id='word_1_355' title='bbox 1143 937 1172 963; x_wconf 90' lang='lat' dir='ltr'><strong>et</strong></span> <span class='ocrx_word' id='word_1_356' title='bbox 1186 932 1286 963; x_wconf 83' lang='lat' dir='ltr'><strong>acrius</strong></span> <span class='ocrx_word' id='word_1_357' title='bbox 1301 931 1331 962; x_wconf 93' lang='lat' dir='ltr'><strong>in</strong></span> <span class='ocrx_word' id='word_1_358' title='bbox 1348 932 1406 963; x_wconf 87' lang='lat' dir='ltr'><strong>ﬁde</strong></span> <span class='ocrx_word' id='word_1_359' title='bbox 1437 937 1466 963; x_wconf 90' lang='lat' dir='ltr'><strong>et</strong></span> <span class='ocrx_word' id='word_1_360' title='bbox 1492 933 1604 965; x_wconf 90' lang='lat' dir='ltr'><strong>unitate</strong></span> <span class='ocrx_word' id='word_1_361' title='bbox 1629 935 1781 974; x_wconf 88' lang='lat' dir='ltr'><strong>perstandi</strong></span> 
     </span>
    </p>
   </div>
   <div class='ocr_carea' id='block_1_51' title="bbox 949 977 1781 1020">
    <p class='ocr_par' dir='ltr' id='par_1_51' title="bbox 949 977 1781 1020">
     <span class='ocr_line' id='line_1_51' title="bbox 949 977 1781 1020; baseline 0.005 -14"><span class='ocrx_word' id='word_1_362' title='bbox 949 977 1135 1008; x_wconf 84' lang='lat' dir='ltr'><strong>occasionem</strong></span> <span class='ocrx_word' id='word_1_363' title='bbox 1152 986 1218 1007; x_wconf 91' lang='lat' dir='ltr'><strong>esse</strong></span> <span class='ocrx_word' id='word_1_364' title='bbox 1229 977 1370 1008; x_wconf 87' lang='lat' dir='ltr'><strong>declaret.</strong></span> <span class='ocrx_word' id='word_1_365' title='bbox 1393 989 1403 1006; x_wconf 79' lang='grc' dir='ltr'>ι</span> <span class='ocrx_word' id='word_1_366' title='bbox 1423 977 1464 1008; x_wconf 86' lang='lat' dir='ltr'><strong>Ex</strong></span> <span class='ocrx_word' id='word_1_367' title='bbox 1489 987 1524 1009; x_wconf 92' lang='lat' dir='ltr'><strong>eo</strong></span> <span class='ocrx_word' id='word_1_368' title='bbox 1551 979 1652 1018; x_wconf 88' lang='lat' dir='ltr'><strong>etiam,</strong></span> <span class='ocrx_word' id='word_1_369' title='bbox 1685 980 1781 1020; x_wconf 91' lang='lat' dir='ltr'><strong>inquit</strong></span> 
     </span>
    </p>
   </div>
   <div class='ocr_carea' id='block_1_52' title="bbox 953 1020 1782 1064">
    <p class='ocr_par' dir='ltr' id='par_1_52' title="bbox 953 1020 1782 1064">
     <span class='ocr_line' id='line_1_52' title="bbox 953 1020 1782 1064; baseline 0.005 -13"><span class='ocrx_word' id='word_1_370' title='bbox 953 1020 1072 1061; x_wconf 82' lang='lat' dir='ltr'><strong>Dialog.</strong></span> <span class='ocrx_word' id='word_1_371' title='bbox 1083 1031 1113 1052; x_wconf 94' lang='lat' dir='ltr'><strong>n.</strong></span> <span class='ocrx_word' id='word_1_372' title='bbox 1126 1021 1174 1058; x_wconf 82' lang='lat'><strong>35,</strong></span> <span class='ocrx_word' id='word_1_373' title='bbox 1186 1021 1264 1062; x_wconf 89' lang='lat' dir='ltr'><strong>quod</strong></span> <span class='ocrx_word' id='word_1_374' title='bbox 1277 1021 1426 1061; x_wconf 90' lang='lat' dir='ltr'><strong>ejusmodi</strong></span> <span class='ocrx_word' id='word_1_375' title='bbox 1438 1027 1555 1053; x_wconf 87' lang='lat' dir='ltr'><strong>exstent</strong></span> <span class='ocrx_word' id='word_1_376' title='bbox 1568 1024 1718 1064; x_wconf 86' lang='lat' dir='ltr'><strong>homines,</strong></span> <span class='ocrx_word' id='word_1_377' title='bbox 1731 1029 1782 1064; x_wconf 83' lang='lat' dir='ltr'><strong>qui</strong></span> 
     </span>
    </p>
   </div>
   <div class='ocr_carea' id='block_1_53' title="bbox 950 1066 1781 1108">
    <p class='ocr_par' dir='ltr' id='par_1_53' title="bbox 950 1066 1781 1108">
     <span class='ocr_line' id='line_1_53' title="bbox 950 1066 1781 1108; baseline 0.004 -12"><span class='ocrx_word' id='word_1_378' title='bbox 950 1074 982 1096; x_wconf 89' lang='lat' dir='ltr'><strong>se</strong></span> <span class='ocrx_word' id='word_1_379' title='bbox 997 1075 1062 1096; x_wconf 90' lang='lat' dir='ltr'><strong>esse</strong></span> <span class='ocrx_word' id='word_1_380' title='bbox 1077 1066 1260 1098; x_wconf 86' lang='lat' dir='ltr'><strong>Christianos</strong></span> <span class='ocrx_word' id='word_1_381' title='bbox 1276 1067 1511 1107; x_wconf 79' lang='lat' dir='ltr'><strong>proﬁteantur,et</strong></span> <span class='ocrx_word' id='word_1_382' title='bbox 1525 1067 1692 1108; x_wconf 87' lang='lat' dir='ltr'><strong>Jesum,qui</strong></span> <span class='ocrx_word' id='word_1_383' title='bbox 1709 1078 1781 1099; x_wconf 86' lang='lat' dir='ltr'><strong>cru-</strong></span> 
     </span>
    </p>
   </div>
   <div class='ocr_carea' id='block_1_54' title="bbox 950 1110 1781 1154">
    <p class='ocr_par' dir='ltr' id='par_1_54' title="bbox 950 1110 1781 1154">
     <span class='ocr_line' id='line_1_54' title="bbox 950 1110 1781 1154; baseline 0.005 -14"><span class='ocrx_word' id='word_1_384' title='bbox 950 1110 1054 1141; x_wconf 86' lang='lat' dir='ltr'><strong>ciﬁxus</strong></span> <span class='ocrx_word' id='word_1_385' title='bbox 1069 1115 1124 1148; x_wconf 90' lang='lat' dir='ltr'><strong>est,</strong></span> <span class='ocrx_word' id='word_1_386' title='bbox 1143 1111 1300 1142; x_wconf 89' lang='lat' dir='ltr'><strong>Dominum</strong></span> <span class='ocrx_word' id='word_1_387' title='bbox 1317 1116 1345 1142; x_wconf 95' lang='lat' dir='ltr'><strong>et</strong></span> <span class='ocrx_word' id='word_1_388' title='bbox 1373 1111 1523 1143; x_wconf 87' lang='lat' dir='ltr'><strong>Christum</strong></span> <span class='ocrx_word' id='word_1_389' title='bbox 1551 1114 1698 1154; x_wconf 80' lang='lat' dir='ltr'><strong>confiteri,</strong></span> <span class='ocrx_word' id='word_1_390' title='bbox 1725 1123 1781 1144; x_wconf 87' lang='lat' dir='ltr'><strong>nec</strong></span> 
     </span>
    </p>
   </div>
   <div class='ocr_carea' id='block_1_55' title="bbox 951 1155 1782 1198">
    <p class='ocr_par' dir='ltr' id='par_1_55' title="bbox 951 1155 1782 1198">
     <span class='ocr_line' id='line_1_55' title="bbox 951 1155 1782 1198; baseline 0.005 -13"><span class='ocrx_word' id='word_1_391' title='bbox 951 1159 1049 1186; x_wconf 91' lang='lat' dir='ltr'><strong>tamen</strong></span> <span class='ocrx_word' id='word_1_392' title='bbox 1061 1156 1140 1186; x_wconf 91' lang='lat' dir='ltr'><strong>illius</strong></span> <span class='ocrx_word' id='word_1_393' title='bbox 1149 1155 1315 1186; x_wconf 86' lang='lat' dir='ltr'><strong>doctrinam</strong></span> <span class='ocrx_word' id='word_1_394' title='bbox 1331 1160 1462 1195; x_wconf 89' lang='lat' dir='ltr'><strong>teneant,</strong></span> <span class='ocrx_word' id='word_1_395' title='bbox 1477 1157 1528 1188; x_wconf 89' lang='lat' dir='ltr'><strong>sed</strong></span> <span class='ocrx_word' id='word_1_396' title='bbox 1545 1167 1621 1195; x_wconf 87' lang='lat' dir='ltr'><strong>eam,</strong></span> <span class='ocrx_word' id='word_1_397' title='bbox 1635 1167 1702 1198; x_wconf 67' lang='lat' dir='ltr'><strong>quae</strong></span> <span class='ocrx_word' id='word_1_398' title='bbox 1713 1162 1782 1190; x_wconf 78' lang='lat' dir='ltr'><strong>este</strong></span> 
     </span>
    </p>
   </div>
   <div class='ocr_carea' id='block_1_56' title="bbox 950 1199 1777 1242">
    <p class='ocr_par' dir='ltr' id='par_1_56' title="bbox 950 1199 1777 1242">
     <span class='ocr_line' id='line_1_56' title="bbox 950 1199 1777 1242; baseline 0.005 -12"><span class='ocrx_word' id='word_1_399' title='bbox 950 1199 1102 1240; x_wconf 83' lang='lat' dir='ltr'><strong>spiritibus</strong></span> <span class='ocrx_word' id='word_1_400' title='bbox 1113 1200 1292 1241; x_wconf 76' lang='lat' dir='ltr'><strong>erroris;nos</strong></span> <span class='ocrx_word' id='word_1_401' title='bbox 1308 1201 1358 1241; x_wconf 89' lang='lat' dir='ltr'><strong>qui</strong></span> <span class='ocrx_word' id='word_1_402' title='bbox 1373 1210 1449 1232; x_wconf 66' lang='lat' dir='ltr'><strong>vera</strong></span> <span class='ocrx_word' id='word_1_403' title='bbox 1463 1211 1497 1232; x_wconf 91' lang='lat' dir='ltr'><strong>ac</strong></span> <span class='ocrx_word' id='word_1_404' title='bbox 1513 1211 1595 1242; x_wconf 75' lang='lat' dir='ltr'><strong>purze</strong></span> <span class='ocrx_word' id='word_1_405' title='bbox 1605 1201 1675 1234; x_wconf 91' lang='lat' dir='ltr'><strong>Jesu</strong></span> <span class='ocrx_word' id='word_1_406' title='bbox 1687 1202 1777 1234; x_wconf 89' lang='lat' dir='ltr'><strong>Chri-</strong></span> 
     </span>
    </p>
   </div>
   <div class='ocr_carea' id='block_1_57' title="bbox 950 1244 1766 1284">
    <p class='ocr_par' dir='ltr' id='par_1_57' title="bbox 950 1244 1766 1284">
     <span class='ocr_line' id='line_1_57' title="bbox 950 1244 1766 1284; baseline 0.005 -10"><span class='ocrx_word' id='word_1_407' title='bbox 950 1245 985 1275; x_wconf 90' lang='lat' dir='ltr'><strong>sti</strong></span> <span class='ocrx_word' id='word_1_408' title='bbox 1002 1245 1145 1275; x_wconf 73' lang='lat' dir='ltr'><strong>doctrinae</strong></span> <span class='ocrx_word' id='word_1_409' title='bbox 1159 1244 1299 1284; x_wconf 82' lang='lat' dir='ltr'><strong>discipuli</strong></span> <span class='ocrx_word' id='word_1_410' title='bbox 1321 1254 1436 1283; x_wconf 89' lang='lat' dir='ltr'><strong>sumus,</strong></span> <span class='ocrx_word' id='word_1_411' title='bbox 1467 1247 1613 1278; x_wconf 89' lang='lat' dir='ltr'><strong>ﬁrmiores</strong></span> <span class='ocrx_word' id='word_1_412' title='bbox 1630 1249 1660 1278; x_wconf 89' lang='lat' dir='ltr'><strong>in</strong></span> <span class='ocrx_word' id='word_1_413' title='bbox 1677 1248 1736 1279; x_wconf 86' lang='lat' dir='ltr'><strong>ﬁde</strong></span> <span class='ocrx_word' id='word_1_414' title='bbox 1749 1257 1766 1278; x_wconf 91' lang='lat' dir='ltr'><strong>e</strong></span> 
     </span>
    </p>
   </div>
   <div class='ocr_carea' id='block_1_58' title="bbox 951 1289 1780 1329">
    <p class='ocr_par' dir='ltr' id='par_1_58' title="bbox 951 1289 1780 1329">
     <span class='ocr_line' id='line_1_58' title="bbox 951 1289 1780 1329; baseline 0.002 -9"><span class='ocrx_word' id='word_1_415' title='bbox 951 1289 1164 1321; x_wconf 87' lang='lat' dir='ltr'><strong>constantiores</strong></span> <span class='ocrx_word' id='word_1_416' title='bbox 1180 1289 1273 1319; x_wconf 89' lang='lat' dir='ltr'><strong>simus</strong></span> <span class='ocrx_word' id='word_1_417' title='bbox 1288 1290 1317 1319; x_wconf 91' lang='lat' dir='ltr'><strong>in</strong></span> <span class='ocrx_word' id='word_1_418' title='bbox 1334 1299 1387 1329; x_wconf 89' lang='lat' dir='ltr'><strong>spe</strong></span> <span class='ocrx_word' id='word_1_419' title='bbox 1410 1290 1446 1320; x_wconf 92' lang='lat' dir='ltr'><strong>ab</strong></span> <span class='ocrx_word' id='word_1_420' title='bbox 1471 1300 1507 1321; x_wconf 94' lang='lat' dir='ltr'><strong>eo</strong></span> <span class='ocrx_word' id='word_1_421' title='bbox 1533 1291 1678 1322; x_wconf 86' lang='lat' dir='ltr'><strong>nuntiata.</strong></span> <span class='ocrx_word' id='word_1_422' title='bbox 1709 1292 1780 1328; x_wconf 61' lang='lat' dir='ltr'><strong>Quae</strong></span> 
     </span>
    </p>
   </div>
   <div class='ocr_carea' id='block_1_59' title="bbox 952 1334 1781 1375">
    <p class='ocr_par' dir='ltr' id='par_1_59' title="bbox 952 1334 1781 1375">
     <span class='ocr_line' id='line_1_59' title="bbox 952 1334 1781 1375; baseline 0.002 -10"><span class='ocrx_word' id='word_1_423' title='bbox 952 1334 1031 1365; x_wconf 87' lang='lat' dir='ltr'><strong>enim</strong></span> <span class='ocrx_word' id='word_1_424' title='bbox 1047 1334 1076 1364; x_wconf 93' lang='lat' dir='ltr'><strong>in</strong></span> <span class='ocrx_word' id='word_1_425' title='bbox 1093 1343 1146 1364; x_wconf 85' lang='lat' dir='ltr'><strong>suo</strong></span> <span class='ocrx_word' id='word_1_426' title='bbox 1163 1334 1285 1364; x_wconf 90' lang='lat' dir='ltr'><strong>nomine</strong></span> <span class='ocrx_word' id='word_1_427' title='bbox 1302 1339 1442 1365; x_wconf 89' lang='lat' dir='ltr'><strong>eventura</strong></span> <span class='ocrx_word' id='word_1_428' title='bbox 1453 1335 1637 1375; x_wconf 70' lang='lat' dir='ltr'><strong>prmdixit,ea</strong></span> <span class='ocrx_word' id='word_1_429' title='bbox 1645 1336 1740 1367; x_wconf 86' lang='lat' dir='ltr'><strong>oculis</strong></span> <span class='ocrx_word' id='word_1_430' title='bbox 1751 1341 1781 1368; x_wconf 90' lang='lat' dir='ltr'><strong>et</strong></span> 
     </span>
    </p>
   </div>
   <div class='ocr_carea' id='block_1_60' title="bbox 951 1378 1778 1418">
    <p class='ocr_par' dir='ltr' id='par_1_60' title="bbox 951 1378 1778 1418">
     <span class='ocr_line' id='line_1_60' title="bbox 951 1378 1778 1418; baseline 0.006 -9"><span class='ocrx_word' id='word_1_431' title='bbox 951 1379 1058 1410; x_wconf 76' lang='lat' dir='ltr'><strong>effectu</strong></span> <span class='ocrx_word' id='word_1_432' title='bbox 1074 1378 1109 1409; x_wconf 88' lang='lat' dir='ltr'><strong>ad</strong></span> <span class='ocrx_word' id='word_1_433' title='bbox 1126 1379 1235 1409; x_wconf 80' lang='lat' dir='ltr'><strong>exitum</strong></span> <span class='ocrx_word' id='word_1_434' title='bbox 1254 1379 1396 1418; x_wconf 86' lang='lat' dir='ltr'><strong>perducta</strong></span> <span class='ocrx_word' id='word_1_435' title='bbox 1408 1380 1568 1412; x_wconf 90' lang='lat' dir='ltr'><strong>cernimus.</strong></span> <span class='ocrx_word' id='word_1_436' title='bbox 1586 1380 1666 1412; x_wconf 84' lang='lat' dir='ltr'><strong>Dixit</strong></span> <span class='ocrx_word' id='word_1_437' title='bbox 1676 1381 1755 1412; x_wconf 91' lang='lat' dir='ltr'><strong>enim</strong></span> <span class='ocrx_word' id='word_1_438' title='bbox 1772 1393 1778 1414; x_wconf 91' lang='lat'>:</span> 
     </span>
    </p>
   </div>
   <div class='ocr_carea' id='block_1_61' title="bbox 952 1423 1780 1464">
    <p class='ocr_par' dir='ltr' id='par_1_61' title="bbox 952 1423 1780 1464">
     <span class='ocr_line' id='line_1_61' title="bbox 952 1423 1780 1464; baseline 0.005 -10"><span class='ocrx_word' id='word_1_439' title='bbox 952 1423 1039 1455; x_wconf 81' lang='lat' dir='ltr'><strong>Multi</strong></span> <span class='ocrx_word' id='word_1_440' title='bbox 1055 1424 1176 1454; x_wconf 76' lang='lat' dir='ltr'><strong>venient</strong></span> <span class='ocrx_word' id='word_1_441' title='bbox 1194 1424 1225 1453; x_wconf 83' lang='lat' dir='ltr'><strong>in</strong></span> <span class='ocrx_word' id='word_1_442' title='bbox 1240 1426 1364 1455; x_wconf 72' lang='lat' dir='ltr'><strong>nomine</strong></span> <span class='ocrx_word' id='word_1_443' title='bbox 1379 1433 1444 1455; x_wconf 87' lang='lat' dir='ltr'><strong>meo</strong></span> <span class='ocrx_word' id='word_1_444' title='bbox 1453 1425 1494 1464; x_wconf 67' lang='grc'><strong>52,</strong></span> <span class='ocrx_word' id='word_1_445' title='bbox 1509 1429 1567 1455; x_wconf 90' lang='lat' dir='ltr'><strong>etc.</strong></span> <span class='ocrx_word' id='word_1_446' title='bbox 1587 1426 1624 1456; x_wconf 82' lang='lat' dir='ltr'><strong>Et</strong></span> <span class='ocrx_word' id='word_1_447' title='bbox 1641 1436 1647 1454; x_wconf 92' lang='lat'>:</span> <span class='ocrx_word' id='word_1_448' title='bbox 1678 1426 1780 1458; x_wconf 66' lang='lat' dir='ltr'><strong>Erunt</strong></span> 
     </span>
    </p>
   </div>
   <div class='ocr_carea' id='block_1_62' title="bbox 951 1467 1781 1509">
    <p class='ocr_par' dir='ltr' id='par_1_62' title="bbox 951 1467 1781 1509">
     <span class='ocr_line' id='line_1_62' title="bbox 951 1467 1781 1509; baseline 0.002 -10"><span class='ocrx_word' id='word_1_449' title='bbox 951 1469 1116 1500; x_wconf 61' lang='lat' dir='ltr'><strong>Sr&#39;liismala</strong></span> <span class='ocrx_word' id='word_1_450' title='bbox 1132 1473 1159 1498; x_wconf 82' lang='lat' dir='ltr'><strong>el</strong></span> <span class='ocrx_word' id='word_1_451' title='bbox 1172 1469 1295 1499; x_wconf 72' lang='lat' dir='ltr'><strong>haereses</strong></span> <span class='ocrx_word' id='word_1_452' title='bbox 1304 1469 1346 1497; x_wconf 75' lang='lat'><strong>&#39;55.</strong></span> <span class='ocrx_word' id='word_1_453' title='bbox 1354 1467 1448 1499; x_wconf 80' lang='lat' dir='ltr'><strong>»Nihil</strong></span> <span class='ocrx_word' id='word_1_454' title='bbox 1458 1469 1538 1499; x_wconf 88' lang='lat' dir='ltr'><strong>aliud</strong></span> <span class='ocrx_word' id='word_1_455' title='bbox 1546 1479 1615 1509; x_wconf 87' lang='lat' dir='ltr'><strong>ergo</strong></span> <span class='ocrx_word' id='word_1_456' title='bbox 1627 1470 1781 1502; x_wconf 86' lang='lat' dir='ltr'><strong>catholicis</strong></span> 
     </span>
    </p>
   </div>
   <div class='ocr_carea' id='block_1_63' title="bbox 952 1513 1782 1554">
    <p class='ocr_par' dir='ltr' id='par_1_63' title="bbox 952 1513 1782 1554">
     <span class='ocr_line' id='line_1_63' title="bbox 952 1513 1782 1554; baseline 0.001 -10"><span class='ocrx_word' id='word_1_457' title='bbox 952 1514 1079 1544; x_wconf 72' lang='lat' dir='ltr'><strong>afferunt</strong></span> <span class='ocrx_word' id='word_1_458' title='bbox 1091 1513 1249 1544; x_wconf 86' lang='lat' dir='ltr'><strong>schismata</strong></span> <span class='ocrx_word' id='word_1_459' title='bbox 1263 1516 1293 1542; x_wconf 88' lang='lat' dir='ltr'><strong>et</strong></span> <span class='ocrx_word' id='word_1_460' title='bbox 1310 1513 1447 1551; x_wconf 73' lang='lat' dir='ltr'><strong>haereses,</strong></span> <span class='ocrx_word' id='word_1_461' title='bbox 1460 1513 1516 1543; x_wconf 92' lang='lat' dir='ltr'><strong>nisi</strong></span> <span class='ocrx_word' id='word_1_462' title='bbox 1531 1519 1561 1544; x_wconf 90' lang='lat' dir='ltr'><strong>ut</strong></span> <span class='ocrx_word' id='word_1_463' title='bbox 1576 1514 1782 1554; x_wconf 73' lang='lat' dir='ltr'><strong>praedictiones</strong></span> 
     </span>
    </p>
   </div>
   <div class='ocr_carea' id='block_1_64' title="bbox 81 1551 1781 1600">
    <p class='ocr_par' dir='ltr' id='par_1_64' title="bbox 81 1551 1781 1600">
     <span class='ocr_line' id='line_1_64' title="bbox 81 1551 1781 1600; baseline 0 -10"><span class='ocrx_word' id='word_1_464' title='bbox 81 1551 186 1600; x_wconf 82' lang='lat' dir='ltr'><strong>menti,</strong></span> <span class='ocrx_word' id='word_1_465' title='bbox 217 1559 362 1600; x_wconf 89' lang='lat' dir='ltr'><strong>quidquid</strong></span> <span class='ocrx_word' id='word_1_466' title='bbox 381 1560 416 1590; x_wconf 88' lang='lat' dir='ltr'><strong>de</strong></span> <span class='ocrx_word' id='word_1_467' title='bbox 446 1569 519 1590; x_wconf 90' lang='lat' dir='ltr'><strong>nova</strong></span> <span class='ocrx_word' id='word_1_468' title='bbox 533 1560 584 1590; x_wconf 87' lang='lat' dir='ltr'><strong>illa</strong></span> <span class='ocrx_word' id='word_1_469' title='bbox 599 1559 760 1596; x_wconf 87' lang='lat' dir='ltr'><strong>creatione,</strong></span> <span class='ocrx_word' id='word_1_470' title='bbox 777 1568 865 1599; x_wconf 87' lang='lat' dir='ltr'><strong>quam</strong></span> <span class='ocrx_word' id='word_1_471' title='bbox 895 1551 940 1589; x_wconf 71' lang='lat' dir='ltr'><strong>ac</strong></span> <span class='ocrx_word' id='word_1_472' title='bbox 953 1558 1061 1590; x_wconf 84' lang='lat' dir='ltr'><strong>Christi</strong></span> <span class='ocrx_word' id='word_1_473' title='bbox 1070 1558 1106 1588; x_wconf 91' lang='lat' dir='ltr'><strong>ad</strong></span> <span class='ocrx_word' id='word_1_474' title='bbox 1123 1558 1231 1588; x_wconf 88' lang='lat' dir='ltr'><strong>exitum</strong></span> <span class='ocrx_word' id='word_1_475' title='bbox 1247 1557 1371 1596; x_wconf 88' lang='lat' dir='ltr'><strong>perduci</strong></span> <span class='ocrx_word' id='word_1_476' title='bbox 1383 1557 1552 1598; x_wconf 84' lang='lat' dir='ltr'><strong>intelligant</strong></span> <span class='ocrx_word' id='word_1_477' title='bbox 1563 1551 1591 1589; x_wconf 80' lang='lat' dir='ltr'><strong>et</strong></span> <span class='ocrx_word' id='word_1_478' title='bbox 1606 1559 1636 1589; x_wconf 93' lang='lat' dir='ltr'><strong>in</strong></span> <span class='ocrx_word' id='word_1_479' title='bbox 1653 1558 1710 1590; x_wconf 91' lang='lat' dir='ltr'><strong>ﬁde</strong></span> <span class='ocrx_word' id='word_1_480' title='bbox 1729 1559 1781 1590; x_wconf 88' lang='lat' dir='ltr'><strong>ﬁr-</strong></span> 
     </span>
    </p>
   </div>
   <div class='ocr_carea' id='block_1_65' title="bbox 80 1603 912 1645">
    <p class='ocr_par' dir='ltr' id='par_1_65' title="bbox 80 1603 912 1645">
     <span class='ocr_line' id='line_1_65' title="bbox 80 1603 912 1645; baseline -0.004 -9"><span class='ocrx_word' id='word_1_481' title='bbox 80 1604 200 1636; x_wconf 88' lang='lat' dir='ltr'><strong>Christo</strong></span> <span class='ocrx_word' id='word_1_482' title='bbox 217 1605 395 1645; x_wconf 87' lang='lat' dir='ltr'><strong>accipimus,</strong></span> <span class='ocrx_word' id='word_1_483' title='bbox 413 1604 608 1636; x_wconf 87' lang='lat' dir='ltr'><strong>disserentem</strong></span> <span class='ocrx_word' id='word_1_484' title='bbox 627 1604 657 1634; x_wconf 93' lang='lat' dir='ltr'><strong>in</strong></span> <span class='ocrx_word' id='word_1_485' title='bbox 680 1604 809 1634; x_wconf 84' lang='lat' dir='ltr'><strong>secunda</strong></span> <span class='ocrx_word' id='word_1_486' title='bbox 825 1603 912 1643; x_wconf 82' lang='lat' dir='ltr'><strong>hujus</strong></span> 
     </span>
    </p>
   </div>
   <div class='ocr_carea' id='block_1_66' title="bbox 81 1648 909 1690">
    <p class='ocr_par' dir='ltr' id='par_1_66' title="bbox 81 1648 909 1690">
     <span class='ocr_line' id='line_1_66' title="bbox 81 1648 909 1690; baseline -0.002 -10"><span class='ocrx_word' id='word_1_487' title='bbox 81 1650 263 1690; x_wconf 69' lang='lat' dir='ltr'><strong>praefationis</strong></span> <span class='ocrx_word' id='word_1_488' title='bbox 281 1654 361 1690; x_wconf 85' lang='lat' dir='ltr'><strong>parte</strong></span> <span class='ocrx_word' id='word_1_489' title='bbox 373 1650 513 1687; x_wconf 83' lang='lat' dir='ltr'><strong>vidimus,</strong></span> <span class='ocrx_word' id='word_1_490' title='bbox 540 1649 568 1679; x_wconf 90' lang='lat' dir='ltr'><strong>id</strong></span> <span class='ocrx_word' id='word_1_491' title='bbox 585 1648 727 1679; x_wconf 79' lang='lat' dir='ltr'><strong>Ecclesiae</strong></span> <span class='ocrx_word' id='word_1_492' title='bbox 743 1648 909 1685; x_wconf 62' lang='lat' dir='ltr'><strong>catholicae,</strong></span> 
     </span>
    </p>
   </div>
   <div class='ocr_carea' id='block_1_67' title="bbox 80 1692 912 1735">
    <p class='ocr_par' dir='ltr' id='par_1_67' title="bbox 80 1692 912 1735">
     <span class='ocr_line' id='line_1_67' title="bbox 80 1692 912 1735; baseline -0.001 -10"><span class='ocrx_word' id='word_1_493' title='bbox 80 1695 208 1726; x_wconf 83' lang='lat' dir='ltr'><strong>exclusis</strong></span> <span class='ocrx_word' id='word_1_494' title='bbox 223 1694 362 1726; x_wconf 91' lang='lat' dir='ltr'><strong>omnibus</strong></span> <span class='ocrx_word' id='word_1_495' title='bbox 377 1694 476 1735; x_wconf 85' lang='lat' dir='ltr'><strong>sectis,</strong></span> <span class='ocrx_word' id='word_1_496' title='bbox 490 1694 643 1735; x_wconf 86' lang='lat' dir='ltr'><strong>proprium</strong></span> <span class='ocrx_word' id='word_1_497' title='bbox 655 1702 719 1724; x_wconf 88' lang='lat' dir='ltr'><strong>esse</strong></span> <span class='ocrx_word' id='word_1_498' title='bbox 730 1692 866 1724; x_wconf 79' lang='lat' dir='ltr'><strong>ducebat.</strong></span> <span class='ocrx_word' id='word_1_499' title='bbox 880 1692 912 1724; x_wconf 87' lang='lat' dir='ltr'><strong>Id</strong></span> 
     </span>
    </p>
   </div>
   <div class='ocr_carea' id='block_1_68' title="bbox 81 1738 911 1780">
    <p class='ocr_par' dir='ltr' id='par_1_68' title="bbox 81 1738 911 1780">
     <span class='ocr_line' id='line_1_68' title="bbox 81 1738 911 1780; baseline -0.001 -10"><span class='ocrx_word' id='word_1_500' title='bbox 81 1741 144 1780; x_wconf 90' lang='lat' dir='ltr'><strong>ipse</strong></span> <span class='ocrx_word' id='word_1_501' title='bbox 160 1744 285 1771; x_wconf 86' lang='lat' dir='ltr'><strong>testatur</strong></span> <span class='ocrx_word' id='word_1_502' title='bbox 298 1739 328 1770; x_wconf 92' lang='lat' dir='ltr'><strong>in</strong></span> <span class='ocrx_word' id='word_1_503' title='bbox 348 1740 486 1780; x_wconf 80' lang='lat' dir='ltr'><strong>[)inlogo,</strong></span> <span class='ocrx_word' id='word_1_504' title='bbox 502 1748 533 1770; x_wconf 83' lang='grc' dir='ltr'><strong>ιι.</strong></span> <span class='ocrx_word' id='word_1_505' title='bbox 557 1739 626 1778; x_wconf 76' lang='grc'><strong>416,</strong></span> <span class='ocrx_word' id='word_1_506' title='bbox 643 1738 692 1769; x_wconf 89' lang='lat' dir='ltr'><strong>ubi</strong></span> <span class='ocrx_word' id='word_1_507' title='bbox 708 1738 750 1769; x_wconf 91' lang='lat' dir='ltr'><strong>sic</strong></span> <span class='ocrx_word' id='word_1_508' title='bbox 766 1738 911 1778; x_wconf 90' lang='lat' dir='ltr'><strong>loquitur:</strong></span> 
     </span>
    </p>
   </div>
   <div class='ocr_carea' id='block_1_69' title="bbox 81 1783 914 1826">
    <p class='ocr_par' dir='ltr' id='par_1_69' title="bbox 81 1783 914 1826">
     <span class='ocr_line' id='line_1_69' title="bbox 81 1783 914 1826; baseline 0.001 -13"><span class='ocrx_word' id='word_1_509' title='bbox 81 1798 95 1813; x_wconf 72' lang='grc' dir='ltr'>α</span> <span class='ocrx_word' id='word_1_510' title='bbox 112 1785 173 1816; x_wconf 81' lang='lat' dir='ltr'><strong>Nos</strong></span> <span class='ocrx_word' id='word_1_511' title='bbox 189 1785 240 1826; x_wconf 93' lang='lat' dir='ltr'><strong>qui</strong></span> <span class='ocrx_word' id='word_1_512' title='bbox 257 1794 308 1824; x_wconf 89' lang='lat' dir='ltr'><strong>per</strong></span> <span class='ocrx_word' id='word_1_513' title='bbox 326 1794 434 1815; x_wconf 88' lang='lat' dir='ltr'><strong>nomen</strong></span> <span class='ocrx_word' id='word_1_514' title='bbox 448 1785 535 1815; x_wconf 85' lang='lat' dir='ltr'><strong>Jesus</strong></span> <span class='ocrx_word' id='word_1_515' title='bbox 550 1783 644 1814; x_wconf 89' lang='lat' dir='ltr'><strong>instar</strong></span> <span class='ocrx_word' id='word_1_516' title='bbox 663 1783 754 1815; x_wconf 89' lang='lat' dir='ltr'><strong>unius</strong></span> <span class='ocrx_word' id='word_1_517' title='bbox 783 1783 914 1814; x_wconf 89' lang='lat' dir='ltr'><strong>hominis</strong></span> 
     </span>
    </p>
   </div>
   <div class='ocr_carea' id='block_1_70' title="bbox 954 1602 1780 1638">
    <p class='ocr_par' dir='ltr' id='par_1_70' title="bbox 954 1602 1780 1638">
     <span class='ocr_line' id='line_1_70' title="bbox 954 1602 1780 1638; baseline 0.002 -6"><span class='ocrx_word' id='word_1_518' title='bbox 954 1611 1063 1633; x_wconf 80' lang='lat' dir='ltr'><strong>miores</strong></span> <span class='ocrx_word' id='word_1_519' title='bbox 1080 1602 1216 1633; x_wconf 86' lang='lat' dir='ltr'><strong>evadant.</strong></span> <span class='ocrx_word' id='word_1_520' title='bbox 1233 1602 1316 1638; x_wconf 87' lang='lat' dir='ltr'><strong>Quod</strong></span> <span class='ocrx_word' id='word_1_521' title='bbox 1334 1602 1359 1633; x_wconf 92' lang='lat' dir='ltr'><strong>si</strong></span> <span class='ocrx_word' id='word_1_522' title='bbox 1375 1603 1472 1633; x_wconf 89' lang='lat' dir='ltr'><strong>unitas</strong></span> <span class='ocrx_word' id='word_1_523' title='bbox 1484 1609 1534 1633; x_wconf 87' lang='lat' dir='ltr'><strong>aut</strong></span> <span class='ocrx_word' id='word_1_524' title='bbox 1548 1604 1657 1634; x_wconf 87' lang='lat' dir='ltr'><strong>veritas</strong></span> <span class='ocrx_word' id='word_1_525' title='bbox 1675 1604 1705 1634; x_wconf 90' lang='lat' dir='ltr'><strong>in</strong></span> <span class='ocrx_word' id='word_1_526' title='bbox 1719 1604 1780 1634; x_wconf 89' lang='lat' dir='ltr'><strong>Ec-</strong></span> 
     </span>
    </p>
   </div>
   <div class='ocr_carea' id='block_1_71' title="bbox 953 1646 1780 1688">
    <p class='ocr_par' dir='ltr' id='par_1_71' title="bbox 953 1646 1780 1688">
     <span class='ocr_line' id='line_1_71' title="bbox 953 1646 1780 1688; baseline 0.001 -10"><span class='ocrx_word' id='word_1_527' title='bbox 953 1647 1043 1678; x_wconf 86' lang='lat' dir='ltr'><strong>clesia</strong></span> <span class='ocrx_word' id='word_1_528' title='bbox 1057 1647 1186 1677; x_wconf 87' lang='lat' dir='ltr'><strong>deﬁcere</strong></span> <span class='ocrx_word' id='word_1_529' title='bbox 1201 1646 1438 1686; x_wconf 87' lang='lat' dir='ltr'><strong>possent,nullus</strong></span> <span class='ocrx_word' id='word_1_530' title='bbox 1452 1651 1532 1678; x_wconf 85' lang='lat' dir='ltr'><strong>esset</strong></span> <span class='ocrx_word' id='word_1_531' title='bbox 1545 1656 1640 1685; x_wconf 87' lang='lat' dir='ltr'><strong>error,</strong></span> <span class='ocrx_word' id='word_1_532' title='bbox 1658 1647 1709 1688; x_wconf 90' lang='lat' dir='ltr'><strong>qui</strong></span> <span class='ocrx_word' id='word_1_533' title='bbox 1721 1657 1780 1679; x_wconf 90' lang='lat' dir='ltr'><strong>non</strong></span> 
     </span>
    </p>
   </div>
   <div class='ocr_carea' id='block_1_72' title="bbox 954 1691 1780 1732">
    <p class='ocr_par' dir='ltr' id='par_1_72' title="bbox 954 1691 1780 1732">
     <span class='ocr_line' id='line_1_72' title="bbox 954 1691 1780 1732; baseline 0.001 -9"><span class='ocrx_word' id='word_1_534' title='bbox 954 1691 1267 1724; x_wconf 79' lang='lat' dir='ltr'><strong>Ecclesiaedoctrinam</strong></span> <span class='ocrx_word' id='word_1_535' title='bbox 1276 1691 1306 1721; x_wconf 89' lang='lat' dir='ltr'><strong>in</strong></span> <span class='ocrx_word' id='word_1_536' title='bbox 1316 1691 1477 1722; x_wconf 86' lang='lat' dir='ltr'><strong>discrimen</strong></span> <span class='ocrx_word' id='word_1_537' title='bbox 1488 1691 1780 1732; x_wconf 82' lang='lat' dir='ltr'><strong>adduceret;nullum</strong></span> 
     </span>
    </p>
   </div>
   <div class='ocr_carea' id='block_1_73' title="bbox 955 1736 1780 1778">
    <p class='ocr_par' dir='ltr' id='par_1_73' title="bbox 955 1736 1780 1778">
     <span class='ocr_line' id='line_1_73' title="bbox 955 1736 1780 1778; baseline 0.001 -11"><span class='ocrx_word' id='word_1_538' title='bbox 955 1737 1095 1776; x_wconf 89' lang='lat' dir='ltr'><strong>schisma,</strong></span> <span class='ocrx_word' id='word_1_539' title='bbox 1113 1745 1129 1766; x_wconf 91' lang='lat' dir='ltr'><strong>a</strong></span> <span class='ocrx_word' id='word_1_540' title='bbox 1144 1745 1201 1776; x_wconf 90' lang='lat' dir='ltr'><strong>quo</strong></span> <span class='ocrx_word' id='word_1_541' title='bbox 1214 1745 1272 1768; x_wconf 91' lang='lat' dir='ltr'><strong>non</strong></span> <span class='ocrx_word' id='word_1_542' title='bbox 1286 1740 1364 1766; x_wconf 91' lang='lat' dir='ltr'><strong>esset</strong></span> <span class='ocrx_word' id='word_1_543' title='bbox 1380 1736 1547 1767; x_wconf 67' lang='lat' dir='ltr'><strong>avertendae</strong></span> <span class='ocrx_word' id='word_1_544' title='bbox 1562 1736 1682 1768; x_wconf 90' lang='lat' dir='ltr'><strong>unitatis</strong></span> <span class='ocrx_word' id='word_1_545' title='bbox 1699 1737 1780 1778; x_wconf 88' lang='lat' dir='ltr'><strong>peri-</strong></span> 
     </span>
    </p>
   </div>
   <div class='ocr_carea' id='block_1_74' title="bbox 956 1782 1067 1813">
    <p class='ocr_par' dir='ltr' id='par_1_74' title="bbox 956 1782 1067 1813">
     <span class='ocr_line' id='line_1_74' title="bbox 956 1782 1067 1813; baseline -0.009 0"><span class='ocrx_word' id='word_1_546' title='bbox 956 1782 1067 1813; x_wconf 91' lang='lat' dir='ltr'><strong>culum.</strong></span> 
     </span>
    </p>
   </div>
   <div class='ocr_carea' id='block_1_75' title="bbox 549 1929 1315 1977">
    <p class='ocr_par' dir='ltr' id='par_1_75' title="bbox 549 1929 1315 1977">
     <span class='ocr_line' id='line_1_75' title="bbox 549 1929 1315 1977; baseline -0.004 0"><span class='ocrx_word' id='word_1_547' title='bbox 549 1929 987 1977; x_wconf 61' lang='lat' dir='ltr'><strong>PREFATIONIS</strong></span> <span class='ocrx_word' id='word_1_548' title='bbox 1027 1929 1184 1975; x_wconf 77' lang='lat' dir='ltr'>PARS</span> <span class='ocrx_word' id='word_1_549' title='bbox 1228 1929 1315 1975; x_wconf 69' lang='lat' dir='ltr'><strong>illo</strong></span> 
     </span>
    </p>
   </div>
   <div class='ocr_carea' id='block_1_76' title="bbox 273 2026 1587 2071">
    <p class='ocr_par' dir='ltr' id='par_1_76' title="bbox 273 2026 1587 2071">
     <span class='ocr_line' id='line_1_76' title="bbox 273 2026 1587 2071; baseline -0.003 -8"><span class='ocrx_word' id='word_1_550' title='bbox 273 2032 319 2064; x_wconf 89' lang='lat' dir='ltr'><strong>De</strong></span> <span class='ocrx_word' id='word_1_551' title='bbox 333 2030 431 2071; x_wconf 84' lang='lat' dir='ltr'><strong>gestis</strong></span> <span class='ocrx_word' id='word_1_552' title='bbox 445 2032 478 2065; x_wconf 85' lang='lat' dir='ltr'><strong>et</strong></span> <span class='ocrx_word' id='word_1_553' title='bbox 492 2029 619 2070; x_wconf 83' lang='lat' dir='ltr'><strong>scriptis</strong></span> <span class='ocrx_word' id='word_1_554' title='bbox 632 2029 760 2065; x_wconf 83' lang='lat' dir='ltr'><strong>Justini,</strong></span> <span class='ocrx_word' id='word_1_555' title='bbox 777 2029 914 2062; x_wconf 83' lang='lat' dir='ltr'><strong>Tatiani.</strong></span> <span class='ocrx_word' id='word_1_556' title='bbox 930 2028 1142 2068; x_wconf 64' lang='lat' dir='ltr'><strong>Athenagorae</strong></span> <span class='ocrx_word' id='word_1_557' title='bbox 1156 2030 1188 2059; x_wconf 87' lang='lat' dir='ltr'><strong>et</strong></span> <span class='ocrx_word' id='word_1_558' title='bbox 1204 2026 1371 2066; x_wconf 90' lang='lat' dir='ltr'><strong>Theophili</strong></span> <span class='ocrx_word' id='word_1_559' title='bbox 1389 2026 1587 2059; x_wconf 82' lang='lat' dir='ltr'><strong>Antiocheni.</strong></span> 
     </span>
    </p>
   </div>
   <div class='ocr_carea' id='block_1_77' title="bbox 906 2109 954 2116">
    <p class='ocr_par' dir='ltr' id='par_1_77' title="bbox 906 2109 954 2116">
     <span class='ocr_line' id='line_1_77' title="bbox 906 2109 954 2116; baseline 0.021 -1"><span class='ocrx_word' id='word_1_560' title='bbox 906 2109 954 2116; x_wconf 75' lang='lat'>.—</span> 
     </span>
    </p>
   </div>
   <div class='ocr_carea' id='block_1_78' title="bbox 349 2179 647 2214">
    <p class='ocr_par' dir='ltr' id='par_1_78' title="bbox 349 2179 647 2214">
     <span class='ocr_line' id='line_1_78' title="bbox 349 2179 647 2214; baseline -0.007 0"><span class='ocrx_word' id='word_1_561' title='bbox 349 2180 470 2214; x_wconf 85' lang='lat' dir='ltr'><strong>CAPUT</strong></span> <span class='ocrx_word' id='word_1_562' title='bbox 486 2179 647 2213; x_wconf 82' lang='lat' dir='ltr'><strong>PRIMUM.</strong></span> 
     </span>
    </p>
   </div>
   <div class='ocr_carea' id='block_1_79' title="bbox 82 2228 909 2275">
    <p class='ocr_par' dir='ltr' id='par_1_79' title="bbox 82 2228 909 2275">
     <span class='ocr_line' id='line_1_79' title="bbox 82 2228 909 2275; baseline -0.006 -13"><span class='ocrx_word' id='word_1_563' title='bbox 82 2231 125 2262; x_wconf 90' lang='lat' dir='ltr'><strong>De</strong></span> <span class='ocrx_word' id='word_1_564' title='bbox 140 2231 261 2262; x_wconf 76' lang='lat' dir='ltr'><strong>Justim&#39;</strong></span> <span class='ocrx_word' id='word_1_565' title='bbox 271 2232 377 2271; x_wconf 74' lang='lat' dir='ltr'><strong>patria</strong></span> <span class='ocrx_word' id='word_1_566' title='bbox 392 2232 422 2260; x_wconf 88' lang='lat' dir='ltr'><strong>et</strong></span> <span class='ocrx_word' id='word_1_567' title='bbox 432 2232 510 2269; x_wconf 85' lang='lat' dir='ltr'><strong>ortu,</strong></span> <span class='ocrx_word' id='word_1_568' title='bbox 526 2228 716 2275; x_wconf 64' lang='lat' dir='ltr'><strong>institutione</strong></span> <span class='ocrx_word' id='word_1_569' title='bbox 737 2228 854 2268; x_wconf 78' lang='lat' dir='ltr'><strong>puerili</strong></span> <span class='ocrx_word' id='word_1_570' title='bbox 880 2230 909 2258; x_wconf 82' lang='lat' dir='ltr'><strong>et</strong></span> 
     </span>
    </p>
   </div>
   <div class='ocr_carea' id='block_1_80' title="bbox 394 2277 601 2301">
    <p class='ocr_par' dir='ltr' id='par_1_80' title="bbox 394 2277 601 2301">
     <span class='ocr_line' id='line_1_80' title="bbox 394 2277 601 2301; baseline -0.01 0"><span class='ocrx_word' id='word_1_571' title='bbox 394 2277 601 2301; x_wconf 69' lang='lat' dir='ltr'><strong>conversione.</strong></span> 
     </span>
    </p>
   </div>
   <div class='ocr_carea' id='block_1_81' title="bbox 81 2314 909 2349">
    <p class='ocr_par' dir='ltr' id='par_1_81' title="bbox 81 2314 909 2349">
     <span class='ocr_line' id='line_1_81' title="bbox 81 2314 909 2349; baseline -0.008 -1"><span class='ocrx_word' id='word_1_572' title='bbox 81 2321 100 2348; x_wconf 90' lang='grc' dir='ltr'>ι.</span> <span class='ocrx_word' id='word_1_573' title='bbox 111 2319 140 2348; x_wconf 88' lang='lat' dir='ltr'><strong>S.</strong></span> <span class='ocrx_word' id='word_1_574' title='bbox 151 2319 272 2349; x_wconf 81' lang='lat' dir='ltr'><strong>Justinus</strong></span> <span class='ocrx_word' id='word_1_575' title='bbox 283 2319 307 2345; x_wconf 91' lang='lat' dir='ltr'><strong>in</strong></span> <span class='ocrx_word' id='word_1_576' title='bbox 322 2317 462 2346; x_wconf 72' lang='lat' dir='ltr'><strong>Palaestina</strong></span> <span class='ocrx_word' id='word_1_577' title='bbox 471 2316 574 2349; x_wconf 77' lang='lat' dir='ltr'><strong>gentilis</strong></span> <span class='ocrx_word' id='word_1_578' title='bbox 583 2318 669 2344; x_wconf 83' lang='lat' dir='ltr'><strong>natus.</strong></span> <span class='ocrx_word' id='word_1_579' title='bbox 680 2315 715 2343; x_wconf 93' lang='lat' dir='ltr'><strong>II.</strong></span> <span class='ocrx_word' id='word_1_580' title='bbox 731 2314 801 2343; x_wconf 85' lang='lat' dir='ltr'><strong>Circa</strong></span> <span class='ocrx_word' id='word_1_581' title='bbox 815 2321 909 2342; x_wconf 90' lang='lat' dir='ltr'><strong>annum</strong></span> 
     </span>
    </p>
   </div>
   <div class='ocr_carea' id='block_1_82' title="bbox 119 2350 909 2390">
    <p class='ocr_par' dir='ltr' id='par_1_82' title="bbox 119 2350 909 2390">
     <span class='ocr_line' id='line_1_82' title="bbox 119 2350 909 2390; baseline -0.008 -7"><span class='ocrx_word' id='word_1_582' title='bbox 119 2357 170 2385; x_wconf 73' lang='grc'><strong>114</strong></span> <span class='ocrx_word' id='word_1_583' title='bbox 181 2359 270 2384; x_wconf 84' lang='lat' dir='ltr'><strong>natum</strong></span> <span class='ocrx_word' id='word_1_584' title='bbox 279 2354 443 2390; x_wconf 62' lang='lat' dir='ltr'><strong>conjicimus.</strong></span> <span class='ocrx_word' id='word_1_585' title='bbox 452 2350 497 2390; x_wconf 68' lang='lat' dir='ltr'><strong>lli.</strong></span> <span class='ocrx_word' id='word_1_586' title='bbox 516 2352 551 2380; x_wconf 85' lang='lat' dir='ltr'><strong>De</strong></span> <span class='ocrx_word' id='word_1_587' title='bbox 566 2352 623 2390; x_wconf 78' lang='lat' dir='ltr'><strong>ejus</strong></span> <span class='ocrx_word' id='word_1_588' title='bbox 632 2351 723 2390; x_wconf 67' lang='lat' dir='ltr'><strong>studiis</strong></span> <span class='ocrx_word' id='word_1_589' title='bbox 732 2350 909 2390; x_wconf 77' lang='lat' dir='ltr'><strong>ac_magi_stris.</strong></span> 
     </span>
    </p>
   </div>
   <div class='ocr_carea' id='block_1_83' title="bbox 117 2386 912 2421">
    <p class='ocr_par' dir='ltr' id='par_1_83' title="bbox 117 2386 912 2421">
     <span class='ocr_line' id='line_1_83' title="bbox 117 2386 912 2421; baseline -0.01 0"><span class='ocrx_word' id='word_1_590' title='bbox 117 2392 163 2421; x_wconf 82' lang='lat' dir='ltr'><strong>IV.</strong></span> <span class='ocrx_word' id='word_1_591' title='bbox 181 2390 305 2419; x_wconf 70' lang='lat' dir='ltr'><strong>llirahilis</strong></span> <span class='ocrx_word' id='word_1_592' title='bbox 328 2386 503 2418; x_wconf 70' lang='lat' dir='ltr'><strong>conversionis</strong></span> <span class='ocrx_word' id='word_1_593' title='bbox 517 2386 615 2416; x_wconf 81' lang='lat' dir='ltr'><strong>modus.</strong></span> <span class='ocrx_word' id='word_1_594' title='bbox 632 2387 661 2416; x_wconf 88' lang='lat' dir='ltr'><strong>V.</strong></span> <span class='ocrx_word' id='word_1_595' title='bbox 676 2386 732 2420; x_wconf 85' lang='lat' dir='ltr'><strong>Qua</strong></span> <span class='ocrx_word' id='word_1_596' title='bbox 759 2386 784 2414; x_wconf 90' lang='lat' dir='ltr'><strong>in</strong></span> <span class='ocrx_word' id='word_1_597' title='bbox 802 2386 863 2413; x_wconf 86' lang='lat' dir='ltr'><strong>urbe</strong></span> <span class='ocrx_word' id='word_1_598' title='bbox 887 2389 912 2413; x_wconf 85' lang='lat' dir='ltr'><strong>et</strong></span> 
     </span>
    </p>
   </div>
   <div class='ocr_carea' id='block_1_84' title="bbox 117 2433 407 2465">
    <p class='ocr_par' dir='ltr' id='par_1_84' title="bbox 117 2433 407 2465">
     <span class='ocr_line' id='line_1_84' title="bbox 117 2433 407 2465; baseline -0.017 -8"><span class='ocrx_word' id='word_1_599' title='bbox 117 2437 168 2465; x_wconf 83' lang='lat' dir='ltr'><strong>quo</strong></span> <span class='ocrx_word' id='word_1_600' title='bbox 182 2435 249 2456; x_wconf 88' lang='lat' dir='ltr'><strong>anno</strong></span> <span class='ocrx_word' id='word_1_601' title='bbox 260 2433 407 2454; x_wconf 80' lang='lat' dir='ltr'><strong>conversus.</strong></span> 
     </span>
    </p>
   </div>
   <div class='ocr_carea' id='block_1_85' title="bbox 122 2463 910 2510">
    <p class='ocr_par' dir='ltr' id='par_1_85' title="bbox 122 2463 910 2510">
     <span class='ocr_line' id='line_1_85' title="bbox 122 2463 910 2510; baseline -0.011 -8"><span class='ocrx_word' id='word_1_602' title='bbox 122 2463 145 2503; x_wconf 82' lang='grc' dir='ltr'><strong>Ῐ.</strong></span> <span class='ocrx_word' id='word_1_603' title='bbox 163 2471 205 2502; x_wconf 87' lang='lat' dir='ltr'><strong>De</strong></span> <span class='ocrx_word' id='word_1_604' title='bbox 217 2469 369 2510; x_wconf 86' lang='lat' dir='ltr'><strong>plerisque</strong></span> <span class='ocrx_word' id='word_1_605' title='bbox 379 2467 411 2499; x_wconf 91' lang='lat' dir='ltr'><strong>S.</strong></span> <span class='ocrx_word' id='word_1_606' title='bbox 428 2466 535 2499; x_wconf 80' lang='lat' dir='ltr'><strong>Justini</strong></span> <span class='ocrx_word' id='word_1_607' title='bbox 546 2465 636 2505; x_wconf 84' lang='lat' dir='ltr'><strong>gestis</strong></span> <span class='ocrx_word' id='word_1_608' title='bbox 653 2469 681 2497; x_wconf 88' lang='lat' dir='ltr'><strong>et</strong></span> <span class='ocrx_word' id='word_1_609' title='bbox 697 2463 828 2510; x_wconf 77' lang='lat' dir='ltr'><strong>scriptis,</strong></span> <span class='ocrx_word' id='word_1_610' title='bbox 844 2473 910 2494; x_wconf 88' lang='lat' dir='ltr'><strong>cum</strong></span> 
     </span>
    </p>
   </div>
   <div class='ocr_carea' id='block_1_86' title="bbox 82 2509 911 2553">
    <p class='ocr_par' dir='ltr' id='par_1_86' title="bbox 82 2509 911 2553">
     <span class='ocr_line' id='line_1_86' title="bbox 82 2509 911 2553; baseline -0.012 -5"><span class='ocrx_word' id='word_1_611' title='bbox 82 2522 141 2548; x_wconf 88' lang='lat' dir='ltr'><strong>tam</strong></span> <span class='ocrx_word' id='word_1_612' title='bbox 157 2509 259 2547; x_wconf 66' lang='lat' dir='ltr'><strong>multa:</strong></span> <span class='ocrx_word' id='word_1_613' title='bbox 274 2514 335 2545; x_wconf 90' lang='lat' dir='ltr'><strong>sint</strong></span> <span class='ocrx_word' id='word_1_614' title='bbox 361 2518 480 2553; x_wconf 88' lang='lat' dir='ltr'><strong>tamque</strong></span> <span class='ocrx_word' id='word_1_615' title='bbox 495 2511 699 2550; x_wconf 88' lang='lat' dir='ltr'><strong>discrepantes</strong></span> <span class='ocrx_word' id='word_1_616' title='bbox 726 2509 911 2540; x_wconf 87' lang='lat' dir='ltr'><strong>eruditorum</strong></span> 
     </span>
    </p>
   </div>
   <div class='ocr_carea' id='block_1_87' title="bbox 83 2553 912 2600">
    <p class='ocr_par' dir='ltr' id='par_1_87' title="bbox 83 2553 912 2600">
     <span class='ocr_line' id='line_1_87' title="bbox 83 2553 912 2600; baseline -0.007 -8"><span class='ocrx_word' id='word_1_617' title='bbox 83 2564 249 2600; x_wconf 68' lang='lat' dir='ltr'><strong>sententiae.</strong></span> <span class='ocrx_word' id='word_1_618' title='bbox 267 2558 354 2589; x_wconf 85' lang='lat' dir='ltr'><strong>facile</strong></span> <span class='ocrx_word' id='word_1_619' title='bbox 367 2556 500 2596; x_wconf 83' lang='lat' dir='ltr'><strong>intelligo</strong></span> <span class='ocrx_word' id='word_1_620' title='bbox 514 2565 560 2586; x_wconf 91' lang='lat' dir='ltr'><strong>me</strong></span> <span class='ocrx_word' id='word_1_621' title='bbox 578 2555 608 2585; x_wconf 91' lang='lat' dir='ltr'><strong>in</strong></span> <span class='ocrx_word' id='word_1_622' title='bbox 624 2554 738 2600; x_wconf 81' lang='lat' dir='ltr'><strong>lubrico</strong></span> <span class='ocrx_word' id='word_1_623' title='bbox 756 2558 785 2600; x_wconf 84' lang='lat' dir='ltr'><strong>et</strong></span> <span class='ocrx_word' id='word_1_624' title='bbox 799 2553 912 2600; x_wconf 84' lang='lat' dir='ltr'><strong>dilﬁcili</strong></span> 
     </span>
    </p>
   </div>
   <div class='ocr_carea' id='block_1_88' title="bbox 84 2598 913 2643">
    <p class='ocr_par' dir='ltr' id='par_1_88' title="bbox 84 2598 913 2643">
     <span class='ocr_line' id='line_1_88' title="bbox 84 2598 913 2643; baseline -0.011 -6"><span class='ocrx_word' id='word_1_625' title='bbox 84 2607 146 2637; x_wconf 92' lang='lat' dir='ltr'><strong>loco</strong></span> <span class='ocrx_word' id='word_1_626' title='bbox 152 2598 266 2636; x_wconf 80' lang='lat' dir='ltr'><strong>versari</strong></span> <span class='ocrx_word' id='word_1_627' title='bbox 275 2603 472 2643; x_wconf 82' lang='lat' dir='ltr'><strong>.Quapropter</strong></span> <span class='ocrx_word' id='word_1_628' title='bbox 483 2605 572 2632; x_wconf 87' lang='lat' dir='ltr'><strong>totam</strong></span> <span class='ocrx_word' id='word_1_629' title='bbox 582 2609 645 2631; x_wconf 85' lang='lat' dir='ltr'><strong>rem</strong></span> <span class='ocrx_word' id='word_1_630' title='bbox 653 2600 693 2630; x_wconf 91' lang='lat' dir='ltr'><strong>sic</strong></span> <span class='ocrx_word' id='word_1_631' title='bbox 703 2598 913 2629; x_wconf 89' lang='lat' dir='ltr'><strong>administrare</strong></span> 
     </span>
    </p>
   </div>
   <div class='ocr_carea' id='block_1_89' title="bbox 86 2646 912 2692">
    <p class='ocr_par' dir='ltr' id='par_1_89' title="bbox 86 2646 912 2692">
     <span class='ocr_line' id='line_1_89' title="bbox 86 2646 912 2692; baseline -0.011 -9"><span class='ocrx_word' id='word_1_632' title='bbox 86 2655 113 2682; x_wconf 88' lang='lat' dir='ltr'><strong>et</strong></span> <span class='ocrx_word' id='word_1_633' title='bbox 127 2653 310 2692; x_wconf 87' lang='lat' dir='ltr'><strong>pertractare</strong></span> <span class='ocrx_word' id='word_1_634' title='bbox 325 2646 467 2684; x_wconf 80' lang='lat' dir='ltr'><strong>conabor,</strong></span> <span class='ocrx_word' id='word_1_635' title='bbox 484 2649 517 2677; x_wconf 95' lang='lat' dir='ltr'><strong>ut</strong></span> <span class='ocrx_word' id='word_1_636' title='bbox 531 2655 586 2676; x_wconf 89' lang='lat' dir='ltr'><strong>nec</strong></span> <span class='ocrx_word' id='word_1_637' title='bbox 614 2648 821 2676; x_wconf 83' lang='lat' dir='ltr'><strong>asseveranter</strong></span> <span class='ocrx_word' id='word_1_638' title='bbox 841 2652 912 2684; x_wconf 89' lang='lat' dir='ltr'><strong>pro-</strong></span> 
     </span>
    </p>
   </div>
   <div class='ocr_carea' id='block_1_90' title="bbox 922 2178 1780 2221">
    <p class='ocr_par' dir='ltr' id='par_1_90' title="bbox 922 2178 1780 2221">
     <span class='ocr_line' id='line_1_90' title="bbox 922 2178 1780 2221; baseline 0 -10"><span class='ocrx_word' id='word_1_639' title='bbox 922 2187 942 2211; x_wconf 88' lang='lat' dir='ltr'><strong>D</strong></span> <span class='ocrx_word' id='word_1_640' title='bbox 952 2189 1059 2221; x_wconf 88' lang='lat' dir='ltr'><strong>ponam</strong></span> <span class='ocrx_word' id='word_1_641' title='bbox 1076 2189 1141 2221; x_wconf 71' lang='lat' dir='ltr'><strong>quae</strong></span> <span class='ocrx_word' id='word_1_642' title='bbox 1156 2178 1244 2210; x_wconf 86' lang='lat' dir='ltr'><strong>dubia</strong></span> <span class='ocrx_word' id='word_1_643' title='bbox 1260 2183 1289 2209; x_wconf 90' lang='lat' dir='ltr'><strong>et</strong></span> <span class='ocrx_word' id='word_1_644' title='bbox 1303 2179 1415 2209; x_wconf 85' lang='lat' dir='ltr'><strong>incerta</strong></span> <span class='ocrx_word' id='word_1_645' title='bbox 1429 2182 1567 2215; x_wconf 89' lang='lat' dir='ltr'><strong>sunt,nec</strong></span> <span class='ocrx_word' id='word_1_646' title='bbox 1578 2187 1643 2218; x_wconf 59' lang='lat' dir='ltr'><strong>qua</strong></span> <span class='ocrx_word' id='word_1_647' title='bbox 1652 2179 1780 2211; x_wconf 84' lang='lat' dir='ltr'><strong>maxime</strong></span> 
     </span>
    </p>
   </div>
   <div class='ocr_carea' id='block_1_91' title="bbox 952 2224 1778 2267">
    <p class='ocr_par' dir='ltr' id='par_1_91' title="bbox 952 2224 1778 2267">
     <span class='ocr_line' id='line_1_91' title="bbox 952 2224 1778 2267; baseline -0.002 -9"><span class='ocrx_word' id='word_1_648' title='bbox 952 2227 1117 2267; x_wconf 85' lang='lat' dir='ltr'><strong>probabilia</strong></span> <span class='ocrx_word' id='word_1_649' title='bbox 1132 2226 1245 2257; x_wconf 83' lang='lat' dir='ltr'><strong>levibus</strong></span> <span class='ocrx_word' id='word_1_650' title='bbox 1260 2224 1436 2255; x_wconf 92' lang='lat' dir='ltr'><strong>ratiunculis</strong></span> <span class='ocrx_word' id='word_1_651' title='bbox 1453 2224 1654 2265; x_wconf 88' lang='lat' dir='ltr'><strong>posthabeam.</strong></span> <span class='ocrx_word' id='word_1_652' title='bbox 1666 2224 1696 2256; x_wconf 89' lang='lat' dir='ltr'><strong>Si</strong></span> <span class='ocrx_word' id='word_1_653' title='bbox 1707 2225 1778 2265; x_wconf 91' lang='lat' dir='ltr'><strong>quid</strong></span> 
     </span>
    </p>
   </div>
   <div class='ocr_carea' id='block_1_92' title="bbox 952 2269 1781 2310">
    <p class='ocr_par' dir='ltr' id='par_1_92' title="bbox 952 2269 1781 2310">
     <span class='ocr_line' id='line_1_92' title="bbox 952 2269 1781 2310; baseline -0.002 -8"><span class='ocrx_word' id='word_1_654' title='bbox 952 2276 1048 2302; x_wconf 88' lang='lat' dir='ltr'><strong>autem</strong></span> <span class='ocrx_word' id='word_1_655' title='bbox 1060 2272 1131 2302; x_wconf 88' lang='lat' dir='ltr'><strong>certi</strong></span> <span class='ocrx_word' id='word_1_656' title='bbox 1141 2275 1170 2302; x_wconf 90' lang='lat' dir='ltr'><strong>et</strong></span> <span class='ocrx_word' id='word_1_657' title='bbox 1179 2270 1321 2310; x_wconf 87' lang='lat' dir='ltr'><strong>explorati</strong></span> <span class='ocrx_word' id='word_1_658' title='bbox 1331 2272 1477 2306; x_wconf 88' lang='lat' dir='ltr'><strong>occurrat,</strong></span> <span class='ocrx_word' id='word_1_659' title='bbox 1497 2269 1524 2299; x_wconf 90' lang='lat' dir='ltr'><strong>id</strong></span> <span class='ocrx_word' id='word_1_660' title='bbox 1537 2269 1630 2300; x_wconf 87' lang='lat' dir='ltr'><strong>instar</strong></span> <span class='ocrx_word' id='word_1_661' title='bbox 1640 2270 1781 2310; x_wconf 83' lang='lat' dir='ltr'><strong>principii</strong></span> 
     </span>
    </p>
   </div>
   <div class='ocr_carea' id='block_1_93' title="bbox 951 2312 1778 2354">
    <p class='ocr_par' dir='ltr' id='par_1_93' title="bbox 951 2312 1778 2354">
     <span class='ocr_line' id='line_1_93' title="bbox 951 2312 1778 2354; baseline -0.001 -8"><span class='ocrx_word' id='word_1_662' title='bbox 951 2315 1154 2346; x_wconf 89' lang='lat' dir='ltr'><strong>adhibendum</strong></span> <span class='ocrx_word' id='word_1_663' title='bbox 1178 2314 1244 2352; x_wconf 86' lang='lat' dir='ltr'><strong>erit,</strong></span> <span class='ocrx_word' id='word_1_664' title='bbox 1272 2319 1333 2344; x_wconf 91' lang='lat' dir='ltr'><strong>tum</strong></span> <span class='ocrx_word' id='word_1_665' title='bbox 1349 2313 1385 2344; x_wconf 89' lang='lat' dir='ltr'><strong>ad</strong></span> <span class='ocrx_word' id='word_1_666' title='bbox 1414 2312 1577 2344; x_wconf 88' lang='lat' dir='ltr'><strong>refellenda</strong></span> <span class='ocrx_word' id='word_1_667' title='bbox 1603 2314 1778 2354; x_wconf 88' lang='lat' dir='ltr'><strong>opinionum</strong></span> 
     </span>
    </p>
   </div>
   <div class='ocr_carea' id='block_1_94' title="bbox 952 2358 1779 2401">
    <p class='ocr_par' dir='ltr' id='par_1_94' title="bbox 952 2358 1779 2401">
     <span class='ocr_line' id='line_1_94' title="bbox 952 2358 1779 2401; baseline -0.001 -10"><span class='ocrx_word' id='word_1_668' title='bbox 952 2364 1132 2401; x_wconf 84' lang='lat' dir='ltr'><strong>commenta,</strong></span> <span class='ocrx_word' id='word_1_669' title='bbox 1150 2364 1209 2390; x_wconf 91' lang='lat' dir='ltr'><strong>tum</strong></span> <span class='ocrx_word' id='word_1_670' title='bbox 1227 2359 1263 2390; x_wconf 89' lang='lat' dir='ltr'><strong>ad</strong></span> <span class='ocrx_word' id='word_1_671' title='bbox 1280 2358 1493 2397; x_wconf 86' lang='lat' dir='ltr'><strong>conﬁrmanda,</strong></span> <span class='ocrx_word' id='word_1_672' title='bbox 1511 2368 1578 2399; x_wconf 62' lang='lat' dir='ltr'><strong>qum</strong></span> <span class='ocrx_word' id='word_1_673' title='bbox 1590 2358 1687 2389; x_wconf 90' lang='lat' dir='ltr'><strong>minus</strong></span> <span class='ocrx_word' id='word_1_674' title='bbox 1700 2358 1779 2390; x_wconf 88' lang='lat' dir='ltr'><strong>belle</strong></span> 
     </span>
    </p>
   </div>
   <div class='ocr_carea' id='block_1_95' title="bbox 953 2403 1388 2435">
    <p class='ocr_par' dir='ltr' id='par_1_95' title="bbox 953 2403 1388 2435">
     <span class='ocr_line' id='line_1_95' title="bbox 953 2403 1388 2435; baseline -0.005 0"><span class='ocrx_word' id='word_1_675' title='bbox 953 2404 983 2435; x_wconf 95' lang='lat' dir='ltr'><strong>in</strong></span> <span class='ocrx_word' id='word_1_676' title='bbox 1003 2404 1125 2435; x_wconf 92' lang='lat' dir='ltr'><strong>dubium</strong></span> <span class='ocrx_word' id='word_1_677' title='bbox 1140 2407 1242 2434; x_wconf 88' lang='lat' dir='ltr'><strong>vocata</strong></span> <span class='ocrx_word' id='word_1_678' title='bbox 1257 2403 1388 2434; x_wconf 87' lang='lat' dir='ltr'><strong>fuerant.</strong></span> 
     </span>
    </p>
   </div>
   <div class='ocr_carea' id='block_1_96' title="bbox 994 2461 1777 2503">
    <p class='ocr_par' dir='ltr' id='par_1_96' title="bbox 994 2461 1777 2503">
     <span class='ocr_line' id='line_1_96' title="bbox 994 2461 1777 2503; baseline -0.003 -9"><span class='ocrx_word' id='word_1_679' title='bbox 994 2462 1023 2494; x_wconf 91' lang='lat' dir='ltr'><strong>S.</strong></span> <span class='ocrx_word' id='word_1_680' title='bbox 1043 2466 1149 2503; x_wconf 80' lang='lat' dir='ltr'><strong>martyr</strong></span> <span class='ocrx_word' id='word_1_681' title='bbox 1163 2462 1247 2492; x_wconf 91' lang='lat' dir='ltr'><strong>initio</strong></span> <span class='ocrx_word' id='word_1_682' title='bbox 1260 2461 1382 2502; x_wconf 88' lang='lat' dir='ltr'><strong>majoris</strong></span> <span class='ocrx_word' id='word_1_683' title='bbox 1407 2461 1565 2500; x_wconf 69' lang='lat' dir='ltr'><strong>Apologia:</strong></span> <span class='ocrx_word' id='word_1_684' title='bbox 1580 2461 1704 2500; x_wconf 87' lang='lat' dir='ltr'><strong>patriam</strong></span> <span class='ocrx_word' id='word_1_685' title='bbox 1721 2471 1777 2502; x_wconf 89' lang='lat' dir='ltr'><strong>ap-</strong></span> 
     </span>
    </p>
   </div>
   <div class='ocr_carea' id='block_1_97' title="bbox 954 2505 1778 2548">
    <p class='ocr_par' dir='ltr' id='par_1_97' title="bbox 954 2505 1778 2548">
     <span class='ocr_line' id='line_1_97' title="bbox 954 2505 1778 2548; baseline -0.001 -9"><span class='ocrx_word' id='word_1_686' title='bbox 954 2507 1042 2548; x_wconf 86' lang='lat' dir='ltr'><strong>pellat</strong></span> <span class='ocrx_word' id='word_1_687' title='bbox 1057 2507 1185 2538; x_wconf 86' lang='lat' dir='ltr'><strong>Flaviam</strong></span> <span class='ocrx_word' id='word_1_688' title='bbox 1200 2506 1354 2547; x_wconf 84' lang='lat' dir='ltr'><strong>Neapolim</strong></span> <span class='ocrx_word' id='word_1_689' title='bbox 1370 2505 1461 2546; x_wconf 85' lang='lat' dir='ltr'><strong>Syriae</strong></span> <span class='ocrx_word' id='word_1_690' title='bbox 1481 2505 1657 2546; x_wconf 80' lang='lat' dir='ltr'><strong>Palaestinae,</strong></span> <span class='ocrx_word' id='word_1_691' title='bbox 1673 2516 1707 2537; x_wconf 90' lang='lat' dir='ltr'><strong>ac</strong></span> <span class='ocrx_word' id='word_1_692' title='bbox 1722 2516 1778 2546; x_wconf 86' lang='lat' dir='ltr'><strong>pa-</strong></span> 
     </span>
    </p>
   </div>
   <div class='ocr_carea' id='block_1_98' title="bbox 953 2550 1777 2588">
    <p class='ocr_par' dir='ltr' id='par_1_98' title="bbox 953 2550 1777 2588">
     <span class='ocr_line' id='line_1_98' title="bbox 953 2550 1777 2588; baseline -0.001 -5"><span class='ocrx_word' id='word_1_693' title='bbox 953 2559 1029 2584; x_wconf 89' lang='lat' dir='ltr'><strong>trem</strong></span> <span class='ocrx_word' id='word_1_694' title='bbox 1045 2552 1102 2583; x_wconf 88' lang='lat' dir='ltr'><strong>sibi</strong></span> <span class='ocrx_word' id='word_1_695' title='bbox 1119 2552 1250 2582; x_wconf 90' lang='lat' dir='ltr'><strong>Priscum</strong></span> <span class='ocrx_word' id='word_1_696' title='bbox 1267 2551 1368 2588; x_wconf 81' lang='lat' dir='ltr'><strong>tuisse,</strong></span> <span class='ocrx_word' id='word_1_697' title='bbox 1394 2559 1480 2581; x_wconf 89' lang='lat' dir='ltr'><strong>avum</strong></span> <span class='ocrx_word' id='word_1_698' title='bbox 1496 2550 1657 2582; x_wconf 85' lang='lat' dir='ltr'><strong>Bacchium</strong></span> <span class='ocrx_word' id='word_1_699' title='bbox 1685 2555 1777 2583; x_wconf 78' lang='lat' dir='ltr'><strong>testa-</strong></span> 
     </span>
    </p>
   </div>
   <div class='ocr_carea' id='block_1_99' title="bbox 954 2595 1778 2637">
    <p class='ocr_par' dir='ltr' id='par_1_99' title="bbox 954 2595 1778 2637">
     <span class='ocr_line' id='line_1_99' title="bbox 954 2595 1778 2637; baseline 0 -9"><span class='ocrx_word' id='word_1_700' title='bbox 954 2602 1000 2628; x_wconf 87' lang='lat' dir='ltr'><strong>tur</strong></span> <span class='ocrx_word' id='word_1_701' title='bbox 1014 2596 1197 2634; x_wconf 69' lang='lat' dir='ltr'><strong>541Justinus</strong></span> <span class='ocrx_word' id='word_1_702' title='bbox 1207 2596 1308 2637; x_wconf 58' lang='lat' dir='ltr'><strong>Prisci</strong></span> <span class='ocrx_word' id='word_1_703' title='bbox 1321 2595 1542 2635; x_wconf 74' lang='lat' dir='ltr'><strong>ﬁlius,Bacchii</strong></span> <span class='ocrx_word' id='word_1_704' title='bbox 1552 2597 1778 2636; x_wconf 71' lang='lat' dir='ltr'><strong>nepos,Flavitc</strong></span> 
     </span>
    </p>
   </div>
   <div class='ocr_carea' id='block_1_100' title="bbox 954 2639 1774 2683">
    <p class='ocr_par' dir='ltr' id='par_1_100' title="bbox 954 2639 1774 2683">
     <span class='ocr_line' id='line_1_100' title="bbox 954 2639 1774 2683; baseline -0.001 -9"><span class='ocrx_word' id='word_1_705' title='bbox 954 2643 1140 2683; x_wconf 77' lang='lat' dir='ltr'><strong>Neapolisin</strong></span> <span class='ocrx_word' id='word_1_706' title='bbox 1153 2641 1249 2681; x_wconf 58' lang='grc' dir='ltr'><em>ὑανία</em></span> <span class='ocrx_word' id='word_1_707' title='bbox 1257 2639 1429 2673; x_wconf 75' lang='lat' dir='ltr'><strong>Pulmstinw</strong></span> <span class='ocrx_word' id='word_1_708' title='bbox 1441 2641 1564 2676; x_wconf 67' lang='lat' dir='ltr'><strong>civium.</strong></span> <span class='ocrx_word' id='word_1_709' title='bbox 1579 2642 1647 2675; x_wconf 70' lang='lat' dir='ltr'><strong>Haec</strong></span> <span class='ocrx_word' id='word_1_710' title='bbox 1662 2641 1774 2681; x_wconf 85' lang='lat' dir='ltr'><strong>civitas,</strong></span> 
     </span>
    </p>
   </div>
   <div class='ocr_carea' id='block_1_101' title="bbox 123 2722 1043 2768">
    <p class='ocr_par' dir='ltr' id='par_1_101' title="bbox 123 2723 1028 2768">
     <span class='ocr_line' id='line_1_101' title="bbox 123 2723 1028 2768; baseline -0.01 -5"><span class='ocrx_word' id='word_1_711' title='bbox 123 2730 149 2753; x_wconf 67' lang='grc'><strong>³⁸</strong></span> <span class='ocrx_word' id='word_1_712' title='bbox 163 2730 267 2763; x_wconf 69' lang='lat' dir='ltr'><strong>Matth.</strong></span> <span class='ocrx_word' id='word_1_713' title='bbox 280 2737 365 2768; x_wconf 72' lang='lat' dir='ltr'><strong>xxiv,</strong></span> <span class='ocrx_word' id='word_1_714' title='bbox 382 2727 413 2760; x_wconf 87' lang='lat'><strong>5.</strong></span> <span class='ocrx_word' id='word_1_715' title='bbox 455 2725 483 2748; x_wconf 78' lang='grc'><strong>⁸³</strong></span> <span class='ocrx_word' id='word_1_716' title='bbox 496 2727 509 2759; x_wconf 83' lang='grc' dir='ltr'>ι</span> <span class='ocrx_word' id='word_1_717' title='bbox 520 2727 590 2758; x_wconf 87' lang='lat' dir='ltr'><strong>Cor.</strong></span> <span class='ocrx_word' id='word_1_718' title='bbox 607 2733 652 2767; x_wconf 73' lang='lat' dir='ltr'><strong>x1,</strong></span> <span class='ocrx_word' id='word_1_719' title='bbox 668 2725 718 2757; x_wconf 81' lang='grc'><strong>19.</strong></span> <span class='ocrx_word' id='word_1_720' title='bbox 761 2723 789 2745; x_wconf 75' lang='grc'><strong>³⁸</strong></span> <span class='ocrx_word' id='word_1_721' title='bbox 802 2724 903 2764; x_wconf 82' lang='lat' dir='ltr'><strong>Antiq.</strong></span> <span class='ocrx_word' id='word_1_722' title='bbox 919 2723 972 2755; x_wconf 92' lang='lat' dir='ltr'><strong>lib.</strong></span> <span class='ocrx_word' id='word_1_723' title='bbox 986 2731 1028 2762; x_wconf 87' lang='lat' dir='ltr'><strong>x1,</strong></span> 
     </span>
    </p>
   </div>
   <div class='ocr_carea' id='block_1_102' title="bbox 994 2722 1118 2768">
    <p class='ocr_par' dir='ltr' id='par_1_102' title="bbox 994 2722 1118 2762">
     <span class='ocr_line' id='line_1_102' title="bbox 994 2722 1118 2762; baseline 0 -8"><span class='ocrx_word' id='word_1_724' title='bbox 994 2731 1028 2762; x_wconf 65' lang='grc' dir='ltr'><strong>ιι,</strong></span> <span class='ocrx_word' id='word_1_725' title='bbox 1045 2731 1071 2753; x_wconf 91' lang='lat' dir='ltr'><strong>c.</strong></span> <span class='ocrx_word' id='word_1_726' title='bbox 1088 2722 1118 2754; x_wconf 87' lang='lat'><strong>8.</strong></span> 
     </span>
    </p>
   </div>
   <div class='ocr_carea' id='block_1_103' title="bbox 242 2809 535 2844">
    <p class='ocr_par' dir='ltr' id='par_1_103' title="bbox 242 2809 535 2844">
     <span class='ocr_line' id='line_1_103' title="bbox 242 2809 535 2844; baseline -0.017 0"><span class='ocrx_word' id='word_1_727' title='bbox 242 2812 376 2844; x_wconf 64' lang='lat' dir='ltr'><strong>Parnm.</strong></span> <span class='ocrx_word' id='word_1_728' title='bbox 398 2809 458 2841; x_wconf 79' lang='lat' dir='ltr'><strong>Gn.</strong></span> <span class='ocrx_word' id='word_1_729' title='bbox 481 2809 535 2842; x_wconf 89' lang='lat' dir='ltr'><strong>VI.</strong></span> 
     </span>
    </p>
   </div>
  </div>
