1961 3071
198 133 253 165 107

646 133 676 165 S.
699 132 884 166 JUSTINUS
907 131 1171 163 PHILOSOPHUS
1194 131 1243 162 ET
1265 129 1439 161 MARTYR.

1827 120 1884 153 108

194 209 260 241 quae
268 200 337 231 olim
353 201 472 232 Sichem
484 200 648 241 dicebatur,
666 205 705 241 et,
721 204 795 232 teste
808 200 950 240 Josepho,
967 208 1018 229 ca-
1030 203 1048 227 A
1060 197 1370 239 gicisJ‘apebrochius
1385 195 1532 241 duplicem
1547 202 1660 225 navum
1676 191 1783 241 tollere
1796 198 1886 241 cona-

195 249 246 286 put
262 245 402 277 Samaria:
416 246 510 277 fuerat
522 246 681 277 Alexandri
692 246 785 286 Magni
796 249 943 286 tempore,
956 243 1020 274 Fla-

195 290 248 321 viae
261 289 401 330 Neapolis
418 300 526 321 nomen
542 300 575 322 ac
597 291 648 331 jus
664 290 791 322 civitatis
807 290 920 320 videtur
930 298 1019 320 acce-

195 335 273 376 pisse
283 345 300 366 a
312 334 411 366 Flavio
420 335 720 376 Vespasiano.l\'eque
734 335 813 366 enim
825 334 940 366 colonia
951 333 1021 364 illuc

194 380 321 411 deducta
335 384 379 411 est
394 380 430 411 ab
446 381 509 420 ejus
526 380 604 421 ﬁliis,
623 389 689 411 cum
701 381 762 420 jam
772 379 911 419 Neapolis
919 382 1020 409 vocata

195 424 284 456 fuerit
300 425 385 465 paulo
395 430 460 465 post
469 425 615 457 excidium
628 424 974 465 Hierosolymilanum,ut
984 432 1018 453 ex

195 469 278 500 libris
294 469 419 510 .losephi
433 470 471 500 de
495 470 573 500 bello
594 469 718 501 Judaico
734 469 788 500 sub
818 470 874 500 hoc
903 473 1018 508 tempus

195 515 314 554 scriptis
330 515 506 555 perspicitur
519 516 560 545 35.
580 516 660 546 Unus
688 524 722 545 ex
751 515 797 546 his
825 513 939 545 colonis
965 512 1018 542 fuit

195 560 348 598 Bacchius,
366 560 450 600 cujus
466 569 559 600 nepos
586 560 729 591 Justinus.
747 558 949 591 Samaritanos
964 567 1018 597 po-

197 604 314 644 pulares
329 613 400 635 suos
413 605 552 645 appellat,
571 614 630 635 non
641 604 719 645 quod
736 604 825 635 ullam
842 607 956 644 partem
972 611 1020 634 eo-

194 658 260 679 rum
276 649 402 680 instituti
413 649 567 688 attigisset,
586 649 640 680 sed
656 649 734 690 quod
755 649 785 679 in
801 649 855 679 hac.
884 647 959 679 urbe
985 656 1021 678 ex

194 693 306 725 Gracis
321 693 434 724 colonis
445 698 531 724 natus
541 698 630 726 esset.
645 693 759 735 Ubique
774 694 855 725 enim
867 691 1022 724 seseinter

195 738 331 769 ethnicos
346 738 383 769 ad
399 737 548 769 Christum
564 747 724 770 conversos
750 741 886 769 numerat
901 748 909 776 ;
927 736 1020 767 incir-

195 782 361 814 cumcisum
378 791 411 814 se
427 791 493 813 esse
508 782 640 814 declarat
657 783 687 813 in
706 782 832 823 Dialogo
861 791 927 813 cum
947 781 1021 820 Try-

194 828 293 867 phone
323 839 334 856 α
352 826 395 858 Ne
409 826 561 866 dubitetis;
578 827 683 867 inquit,
701 837 783 860 num.
801 827 852 865 28,
870 826 943 857 mihi
964 825 1021 857 ho-

195 872 269 903 mini
282 871 490 903 incircumciso
506 871 642 903 credere.
662 885 675 900 »
693 871 768 904 Hinc
783 871 872 904 etiam
890 871 920 902 in
936 871 1020 911 Apo-

195 916 256 958 log.
270 920 298 951 l.
315 926 344 947 n.
362 916 420 947 53:
442 927 454 945 α
485 915 546 948 Nos
572 917 654 958 ipsos
665 917 817 949 cernimus
833 926 867 948 ex
882 914 1022 956 gentibus

195 962 295 1002 plures
310 971 345 992 ac
360 961 491 992 veriores
504 971 569 993 esse
585 962 781 1002 Christianos,
797 971 885 1002 quam
911 970 946 991 ex
972 960 1021 992 Ju-

194 1006 266 1037 daeis
279 1010 308 1037 et
317 1005 519 1037 Samaritanis.
541 1019 552 1036 ι›
566 1006 703 1038 Graviter
717 1016 787 1047 ergo
803 1009 932 1037 errasset
946 1005 1020 1046 Epi-

194 1051 332 1091 phanius,
350 1051 374 1081 si
390 1050 540 1082 Justinum
565 1061 582 1082 a
612 1051 796 1083 Samaritana
826 1051 958 1082 instituto
984 1048 1020 1080 ad

192 1095 369 1135 religionem
399 1095 597 1127 Christianam
613 1106 788 1127 conversum
804 1096 893 1126 fuisse
916 1093 1020 1126 existi-

195 1144 315 1172 masset.
331 1140 390 1172 Sed
412 1140 488 1171 hanc
501 1140 528 1171 ei
542 1141 712 1181 opinionem
729 1141 877 1172 immerito
891 1139 1022 1179 Scaliger

196 1189 226 1216 et
254 1185 393 1216 Petavius
408 1185 599 1216 atﬁnxerunt.
616 1185 666 1217 Sic
695 1187 774 1217 enim
804 1185 934 1226 loquitur
963 1184 1018 1214 53:

199 1229 345 1260 Tatianus
358 1230 473 1260 Justini
498 1230 672 1271 philosophi
686 1231 871 1262 sanctissimi
889 1239 925 1261 ac
945 1229 1019 1261 reli-

196 1274 361 1313 giosiesimt'
367 1274 427 1304 viri
433 1274 725 1306 contuetudineusus
740 1275 872 1315 est,quie
880 1274 1020 1306 Samari-

197 1319 278 1349 tam's
288 1318 328 1349 ad
340 1319 454 1349 Christi
474 1318 564 1358 ﬁdem
575 1321 754 1350 transierat.
772 1319 853 1350 Erat
868 1320 948 1349 enim
961 1319 1020 1349 Ju-

196 1365 294 1395 stinus
308 1373 420 1404 genere
436 1364 666 1398 Samaritanus.
681 1365 822 1397 Numerat
838 1375 906 1406 ergo
927 1365 1020 1397 Justi—

196 1418 267 1439 num
283 1409 361 1440 inter
375 1410 586 1451 Samaritanos,
603 1420 662 1441 non
677 1411 754 1451 quod
771 1420 874 1442 eorum
889 1410 1023 1441 instituta

196 1458 323 1485 sectatus
345 1458 433 1491 esset,
451 1454 503 1485 sed
527 1455 596 1494 quia
618 1456 647 1485 in
661 1456 716 1486 hac
732 1460 820 1495 gente
842 1460 926 1486 natus
948 1459 1020 1486 erat.

198 1498 262 1536 Quo
278 1508 367 1530 sensu
381 1499 446 1539 ipse
459 1498 594 1530 Justinus
609 1500 811 1531 Samaritanos
828 1503 913 1531 vocat
928 1500 958 1530 in
972 1499 1023 1530 Di-

1062 235 1272 284 tur;posti'ema
1296 241 1384 273 verba
1408 235 1594 271 librariorum
1624 235 1804 284 negligentia
1821 235 1886 284 loco

1062 278 1287 323 suouexcidisse,
1306 291 1334 317 et
1349 286 1384 316 ad
1401 284 1627 316 conversionem
1644 281 1750 314 Justini
1773 289 1832 310 non
1849 278 1886 309 ad

1063 333 1233 373 martyrium
1250 331 1354 362 referri
1370 330 1480 361 debere
1497 328 1666 373 pronuntiat
1682 338 1690 373 ξ
1708 335 1762 373 pro
1778 333 1813 355 eo
1829 333 1885 354 au-

1063 381 1120 408 tem
1138 369 1215 418 quod
1233 377 1445 416 interpretatur
1460 371 1663 410 Pelavins,sub
1676 369 1797 418 Rustico
1810 377 1887 408 prot-

1060 415 1302 461 ῙεσιοξΑάνίιιηο
1313 415 1562 460 imperante,ipse
1577 417 1620 447 sic
1636 415 1744 461 reddit:
1772 416 1872 461 tlunsu

1060 458 1143 498 iibus
1157 467 1277 498 Rustico
1293 469 1320 496 et
1349 458 1488 496 Adriano
1503 465 1699 503 imperatore.
1716 459 1800 491 Unde
1823 458 1887 488 haec

1060 513 1204 543 canﬁalur
1218 509 1519 542 sententiazluslinus
1534 517 1601 539 cum
1613 508 1645 538 in
1657 506 1810 536 Christum
1822 511 1870 534 cre

1060 557 1249 589 didissetsub
1255 555 1414 587 consulatu
1420 554 1534 585 Rustici
1544 551 1820 597 etAdriani,(m_aos
1829 556 1886 597 aa-

1062 607 1110 634 tus
1125 603 1359 642 trigintaalute
1370 600 1470 639 firma,
1489 603 1546 630 etc.
1564 596 1750 642 Sequiturex
1767 594 1822 625 hac
1838 594 1886 623 iu-

1063 639 1244 687 terpretandi
1261 650 1290 677 et
1311 643 1489 676 emendandi
1519 642 1632 673 ratione
1645 639 1794 687 Justinu‘m
1810 646 1889 687 anno

1064 683 1132 729 119,
1147 702 1205 732 quo
1227 691 1374 722 Adrianus
1389 695 1416 720 et
1450 688 1588 719 ltusticus
1600 684 1743 732 consules
1758 683 1889 732 fuerunt,

1062 727 1173 768 annum
1190 737 1281 767 aetatis
1311 735 1495 766 tricesimum
1525 731 1668 771 attigisse,
1700 739 1734 760 ac
1765 727 1890 768 proinde

1062 791 1140 813 anno
1156 782 1194 813 89
1209 782 1239 812 in
1257 781 1352 812 lucem
1370 779 1481 810 editum
1498 777 1618 821 fuisses
1686 819 1693 821 Ξ
1709 819 1713 821 ἓ
1760 817 1784 821 __
1846 815 1851 821 ,

1102 827 1160 858 Sed
1176 825 1313 857 assentiri
1330 833 1387 855 non
1401 832 1520 864 possum
1533 817 1827 864 PapebrochiorHeec
1845 817 1890 845 in-

1032 871 1248 915 Bterpretatio,
1271 871 1316 899 ἒπὶ
1355 862 1495 898 Paucum-3
1522 866 1654 906 ἡγεμόνος
1683 865 1726 892 καὶ
1751 862 1889 901 Ἀδριανοῦ

1061 910 1202 958 βισὶλέως,
1220 910 1284 947 sab.
1297 923 1337 946 cs.
1357 913 1479 958 Rustico
1491 916 1527 958 et
1544 910 1887 958 Adriaiio_tmperatore,

1063 951 1179 1003 penitus
1195 951 1350 1001 repugnat,
1362 957 1497 999 quamvis
1508 954 1617 1003 Grabio
1633 958 1661 1003 et
1673 951 1822 984 Dodwello
1837 958 1888 1003 ve—

1063 994 1220 1038 hementer
1231 994 1385 1045 probetur:
1416 1002 1513 1042 Atque
1534 999 1650 1031 etiamsi
1678 1007 1737 1045 quo
1753 994 1890 1045 exemplo

1064 1051 1172 1082 ﬁrmari
1189 1038 1299 1091 posset,
1316 1049 1429 1080 nullum
1447 1038 1519 1078 sane
1535 1045 1631 1091 all'erri
1649 1042 1751 1091 possit,
1780 1039 1819 1070 ub
1835 1038 1892 1091 ob:

1062 1100 1159 1127 servat
1180 1082 1400 1130 'l‘illemontius,
1425 1092 1455 1122 in
1486 1100 1544 1131 quo
1574 1082 1748 1129 imperatori
1776 1082 1894 1131 consuli

1062 1141 1176 1180 collega
1187 1136 1480 1181 praeponaturJlulta
1495 1130 1553 1166 alia
1568 1135 1827 1181 concurrantque
1841 1130 1882 1181 lia

1063 1173 1401 1227 pebrdcliiiopinionem
1432 1181 1578 1227 minuant.
1604 1175 1781 1227 Credibilius
1797 1173 1890 1226 multo

1062 1222 1107 1262 est
1121 1230 1228 1262 Justini
1240 1222 1410 1269 martyrium
1425 1225 1554 1267 praefecti
1567 1222 1718 1255 notatione
1731 1222 1887 1269 corisigna-

1063 1281 1122 1307 tum
1139 1276 1241 1313 fuisse,
1259 1266 1347 1315 quam
1360 1271 1585 1304 conversionem
1597 1278 1639 1315 ex_
1647 1266 1820 1298 consulibus
1836 1274 1887 1294 no-

1062 1325 1166 1352 tatam.
1179 1322 1252 1353 Eum
1268 1313 1349 1350 certe
1364 1317 1418 1348 sub
1435 1316 1553 1347 Rustico
1566 1313 1704 1354 praefecto
1721 1318 1836 1352 passum
1850 1318 1886 1339 ex

1062 1366 1144 1399 Actis
1160 1365 1377 1406 perspicimus;
1406 1361 1460 1393 sub
1475 1370 1518 1392 cs.
1532 1359 1728 1406 iliusttcouet
1753 1355 1884 1386 Adriano

1064 1402 1239 1442 conversum
1257 1408 1360 1439 nullibi
1376 1404 1650 1447 legimuszdenique
1664 1402 1744 1432 illius
1758 1408 1887 1431 conver-

1064 1455 1108 1486 sio
1122 1455 1218 1486 serius
1230 1451 1528 1494 ponenda,siducem
1544 1447 1704 1494 Eusebium
1710 1453 1889 1494 sequamur,

1065 1510 1123 1541 quo
1139 1489 1331 1541 profectojhis
1346 1489 1378 1529 in
1387 1496 1478 1528 rebus
1493 1495 1628 1526 tutiorem
1656 1491 1770 1522 nullum
1799 1489 1889 1520 habe-

197 1543 294 1583 alogo,
311 1553 341 1575 ιι.
358 1543 426 1584 420,
443 1552 536 1582 genus
561 1553 659 1584 suum,
677 1549 706 1575 et
721 1545 752 1575 in
778 1546 861 1585 Apol.
875 1544 906 1585 2,
923 1554 954 1575 n.
974 1544 1021 1575 15,
1034 1553 1054 1578 c
1068 1553 1145 1575 mus.

1083 1553 1145 1575 nus.

195 1593 314 1627 gentem
330 1597 426 1620 suam.

238 1631 276 1663 ll.
291 1631 354 1668 Quo
371 1642 449 1664 anno
462 1637 548 1664 natus
563 1633 601 1663 sit
613 1633 748 1665 Justinus
775 1634 925 1674 conjicere
950 1643 1022 1674 pos-

1106 1589 1197 1629 lgitur
1211 1588 1303 1619 satius
1316 1591 1362 1619 est
1377 1586 1462 1618 fateri
1471 1578 1890 1629 Epiphanium_errasse,dum

1064 1627 1172 1666 Justini
1189 1632 1362 1673 martyrium
1391 1631 1445 1662 sub
1474 1630 1605 1661 Adriano
1629 1627 1773 1673 collocat,
1800 1632 1888 1673 quam

198 1685 313 1714 sumus,
330 1687 390 1708 non
405 1686 586 1709 asseverare.
614 1678 774 1709 Plurimum
801 1669 875 1710 lucis
902 1669 1024 1710 aﬁ'erret
1065 1679 1144 1710 illius
1158 1678 1249 1710 verba
1264 1669 1391 1709 ibsurde
1406 1673 1609 1715 interpretari.
1625 1670 1794 1704 Sanabilior
1805 1669 1889 1715 vide-

196 1720 392 1761 Epiphanius,
407 1722 433 1752 si
448 1723 511 1761 ejus
521 1722 612 1754 verba
625 1728 675 1754 aut
687 1724 776 1754 mavis
799 1727 947 1764 carerent,
972 1727 1022 1754 aut
1065 1727 1114 1755 tur
1124 1723 1200 1754 alter
1211 1731 1308 1754 naevus
1322 1732 1330 1760 ;
1343 1730 1398 1752 nec
1409 1713 1508 1751 tamen
1520 1725 1700 1764 necesseesi
1707 1716 1775 1764 hinc
1784 1713 1885 1764 verba,

198 1757 266 1806 apte
296 1757 517 1798 emendaretur.
544 1768 592 1799 Sic
617 1772 714 1799 autem
740 1769 870 1809 loquitur
897 1757 1021 1799 in'haa—
1061 1769 1152 1809 firma
1167 1757 1553 1805 etconstantiaetatemano
1563 1757 1884 1809 atatistricesimo,al-

197 1804 258 1842 res.
271 1811 330 1842 46:
346 1816 427 1845 Οὗτος
448 1813 498 1852 γὰρ
512 1814 525 1841 ὁ
555 1813 697 1847 Ἰουστϊνος
733 1804 901 1854 Eat-mpsim;
930 1814 963 1848 ἧν
991 1815 1021 1842 τὸ
1061 1804 1119 1845 tius
1135 1813 1230 1844 transf

1086 1823 1119 1844 us
1135 1813 1307 1849 transferre,
1319 1811 1403 1852 quasi
1418 1810 1454 1841 ad
1462 1804 1689 1854 conversionem
1707 1804 1887 1854 pertineant.

197 1855 285 1896 γένος,¹
301 1857 337 1889 εἰς
352 1849 462 1896 Χριστὸν
503 1858 696 1891 πεπιστευκὼς.
722 1849 912 1898 καὶ-μέγάλως
942 1859 1020 1892 ἔξω·
1062 1862 1091 1890 et
1105 1858 1170 1889 loco
1183 1867 1230 1889 suc

1083 1862 1091 1889 t
1105 1858 1170 1889 loco
1183 1867 1237 1889 suo
1252 1866 1269 1888 a
1297 1849 1428 1887 librariis
1441 1854 1559 1894 dejecta
1572 1852 1694 1898 fuerint.
1710 1849 1788 1898 Nihil
1815 1857 1888 1898 sane

197 1901 298 1939 κηθεὶς,
329 1902 425 1940 ἀρετῆς
451 1912 480 1929 τε
508 1902 564 1940 βίον
593 1902 782 1941 ἐνδειξάμενος,
809 1905 839 1932 τὸ
863 1903 938 1936 τέλος
960 1904 1026 1947 ὑπὲρ

199 1948 314 1984 Χριστοῦ
343 1947 512 1986 μαρτυρήσας
550 1947 650 1988 τελείου
690 1949 818 1988 στεφάνου
857 1948 1025 1982 κκτιξιοῡται

200 1990 242 2018 ἐπὶ
264 1992 314 2023 τῆς
326 1988 472 2028 Ῥωμαίων,
489 1991 534 2020 ἐπὶ
549 1987 698 2021 Ῥωστιχοῦ
709 1987 842 2032 ἡγεμόνος
858 1995 901 2022 καὶ
916 1992 1024 2034 Ἀδρια-

200 2038 245 2063 νοῦ
279 2035 422 2073 βασιλέως,
447 2036 530 2064 ἒστῶν
556 2037 697 2076 τριάκοντα
724 2038 853 2078 ὑπάρχων
889 2037 916 2066 ἐν
945 2041 1024 2067 καθε-

200 2079 290 2117 στώσῃ
305 2079 405 2116 ἡλικίᾳ.
416 2091 427 2108 s
445 2080 520 2111 Hinc
535 2081 613 2110 enim
625 2081 757 2112 Justinus
772 2091 882 2120 genere
892 2082 1024 2114 Samari-

201 2127 298 2165 tanus,
315 2134 381 2155 cnm
398 2125 427 2155 in
438 2125 585 2157 Christum
602 2126 829 2164 credidisset,ac
844 2136 1025 2168 magnopere

202 2169 378 2200 exercitatus
396 2174 425 2200 et
453 2171 630 2201 sanctiorem
648 2170 732 2202 vitam
759 2172 910 2212 professus
934 2177 1022 2212 esset,

1068 1902 1216 1944 prohibet,
1232 1901 1390 1942 quominus
1400 1893 1532 1931 Justinus
1542 1901 1629 1944 aetate
1640 1895 1736 1927 adhuc
1746 1894 1832 1944 ﬁrma
1843 1893 1888 1943 vi:

1067 1937 1125 1979 tam
1148 1937 1335 1988 pro'C'hristo
1352 1944 1517 1986 profudisse
1532 1943 1649 1988 dicatur
1666 1950 1673 1979 ;
1693 1947 1796 1988 neque
1819 1937 1891 1988 huic

1067 1981 1224 2034 Epiphanii
1240 1981 1410 2023 testimonio
1425 1988 1588 2034 quidquam
1600 1987 1679 2034 inest
1691 1981 1889 2034 incommodi:

1067 2028 1101 2069 id
1109 2028 1220 2068 tantum
1237 2036 1298 2068 vitii
1309 2028 1481 2067 occurrit—in
1496 2033 1561 2073 ejus
1573 2030 1684 2066 verbis,
1700 2028 1778 2070 quod
1794 2028 1891 2073 Justi-

1067 2092 1122 2114 uus
1134 2091 1212 2113 anno
1235 2081 1327 2113 aetatis
1338 2079 1486 2111 tricesimo
1504 2071 1607 2119 passus
1616 2075 1743 2122 dicatur.
1751 2073 1789 2104 At
1803 2071 1892 2122 facile

1066 2127 1122 2159 fuit
1137 2127 1263 2159 librariis
1278 2134 1378 2157 errare
1393 2124 1424 2154 in
1439 2123 1517 2154 notis
1548 2119 1764 2159 numeralibus,
1793 2122 1822 2167 et
1836 2119 1890 2167 tri-

1065 2172 1143 2211 ginta
1155 2181 1206 2212 pro
1222 2169 1434 2212 quinquaginta
1450 2176 1573 2212 ponere,
1586 2161 1892 2212 cumprzesertimlit-

201 2214 317 2244 tandem
330 2222 382 2254 pro
390 2215 505 2245 Christo
521 2215 660 2255 martyrio
677 2206 1022 2258 perfuhctus,perfectani
1036 2233 1056 2258 υ
1065 2206 1194 2247 terartim
1211 2206 1276 2247 A'et
1290 2206 1385 2255 N'qnte
1396 2214 1441 2244 his
1450 2206 1590 2258 numeris
1601 2207 1793 2258 designandis
1805 2206 1892 2258 adhi-

200 2266 342 2288 coronam
355 2259 480 2299 adeptus
495 2264 539 2290 est
556 2260 657 2291 Roma:
672 2260 726 2291 sub
741 2260 862 2292 Rustico
875 2262 1023 2302 praelecto,

199 2302 331 2333 Adriano
347 2304 614 2344 imperante,ﬁrmo
630 2311 661 2336 et
676 2307 820 2337 constanti
836 2310 932 2345 aetate,
946 2316 1025 2337 anno

200 2347 338 2379 videlicet
354 2348 517 2379 tricesimo.
537 2362 550 2377 ι)
570 2351 634 2380 Duo
665 2350 711 2381 hic
739 2357 899 2382 occurrunt
928 2352 1024 2386 nevi:

202 2393 318 2432 primus
333 2394 412 2433 quod
428 2393 483 2424 sub
501 2394 645 2433 Adriano;
657 2396 733 2426 alter
747 2396 825 2436 quod
841 2406 919 2427 anno
935 2396 1029 2427 aetatis

199 2437 351 2468 tricesimo
367 2447 470 2478 passus
498 2439 607 2470 dicitur
620 2440 763 2471 Justinus.
782 2440 950 2472 Verisimile
969 2450 1027 2471 non

201 2485 245 2512 est
259 2486 291 2512 ut
304 2481 452 2512 Justinum
468 2483 655 2524 Epiphanius
665 2494 743 2515 anno
770 2485 862 2516 aetatis
879 2485 1027 2517 tricesimo

201 2534 319 2571 passum
336 2527 476 2567 opinatus
489 2528 537 2564 sit,
554 2538 621 2559 cum
639 2533 681 2560 tot
696 2529 789 2560 libros
802 2529 838 2561 ab
850 2539 886 2562 eo
901 2531 1027 2571 scriptos

199 2570 278 2601 haud
294 2571 453 2611 ignoraret.
475 2581 603 2613 eumque
619 2583 677 2604 non
700 2574 826 2606 obscure
856 2570 968 2606 indicet
997 2577 1025 2606 in

200 2615 352 2646 sanctiore
369 2616 426 2647 vita
442 2617 492 2648 diu
509 2618 696 2659 multumque
711 2623 915 2651 exercitatum.
935 2621 1029 2650 Minus

201 2660 309 2691 mirum
322 2661 401 2701 quod
413 2661 492 2692 illius
502 2662 672 2703 martyrium
689 2663 745 2694 sub
754 2664 885 2695 Adriano
892 2665 1027 2703 collocet;

200 2713 260 2736 non
276 2705 355 2737 enim
371 2714 491 2747 semper
501 2712 656 2738 accuratus
671 2712 717 2740 est
727 2710 756 2739 in
768 2709 858 2741 rebus
868 2709 1029 2741 chronolo-

239 2786 265 2808 ³⁵
281 2787 344 2820 Lib.
363 2795 391 2825 v,
410 2797 436 2818 c.
455 2787 482 2818 4.
529 2787 555 2809 ³⁸
570 2788 681 2822 Haeres.
694 2789 746 2820 46.

1067 2261 1185 2298 bentur,
1202 2254 1411 2291 dissimilitudo
1436 2257 1537 2288 oculos
1567 2265 1626 2286 non
1652 2254 1737 2284 valde
1760 2255 1892 2298 attentos

1068 2305 1162 2337 latere
1177 2295 1318 2345 potuerit.
1335 2302 1366 2335 Si
1382 2311 1452 2341 ergo
1468 2301 1598 2333 Justinus
1608 2307 1689 2346 anno
1701 2296 1794 2346 aetatis
1804 2295 1892 2346 circi-

1069 2354 1114 2381 ter
1128 2350 1168 2380 50
1178 2340 1233 2380 aut
1247 2350 1283 2380 54
1297 2357 1400 2389 passus
1410 2340 1455 2378 est
1469 2354 1581 2386 tneque
1592 2343 1673 2376 enim
1682 2340 1893 2389 haecEpipha-

1071 2395 1134 2425 nius
1162 2385 1411 2424 nimium'stricte
1437 2385 1618 2422 adcalculos
1640 2385 1807 2425 revocabat)
1824 2394 1894 2416 cum

1070 2439 1157 2470 facile
1173 2437 1385 2477 intelligemus.
1414 2445 1467 2467 cur
1481 2439 1565 2466 aetate
1589 2434 1675 2465 ﬁrma
1700 2435 1730 2463 et
1745 2429 1894 2477 constanti

1069 2493 1173 2525 passus
1188 2474 1314 2523 dicatur,
1332 2482 1361 2512 id
1376 2485 1420 2512 est
1435 2480 1566 2511 nondum
1582 2481 1773 2525 senex,_tum
1799 2474 1892 2505 etiam

1068 2522 1125 2570 quo
1140 2538 1217 2560 anno
1234 2522 1320 2558 natus
1334 2527 1383 2563 sit,
1401 2525 1617 2570 nimirumrnon
1644 2522 1736 2570 multo
1752 2525 1819 2570 post
1833 2528 1891 2549 an-

1069 2564 1139 2604 num
1157 2574 1225 2604 114.
1241 2572 1315 2604 Nam
1329 2572 1408 2602 illius
1438 2569 1606 2610 martyrium
1623 2567 1714 2598 multa
1741 2564 1890 2596 rationum

1070 2622 1219 2649 momenta
1232 2617 1373 2648 addicunt
1385 2624 1463 2646 anno
1475 2614 1594 2646 circiter
1607 2613 1675 2644 168.

1110 2663 1162 2695 Ill.
1178 2661 1324 2694 Traduxit
1337 2659 1568 2693 adolescentiam
1583 2658 1716 2689 lustinus
1728 2657 1757 2687 in
1781 2655 1894 2687 littera-

1070 2717 1137 2740 rum
1152 2707 1258 2739 studiis
1275 2717 1283 2747 ;
1300 2715 1334 2738 ac
1349 2705 1455 2747 poetis,
1468 2703 1636 2736 oratoribus
1649 2706 1678 2733 et
1689 2700 1849 2741 historicis,
1863 2703 1897 2732 ut
