  <div class='ocr_page' id='page_1' title='image "/cluster/home/n/w/nwhite01/storage/ocr_20150623/6/njp.32101077772364/070.png"; bbox 0 0 1961 3071; ppageno 0'>
   <div class='ocr_carea' id='block_1_1' title="bbox 29 158 87 191">
    <p class='ocr_par' dir='ltr' id='par_1_1' title="bbox 29 158 87 191">
     <span class='ocr_line' id='line_1_1' title="bbox 29 158 87 191; baseline 0.017 -1"><span class='ocrx_word' id='word_1_1' title='bbox 29 158 87 191; x_wconf 75' lang='grc'><strong>109</strong></span> 
     </span>
    </p>
   </div>
   <div class='ocr_carea' id='block_1_2' title="bbox 507 152 1211 192">
    <p class='ocr_par' dir='ltr' id='par_1_2' title="bbox 507 152 1211 192">
     <span class='ocr_line' id='line_1_2' title="bbox 507 152 1211 192; baseline -0.004 -1"><span class='ocrx_word' id='word_1_2' title='bbox 507 158 542 191; x_wconf 91' lang='lat' dir='ltr'><strong>D.</strong></span> <span class='ocrx_word' id='word_1_3' title='bbox 567 158 717 192; x_wconf 78' lang='lat' dir='ltr'><strong>MARANI</strong></span> <span class='ocrx_word' id='word_1_4' title='bbox 737 152 944 190; x_wconf 66' lang='lat' dir='ltr'><strong>PREFATIO.</strong></span> <span class='ocrx_word' id='word_1_5' title='bbox 969 174 1003 180; x_wconf 92' lang='lat'><strong>—</strong></span> <span class='ocrx_word' id='word_1_6' title='bbox 1029 159 1135 190; x_wconf 81' lang='lat' dir='ltr'><strong>PARS.</strong></span> <span class='ocrx_word' id='word_1_7' title='bbox 1159 157 1211 189; x_wconf 85' lang='lat' dir='ltr'><strong>III.</strong></span> 
     </span>
    </p>
   </div>
   <div class='ocr_carea' id='block_1_3' title="bbox 1652 157 1710 192">
    <p class='ocr_par' dir='ltr' id='par_1_3' title="bbox 1652 157 1710 192">
     <span class='ocr_line' id='line_1_3' title="bbox 1652 157 1710 192; baseline 0 0"><span class='ocrx_word' id='word_1_8' title='bbox 1652 157 1710 192; x_wconf 81' lang='lat' dir='ltr'><strong>HO</strong></span> 
     </span>
    </p>
   </div>
   <div class='ocr_carea' id='block_1_4' title="bbox 26 223 1709 267">
    <p class='ocr_par' dir='ltr' id='par_1_4' title="bbox 26 223 1709 267">
     <span class='ocr_line' id='line_1_4' title="bbox 26 223 1709 267; baseline 0.001 -11"><span class='ocrx_word' id='word_1_9' title='bbox 26 235 87 257; x_wconf 93' lang='lat' dir='ltr'><strong>mos</strong></span> <span class='ocrx_word' id='word_1_10' title='bbox 102 231 174 267; x_wconf 74' lang='lat' dir='ltr'><strong>erat,</strong></span> <span class='ocrx_word' id='word_1_11' title='bbox 190 235 311 267; x_wconf 83' lang='lat' dir='ltr'><strong>operam</strong></span> <span class='ocrx_word' id='word_1_12' title='bbox 323 226 406 258; x_wconf 83' lang='lat' dir='ltr'><strong>dedit</strong></span> <span class='ocrx_word' id='word_1_13' title='bbox 415 226 516 258; x_wconf 90' lang='lat' dir='ltr'><strong>utilem</strong></span> <span class='ocrx_word' id='word_1_14' title='bbox 530 225 690 267; x_wconf 82' lang='lat' dir='ltr'><strong>aliquando</strong></span> <span class='ocrx_word' id='word_1_15' title='bbox 701 225 737 257; x_wconf 85' lang='lat' dir='ltr'><strong>ad</strong></span> <span class='ocrx_word' id='word_1_16' title='bbox 749 223 843 256; x_wconf 89' lang='lat' dir='ltr'><strong>ethni-</strong></span> <span class='ocrx_word' id='word_1_17' title='bbox 854 231 875 252; x_wconf 77' lang='grc' dir='ltr'><strong>Α</strong></span> <span class='ocrx_word' id='word_1_18' title='bbox 886 224 1032 260; x_wconf 88' lang='lat' dir='ltr'><strong>senex,ita</strong></span> <span class='ocrx_word' id='word_1_19' title='bbox 1042 224 1284 265; x_wconf 65' lang='lat' dir='ltr'><strong>contemplaris?»</strong></span> <span class='ocrx_word' id='word_1_20' title='bbox 1304 223 1408 256; x_wconf 84' lang='lat' dir='ltr'><strong>Mirari</strong></span> <span class='ocrx_word' id='word_1_21' title='bbox 1423 234 1455 256; x_wconf 87' lang='lat' dir='ltr'><strong>se</strong></span> <span class='ocrx_word' id='word_1_22' title='bbox 1470 225 1624 266; x_wconf 73' lang='lat' dir='ltr'><strong>respondit</strong></span> <span class='ocrx_word' id='word_1_23' title='bbox 1639 226 1709 257; x_wconf 85' lang='lat' dir='ltr'><strong>Jus-</strong></span> 
     </span>
    </p>
   </div>
   <div class='ocr_carea' id='block_1_5' title="bbox 24 269 845 303">
    <p class='ocr_par' dir='ltr' id='par_1_5' title="bbox 24 269 845 303">
     <span class='ocr_line' id='line_1_5' title="bbox 24 269 845 303; baseline -0.001 -2"><span class='ocrx_word' id='word_1_24' title='bbox 24 280 71 301; x_wconf 87' lang='lat' dir='ltr'><strong>cos</strong></span> <span class='ocrx_word' id='word_1_25' title='bbox 85 271 266 302; x_wconf 86' lang='lat' dir='ltr'><strong>refellendos</strong></span> <span class='ocrx_word' id='word_1_26' title='bbox 278 271 589 303; x_wconf 69' lang='lat' dir='ltr'><strong>futuram.Rtuetoricae</strong></span> <span class='ocrx_word' id='word_1_27' title='bbox 603 271 675 302; x_wconf 89' lang='lat' dir='ltr'><strong>artis</strong></span> <span class='ocrx_word' id='word_1_28' title='bbox 685 280 743 301; x_wconf 91' lang='lat' dir='ltr'><strong>non</strong></span> <span class='ocrx_word' id='word_1_29' title='bbox 760 269 845 300; x_wconf 82' lang='lat' dir='ltr'><strong>valde</strong></span> 
     </span>
    </p>
   </div>
   <div class='ocr_carea' id='block_1_6' title="bbox 23 314 844 356">
    <p class='ocr_par' dir='ltr' id='par_1_6' title="bbox 23 314 844 356">
     <span class='ocr_line' id='line_1_6' title="bbox 23 314 844 356; baseline 0 -11"><span class='ocrx_word' id='word_1_30' title='bbox 23 316 186 347; x_wconf 78' lang='lat' dir='ltr'><strong>studiosum</strong></span> <span class='ocrx_word' id='word_1_31' title='bbox 202 316 295 347; x_wconf 87' lang='lat' dir='ltr'><strong>fuisse</strong></span> <span class='ocrx_word' id='word_1_32' title='bbox 310 316 402 354; x_wconf 88' lang='lat' dir='ltr'><strong>dicas,</strong></span> <span class='ocrx_word' id='word_1_33' title='bbox 419 316 444 347; x_wconf 89' lang='lat' dir='ltr'><strong>si</strong></span> <span class='ocrx_word' id='word_1_34' title='bbox 459 315 601 356; x_wconf 85' lang='lat' dir='ltr'><strong>pleraque</strong></span> <span class='ocrx_word' id='word_1_35' title='bbox 628 315 707 346; x_wconf 90' lang='lat' dir='ltr'><strong>illius</strong></span> <span class='ocrx_word' id='word_1_36' title='bbox 733 314 844 354; x_wconf 89' lang='lat' dir='ltr'><strong>scripta</strong></span> 
     </span>
    </p>
   </div>
   <div class='ocr_carea' id='block_1_7' title="bbox 23 359 841 401">
    <p class='ocr_par' dir='ltr' id='par_1_7' title="bbox 23 359 841 401">
     <span class='ocr_line' id='line_1_7' title="bbox 23 359 841 401; baseline -0.001 -11"><span class='ocrx_word' id='word_1_37' title='bbox 23 360 202 399; x_wconf 88' lang='lat' dir='ltr'><strong>consideres,</strong></span> <span class='ocrx_word' id='word_1_38' title='bbox 220 361 249 391; x_wconf 94' lang='lat' dir='ltr'><strong>in</strong></span> <span class='ocrx_word' id='word_1_39' title='bbox 277 361 384 401; x_wconf 90' lang='lat' dir='ltr'><strong>quibus</strong></span> <span class='ocrx_word' id='word_1_40' title='bbox 412 362 564 392; x_wconf 71' lang='lat' dir='ltr'><strong>veritatem</strong></span> <span class='ocrx_word' id='word_1_41' title='bbox 581 370 640 391; x_wconf 92' lang='lat' dir='ltr'><strong>non</strong></span> <span class='ocrx_word' id='word_1_42' title='bbox 656 360 706 391; x_wconf 90' lang='lat' dir='ltr'><strong>ille</strong></span> <span class='ocrx_word' id='word_1_43' title='bbox 721 359 841 400; x_wconf 89' lang='lat' dir='ltr'><strong>quidem</strong></span> 
     </span>
    </p>
   </div>
   <div class='ocr_carea' id='block_1_8' title="bbox 22 404 840 446">
    <p class='ocr_par' dir='ltr' id='par_1_8' title="bbox 22 404 840 446">
     <span class='ocr_line' id='line_1_8' title="bbox 22 404 840 446; baseline 0 -11"><span class='ocrx_word' id='word_1_44' title='bbox 22 406 82 435; x_wconf 88' lang='lat' dir='ltr'><strong>sine</strong></span> <span class='ocrx_word' id='word_1_45' title='bbox 102 407 214 446; x_wconf 85' lang='lat' dir='ltr'><strong>nervis,</strong></span> <span class='ocrx_word' id='word_1_46' title='bbox 230 415 285 437; x_wconf 91' lang='lat' dir='ltr'><strong>nec</strong></span> <span class='ocrx_word' id='word_1_47' title='bbox 301 407 365 437; x_wconf 84' lang='lat' dir='ltr'><strong>sine</strong></span> <span class='ocrx_word' id='word_1_48' title='bbox 388 415 503 436; x_wconf 89' lang='lat' dir='ltr'><strong>summa</strong></span> <span class='ocrx_word' id='word_1_49' title='bbox 518 406 543 436; x_wconf 91' lang='lat' dir='ltr'><strong>vi</strong></span> <span class='ocrx_word' id='word_1_50' title='bbox 562 405 674 445; x_wconf 79' lang='lat' dir='ltr'><strong>ingenii</strong></span> <span class='ocrx_word' id='word_1_51' title='bbox 688 404 840 441; x_wconf 83' lang='lat' dir='ltr'><strong>defendit;</strong></span> 
     </span>
    </p>
   </div>
   <div class='ocr_carea' id='block_1_9' title="bbox 23 449 841 490">
    <p class='ocr_par' dir='ltr' id='par_1_9' title="bbox 23 449 841 490">
     <span class='ocr_line' id='line_1_9' title="bbox 23 449 841 490; baseline 0 -11"><span class='ocrx_word' id='word_1_52' title='bbox 23 454 48 479; x_wconf 92' lang='lat' dir='ltr'><strong>at</strong></span> <span class='ocrx_word' id='word_1_53' title='bbox 60 450 139 480; x_wconf 91' lang='lat' dir='ltr'><strong>nulla</strong></span> <span class='ocrx_word' id='word_1_54' title='bbox 156 459 277 490; x_wconf 88' lang='lat' dir='ltr'><strong>prorsus</strong></span> <span class='ocrx_word' id='word_1_55' title='bbox 292 451 433 482; x_wconf 87' lang='lat' dir='ltr'><strong>orationis</strong></span> <span class='ocrx_word' id='word_1_56' title='bbox 448 455 623 481; x_wconf 90' lang='lat' dir='ltr'><strong>ornamenta</strong></span> <span class='ocrx_word' id='word_1_57' title='bbox 640 450 676 481; x_wconf 87' lang='lat' dir='ltr'><strong>ad</strong></span> <span class='ocrx_word' id='word_1_58' title='bbox 692 450 772 480; x_wconf 88' lang='lat' dir='ltr'><strong>illius</strong></span> <span class='ocrx_word' id='word_1_59' title='bbox 786 449 841 480; x_wconf 87' lang='lat' dir='ltr'><strong>de-</strong></span> 
     </span>
    </p>
   </div>
   <div class='ocr_carea' id='block_1_10' title="bbox 24 493 841 531">
    <p class='ocr_par' dir='ltr' id='par_1_10' title="bbox 24 493 841 531">
     <span class='ocr_line' id='line_1_10' title="bbox 24 493 841 531; baseline -0.001 -6"><span class='ocrx_word' id='word_1_60' title='bbox 24 494 183 525; x_wconf 89' lang='lat' dir='ltr'><strong>fensionem</strong></span> <span class='ocrx_word' id='word_1_61' title='bbox 207 495 378 526; x_wconf 88' lang='lat' dir='ltr'><strong>adhibenda</strong></span> <span class='ocrx_word' id='word_1_62' title='bbox 402 495 589 526; x_wconf 79' lang='lat' dir='ltr'><strong>existimavit.</strong></span> <span class='ocrx_word' id='word_1_63' title='bbox 605 494 680 531; x_wconf 86' lang='lat' dir='ltr'><strong>Quid</strong></span> <span class='ocrx_word' id='word_1_64' title='bbox 697 499 796 525; x_wconf 88' lang='lat' dir='ltr'><strong>tamen</strong></span> <span class='ocrx_word' id='word_1_65' title='bbox 811 493 841 524; x_wconf 92' lang='lat' dir='ltr'><strong>in</strong></span> 
     </span>
    </p>
   </div>
   <div class='ocr_carea' id='block_1_11' title="bbox 25 538 841 581">
    <p class='ocr_par' dir='ltr' id='par_1_11' title="bbox 25 538 841 581">
     <span class='ocr_line' id='line_1_11' title="bbox 25 538 841 581; baseline -0.001 -12"><span class='ocrx_word' id='word_1_66' title='bbox 25 539 75 570; x_wconf 90' lang='lat' dir='ltr'><strong>hoc</strong></span> <span class='ocrx_word' id='word_1_67' title='bbox 90 548 201 578; x_wconf 83' lang='lat' dir='ltr'><strong>genere</strong></span> <span class='ocrx_word' id='word_1_68' title='bbox 217 540 439 581; x_wconf 86' lang='lat' dir='ltr'><strong>posset,indicio</strong></span> <span class='ocrx_word' id='word_1_69' title='bbox 456 545 501 571; x_wconf 89' lang='lat' dir='ltr'><strong>est</strong></span> <span class='ocrx_word' id='word_1_70' title='bbox 517 539 691 571; x_wconf 76' lang='lat' dir='ltr'><strong>Cohortatio</strong></span> <span class='ocrx_word' id='word_1_71' title='bbox 705 540 744 570; x_wconf 83' lang='lat' dir='ltr'><strong>ad</strong></span> <span class='ocrx_word' id='word_1_72' title='bbox 754 538 841 570; x_wconf 71' lang='lat' dir='ltr'><strong>Gra-</strong></span> 
     </span>
    </p>
   </div>
   <div class='ocr_carea' id='block_1_12' title="bbox 25 582 848 625">
    <p class='ocr_par' dir='ltr' id='par_1_12' title="bbox 25 582 848 625">
     <span class='ocr_line' id='line_1_12' title="bbox 25 582 848 625; baseline -0.001 -11"><span class='ocrx_word' id='word_1_73' title='bbox 25 593 78 621; x_wconf 86' lang='lat' dir='ltr'><strong>cos,</strong></span> <span class='ocrx_word' id='word_1_74' title='bbox 95 593 162 624; x_wconf 73' lang='lat' dir='ltr'><strong>qua:</strong></span> <span class='ocrx_word' id='word_1_75' title='bbox 178 583 362 625; x_wconf 87' lang='lat' dir='ltr'><strong>elegantiori,</strong></span> <span class='ocrx_word' id='word_1_76' title='bbox 375 594 461 625; x_wconf 89' lang='lat' dir='ltr'><strong>quam</strong></span> <span class='ocrx_word' id='word_1_77' title='bbox 477 584 535 615; x_wconf 85' lang='lat' dir='ltr'><strong>alia</strong></span> <span class='ocrx_word' id='word_1_78' title='bbox 549 585 614 624; x_wconf 85' lang='lat' dir='ltr'><strong>ejus</strong></span> <span class='ocrx_word' id='word_1_79' title='bbox 623 582 848 624; x_wconf 82' lang='lat' dir='ltr'><strong>opera,dicendi</strong></span> 
     </span>
    </p>
   </div>
   <div class='ocr_carea' id='block_1_13' title="bbox 26 628 847 669">
    <p class='ocr_par' dir='ltr' id='par_1_13' title="bbox 26 628 847 669">
     <span class='ocr_line' id='line_1_13' title="bbox 26 628 847 669; baseline -0.001 -10"><span class='ocrx_word' id='word_1_80' title='bbox 26 638 130 667; x_wconf 82' lang='lat' dir='ltr'><strong>genere</strong></span> <span class='ocrx_word' id='word_1_81' title='bbox 158 629 352 669; x_wconf 84' lang='lat' dir='ltr'><strong>splendescit.</strong></span> <span class='ocrx_word' id='word_1_82' title='bbox 369 630 407 660; x_wconf 84' lang='lat' dir='ltr'><strong>At</strong></span> <span class='ocrx_word' id='word_1_83' title='bbox 435 629 546 660; x_wconf 87' lang='lat' dir='ltr'><strong>nullius</strong></span> <span class='ocrx_word' id='word_1_84' title='bbox 570 628 737 669; x_wconf 61' lang='lat' dir='ltr'><strong>disciplinae</strong></span> <span class='ocrx_word' id='word_1_85' title='bbox 755 628 847 658; x_wconf 90' lang='lat' dir='ltr'><strong>vehe-</strong></span> 
     </span>
    </p>
   </div>
   <div class='ocr_carea' id='block_1_14' title="bbox 26 673 847 715">
    <p class='ocr_par' dir='ltr' id='par_1_14' title="bbox 26 673 847 715">
     <span class='ocr_line' id='line_1_14' title="bbox 26 673 847 715; baseline 0 -12"><span class='ocrx_word' id='word_1_86' title='bbox 26 674 149 704; x_wconf 89' lang='lat' dir='ltr'><strong>mentius</strong></span> <span class='ocrx_word' id='word_1_87' title='bbox 161 683 248 714; x_wconf 90' lang='lat' dir='ltr'><strong>quam</strong></span> <span class='ocrx_word' id='word_1_88' title='bbox 264 674 458 715; x_wconf 75' lang='lat' dir='ltr'><strong>philosophiae</strong></span> <span class='ocrx_word' id='word_1_89' title='bbox 468 673 574 704; x_wconf 87' lang='lat' dir='ltr'><strong>studiis</strong></span> <span class='ocrx_word' id='word_1_90' title='bbox 591 673 719 704; x_wconf 82' lang='lat' dir='ltr'><strong>exarsit:</strong></span> <span class='ocrx_word' id='word_1_91' title='bbox 735 677 764 703; x_wconf 89' lang='lat' dir='ltr'><strong>et</strong></span> <span class='ocrx_word' id='word_1_92' title='bbox 780 682 847 703; x_wconf 91' lang='lat' dir='ltr'><strong>cum</strong></span> 
     </span>
    </p>
   </div>
   <div class='ocr_carea' id='block_1_15' title="bbox 25 717 846 758">
    <p class='ocr_par' dir='ltr' id='par_1_15' title="bbox 25 717 846 758">
     <span class='ocr_line' id='line_1_15' title="bbox 25 717 846 758; baseline 0 -11"><span class='ocrx_word' id='word_1_93' title='bbox 25 718 160 749; x_wconf 85' lang='lat' dir='ltr'><strong>eximium</strong></span> <span class='ocrx_word' id='word_1_94' title='bbox 172 727 305 750; x_wconf 87' lang='lat' dir='ltr'><strong>amorem</strong></span> <span class='ocrx_word' id='word_1_95' title='bbox 322 719 452 749; x_wconf 84' lang='lat' dir='ltr'><strong>veritatis</strong></span> <span class='ocrx_word' id='word_1_96' title='bbox 467 718 637 755; x_wconf 84' lang='lat' dir='ltr'><strong>considero,</strong></span> <span class='ocrx_word' id='word_1_97' title='bbox 657 727 743 757; x_wconf 87' lang='lat' dir='ltr'><strong>quem</strong></span> <span class='ocrx_word' id='word_1_98' title='bbox 765 717 846 758; x_wconf 91' lang='lat' dir='ltr'><strong>peri-</strong></span> 
     </span>
    </p>
   </div>
   <div class='ocr_carea' id='block_1_16' title="bbox 26 762 847 803">
    <p class='ocr_par' dir='ltr' id='par_1_16' title="bbox 26 762 847 803">
     <span class='ocr_line' id='line_1_16' title="bbox 26 762 847 803; baseline 0 -11"><span class='ocrx_word' id='word_1_99' title='bbox 26 762 159 793; x_wconf 88' lang='lat' dir='ltr'><strong>clitandis</strong></span> <span class='ocrx_word' id='word_1_100' title='bbox 177 763 420 803; x_wconf 88' lang='lat' dir='ltr'><strong>philosophorum</strong></span> <span class='ocrx_word' id='word_1_101' title='bbox 437 763 526 794; x_wconf 82' lang='lat' dir='ltr'><strong>sectis</strong></span> <span class='ocrx_word' id='word_1_102' title='bbox 542 762 847 798; x_wconf 89' lang='lat' dir='ltr'><strong>declaravit,divinam</strong></span> 
     </span>
    </p>
   </div>
   <div class='ocr_carea' id='block_1_17' title="bbox 887 268 1712 310">
    <p class='ocr_par' dir='ltr' id='par_1_17' title="bbox 887 268 1712 310">
     <span class='ocr_line' id='line_1_17' title="bbox 887 268 1712 310; baseline 0.004 -11"><span class='ocrx_word' id='word_1_103' title='bbox 887 268 978 306; x_wconf 89' lang='lat' dir='ltr'><strong>tinus,</strong></span> <span class='ocrx_word' id='word_1_104' title='bbox 993 269 1072 309; x_wconf 90' lang='lat' dir='ltr'><strong>quod</strong></span> <span class='ocrx_word' id='word_1_105' title='bbox 1088 269 1128 300; x_wconf 86' lang='lat' dir='ltr'><strong>ibi</strong></span> <span class='ocrx_word' id='word_1_106' title='bbox 1140 269 1327 310; x_wconf 90' lang='lat' dir='ltr'><strong>potissimum</strong></span> <span class='ocrx_word' id='word_1_107' title='bbox 1340 269 1397 300; x_wconf 85' lang='lat' dir='ltr'><strong>sibi</strong></span> <span class='ocrx_word' id='word_1_108' title='bbox 1412 270 1605 308; x_wconf 87' lang='lat' dir='ltr'><strong>occurrisset,</strong></span> <span class='ocrx_word' id='word_1_109' title='bbox 1617 270 1670 301; x_wconf 87' lang='lat' dir='ltr'><strong>ubi</strong></span> <span class='ocrx_word' id='word_1_110' title='bbox 1678 279 1712 302; x_wconf 86' lang='lat' dir='ltr'><strong>se</strong></span> 
     </span>
    </p>
   </div>
   <div class='ocr_carea' id='block_1_18' title="bbox 885 313 1710 355">
    <p class='ocr_par' dir='ltr' id='par_1_18' title="bbox 885 313 1710 355">
     <span class='ocr_line' id='line_1_18' title="bbox 885 313 1710 355; baseline 0.004 -12"><span class='ocrx_word' id='word_1_111' title='bbox 885 321 901 343; x_wconf 91' lang='lat' dir='ltr'><strong>a</strong></span> <span class='ocrx_word' id='word_1_112' title='bbox 921 313 1041 344; x_wconf 84' lang='lat' dir='ltr'><strong>nemine</strong></span> <span class='ocrx_word' id='word_1_113' title='bbox 1057 313 1149 344; x_wconf 90' lang='lat' dir='ltr'><strong>visum</strong></span> <span class='ocrx_word' id='word_1_114' title='bbox 1161 314 1193 344; x_wconf 93' lang='lat' dir='ltr'><strong>iri</strong></span> <span class='ocrx_word' id='word_1_115' title='bbox 1207 313 1356 354; x_wconf 85' lang='lat' dir='ltr'><strong>sperabat.</strong></span> <span class='ocrx_word' id='word_1_116' title='bbox 1377 326 1390 342; x_wconf 74' lang='grc' dir='ltr'>ι</span> <span class='ocrx_word' id='word_1_117' title='bbox 1405 314 1555 346; x_wconf 88' lang='lat' dir='ltr'><strong>Sollicitus</strong></span> <span class='ocrx_word' id='word_1_118' title='bbox 1570 324 1649 355; x_wconf 88' lang='lat' dir='ltr'><strong>sum,</strong></span> <span class='ocrx_word' id='word_1_119' title='bbox 1661 315 1710 346; x_wconf 90' lang='lat' dir='ltr'><strong>in-</strong></span> 
     </span>
    </p>
   </div>
   <div class='ocr_carea' id='block_1_19' title="bbox 884 357 1714 400">
    <p class='ocr_par' dir='ltr' id='par_1_19' title="bbox 884 357 1714 400">
     <span class='ocr_line' id='line_1_19' title="bbox 884 357 1714 400; baseline 0.005 -12"><span class='ocrx_word' id='word_1_120' title='bbox 884 357 949 397; x_wconf 86' lang='lat' dir='ltr'><strong>quit</strong></span> <span class='ocrx_word' id='word_1_121' title='bbox 963 367 1065 395; x_wconf 83' lang='lat' dir='ltr'><strong>senex,</strong></span> <span class='ocrx_word' id='word_1_122' title='bbox 1083 358 1120 389; x_wconf 89' lang='lat' dir='ltr'><strong>de</strong></span> <span class='ocrx_word' id='word_1_123' title='bbox 1133 367 1266 389; x_wconf 91' lang='lat' dir='ltr'><strong>meorum</strong></span> <span class='ocrx_word' id='word_1_124' title='bbox 1283 359 1480 390; x_wconf 81' lang='lat' dir='ltr'><strong>nonnulliszhi</strong></span> <span class='ocrx_word' id='word_1_125' title='bbox 1499 369 1623 400; x_wconf 84' lang='lat' dir='ltr'><strong>peregre</strong></span> <span class='ocrx_word' id='word_1_126' title='bbox 1639 360 1714 394; x_wconf 87' lang='lat' dir='ltr'><strong>mihi</strong></span> 
     </span>
    </p>
   </div>
   <div class='ocr_carea' id='block_1_20' title="bbox 884 401 1713 444">
    <p class='ocr_par' dir='ltr' id='par_1_20' title="bbox 884 401 1713 444">
     <span class='ocr_line' id='line_1_20' title="bbox 884 401 1713 444; baseline 0.005 -12"><span class='ocrx_word' id='word_1_127' title='bbox 884 401 1230 444; x_wconf 78' lang='lat' dir='ltr'><strong>abierunt;quamobrem</strong></span> <span class='ocrx_word' id='word_1_128' title='bbox 1246 408 1412 443; x_wconf 89' lang='lat' dir='ltr'><strong>spectatum</strong></span> <span class='ocrx_word' id='word_1_129' title='bbox 1428 404 1496 435; x_wconf 92' lang='lat' dir='ltr'><strong>veni</strong></span> <span class='ocrx_word' id='word_1_130' title='bbox 1510 414 1547 435; x_wconf 88' lang='lat' dir='ltr'><strong>an</strong></span> <span class='ocrx_word' id='word_1_131' title='bbox 1562 414 1629 436; x_wconf 89' lang='lat' dir='ltr'><strong>sese</strong></span> <span class='ocrx_word' id='word_1_132' title='bbox 1639 405 1713 436; x_wconf 88' lang='lat' dir='ltr'><strong>mihi</strong></span> 
     </span>
    </p>
   </div>
   <div class='ocr_carea' id='block_1_21' title="bbox 884 447 1712 489">
    <p class='ocr_par' dir='ltr' id='par_1_21' title="bbox 884 447 1712 489">
     <span class='ocr_line' id='line_1_21' title="bbox 884 447 1712 489; baseline 0.005 -12"><span class='ocrx_word' id='word_1_133' title='bbox 884 447 1022 478; x_wconf 83' lang='lat' dir='ltr'><strong>alicunde</strong></span> <span class='ocrx_word' id='word_1_134' title='bbox 1034 447 1307 479; x_wconf 87' lang='lat' dir='ltr'><strong>ostensurisint.Tu</strong></span> <span class='ocrx_word' id='word_1_135' title='bbox 1319 457 1389 479; x_wconf 88' lang='lat' dir='ltr'><strong>vero</strong></span> <span class='ocrx_word' id='word_1_136' title='bbox 1403 449 1544 489; x_wconf 86' lang='lat' dir='ltr'><strong>quidnam</strong></span> <span class='ocrx_word' id='word_1_137' title='bbox 1556 449 1712 481; x_wconf 89' lang='lat' dir='ltr'><strong>hicrerum</strong></span> 
     </span>
    </p>
   </div>
   <div class='ocr_carea' id='block_1_22' title="bbox 885 491 1711 535">
    <p class='ocr_par' dir='ltr' id='par_1_22' title="bbox 885 491 1711 535">
     <span class='ocr_line' id='line_1_22' title="bbox 885 491 1711 535; baseline 0.005 -13"><span class='ocrx_word' id='word_1_138' title='bbox 885 491 981 531; x_wconf 82' lang='lat' dir='ltr'><strong>geris?</strong></span> <span class='ocrx_word' id='word_1_139' title='bbox 995 505 1008 520; x_wconf 73' lang='grc' dir='ltr'>ι</span> <span class='ocrx_word' id='word_1_140' title='bbox 1026 493 1183 533; x_wconf 81' lang='lat' dir='ltr'><strong>Postquam</strong></span> <span class='ocrx_word' id='word_1_141' title='bbox 1195 492 1409 524; x_wconf 85' lang='lat' dir='ltr'><strong>demonstravit</strong></span> <span class='ocrx_word' id='word_1_142' title='bbox 1422 493 1555 525; x_wconf 87' lang='lat' dir='ltr'><strong>Justinus</strong></span> <span class='ocrx_word' id='word_1_143' title='bbox 1571 503 1603 525; x_wconf 89' lang='lat' dir='ltr'><strong>se</strong></span> <span class='ocrx_word' id='word_1_144' title='bbox 1618 494 1711 535; x_wconf 91' lang='lat' dir='ltr'><strong>philo-</strong></span> 
     </span>
    </p>
   </div>
   <div class='ocr_carea' id='block_1_23' title="bbox 886 537 1714 576">
    <p class='ocr_par' dir='ltr' id='par_1_23' title="bbox 886 537 1714 576">
     <span class='ocr_line' id='line_1_23' title="bbox 886 537 1714 576; baseline 0.006 -10"><span class='ocrx_word' id='word_1_145' title='bbox 886 537 998 576; x_wconf 75' lang='lat' dir='ltr'><strong>sophiae</strong></span> <span class='ocrx_word' id='word_1_146' title='bbox 1012 537 1175 568; x_wconf 87' lang='lat' dir='ltr'><strong>studiosum</strong></span> <span class='ocrx_word' id='word_1_147' title='bbox 1188 546 1253 568; x_wconf 88' lang='lat' dir='ltr'><strong>esse</strong></span> <span class='ocrx_word' id='word_1_148' title='bbox 1265 546 1300 568; x_wconf 91' lang='lat' dir='ltr'><strong>ac</strong></span> <span class='ocrx_word' id='word_1_149' title='bbox 1311 537 1473 569; x_wconf 81' lang='lat' dir='ltr'><strong>meditandi</strong></span> <span class='ocrx_word' id='word_1_150' title='bbox 1484 548 1573 570; x_wconf 86' lang='lat' dir='ltr'><strong>causa</strong></span> <span class='ocrx_word' id='word_1_151' title='bbox 1583 539 1653 571; x_wconf 91' lang='lat' dir='ltr'><strong>illuc</strong></span> <span class='ocrx_word' id='word_1_152' title='bbox 1666 548 1714 571; x_wconf 85' lang='lat' dir='ltr'><strong>ve-</strong></span> 
     </span>
    </p>
   </div>
   <div class='ocr_carea' id='block_1_24' title="bbox 891 581 1716 624">
    <p class='ocr_par' dir='ltr' id='par_1_24' title="bbox 891 581 1716 624">
     <span class='ocr_line' id='line_1_24' title="bbox 891 581 1716 624; baseline 0.002 -11"><span class='ocrx_word' id='word_1_153' title='bbox 891 581 983 619; x_wconf 88' lang='lat' dir='ltr'><strong>nisse;</strong></span> <span class='ocrx_word' id='word_1_154' title='bbox 1000 586 1060 612; x_wconf 92' lang='lat' dir='ltr'><strong>tum</strong></span> <span class='ocrx_word' id='word_1_155' title='bbox 1077 590 1171 613; x_wconf 81' lang='lat' dir='ltr'><strong>senex</strong></span> <span class='ocrx_word' id='word_1_156' title='bbox 1183 581 1279 612; x_wconf 88' lang='lat' dir='ltr'><strong>oblata</strong></span> <span class='ocrx_word' id='word_1_157' title='bbox 1295 582 1451 614; x_wconf 83' lang='lat' dir='ltr'><strong>occasione</strong></span> <span class='ocrx_word' id='word_1_158' title='bbox 1466 592 1501 614; x_wconf 89' lang='lat' dir='ltr'><strong>ea</strong></span> <span class='ocrx_word' id='word_1_159' title='bbox 1515 583 1716 624; x_wconf 68' lang='lat' dir='ltr'><strong>disserit,quaa</strong></span> 
     </span>
    </p>
   </div>
   <div class='ocr_carea' id='block_1_25' title="bbox 891 625 1717 668">
    <p class='ocr_par' dir='ltr' id='par_1_25' title="bbox 891 625 1717 668">
     <span class='ocr_line' id='line_1_25' title="bbox 891 625 1717 668; baseline 0.005 -12"><span class='ocrx_word' id='word_1_160' title='bbox 891 635 925 656; x_wconf 87' lang='lat' dir='ltr'><strong>ex</strong></span> <span class='ocrx_word' id='word_1_161' title='bbox 937 635 972 656; x_wconf 94' lang='lat' dir='ltr'><strong>eo</strong></span> <span class='ocrx_word' id='word_1_162' title='bbox 983 625 1082 656; x_wconf 90' lang='lat' dir='ltr'><strong>audita</strong></span> <span class='ocrx_word' id='word_1_163' title='bbox 1095 626 1197 657; x_wconf 88' lang='lat' dir='ltr'><strong>retulit</strong></span> <span class='ocrx_word' id='word_1_164' title='bbox 1213 627 1343 657; x_wconf 79' lang='lat' dir='ltr'><strong>Justinus</strong></span> <span class='ocrx_word' id='word_1_165' title='bbox 1351 626 1434 658; x_wconf 92' lang='lat' dir='ltr'><strong>initio</strong></span> <span class='ocrx_word' id='word_1_166' title='bbox 1442 627 1636 668; x_wconf 75' lang='lat' dir='ltr'><strong>Dialogicum</strong></span> <span class='ocrx_word' id='word_1_167' title='bbox 1646 628 1717 668; x_wconf 85' lang='lat' dir='ltr'><strong>Try-</strong></span> 
     </span>
    </p>
   </div>
   <div class='ocr_carea' id='block_1_26' title="bbox 887 670 1717 711">
    <p class='ocr_par' dir='ltr' id='par_1_26' title="bbox 887 670 1717 711">
     <span class='ocr_line' id='line_1_26' title="bbox 887 670 1717 711; baseline 0.006 -11"><span class='ocrx_word' id='word_1_168' title='bbox 887 670 997 710; x_wconf 79' lang='lat' dir='ltr'><strong>phone.</strong></span> <span class='ocrx_word' id='word_1_169' title='bbox 1017 670 1144 710; x_wconf 78' lang='lat' dir='ltr'><strong>Longius</strong></span> <span class='ocrx_word' id='word_1_170' title='bbox 1160 671 1341 711; x_wconf 83' lang='lat' dir='ltr'><strong>colloquium</strong></span> <span class='ocrx_word' id='word_1_171' title='bbox 1358 681 1445 711; x_wconf 87' lang='lat' dir='ltr'><strong>quam</strong></span> <span class='ocrx_word' id='word_1_172' title='bbox 1458 676 1487 702; x_wconf 90' lang='lat' dir='ltr'><strong>ut</strong></span> <span class='ocrx_word' id='word_1_173' title='bbox 1500 672 1572 704; x_wconf 90' lang='lat' dir='ltr'><strong>illud</strong></span> <span class='ocrx_word' id='word_1_174' title='bbox 1588 673 1643 704; x_wconf 88' lang='lat' dir='ltr'><strong>hoc</strong></span> <span class='ocrx_word' id='word_1_175' title='bbox 1651 673 1717 706; x_wconf 92' lang='lat' dir='ltr'><strong>loco</strong></span> 
     </span>
    </p>
   </div>
   <div class='ocr_carea' id='block_1_27' title="bbox 890 714 1717 759">
    <p class='ocr_par' dir='ltr' id='par_1_27' title="bbox 890 714 1717 759">
     <span class='ocr_line' id='line_1_27' title="bbox 890 714 1717 759; baseline 0.005 -13"><span class='ocrx_word' id='word_1_176' title='bbox 890 714 1016 746; x_wconf 83' lang='lat' dir='ltr'><strong>referam</strong></span> <span class='ocrx_word' id='word_1_177' title='bbox 1047 714 1124 746; x_wconf 83' lang='lat' dir='ltr'><strong>Satis</strong></span> <span class='ocrx_word' id='word_1_178' title='bbox 1143 720 1188 746; x_wconf 85' lang='lat' dir='ltr'><strong>est</strong></span> <span class='ocrx_word' id='word_1_179' title='bbox 1202 715 1360 747; x_wconf 88' lang='lat' dir='ltr'><strong>observare</strong></span> <span class='ocrx_word' id='word_1_180' title='bbox 1384 716 1522 748; x_wconf 81' lang='lat' dir='ltr'><strong>eximiam</strong></span> <span class='ocrx_word' id='word_1_181' title='bbox 1547 718 1628 749; x_wconf 90' lang='lat' dir='ltr'><strong>senis</strong></span> <span class='ocrx_word' id='word_1_182' title='bbox 1644 727 1717 759; x_wconf 92' lang='lat' dir='ltr'><strong>pru-</strong></span> 
     </span>
    </p>
   </div>
   <div class='ocr_carea' id='block_1_28' title="bbox 890 759 1719 804">
    <p class='ocr_par' dir='ltr' id='par_1_28' title="bbox 890 759 1719 804">
     <span class='ocr_line' id='line_1_28' title="bbox 890 759 1719 804; baseline 0.006 -15"><span class='ocrx_word' id='word_1_183' title='bbox 890 759 1034 804; x_wconf 88' lang='lat' dir='ltr'><strong>dentiam,</strong></span> <span class='ocrx_word' id='word_1_184' title='bbox 1052 760 1102 800; x_wconf 89' lang='lat' dir='ltr'><strong>qui</strong></span> <span class='ocrx_word' id='word_1_185' title='bbox 1120 769 1187 791; x_wconf 89' lang='lat' dir='ltr'><strong>cum</strong></span> <span class='ocrx_word' id='word_1_186' title='bbox 1197 759 1347 791; x_wconf 86' lang='lat' dir='ltr'><strong>Justinum</strong></span> <span class='ocrx_word' id='word_1_187' title='bbox 1362 761 1475 792; x_wconf 84' lang='lat' dir='ltr'><strong>videret</strong></span> <span class='ocrx_word' id='word_1_188' title='bbox 1486 762 1523 792; x_wconf 92' lang='lat' dir='ltr'><strong>de</strong></span> <span class='ocrx_word' id='word_1_189' title='bbox 1535 762 1719 804; x_wconf 88' lang='lat' dir='ltr'><strong>philosophis</strong></span> 
     </span>
    </p>
   </div>
   <div class='ocr_carea' id='block_1_29' title="bbox 25 803 1716 849">
    <p class='ocr_par' dir='ltr' id='par_1_29' title="bbox 25 803 1716 849">
     <span class='ocr_line' id='line_1_29' title="bbox 25 803 1716 849; baseline 0 -11"><span class='ocrx_word' id='word_1_190' title='bbox 25 806 239 839; x_wconf 78' lang='lat' dir='ltr'><strong>Providentiam</strong></span> <span class='ocrx_word' id='word_1_191' title='bbox 255 808 398 848; x_wconf 85' lang='lat' dir='ltr'><strong>admiror,</strong></span> <span class='ocrx_word' id='word_1_192' title='bbox 426 817 492 849; x_wconf 81' lang='lat' dir='ltr'><strong>quae</strong></span> <span class='ocrx_word' id='word_1_193' title='bbox 507 808 550 838; x_wconf 91' lang='lat' dir='ltr'><strong>sic</strong></span> <span class='ocrx_word' id='word_1_194' title='bbox 565 807 647 839; x_wconf 89' lang='lat' dir='ltr'><strong>illius</strong></span> <span class='ocrx_word' id='word_1_195' title='bbox 661 807 791 838; x_wconf 88' lang='lat' dir='ltr'><strong>animum</strong></span> <span class='ocrx_word' id='word_1_196' title='bbox 813 807 850 837; x_wconf 82' lang='lat' dir='ltr'><strong>ad</strong></span> <span class='ocrx_word' id='word_1_197' title='bbox 891 803 1021 835; x_wconf 86' lang='lat' dir='ltr'><strong>inﬂatius</strong></span> <span class='ocrx_word' id='word_1_198' title='bbox 1036 805 1273 842; x_wconf 84' lang='lat' dir='ltr'><strong>sentientem,sic</strong></span> <span class='ocrx_word' id='word_1_199' title='bbox 1289 805 1355 845; x_wconf 86' lang='lat' dir='ltr'><strong>ejus</strong></span> <span class='ocrx_word' id='word_1_200' title='bbox 1367 805 1500 837; x_wconf 91' lang='lat' dir='ltr'><strong>animum</strong></span> <span class='ocrx_word' id='word_1_201' title='bbox 1512 807 1716 847; x_wconf 83' lang='lat' dir='ltr'><strong>pertractavit,</strong></span> 
     </span>
    </p>
   </div>
   <div class='ocr_carea' id='block_1_30' title="bbox 23 848 860 892">
    <p class='ocr_par' dir='ltr' id='par_1_30' title="bbox 23 848 851 890">
     <span class='ocr_line' id='line_1_30' title="bbox 23 848 851 890; baseline 0.001 -9"><span class='ocrx_word' id='word_1_202' title='bbox 23 852 175 883; x_wconf 86' lang='lat' dir='ltr'><strong>amandam</strong></span> <span class='ocrx_word' id='word_1_203' title='bbox 194 853 346 884; x_wconf 84' lang='lat' dir='ltr'><strong>veritatem</strong></span> <span class='ocrx_word' id='word_1_204' title='bbox 363 848 534 890; x_wconf 87' lang='lat' dir='ltr'><strong>inclinabat,</strong></span> <span class='ocrx_word' id='word_1_205' title='bbox 549 857 582 884; x_wconf 90' lang='lat' dir='ltr'><strong>ut</strong></span> <span class='ocrx_word' id='word_1_206' title='bbox 598 861 665 883; x_wconf 89' lang='lat' dir='ltr'><strong>cum</strong></span> <span class='ocrx_word' id='word_1_207' title='bbox 694 861 759 882; x_wconf 90' lang='lat' dir='ltr'><strong>eam</strong></span> <span class='ocrx_word' id='word_1_208' title='bbox 776 851 851 882; x_wconf 86' lang='lat' dir='ltr'><strong>frus-</strong></span> 
     </span>
    </p>
   </div>
   <div class='ocr_carea' id='block_1_31' title="bbox 946 848 1718 892">
    <p class='ocr_par' dir='ltr' id='par_1_31' title="bbox 946 848 1718 892">
     <span class='ocr_line' id='line_1_31' title="bbox 946 848 1718 892; baseline 0.006 -13"><span class='ocrx_word' id='word_1_209' title='bbox 946 848 1033 880; x_wconf 79' lang='lat' dir='ltr'><strong>irimo</strong></span> <span class='ocrx_word' id='word_1_210' title='bbox 1050 849 1126 881; x_wconf 81' lang='lat' dir='ltr'><strong>illius</strong></span> <span class='ocrx_word' id='word_1_211' title='bbox 1136 850 1319 887; x_wconf 51' lang='lat' dir='ltr'><strong>scientiadc</strong></span> <span class='ocrx_word' id='word_1_212' title='bbox 1333 860 1390 892; x_wconf 90' lang='lat' dir='ltr'><strong>qua</strong></span> <span class='ocrx_word' id='word_1_213' title='bbox 1405 855 1559 892; x_wconf 88' lang='lat' dir='ltr'><strong>tantopere</strong></span> <span class='ocrx_word' id='word_1_214' title='bbox 1574 852 1718 892; x_wconf 86' lang='lat' dir='ltr'><strong>gloriaba-</strong></span> 
     </span>
    </p>
   </div>
   <div class='ocr_carea' id='block_1_32' title="bbox 23 894 1720 938">
    <p class='ocr_par' dir='ltr' id='par_1_32' title="bbox 23 894 1720 938">
     <span class='ocr_line' id='line_1_32' title="bbox 23 894 1720 938; baseline 0.001 -11"><span class='ocrx_word' id='word_1_215' title='bbox 23 900 63 927; x_wconf 80' lang='lat' dir='ltr'><strong>tra</strong></span> <span class='ocrx_word' id='word_1_216' title='bbox 76 897 154 937; x_wconf 92' lang='lat' dir='ltr'><strong>apud</strong></span> <span class='ocrx_word' id='word_1_217' title='bbox 173 897 366 938; x_wconf 66' lang='lat' dir='ltr'><strong>philosophos</strong></span> <span class='ocrx_word' id='word_1_218' title='bbox 390 897 568 938; x_wconf 81' lang='lat' dir='ltr'><strong>quaesiisset,</strong></span> <span class='ocrx_word' id='word_1_219' title='bbox 593 897 718 937; x_wconf 83' lang='lat' dir='ltr'><strong>gratuito</strong></span> <span class='ocrx_word' id='word_1_220' title='bbox 743 895 853 930; x_wconf 88' lang='lat' dir='ltr'><strong>Christi</strong></span> <span class='ocrx_word' id='word_1_221' title='bbox 896 898 954 938; x_wconf 86' lang='lat' dir='ltr'><strong>tur,</strong></span> <span class='ocrx_word' id='word_1_222' title='bbox 971 894 1142 925; x_wconf 85' lang='lat' dir='ltr'><strong>inanitatem</strong></span> <span class='ocrx_word' id='word_1_223' title='bbox 1157 894 1340 933; x_wconf 86' lang='lat' dir='ltr'><strong>ostenderet;</strong></span> <span class='ocrx_word' id='word_1_224' title='bbox 1356 895 1464 927; x_wconf 88' lang='lat' dir='ltr'><strong>deinde</strong></span> <span class='ocrx_word' id='word_1_225' title='bbox 1479 896 1587 937; x_wconf 86' lang='lat' dir='ltr'><strong>quibus</strong></span> <span class='ocrx_word' id='word_1_226' title='bbox 1601 907 1637 929; x_wconf 88' lang='lat' dir='ltr'><strong>ex</strong></span> <span class='ocrx_word' id='word_1_227' title='bbox 1651 897 1720 928; x_wconf 85' lang='lat' dir='ltr'><strong>fon-</strong></span> 
     </span>
    </p>
   </div>
   <div class='ocr_carea' id='block_1_33' title="bbox 23 937 1720 983">
    <p class='ocr_par' dir='ltr' id='par_1_33' title="bbox 23 937 1720 983">
     <span class='ocr_line' id='line_1_33' title="bbox 23 937 1720 983; baseline 0.002 -12"><span class='ocrx_word' id='word_1_228' title='bbox 23 940 98 971; x_wconf 93' lang='lat' dir='ltr'><strong>dono</strong></span> <span class='ocrx_word' id='word_1_229' title='bbox 113 941 149 972; x_wconf 88' lang='lat' dir='ltr'><strong>ad</strong></span> <span class='ocrx_word' id='word_1_230' title='bbox 162 941 258 982; x_wconf 81' lang='lat' dir='ltr'><strong>ipsius</strong></span> <span class='ocrx_word' id='word_1_231' title='bbox 273 937 374 973; x_wconf 86' lang='lat' dir='ltr'><strong>oculos</strong></span> <span class='ocrx_word' id='word_1_232' title='bbox 388 937 578 982; x_wconf 69' lang='lat' dir='ltr'><strong>effulgentem</strong></span> <span class='ocrx_word' id='word_1_233' title='bbox 595 942 742 982; x_wconf 87' lang='lat' dir='ltr'><strong>arriperet</strong></span> <span class='ocrx_word' id='word_1_234' title='bbox 753 941 853 981; x_wconf 83' lang='lat' dir='ltr'><strong>avide,</strong></span> <span class='ocrx_word' id='word_1_235' title='bbox 895 937 976 983; x_wconf 89' lang='lat' dir='ltr'><strong>tibus</strong></span> <span class='ocrx_word' id='word_1_236' title='bbox 992 938 1156 983; x_wconf 79' lang='lat' dir='ltr'><strong>haurienda</strong></span> <span class='ocrx_word' id='word_1_237' title='bbox 1180 939 1219 970; x_wconf 87' lang='lat' dir='ltr'><strong>sit</strong></span> <span class='ocrx_word' id='word_1_238' title='bbox 1244 940 1350 971; x_wconf 83' lang='lat' dir='ltr'><strong>veritas</strong></span> <span class='ocrx_word' id='word_1_239' title='bbox 1379 940 1529 973; x_wconf 87' lang='lat' dir='ltr'><strong>edoceret.</strong></span> <span class='ocrx_word' id='word_1_240' title='bbox 1560 943 1720 983; x_wconf 81' lang='lat' dir='ltr'><strong>Postquam</strong></span> 
     </span>
    </p>
   </div>
   <div class='ocr_carea' id='block_1_34' title="bbox 26 982 1720 1024">
    <p class='ocr_par' dir='ltr' id='par_1_34' title="bbox 26 982 1720 1024">
     <span class='ocr_line' id='line_1_34' title="bbox 26 982 1720 1024; baseline 0.004 -12"><span class='ocrx_word' id='word_1_241' title='bbox 26 990 198 1017; x_wconf 68' lang='lat' dir='ltr'><strong>constanter</strong></span> <span class='ocrx_word' id='word_1_242' title='bbox 213 986 399 1018; x_wconf 68' lang='lat' dir='ltr'><strong>defendereL</strong></span> <span class='ocrx_word' id='word_1_243' title='bbox 895 982 975 1013; x_wconf 90' lang='lat' dir='ltr'><strong>enim</strong></span> <span class='ocrx_word' id='word_1_244' title='bbox 996 982 1129 1014; x_wconf 83' lang='lat' dir='ltr'><strong>Justinus</strong></span> <span class='ocrx_word' id='word_1_245' title='bbox 1151 992 1208 1014; x_wconf 90' lang='lat' dir='ltr'><strong>nec</strong></span> <span class='ocrx_word' id='word_1_246' title='bbox 1235 984 1426 1024; x_wconf 74' lang='lat' dir='ltr'><strong>Pythagoram</strong></span> <span class='ocrx_word' id='word_1_247' title='bbox 1443 995 1500 1017; x_wconf 91' lang='lat' dir='ltr'><strong>nec</strong></span> <span class='ocrx_word' id='word_1_248' title='bbox 1515 982 1668 1018; x_wconf 85' lang='lat' dir='ltr'><strong>Platonem</strong></span> <span class='ocrx_word' id='word_1_249' title='bbox 1684 987 1720 1018; x_wconf 89' lang='lat' dir='ltr'><strong>ad</strong></span> 
     </span>
    </p>
   </div>
   <div class='ocr_carea' id='block_1_35' title="bbox 61 1028 1722 1073">
    <p class='ocr_par' dir='ltr' id='par_1_35' title="bbox 61 1028 1722 1073">
     <span class='ocr_line' id='line_1_35' title="bbox 61 1028 1722 1073; baseline 0.005 -17"><span class='ocrx_word' id='word_1_250' title='bbox 61 1030 194 1061; x_wconf 71' lang='lat' dir='ltr'><strong>Primum</strong></span> <span class='ocrx_word' id='word_1_251' title='bbox 213 1031 409 1072; x_wconf 68' lang='lat' dir='ltr'><strong>philosophiae</strong></span> <span class='ocrx_word' id='word_1_252' title='bbox 424 1031 595 1071; x_wconf 70' lang='lat' dir='ltr'><strong>magistrum</strong></span> <span class='ocrx_word' id='word_1_253' title='bbox 609 1030 710 1062; x_wconf 75' lang='lat' dir='ltr'><strong>habuit</strong></span> <span class='ocrx_word' id='word_1_254' title='bbox 723 1031 852 1062; x_wconf 79' lang='lat' dir='ltr'><strong>stoicum</strong></span> <span class='ocrx_word' id='word_1_255' title='bbox 897 1028 963 1059; x_wconf 91' lang='lat' dir='ltr'><strong>veri</strong></span> <span class='ocrx_word' id='word_1_256' title='bbox 977 1028 1177 1068; x_wconf 80' lang='lat' dir='ltr'><strong>cognitionem</strong></span> <span class='ocrx_word' id='word_1_257' title='bbox 1192 1030 1364 1070; x_wconf 86' lang='lat' dir='ltr'><strong>pervenisse</strong></span> <span class='ocrx_word' id='word_1_258' title='bbox 1376 1032 1522 1071; x_wconf 83' lang='lat' dir='ltr'><strong>cognovit,</strong></span> <span class='ocrx_word' id='word_1_259' title='bbox 1541 1033 1674 1073; x_wconf 69' lang='lat' dir='ltr'><strong>quaesivit</strong></span> <span class='ocrx_word' id='word_1_260' title='bbox 1685 1042 1722 1064; x_wconf 92' lang='lat' dir='ltr'><strong>ex</strong></span> 
     </span>
    </p>
   </div>
   <div class='ocr_carea' id='block_1_36' title="bbox 28 1072 1722 1116">
    <p class='ocr_par' dir='ltr' id='par_1_36' title="bbox 28 1072 1722 1116">
     <span class='ocr_line' id='line_1_36' title="bbox 28 1072 1722 1116; baseline 0.002 -11"><span class='ocrx_word' id='word_1_261' title='bbox 28 1075 197 1115; x_wconf 83' lang='lat' dir='ltr'><strong>quemdam,</strong></span> <span class='ocrx_word' id='word_1_262' title='bbox 214 1085 250 1106; x_wconf 91' lang='lat' dir='ltr'><strong>ac</strong></span> <span class='ocrx_word' id='word_1_263' title='bbox 274 1076 345 1106; x_wconf 90' lang='lat' dir='ltr'><strong>satis</strong></span> <span class='ocrx_word' id='word_1_264' title='bbox 371 1077 420 1107; x_wconf 89' lang='lat' dir='ltr'><strong>diu</strong></span> <span class='ocrx_word' id='word_1_265' title='bbox 437 1085 503 1107; x_wconf 92' lang='lat' dir='ltr'><strong>cum</strong></span> <span class='ocrx_word' id='word_1_266' title='bbox 517 1085 551 1106; x_wconf 92' lang='lat' dir='ltr'><strong>eo</strong></span> <span class='ocrx_word' id='word_1_267' title='bbox 564 1080 697 1107; x_wconf 87' lang='lat' dir='ltr'><strong>versatus</strong></span> <span class='ocrx_word' id='word_1_268' title='bbox 713 1079 768 1107; x_wconf 80' lang='lat' dir='ltr'><strong>est.</strong></span> <span class='ocrx_word' id='word_1_269' title='bbox 798 1074 856 1106; x_wconf 88' lang='lat' dir='ltr'><strong>Sed</strong></span> <span class='ocrx_word' id='word_1_270' title='bbox 898 1082 970 1104; x_wconf 86' lang='lat' dir='ltr'><strong>sene</strong></span> <span class='ocrx_word' id='word_1_271' title='bbox 981 1072 1088 1113; x_wconf 89' lang='lat' dir='ltr'><strong>quibus</strong></span> <span class='ocrx_word' id='word_1_272' title='bbox 1104 1074 1222 1105; x_wconf 89' lang='lat' dir='ltr'><strong>tandem</strong></span> <span class='ocrx_word' id='word_1_273' title='bbox 1240 1075 1386 1115; x_wconf 79' lang='lat' dir='ltr'><strong>magistris</strong></span> <span class='ocrx_word' id='word_1_274' title='bbox 1401 1072 1611 1116; x_wconf 19' lang='lat' dir='ltr'><strong>utendum’sit,</strong></span> <span class='ocrx_word' id='word_1_275' title='bbox 1631 1078 1656 1110; x_wconf 88' lang='lat' dir='ltr'><strong>si</strong></span> <span class='ocrx_word' id='word_1_276' title='bbox 1671 1087 1722 1109; x_wconf 81' lang='lat' dir='ltr'><strong>ve—</strong></span> 
     </span>
    </p>
   </div>
   <div class='ocr_carea' id='block_1_37' title="bbox 27 1118 1723 1164">
    <p class='ocr_par' dir='ltr' id='par_1_37' title="bbox 27 1118 1723 1164">
     <span class='ocr_line' id='line_1_37' title="bbox 27 1118 1723 1164; baseline 0.003 -14"><span class='ocrx_word' id='word_1_277' title='bbox 27 1128 89 1150; x_wconf 88' lang='lat' dir='ltr'><strong>cum</strong></span> <span class='ocrx_word' id='word_1_278' title='bbox 105 1129 138 1150; x_wconf 87' lang='lat' dir='ltr'><strong>se</strong></span> <span class='ocrx_word' id='word_1_279' title='bbox 156 1120 250 1151; x_wconf 89' lang='lat' dir='ltr'><strong>nihilo</strong></span> <span class='ocrx_word' id='word_1_280' title='bbox 267 1121 352 1160; x_wconf 88' lang='lat' dir='ltr'><strong>plura</strong></span> <span class='ocrx_word' id='word_1_281' title='bbox 365 1121 403 1152; x_wconf 89' lang='lat' dir='ltr'><strong>de</strong></span> <span class='ocrx_word' id='word_1_282' title='bbox 417 1121 477 1152; x_wconf 91' lang='lat' dir='ltr'><strong>Deo</strong></span> <span class='ocrx_word' id='word_1_283' title='bbox 506 1120 583 1151; x_wconf 89' lang='lat' dir='ltr'><strong>scire</strong></span> <span class='ocrx_word' id='word_1_284' title='bbox 608 1120 859 1151; x_wconf 88' lang='lat' dir='ltr'><strong>animadverteret</strong></span> <span class='ocrx_word' id='word_1_285' title='bbox 899 1127 964 1148; x_wconf 90' lang='lat' dir='ltr'><strong>rum</strong></span> <span class='ocrx_word' id='word_1_286' title='bbox 982 1128 1019 1164; x_wconf 86' lang='lat' dir='ltr'><strong>ne</strong></span> <span class='ocrx_word' id='word_1_287' title='bbox 1031 1118 1210 1164; x_wconf 85' lang='lat' dir='ltr'><strong>istiquidem</strong></span> <span class='ocrx_word' id='word_1_288' title='bbox 1227 1120 1364 1153; x_wconf 87' lang='lat' dir='ltr'><strong>viderint.</strong></span> <span class='ocrx_word' id='word_1_289' title='bbox 1381 1121 1478 1158; x_wconf 84' lang='lat' dir='ltr'><strong>Quare</strong></span> <span class='ocrx_word' id='word_1_290' title='bbox 1492 1132 1582 1154; x_wconf 80' lang='lat' dir='ltr'><strong>senex</strong></span> <span class='ocrx_word' id='word_1_291' title='bbox 1598 1124 1723 1164; x_wconf 73' lang='lat' dir='ltr'><strong>praecla-</strong></span> 
     </span>
    </p>
   </div>
   <div class='ocr_carea' id='block_1_38' title="bbox 29 1163 1723 1209">
    <p class='ocr_par' dir='ltr' id='par_1_38' title="bbox 29 1163 1723 1209">
     <span class='ocr_line' id='line_1_38' title="bbox 29 1163 1723 1209; baseline 0.004 -15"><span class='ocrx_word' id='word_1_292' title='bbox 29 1163 104 1203; x_wconf 81' lang='lat' dir='ltr'><strong>(nam</strong></span> <span class='ocrx_word' id='word_1_293' title='bbox 121 1174 177 1195; x_wconf 89' lang='lat' dir='ltr'><strong>nec</strong></span> <span class='ocrx_word' id='word_1_294' title='bbox 192 1164 307 1196; x_wconf 88' lang='lat' dir='ltr'><strong>sciebat</strong></span> <span class='ocrx_word' id='word_1_295' title='bbox 322 1166 386 1206; x_wconf 88' lang='lat' dir='ltr'><strong>ipse</strong></span> <span class='ocrx_word' id='word_1_296' title='bbox 411 1165 538 1201; x_wconf 78' lang='lat' dir='ltr'><strong>Stoicus,</strong></span> <span class='ocrx_word' id='word_1_297' title='bbox 554 1174 651 1206; x_wconf 90' lang='lat' dir='ltr'><strong>neque</strong></span> <span class='ocrx_word' id='word_1_298' title='bbox 667 1165 745 1195; x_wconf 90' lang='lat' dir='ltr'><strong>hanc</strong></span> <span class='ocrx_word' id='word_1_299' title='bbox 758 1165 857 1195; x_wconf 89' lang='lat' dir='ltr'><strong>scien-</strong></span> <span class='ocrx_word' id='word_1_300' title='bbox 899 1172 965 1209; x_wconf 81' lang='lat' dir='ltr'><strong>rum</strong></span> <span class='ocrx_word' id='word_1_301' title='bbox 982 1163 1100 1194; x_wconf 88' lang='lat' dir='ltr'><strong>dicendi</strong></span> <span class='ocrx_word' id='word_1_302' title='bbox 1115 1173 1260 1209; x_wconf 83' lang='lat' dir='ltr'><strong>campum</strong></span> <span class='ocrx_word' id='word_1_303' title='bbox 1273 1164 1437 1205; x_wconf 77' lang='lat' dir='ltr'><strong>ingressus,</strong></span> <span class='ocrx_word' id='word_1_304' title='bbox 1455 1163 1608 1200; x_wconf 83' lang='lat' dir='ltr'><strong>veritatem</strong></span> <span class='ocrx_word' id='word_1_305' title='bbox 1624 1178 1641 1200; x_wconf 92' lang='lat' dir='ltr'><strong>a</strong></span> <span class='ocrx_word' id='word_1_306' title='bbox 1651 1178 1723 1209; x_wconf 82' lang='lat' dir='ltr'><strong>pro-</strong></span> 
     </span>
    </p>
   </div>
   <div class='ocr_carea' id='block_1_39' title="bbox 27 1207 1726 1254">
    <p class='ocr_par' dir='ltr' id='par_1_39' title="bbox 27 1207 1726 1254">
     <span class='ocr_line' id='line_1_39' title="bbox 27 1207 1726 1254; baseline 0.003 -14"><span class='ocrx_word' id='word_1_307' title='bbox 27 1210 95 1241; x_wconf 83' lang='lat' dir='ltr'><strong>tiam</strong></span> <span class='ocrx_word' id='word_1_308' title='bbox 113 1213 313 1242; x_wconf 77' lang='lat' dir='ltr'><strong>necessariam</strong></span> <span class='ocrx_word' id='word_1_309' title='bbox 330 1210 472 1252; x_wconf 85' lang='lat' dir='ltr'><strong>putabat).</strong></span> <span class='ocrx_word' id='word_1_310' title='bbox 487 1211 523 1242; x_wconf 86' lang='lat' dir='ltr'><strong>ab</strong></span> <span class='ocrx_word' id='word_1_311' title='bbox 543 1220 578 1242; x_wconf 91' lang='lat' dir='ltr'><strong>eo</strong></span> <span class='ocrx_word' id='word_1_312' title='bbox 597 1211 745 1251; x_wconf 80' lang='lat' dir='ltr'><strong>discessit,</strong></span> <span class='ocrx_word' id='word_1_313' title='bbox 762 1220 854 1251; x_wconf 91' lang='lat' dir='ltr'><strong>seque</strong></span> <span class='ocrx_word' id='word_1_314' title='bbox 902 1207 999 1248; x_wconf 81' lang='lat' dir='ltr'><strong>phetis</strong></span> <span class='ocrx_word' id='word_1_315' title='bbox 1014 1208 1171 1254; x_wconf 78' lang='lat' dir='ltr'><strong>petendam</strong></span> <span class='ocrx_word' id='word_1_316' title='bbox 1187 1218 1253 1240; x_wconf 88' lang='lat' dir='ltr'><strong>esse</strong></span> <span class='ocrx_word' id='word_1_317' title='bbox 1262 1210 1573 1254; x_wconf 86' lang='lat' dir='ltr'><strong>demonstrat,eosque</strong></span> <span class='ocrx_word' id='word_1_318' title='bbox 1587 1207 1688 1245; x_wconf 83' lang='lat' dir='ltr'><strong>laudat</strong></span> <span class='ocrx_word' id='word_1_319' title='bbox 1697 1218 1726 1245; x_wconf 90' lang='lat' dir='ltr'><strong>et</strong></span> 
     </span>
    </p>
   </div>
   <div class='ocr_carea' id='block_1_40' title="bbox 27 1252 1727 1298">
    <p class='ocr_par' dir='ltr' id='par_1_40' title="bbox 27 1252 1727 1298">
     <span class='ocr_line' id='line_1_40' title="bbox 27 1252 1727 1298; baseline 0.004 -15"><span class='ocrx_word' id='word_1_320' title='bbox 27 1254 61 1284; x_wconf 90' lang='lat' dir='ltr'><strong>ad</strong></span> <span class='ocrx_word' id='word_1_321' title='bbox 75 1254 164 1285; x_wconf 89' lang='lat' dir='ltr'><strong>alium</strong></span> <span class='ocrx_word' id='word_1_322' title='bbox 184 1256 323 1293; x_wconf 89' lang='lat' dir='ltr'><strong>contulit,</strong></span> <span class='ocrx_word' id='word_1_323' title='bbox 346 1265 434 1296; x_wconf 90' lang='lat' dir='ltr'><strong>quem</strong></span> <span class='ocrx_word' id='word_1_324' title='bbox 450 1255 678 1296; x_wconf 79' lang='lat' dir='ltr'><strong>Peripateticum</strong></span> <span class='ocrx_word' id='word_1_325' title='bbox 705 1255 853 1296; x_wconf 76' lang='lat' dir='ltr'><strong>dicebant,</strong></span> <span class='ocrx_word' id='word_1_326' title='bbox 897 1252 1090 1283; x_wconf 76' lang='lat' dir='ltr'><strong>commendat</strong></span> <span class='ocrx_word' id='word_1_327' title='bbox 1103 1253 1140 1284; x_wconf 89' lang='lat' dir='ltr'><strong>ab</strong></span> <span class='ocrx_word' id='word_1_328' title='bbox 1155 1254 1330 1295; x_wconf 85' lang='lat' dir='ltr'><strong>antiquitate</strong></span> <span class='ocrx_word' id='word_1_329' title='bbox 1346 1265 1404 1296; x_wconf 89' lang='lat' dir='ltr'><strong>qua</strong></span> <span class='ocrx_word' id='word_1_330' title='bbox 1422 1252 1614 1297; x_wconf 82' lang='lat' dir='ltr'><strong>philosophos</strong></span> <span class='ocrx_word' id='word_1_331' title='bbox 1640 1258 1727 1298; x_wconf 84' lang='lat' dir='ltr'><strong>longe</strong></span> 
     </span>
    </p>
   </div>
   <div class='ocr_carea' id='block_1_41' title="bbox 28 1298 1728 1341">
    <p class='ocr_par' dir='ltr' id='par_1_41' title="bbox 28 1298 1728 1341">
     <span class='ocr_line' id='line_1_41' title="bbox 28 1298 1728 1341; baseline 0.002 -11"><span class='ocrx_word' id='word_1_332' title='bbox 28 1298 189 1336; x_wconf 87' lang='lat' dir='ltr'><strong>hominem,</strong></span> <span class='ocrx_word' id='word_1_333' title='bbox 206 1303 240 1330; x_wconf 93' lang='lat' dir='ltr'><strong>ut</strong></span> <span class='ocrx_word' id='word_1_334' title='bbox 259 1299 314 1330; x_wconf 92' lang='lat' dir='ltr'><strong>sibi</strong></span> <span class='ocrx_word' id='word_1_335' title='bbox 336 1300 401 1341; x_wconf 82' lang='lat' dir='ltr'><strong>ipse</strong></span> <span class='ocrx_word' id='word_1_336' title='bbox 417 1300 581 1337; x_wconf 83' lang='lat' dir='ltr'><strong>videbatur,</strong></span> <span class='ocrx_word' id='word_1_337' title='bbox 594 1303 778 1340; x_wconf 87' lang='lat' dir='ltr'><strong>peracutum.</strong></span> <span class='ocrx_word' id='word_1_338' title='bbox 797 1299 854 1332; x_wconf 90' lang='lat' dir='ltr'><strong>Sed</strong></span> <span class='ocrx_word' id='word_1_339' title='bbox 899 1302 1052 1338; x_wconf 84' lang='lat' dir='ltr'><strong>superant,</strong></span> <span class='ocrx_word' id='word_1_340' title='bbox 1069 1306 1086 1328; x_wconf 86' lang='lat' dir='ltr'><strong>a</strong></span> <span class='ocrx_word' id='word_1_341' title='bbox 1100 1298 1213 1338; x_wconf 88' lang='lat' dir='ltr'><strong>Spiritu</strong></span> <span class='ocrx_word' id='word_1_342' title='bbox 1238 1303 1342 1330; x_wconf 86' lang='lat' dir='ltr'><strong>sancto</strong></span> <span class='ocrx_word' id='word_1_343' title='bbox 1364 1310 1421 1341; x_wconf 91' lang='lat' dir='ltr'><strong>quo</strong></span> <span class='ocrx_word' id='word_1_344' title='bbox 1447 1301 1565 1333; x_wconf 81' lang='lat' dir='ltr'><strong>amante</strong></span> <span class='ocrx_word' id='word_1_345' title='bbox 1579 1302 1728 1333; x_wconf 85' lang='lat' dir='ltr'><strong>vaticinati</strong></span> 
     </span>
    </p>
   </div>
   <div class='ocr_carea' id='block_1_42' title="bbox 29 1341 1728 1385">
    <p class='ocr_par' dir='ltr' id='par_1_42' title="bbox 29 1341 1728 1385">
     <span class='ocr_line' id='line_1_42' title="bbox 29 1341 1728 1385; baseline 0.002 -11"><span class='ocrx_word' id='word_1_346' title='bbox 29 1352 92 1374; x_wconf 91' lang='lat' dir='ltr'><strong>eum</strong></span> <span class='ocrx_word' id='word_1_347' title='bbox 110 1344 214 1384; x_wconf 87' lang='lat' dir='ltr'><strong>paucis</strong></span> <span class='ocrx_word' id='word_1_348' title='bbox 231 1350 298 1385; x_wconf 87' lang='lat' dir='ltr'><strong>post</strong></span> <span class='ocrx_word' id='word_1_349' title='bbox 315 1345 420 1376; x_wconf 89' lang='lat' dir='ltr'><strong>diebus</strong></span> <span class='ocrx_word' id='word_1_350' title='bbox 435 1345 473 1376; x_wconf 89' lang='lat' dir='ltr'><strong>de</strong></span> <span class='ocrx_word' id='word_1_351' title='bbox 489 1345 629 1376; x_wconf 88' lang='lat' dir='ltr'><strong>mercede</strong></span> <span class='ocrx_word' id='word_1_352' title='bbox 638 1349 772 1384; x_wconf 89' lang='lat' dir='ltr'><strong>agentem</strong></span> <span class='ocrx_word' id='word_1_353' title='bbox 785 1344 854 1375; x_wconf 89' lang='lat' dir='ltr'><strong>mis-</strong></span> <span class='ocrx_word' id='word_1_354' title='bbox 899 1345 979 1382; x_wconf 89' lang='lat' dir='ltr'><strong>sunt,</strong></span> <span class='ocrx_word' id='word_1_355' title='bbox 994 1341 1030 1372; x_wconf 89' lang='lat' dir='ltr'><strong>ab</strong></span> <span class='ocrx_word' id='word_1_356' title='bbox 1047 1346 1154 1373; x_wconf 88' lang='lat' dir='ltr'><strong>eventu</strong></span> <span class='ocrx_word' id='word_1_357' title='bbox 1172 1342 1381 1381; x_wconf 74' lang='lat' dir='ltr'><strong>praedictarum</strong></span> <span class='ocrx_word' id='word_1_358' title='bbox 1406 1353 1521 1383; x_wconf 89' lang='lat' dir='ltr'><strong>rerum,</strong></span> <span class='ocrx_word' id='word_1_359' title='bbox 1537 1355 1554 1376; x_wconf 90' lang='lat' dir='ltr'><strong>a</strong></span> <span class='ocrx_word' id='word_1_360' title='bbox 1565 1355 1682 1377; x_wconf 86' lang='lat' dir='ltr'><strong>summa</strong></span> <span class='ocrx_word' id='word_1_361' title='bbox 1696 1346 1728 1376; x_wconf 90' lang='lat' dir='ltr'><strong>in</strong></span> 
     </span>
    </p>
   </div>
   <div class='ocr_carea' id='block_1_43' title="bbox 30 1385 1730 1430">
    <p class='ocr_par' dir='ltr' id='par_1_43' title="bbox 30 1385 1730 1430">
     <span class='ocr_line' id='line_1_43' title="bbox 30 1385 1730 1430; baseline 0.001 -11"><span class='ocrx_word' id='word_1_362' title='bbox 30 1396 90 1417; x_wconf 86' lang='lat' dir='ltr'><strong>sum</strong></span> <span class='ocrx_word' id='word_1_363' title='bbox 111 1388 192 1425; x_wconf 81' lang='lat' dir='ltr'><strong>fecit,</strong></span> <span class='ocrx_word' id='word_1_364' title='bbox 222 1399 261 1420; x_wconf 85' lang='lat' dir='ltr'><strong>ne</strong></span> <span class='ocrx_word' id='word_1_365' title='bbox 290 1389 499 1430; x_wconf 88' lang='lat' dir='ltr'><strong>philosophum</strong></span> <span class='ocrx_word' id='word_1_366' title='bbox 528 1389 648 1429; x_wconf 89' lang='lat' dir='ltr'><strong>quidem</strong></span> <span class='ocrx_word' id='word_1_367' title='bbox 672 1389 856 1420; x_wconf 84' lang='lat' dir='ltr'><strong>existimans.</strong></span> <span class='ocrx_word' id='word_1_368' title='bbox 900 1385 1023 1416; x_wconf 87' lang='lat' dir='ltr'><strong>edendis</strong></span> <span class='ocrx_word' id='word_1_369' title='bbox 1046 1386 1172 1417; x_wconf 87' lang='lat' dir='ltr'><strong>oraculis</strong></span> <span class='ocrx_word' id='word_1_370' title='bbox 1186 1387 1324 1418; x_wconf 90' lang='lat' dir='ltr'><strong>libertate</strong></span> <span class='ocrx_word' id='word_1_371' title='bbox 1336 1391 1365 1419; x_wconf 89' lang='lat' dir='ltr'><strong>et</strong></span> <span class='ocrx_word' id='word_1_372' title='bbox 1380 1389 1587 1427; x_wconf 82' lang='lat' dir='ltr'><strong>constantia,a</strong></span> <span class='ocrx_word' id='word_1_373' title='bbox 1603 1390 1730 1421; x_wconf 86' lang='lat' dir='ltr'><strong>miracu-</strong></span> 
     </span>
    </p>
   </div>
   <div class='ocr_carea' id='block_1_44' title="bbox 31 1430 1730 1475">
    <p class='ocr_par' dir='ltr' id='par_1_44' title="bbox 31 1430 1730 1475">
     <span class='ocr_line' id='line_1_44' title="bbox 31 1430 1730 1475; baseline 0.002 -12"><span class='ocrx_word' id='word_1_374' title='bbox 31 1430 89 1462; x_wconf 87' lang='lat' dir='ltr'><strong>Non</strong></span> <span class='ocrx_word' id='word_1_375' title='bbox 105 1437 203 1464; x_wconf 88' lang='lat' dir='ltr'><strong>tamen</strong></span> <span class='ocrx_word' id='word_1_376' title='bbox 218 1434 392 1474; x_wconf 85' lang='lat' dir='ltr'><strong>deterritus,</strong></span> <span class='ocrx_word' id='word_1_377' title='bbox 408 1433 486 1474; x_wconf 90' lang='lat' dir='ltr'><strong>quod</strong></span> <span class='ocrx_word' id='word_1_378' title='bbox 502 1433 559 1464; x_wconf 88' lang='lat' dir='ltr'><strong>sibi</strong></span> <span class='ocrx_word' id='word_1_379' title='bbox 576 1433 606 1464; x_wconf 90' lang='lat' dir='ltr'><strong>in</strong></span> <span class='ocrx_word' id='word_1_380' title='bbox 617 1433 733 1464; x_wconf 87' lang='lat' dir='ltr'><strong>duobus</strong></span> <span class='ocrx_word' id='word_1_381' title='bbox 746 1433 856 1473; x_wconf 85' lang='lat' dir='ltr'><strong>magis-</strong></span> <span class='ocrx_word' id='word_1_382' title='bbox 899 1430 935 1461; x_wconf 90' lang='lat' dir='ltr'><strong>lis</strong></span> <span class='ocrx_word' id='word_1_383' title='bbox 950 1431 1057 1471; x_wconf 86' lang='lat' dir='ltr'><strong>quibus</strong></span> <span class='ocrx_word' id='word_1_384' title='bbox 1072 1431 1209 1462; x_wconf 81' lang='lat' dir='ltr'><strong>vaticinia</strong></span> <span class='ocrx_word' id='word_1_385' title='bbox 1223 1441 1276 1463; x_wconf 91' lang='lat' dir='ltr'><strong>sua</strong></span> <span class='ocrx_word' id='word_1_386' title='bbox 1292 1433 1559 1472; x_wconf 83' lang='lat' dir='ltr'><strong>conﬁrmarunt,ab</strong></span> <span class='ocrx_word' id='word_1_387' title='bbox 1570 1435 1635 1475; x_wconf 86' lang='lat' dir='ltr'><strong>ipsa</strong></span> <span class='ocrx_word' id='word_1_388' title='bbox 1647 1434 1730 1466; x_wconf 90' lang='lat' dir='ltr'><strong>deni-</strong></span> 
     </span>
    </p>
   </div>
   <div class='ocr_carea' id='block_1_45' title="bbox 32 1475 1729 1518">
    <p class='ocr_par' dir='ltr' id='par_1_45' title="bbox 32 1475 1729 1518">
     <span class='ocr_line' id='line_1_45' title="bbox 32 1475 1729 1518; baseline 0.002 -12"><span class='ocrx_word' id='word_1_389' title='bbox 32 1476 80 1507; x_wconf 87' lang='lat' dir='ltr'><strong>tris</strong></span> <span class='ocrx_word' id='word_1_390' title='bbox 93 1477 242 1509; x_wconf 80' lang='lat' dir='ltr'><strong>adeundis</strong></span> <span class='ocrx_word' id='word_1_391' title='bbox 262 1487 363 1518; x_wconf 88' lang='lat' dir='ltr'><strong>parum</strong></span> <span class='ocrx_word' id='word_1_392' title='bbox 386 1478 590 1515; x_wconf 87' lang='lat' dir='ltr'><strong>successisset,</strong></span> <span class='ocrx_word' id='word_1_393' title='bbox 608 1478 738 1518; x_wconf 82' lang='lat' dir='ltr'><strong>confugit</strong></span> <span class='ocrx_word' id='word_1_394' title='bbox 753 1478 788 1509; x_wconf 88' lang='lat' dir='ltr'><strong>ad</strong></span> <span class='ocrx_word' id='word_1_395' title='bbox 805 1487 856 1509; x_wconf 90' lang='lat' dir='ltr'><strong>ce-</strong></span> <span class='ocrx_word' id='word_1_396' title='bbox 870 1512 886 1518; x_wconf 51' lang='grc' dir='ltr'>η</span> <span class='ocrx_word' id='word_1_397' title='bbox 900 1484 956 1515; x_wconf 83' lang='lat' dir='ltr'><strong>que</strong></span> <span class='ocrx_word' id='word_1_398' title='bbox 972 1475 1159 1506; x_wconf 85' lang='lat' dir='ltr'><strong>oraculorum</strong></span> <span class='ocrx_word' id='word_1_399' title='bbox 1170 1477 1324 1508; x_wconf 86' lang='lat' dir='ltr'><strong>sanctitate</strong></span> <span class='ocrx_word' id='word_1_400' title='bbox 1336 1478 1431 1509; x_wconf 86' lang='lat' dir='ltr'><strong>Deum</strong></span> <span class='ocrx_word' id='word_1_401' title='bbox 1448 1479 1552 1510; x_wconf 92' lang='lat' dir='ltr'><strong>mundi</strong></span> <span class='ocrx_word' id='word_1_402' title='bbox 1562 1483 1729 1511; x_wconf 85' lang='lat' dir='ltr'><strong>creatorem</strong></span> 
     </span>
    </p>
   </div>
   <div class='ocr_carea' id='block_1_46' title="bbox 31 1512 1730 1563">
    <p class='ocr_par' dir='ltr' id='par_1_46' title="bbox 31 1512 1730 1563">
     <span class='ocr_line' id='line_1_46' title="bbox 31 1512 1730 1563; baseline 0.001 -10"><span class='ocrx_word' id='word_1_403' title='bbox 31 1521 219 1554; x_wconf 86' lang='lat' dir='ltr'><strong>leberrimum</strong></span> <span class='ocrx_word' id='word_1_404' title='bbox 244 1512 472 1563; x_wconf 72' lang='lat' dir='ltr'><strong>Dythagoreum,</strong></span> <span class='ocrx_word' id='word_1_405' title='bbox 490 1512 642 1554; x_wconf 85' lang='lat' dir='ltr'><strong>hominem</strong></span> <span class='ocrx_word' id='word_1_406' title='bbox 660 1512 887 1562; x_wconf 45' lang='lat' dir='ltr'><strong>devsapientiac</strong></span> <span class='ocrx_word' id='word_1_407' title='bbox 903 1512 1026 1560; x_wconf 78' lang='lat' dir='ltr'><strong>ejusque</strong></span> <span class='ocrx_word' id='word_1_408' title='bbox 1036 1519 1184 1552; x_wconf 87' lang='lat' dir='ltr'><strong>Christum</strong></span> <span class='ocrx_word' id='word_1_409' title='bbox 1196 1521 1284 1552; x_wconf 90' lang='lat' dir='ltr'><strong>unice</strong></span> <span class='ocrx_word' id='word_1_410' title='bbox 1296 1521 1656 1555; x_wconf 87' lang='lat' dir='ltr'><strong>celebrantium.Taudem</strong></span> <span class='ocrx_word' id='word_1_411' title='bbox 1672 1523 1730 1554; x_wconf 87' lang='lat' dir='ltr'><strong>dis-</strong></span> 
     </span>
    </p>
   </div>
   <div class='ocr_carea' id='block_1_47' title="bbox 35 1564 1732 1609">
    <p class='ocr_par' dir='ltr' id='par_1_47' title="bbox 35 1564 1732 1609">
     <span class='ocr_line' id='line_1_47' title="bbox 35 1564 1732 1609; baseline 0.002 -12"><span class='ocrx_word' id='word_1_412' title='bbox 35 1567 112 1597; x_wconf 88' lang='lat' dir='ltr'><strong>valde</strong></span> <span class='ocrx_word' id='word_1_413' title='bbox 120 1567 314 1607; x_wconf 82' lang='lat' dir='ltr'><strong>gloriantem.</strong></span> <span class='ocrx_word' id='word_1_414' title='bbox 328 1567 386 1599; x_wconf 91' lang='lat' dir='ltr'><strong>Sed</strong></span> <span class='ocrx_word' id='word_1_415' title='bbox 399 1568 424 1598; x_wconf 91' lang='lat' dir='ltr'><strong>is</strong></span> <span class='ocrx_word' id='word_1_416' title='bbox 436 1568 513 1599; x_wconf 88' lang='lat' dir='ltr'><strong>hanc</strong></span> <span class='ocrx_word' id='word_1_417' title='bbox 520 1568 722 1599; x_wconf 88' lang='lat' dir='ltr'><strong>conditionem</strong></span> <span class='ocrx_word' id='word_1_418' title='bbox 743 1567 860 1599; x_wconf 86' lang='lat' dir='ltr'><strong>Justino</strong></span> <span class='ocrx_word' id='word_1_419' title='bbox 903 1564 1014 1595; x_wconf 87' lang='lat' dir='ltr'><strong>cedens</strong></span> <span class='ocrx_word' id='word_1_420' title='bbox 1028 1564 1176 1596; x_wconf 73' lang='lat' dir='ltr'><strong>Iustinum</strong></span> <span class='ocrx_word' id='word_1_421' title='bbox 1187 1565 1332 1605; x_wconf 88' lang='lat' dir='ltr'><strong>hortatur,</strong></span> <span class='ocrx_word' id='word_1_422' title='bbox 1346 1571 1376 1598; x_wconf 86' lang='lat' dir='ltr'><strong>ut</strong></span> <span class='ocrx_word' id='word_1_423' title='bbox 1391 1569 1456 1599; x_wconf 73' lang='lat' dir='ltr'><strong>haac</strong></span> <span class='ocrx_word' id='word_1_424' title='bbox 1471 1568 1641 1600; x_wconf 89' lang='lat' dir='ltr'><strong>meditando</strong></span> <span class='ocrx_word' id='word_1_425' title='bbox 1660 1577 1732 1609; x_wconf 88' lang='lat' dir='ltr'><strong>per-</strong></span> 
     </span>
    </p>
   </div>
   <div class='ocr_carea' id='block_1_48' title="bbox 31 1610 860 1653">
    <p class='ocr_par' dir='ltr' id='par_1_48' title="bbox 31 1610 860 1653">
     <span class='ocr_line' id='line_1_48' title="bbox 31 1610 860 1653; baseline 0.004 -12"><span class='ocrx_word' id='word_1_426' title='bbox 31 1610 101 1648; x_wconf 87' lang='lat' dir='ltr'><strong>tulit,</strong></span> <span class='ocrx_word' id='word_1_427' title='bbox 118 1616 150 1642; x_wconf 92' lang='lat' dir='ltr'><strong>ut</strong></span> <span class='ocrx_word' id='word_1_428' title='bbox 165 1616 329 1652; x_wconf 90' lang='lat' dir='ltr'><strong>antequam</strong></span> <span class='ocrx_word' id='word_1_429' title='bbox 345 1612 380 1643; x_wconf 89' lang='lat' dir='ltr'><strong>ad</strong></span> <span class='ocrx_word' id='word_1_430' title='bbox 398 1613 491 1653; x_wconf 89' lang='lat' dir='ltr'><strong>ipsius</strong></span> <span class='ocrx_word' id='word_1_431' title='bbox 502 1612 622 1653; x_wconf 91' lang='lat' dir='ltr'><strong>boni,ac</strong></span> <span class='ocrx_word' id='word_1_432' title='bbox 637 1612 730 1652; x_wconf 84' lang='lat' dir='ltr'><strong>ipsius</strong></span> <span class='ocrx_word' id='word_1_433' title='bbox 745 1612 860 1652; x_wconf 87' lang='lat' dir='ltr'><strong>pulchri</strong></span> 
     </span>
    </p>
   </div>
   <div class='ocr_carea' id='block_1_49' title="bbox 946 1610 1731 1653">
    <p class='ocr_par' dir='ltr' id='par_1_49' title="bbox 946 1610 1731 1653">
     <span class='ocr_line' id='line_1_49' title="bbox 946 1610 1731 1653; baseline 0.008 -14"><span class='ocrx_word' id='word_1_434' title='bbox 946 1613 1222 1650; x_wconf 63' lang='lat' dir='ltr'><strong>luatur,eorumque</strong></span> <span class='ocrx_word' id='word_1_435' title='bbox 1236 1610 1462 1651; x_wconf 88' lang='lat' dir='ltr'><strong>intelligentiam</strong></span> <span class='ocrx_word' id='word_1_436' title='bbox 1479 1622 1496 1644; x_wconf 86' lang='lat' dir='ltr'><strong>a</strong></span> <span class='ocrx_word' id='word_1_437' title='bbox 1514 1612 1575 1645; x_wconf 92' lang='lat' dir='ltr'><strong>Deo</strong></span> <span class='ocrx_word' id='word_1_438' title='bbox 1592 1613 1731 1653; x_wconf 85' lang='lat' dir='ltr'><strong>postulet;</strong></span> 
     </span>
    </p>
   </div>
   <div class='ocr_carea' id='block_1_50' title="bbox 31 1654 1733 1698">
    <p class='ocr_par' dir='ltr' id='par_1_50' title="bbox 31 1654 1733 1698">
     <span class='ocr_line' id='line_1_50' title="bbox 31 1654 1733 1698; baseline 0.001 -11"><span class='ocrx_word' id='word_1_439' title='bbox 31 1656 299 1688; x_wconf 87' lang='lat' dir='ltr'><strong>considerationem</strong></span> <span class='ocrx_word' id='word_1_440' title='bbox 316 1662 495 1698; x_wconf 79' lang='lat' dir='ltr'><strong>assurgeret,</strong></span> <span class='ocrx_word' id='word_1_441' title='bbox 523 1657 658 1698; x_wconf 82' lang='lat' dir='ltr'><strong>musicae,</strong></span> <span class='ocrx_word' id='word_1_442' title='bbox 671 1657 862 1689; x_wconf 82' lang='lat' dir='ltr'><strong>astronomiae</strong></span> <span class='ocrx_word' id='word_1_443' title='bbox 902 1662 919 1684; x_wconf 87' lang='lat' dir='ltr'><strong>a</strong></span> <span class='ocrx_word' id='word_1_444' title='bbox 930 1654 1052 1685; x_wconf 85' lang='lat' dir='ltr'><strong>nemine</strong></span> <span class='ocrx_word' id='word_1_445' title='bbox 1068 1654 1148 1685; x_wconf 88' lang='lat' dir='ltr'><strong>enim</strong></span> <span class='ocrx_word' id='word_1_446' title='bbox 1177 1654 1308 1696; x_wconf 87' lang='lat' dir='ltr'><strong>perspici</strong></span> <span class='ocrx_word' id='word_1_447' title='bbox 1323 1660 1354 1687; x_wconf 87' lang='lat' dir='ltr'><strong>et</strong></span> <span class='ocrx_word' id='word_1_448' title='bbox 1368 1656 1497 1697; x_wconf 76' lang='lat' dir='ltr'><strong>intelligi</strong></span> <span class='ocrx_word' id='word_1_449' title='bbox 1509 1657 1670 1698; x_wconf 89' lang='lat' dir='ltr'><strong>posse,nisi</strong></span> <span class='ocrx_word' id='word_1_450' title='bbox 1684 1657 1733 1689; x_wconf 92' lang='lat' dir='ltr'><strong>cui</strong></span> 
     </span>
    </p>
   </div>
   <div class='ocr_carea' id='block_1_51' title="bbox 31 1697 1577 1742">
    <p class='ocr_par' dir='ltr' id='par_1_51' title="bbox 31 1697 1577 1742">
     <span class='ocr_line' id='line_1_51' title="bbox 31 1697 1577 1742; baseline 0.003 -12"><span class='ocrx_word' id='word_1_451' title='bbox 31 1705 57 1731; x_wconf 86' lang='lat' dir='ltr'><strong>et</strong></span> <span class='ocrx_word' id='word_1_452' title='bbox 71 1703 241 1741; x_wconf 71' lang='lat' dir='ltr'><strong>geometriae</strong></span> <span class='ocrx_word' id='word_1_453' title='bbox 257 1701 345 1733; x_wconf 87' lang='lat' dir='ltr'><strong>daret</strong></span> <span class='ocrx_word' id='word_1_454' title='bbox 360 1697 494 1742; x_wconf 74' lang='lat' dir='ltr'><strong>operam.</strong></span> <span class='ocrx_word' id='word_1_455' title='bbox 507 1702 725 1734; x_wconf 88' lang='lat' dir='ltr'><strong>Permolestum</strong></span> <span class='ocrx_word' id='word_1_456' title='bbox 739 1702 768 1733; x_wconf 94' lang='lat' dir='ltr'><strong>id</strong></span> <span class='ocrx_word' id='word_1_457' title='bbox 784 1702 861 1733; x_wconf 89' lang='lat' dir='ltr'><strong>acci-</strong></span> <span class='ocrx_word' id='word_1_458' title='bbox 903 1697 982 1729; x_wconf 89' lang='lat' dir='ltr'><strong>Deus</strong></span> <span class='ocrx_word' id='word_1_459' title='bbox 997 1698 1165 1738; x_wconf 89' lang='lat' dir='ltr'><strong>intelligere</strong></span> <span class='ocrx_word' id='word_1_460' title='bbox 1180 1698 1297 1730; x_wconf 88' lang='lat' dir='ltr'><strong>dederit</strong></span> <span class='ocrx_word' id='word_1_461' title='bbox 1313 1704 1342 1731; x_wconf 87' lang='lat' dir='ltr'><strong>et</strong></span> <span class='ocrx_word' id='word_1_462' title='bbox 1353 1700 1489 1733; x_wconf 88' lang='lat' dir='ltr'><strong>Christus</strong></span> <span class='ocrx_word' id='word_1_463' title='bbox 1501 1697 1577 1742; x_wconf 85' lang='lat' dir='ltr'><strong>ejus.</strong></span> 
     </span>
    </p>
   </div>
   <div class='ocr_carea' id='block_1_52' title="bbox 32 1742 1734 1788">
    <p class='ocr_par' dir='ltr' id='par_1_52' title="bbox 32 1742 1734 1788">
     <span class='ocr_line' id='line_1_52' title="bbox 32 1742 1734 1788; baseline 0.004 -13"><span class='ocrx_word' id='word_1_464' title='bbox 32 1745 203 1783; x_wconf 84' lang='lat' dir='ltr'><strong>ditJustino,</strong></span> <span class='ocrx_word' id='word_1_465' title='bbox 222 1746 277 1788; x_wconf 87' lang='lat' dir='ltr'><strong>qui</strong></span> <span class='ocrx_word' id='word_1_466' title='bbox 292 1756 360 1777; x_wconf 91' lang='lat' dir='ltr'><strong>cum</strong></span> <span class='ocrx_word' id='word_1_467' title='bbox 378 1753 494 1787; x_wconf 89' lang='lat' dir='ltr'><strong>tempus</strong></span> <span class='ocrx_word' id='word_1_468' title='bbox 504 1746 535 1777; x_wconf 91' lang='lat' dir='ltr'><strong>in</strong></span> <span class='ocrx_word' id='word_1_469' title='bbox 551 1746 599 1777; x_wconf 89' lang='lat' dir='ltr'><strong>his</strong></span> <span class='ocrx_word' id='word_1_470' title='bbox 614 1746 780 1787; x_wconf 89' lang='lat' dir='ltr'><strong>disciplinis</strong></span> <span class='ocrx_word' id='word_1_471' title='bbox 790 1756 859 1778; x_wconf 86' lang='lat' dir='ltr'><strong>con-</strong></span> <span class='ocrx_word' id='word_1_472' title='bbox 943 1743 1009 1774; x_wconf 79' lang='grc' dir='ltr'><strong>Νοιι</strong></span> <span class='ocrx_word' id='word_1_473' title='bbox 1022 1742 1149 1782; x_wconf 69' lang='lat' dir='ltr'><strong>amplius</strong></span> <span class='ocrx_word' id='word_1_474' title='bbox 1163 1742 1238 1788; x_wconf 50' lang='lat' dir='ltr'><strong>vid“</strong></span> <span class='ocrx_word' id='word_1_475' title='bbox 1260 1744 1338 1775; x_wconf 71' lang='lat' dir='ltr'><strong>hunc</strong></span> <span class='ocrx_word' id='word_1_476' title='bbox 1349 1754 1452 1777; x_wconf 69' lang='lat' dir='ltr'><strong>senem</strong></span> <span class='ocrx_word' id='word_1_477' title='bbox 1467 1746 1616 1788; x_wconf 68' lang='lat' dir='ltr'><strong>Justinus,</strong></span> <span class='ocrx_word' id='word_1_478' title='bbox 1633 1747 1685 1779; x_wconf 76' lang='lat' dir='ltr'><strong>sed</strong></span> <span class='ocrx_word' id='word_1_479' title='bbox 1701 1755 1734 1778; x_wconf 72' lang='lat' dir='ltr'><strong>se</strong></span> 
     </span>
    </p>
   </div>
   <div class='ocr_carea' id='block_1_53' title="bbox 33 1787 1735 1832">
    <p class='ocr_par' dir='ltr' id='par_1_53' title="bbox 33 1787 1735 1832">
     <span class='ocr_line' id='line_1_53' title="bbox 33 1787 1735 1832; baseline 0.002 -13"><span class='ocrx_word' id='word_1_480' title='bbox 33 1793 123 1822; x_wconf 87' lang='lat' dir='ltr'><strong>terere</strong></span> <span class='ocrx_word' id='word_1_481' title='bbox 137 1787 241 1827; x_wconf 72' lang='lat' dir='ltr'><strong>nollet,</strong></span> <span class='ocrx_word' id='word_1_482' title='bbox 260 1791 434 1823; x_wconf 88' lang='lat' dir='ltr'><strong>Platonicos</strong></span> <span class='ocrx_word' id='word_1_483' title='bbox 449 1791 534 1832; x_wconf 87' lang='lat' dir='ltr'><strong>adiit,</strong></span> <span class='ocrx_word' id='word_1_484' title='bbox 550 1800 642 1832; x_wconf 91' lang='lat' dir='ltr'><strong>seque</strong></span> <span class='ocrx_word' id='word_1_485' title='bbox 656 1791 716 1822; x_wconf 91' lang='lat' dir='ltr'><strong>viro</strong></span> <span class='ocrx_word' id='word_1_486' title='bbox 733 1792 860 1832; x_wconf 88' lang='lat' dir='ltr'><strong>pruden-</strong></span> <span class='ocrx_word' id='word_1_487' title='bbox 903 1787 968 1828; x_wconf 86' lang='lat' dir='ltr'><strong>ejus</strong></span> <span class='ocrx_word' id='word_1_488' title='bbox 983 1787 1131 1828; x_wconf 81' lang='lat' dir='ltr'><strong>colloquio</strong></span> <span class='ocrx_word' id='word_1_489' title='bbox 1140 1787 1302 1820; x_wconf 81' lang='lat' dir='ltr'><strong>adductum</strong></span> <span class='ocrx_word' id='word_1_490' title='bbox 1315 1789 1474 1829; x_wconf 62' lang='grc' dir='ltr'><strong>[διεξίω-,ιιι</strong></span> <span class='ocrx_word' id='word_1_491' title='bbox 1488 1787 1664 1823; x_wconf 69' lang='lat' dir='ltr'><strong>Christiane</strong></span> <span class='ocrx_word' id='word_1_492' title='bbox 1672 1791 1735 1832; x_wconf 89' lang='lat' dir='ltr'><strong>phi-</strong></span> 
     </span>
    </p>
   </div>
   <div class='ocr_carea' id='block_1_54' title="bbox 32 1832 1734 1877">
    <p class='ocr_par' dir='ltr' id='par_1_54' title="bbox 32 1832 1734 1877">
     <span class='ocr_line' id='line_1_54' title="bbox 32 1832 1734 1877; baseline 0.002 -13"><span class='ocrx_word' id='word_1_493' title='bbox 32 1835 61 1872; x_wconf 88' lang='lat' dir='ltr'><strong>ti,</strong></span> <span class='ocrx_word' id='word_1_494' title='bbox 76 1837 128 1875; x_wconf 76' lang='lat' dir='ltr'><strong>qui</strong></span> <span class='ocrx_word' id='word_1_495' title='bbox 143 1845 263 1877; x_wconf 71' lang='lat' dir='ltr'><strong>recens,</strong></span> <span class='ocrx_word' id='word_1_496' title='bbox 283 1836 392 1876; x_wconf 87' lang='lat' dir='ltr'><strong>inquit.</strong></span> <span class='ocrx_word' id='word_1_497' title='bbox 406 1839 440 1867; x_wconf 68' lang='lat' dir='ltr'><strong>in</strong></span> <span class='ocrx_word' id='word_1_498' title='bbox 455 1837 559 1868; x_wconf 84' lang='lat' dir='ltr'><strong>urbem</strong></span> <span class='ocrx_word' id='word_1_499' title='bbox 575 1839 710 1867; x_wconf 80' lang='lat' dir='ltr'><strong>nostram</strong></span> <span class='ocrx_word' id='word_1_500' title='bbox 726 1836 859 1868; x_wconf 80' lang='lat' dir='ltr'><strong>advene-</strong></span> <span class='ocrx_word' id='word_1_501' title='bbox 903 1832 1171 1877; x_wconf 80' lang='lat' dir='ltr'><strong>losophiaenomen</strong></span> <span class='ocrx_word' id='word_1_502' title='bbox 1183 1832 1374 1865; x_wconf 71' lang='lat' dir='ltr'><strong>daret.«Haac</strong></span> <span class='ocrx_word' id='word_1_503' title='bbox 1388 1835 1452 1876; x_wconf 89' lang='lat' dir='ltr'><strong>ille,</strong></span> <span class='ocrx_word' id='word_1_504' title='bbox 1466 1836 1565 1877; x_wconf 85' lang='lat' dir='ltr'><strong>inquit</strong></span> <span class='ocrx_word' id='word_1_505' title='bbox 1579 1837 1608 1867; x_wconf 94' lang='lat' dir='ltr'><strong>in</strong></span> <span class='ocrx_word' id='word_1_506' title='bbox 1625 1836 1734 1868; x_wconf 88' lang='lat' dir='ltr'><strong>Dialo-</strong></span> 
     </span>
    </p>
   </div>
   <div class='ocr_carea' id='block_1_55' title="bbox 33 1876 1735 1922">
    <p class='ocr_par' dir='ltr' id='par_1_55' title="bbox 33 1876 1735 1922">
     <span class='ocr_line' id='line_1_55' title="bbox 33 1876 1735 1922; baseline 0.005 -17"><span class='ocrx_word' id='word_1_507' title='bbox 33 1884 86 1917; x_wconf 77' lang='grc' dir='ltr'><strong>ναι¹</strong></span> <span class='ocrx_word' id='word_1_508' title='bbox 104 1882 132 1911; x_wconf 76' lang='lat' dir='ltr'><strong>in</strong></span> <span class='ocrx_word' id='word_1_509' title='bbox 146 1876 345 1922; x_wconf 74' lang='lat' dir='ltr'><strong>disciplinam</strong></span> <span class='ocrx_word' id='word_1_510' title='bbox 362 1881 495 1913; x_wconf 61' lang='lat' dir='ltr'><strong>tradidit,</strong></span> <span class='ocrx_word' id='word_1_511' title='bbox 905 1881 988 1917; x_wconf 82' lang='lat' dir='ltr'><strong>go,et</strong></span> <span class='ocrx_word' id='word_1_512' title='bbox 999 1876 1092 1907; x_wconf 91' lang='lat' dir='ltr'><strong>multa</strong></span> <span class='ocrx_word' id='word_1_513' title='bbox 1106 1876 1164 1907; x_wconf 90' lang='lat' dir='ltr'><strong>alia</strong></span> <span class='ocrx_word' id='word_1_514' title='bbox 1178 1886 1244 1922; x_wconf 86' lang='lat' dir='ltr'><strong>cum</strong></span> <span class='ocrx_word' id='word_1_515' title='bbox 1258 1877 1393 1920; x_wconf 87' lang='lat' dir='ltr'><strong>dixisset,</strong></span> <span class='ocrx_word' id='word_1_516' title='bbox 1409 1889 1474 1920; x_wconf 66' lang='lat' dir='ltr'><strong>quae</strong></span> <span class='ocrx_word' id='word_1_517' title='bbox 1487 1876 1601 1912; x_wconf 84' lang='lat' dir='ltr'><strong>referre</strong></span> <span class='ocrx_word' id='word_1_518' title='bbox 1615 1890 1675 1912; x_wconf 90' lang='lat' dir='ltr'><strong>non</strong></span> <span class='ocrx_word' id='word_1_519' title='bbox 1690 1885 1735 1912; x_wconf 90' lang='lat' dir='ltr'><strong>est</strong></span> 
     </span>
    </p>
   </div>
   <div class='ocr_carea' id='block_1_56' title="bbox 26 1921 1733 1967">
    <p class='ocr_par' dir='ltr' id='par_1_56' title="bbox 26 1921 1733 1967">
     <span class='ocr_line' id='line_1_56' title="bbox 26 1921 1733 1967; baseline 0 -10"><span class='ocrx_word' id='word_1_520' title='bbox 26 1951 32 1958; x_wconf 87' lang='lat'><strong><em>,</em></strong></span> <span class='ocrx_word' id='word_1_521' title='bbox 68 1923 114 1957; x_wconf 86' lang='lat' dir='ltr'><strong>IV.</strong></span> <span class='ocrx_word' id='word_1_522' title='bbox 129 1921 297 1957; x_wconf 84' lang='lat' dir='ltr'><strong>Plurimum</strong></span> <span class='ocrx_word' id='word_1_523' title='bbox 313 1925 489 1967; x_wconf 75' lang='lat' dir='ltr'><strong>proficiebat</strong></span> <span class='ocrx_word' id='word_1_524' title='bbox 504 1926 534 1956; x_wconf 91' lang='lat' dir='ltr'><strong>in</strong></span> <span class='ocrx_word' id='word_1_525' title='bbox 549 1926 607 1957; x_wconf 91' lang='lat' dir='ltr'><strong>hoc</strong></span> <span class='ocrx_word' id='word_1_526' title='bbox 623 1926 756 1957; x_wconf 88' lang='lat' dir='ltr'><strong>instituto</strong></span> <span class='ocrx_word' id='word_1_527' title='bbox 768 1925 864 1957; x_wconf 82' lang='lat' dir='ltr'><strong>Justi-</strong></span> <span class='ocrx_word' id='word_1_528' title='bbox 907 1922 995 1961; x_wconf 86' lang='lat' dir='ltr'><strong>hujus</strong></span> <span class='ocrx_word' id='word_1_529' title='bbox 1010 1921 1272 1962; x_wconf 86' lang='lat' dir='ltr'><strong>temporis,ahiens</strong></span> <span class='ocrx_word' id='word_1_530' title='bbox 1297 1924 1438 1965; x_wconf 70' lang='lat' dir='ltr'><strong>praecepit</strong></span> <span class='ocrx_word' id='word_1_531' title='bbox 1456 1929 1488 1956; x_wconf 93' lang='lat' dir='ltr'><strong>ut</strong></span> <span class='ocrx_word' id='word_1_532' title='bbox 1504 1935 1539 1957; x_wconf 89' lang='lat' dir='ltr'><strong>ea</strong></span> <span class='ocrx_word' id='word_1_533' title='bbox 1562 1926 1733 1957; x_wconf 82' lang='lat' dir='ltr'><strong>meditando</strong></span> 
     </span>
    </p>
   </div>
   <div class='ocr_carea' id='block_1_57' title="bbox 36 1967 1734 2011">
    <p class='ocr_par' dir='ltr' id='par_1_57' title="bbox 36 1967 1734 2011">
     <span class='ocr_line' id='line_1_57' title="bbox 36 1967 1734 2011; baseline 0.001 -12"><span class='ocrx_word' id='word_1_534' title='bbox 36 1970 149 2006; x_wconf 88' lang='lat' dir='ltr'><strong>nus;sed</strong></span> <span class='ocrx_word' id='word_1_535' title='bbox 162 1971 244 2002; x_wconf 89' lang='lat' dir='ltr'><strong>illius</strong></span> <span class='ocrx_word' id='word_1_536' title='bbox 258 1971 291 2001; x_wconf 89' lang='lat' dir='ltr'><strong>in</strong></span> <span class='ocrx_word' id='word_1_537' title='bbox 308 1970 548 2011; x_wconf 86' lang='lat' dir='ltr'><strong>contemplandis</strong></span> <span class='ocrx_word' id='word_1_538' title='bbox 563 1970 653 2001; x_wconf 87' lang='lat' dir='ltr'><strong>rebus</strong></span> <span class='ocrx_word' id='word_1_539' title='bbox 675 1970 865 2010; x_wconf 85' lang='lat' dir='ltr'><strong>incorporeis</strong></span> <span class='ocrx_word' id='word_1_540' title='bbox 907 1975 1115 2007; x_wconf 88' lang='lat' dir='ltr'><strong>persequerer;</strong></span> <span class='ocrx_word' id='word_1_541' title='bbox 1131 1975 1228 2007; x_wconf 90' lang='lat' dir='ltr'><strong>neque</strong></span> <span class='ocrx_word' id='word_1_542' title='bbox 1243 1967 1327 1998; x_wconf 90' lang='lat' dir='ltr'><strong>illum</strong></span> <span class='ocrx_word' id='word_1_543' title='bbox 1343 1969 1471 2009; x_wconf 87' lang='lat' dir='ltr'><strong>amplius</strong></span> <span class='ocrx_word' id='word_1_544' title='bbox 1490 1970 1643 2003; x_wconf 85' lang='lat' dir='ltr'><strong>vidi.Mihi</strong></span> <span class='ocrx_word' id='word_1_545' title='bbox 1664 1979 1734 2001; x_wconf 92' lang='lat' dir='ltr'><strong>vero</strong></span> 
     </span>
    </p>
   </div>
   <div class='ocr_carea' id='block_1_58' title="bbox 39 2011 1735 2056">
    <p class='ocr_par' dir='ltr' id='par_1_58' title="bbox 39 2011 1735 2056">
     <span class='ocr_line' id='line_1_58' title="bbox 39 2011 1735 2056; baseline 0.001 -12"><span class='ocrx_word' id='word_1_546' title='bbox 39 2021 199 2054; x_wconf 84' lang='lat' dir='ltr'><strong>progressus</strong></span> <span class='ocrx_word' id='word_1_547' title='bbox 215 2025 250 2046; x_wconf 91' lang='lat' dir='ltr'><strong>eo</strong></span> <span class='ocrx_word' id='word_1_548' title='bbox 267 2015 420 2053; x_wconf 84' lang='lat' dir='ltr'><strong>redibant,</strong></span> <span class='ocrx_word' id='word_1_549' title='bbox 435 2019 467 2046; x_wconf 87' lang='lat' dir='ltr'><strong>ut</strong></span> <span class='ocrx_word' id='word_1_550' title='bbox 482 2015 602 2056; x_wconf 89' lang='lat' dir='ltr'><strong>sapiens</strong></span> <span class='ocrx_word' id='word_1_551' title='bbox 625 2014 682 2045; x_wconf 90' lang='lat' dir='ltr'><strong>sibi</strong></span> <span class='ocrx_word' id='word_1_552' title='bbox 697 2015 761 2055; x_wconf 88' lang='lat' dir='ltr'><strong>ipse</strong></span> <span class='ocrx_word' id='word_1_553' title='bbox 776 2014 860 2046; x_wconf 88' lang='lat' dir='ltr'><strong>vide-</strong></span> <span class='ocrx_word' id='word_1_554' title='bbox 906 2011 1005 2042; x_wconf 83' lang='lat' dir='ltr'><strong>statim</strong></span> <span class='ocrx_word' id='word_1_555' title='bbox 1021 2011 1050 2041; x_wconf 88' lang='lat' dir='ltr'><strong>in</strong></span> <span class='ocrx_word' id='word_1_556' title='bbox 1066 2011 1164 2042; x_wconf 85' lang='lat' dir='ltr'><strong>anima</strong></span> <span class='ocrx_word' id='word_1_557' title='bbox 1177 2011 1252 2051; x_wconf 84' lang='lat' dir='ltr'><strong>ignis</strong></span> <span class='ocrx_word' id='word_1_558' title='bbox 1264 2014 1498 2055; x_wconf 81' lang='lat' dir='ltr'><strong>exarsit,meque</strong></span> <span class='ocrx_word' id='word_1_559' title='bbox 1509 2025 1593 2046; x_wconf 85' lang='lat' dir='ltr'><strong>amor</strong></span> <span class='ocrx_word' id='word_1_560' title='bbox 1607 2015 1735 2056; x_wconf 86' lang='lat' dir='ltr'><strong>prophe-</strong></span> 
     </span>
    </p>
   </div>
   <div class='ocr_carea' id='block_1_59' title="bbox 38 2055 1736 2101">
    <p class='ocr_par' dir='ltr' id='par_1_59' title="bbox 38 2055 1736 2101">
     <span class='ocr_line' id='line_1_59' title="bbox 38 2055 1736 2101; baseline 0.002 -14"><span class='ocrx_word' id='word_1_561' title='bbox 38 2062 108 2089; x_wconf 85' lang='lat' dir='ltr'><strong>retur</strong></span> <span class='ocrx_word' id='word_1_562' title='bbox 121 2060 259 2096; x_wconf 85' lang='lat' dir='ltr'><strong>evasisse,</strong></span> <span class='ocrx_word' id='word_1_563' title='bbox 278 2069 316 2091; x_wconf 91' lang='lat' dir='ltr'><strong>ac</strong></span> <span class='ocrx_word' id='word_1_564' title='bbox 330 2068 389 2100; x_wconf 58' lang='lat' dir='ltr'><strong>pra;</strong></span> <span class='ocrx_word' id='word_1_565' title='bbox 403 2055 567 2091; x_wconf 86' lang='lat' dir='ltr'><strong>stoliditate</strong></span> <span class='ocrx_word' id='word_1_566' title='bbox 592 2060 622 2090; x_wconf 91' lang='lat' dir='ltr'><strong>in</strong></span> <span class='ocrx_word' id='word_1_567' title='bbox 645 2069 728 2100; x_wconf 89' lang='lat' dir='ltr'><strong>spem</strong></span> <span class='ocrx_word' id='word_1_568' title='bbox 741 2059 860 2090; x_wconf 86' lang='lat' dir='ltr'><strong>videndi</strong></span> <span class='ocrx_word' id='word_1_569' title='bbox 903 2060 998 2087; x_wconf 88' lang='lat' dir='ltr'><strong>tarum</strong></span> <span class='ocrx_word' id='word_1_570' title='bbox 1015 2060 1046 2087; x_wconf 89' lang='lat' dir='ltr'><strong>et</strong></span> <span class='ocrx_word' id='word_1_571' title='bbox 1059 2055 1169 2101; x_wconf 89' lang='lat' dir='ltr'><strong>Christi</strong></span> <span class='ocrx_word' id='word_1_572' title='bbox 1183 2056 1348 2088; x_wconf 90' lang='lat' dir='ltr'><strong>amicorum</strong></span> <span class='ocrx_word' id='word_1_573' title='bbox 1364 2059 1482 2091; x_wconf 86' lang='lat' dir='ltr'><strong>invasit.</strong></span> <span class='ocrx_word' id='word_1_574' title='bbox 1500 2055 1632 2101; x_wconf 80' lang='lat' dir='ltr'><strong>Cumque</strong></span> <span class='ocrx_word' id='word_1_575' title='bbox 1653 2059 1736 2091; x_wconf 86' lang='lat' dir='ltr'><strong>illius</strong></span> 
     </span>
    </p>
   </div>
   <div class='ocr_carea' id='block_1_60' title="bbox 39 2100 1735 2146">
    <p class='ocr_par' dir='ltr' id='par_1_60' title="bbox 39 2100 1735 2146">
     <span class='ocr_line' id='line_1_60' title="bbox 39 2100 1735 2146; baseline 0.002 -13"><span class='ocrx_word' id='word_1_576' title='bbox 39 2104 162 2142; x_wconf 87' lang='lat' dir='ltr'><strong>protinus</strong></span> <span class='ocrx_word' id='word_1_577' title='bbox 175 2104 229 2136; x_wconf 91' lang='lat' dir='ltr'><strong>Dei</strong></span> <span class='ocrx_word' id='word_1_578' title='bbox 246 2105 377 2136; x_wconf 87' lang='lat' dir='ltr'><strong>veniret.</strong></span> <span class='ocrx_word' id='word_1_579' title='bbox 404 2104 469 2136; x_wconf 84' lang='lat' dir='ltr'><strong>Non</strong></span> <span class='ocrx_word' id='word_1_580' title='bbox 486 2105 513 2135; x_wconf 90' lang='lat' dir='ltr'><strong>ei</strong></span> <span class='ocrx_word' id='word_1_581' title='bbox 537 2104 669 2145; x_wconf 88' lang='lat' dir='ltr'><strong>profecto</strong></span> <span class='ocrx_word' id='word_1_582' title='bbox 682 2104 775 2144; x_wconf 87' lang='lat' dir='ltr'><strong>magis</strong></span> <span class='ocrx_word' id='word_1_583' title='bbox 792 2103 859 2134; x_wconf 78' lang='lat' dir='ltr'><strong>Pla-</strong></span> <span class='ocrx_word' id='word_1_584' title='bbox 903 2109 1058 2146; x_wconf 82' lang='lat' dir='ltr'><strong>sermones</strong></span> <span class='ocrx_word' id='word_1_585' title='bbox 1072 2100 1153 2146; x_wconf 14' lang='lat' dir='ltr'><strong>apud,</strong></span> <span class='ocrx_word' id='word_1_586' title='bbox 1160 2101 1293 2146; x_wconf 84' lang='lat' dir='ltr'><strong>animum</strong></span> <span class='ocrx_word' id='word_1_587' title='bbox 1309 2112 1521 2146; x_wconf 89' lang='lat' dir='ltr'><strong>proponerem,</strong></span> <span class='ocrx_word' id='word_1_588' title='bbox 1539 2100 1615 2136; x_wconf 82' lang='lat' dir='ltr'><strong>hanc</strong></span> <span class='ocrx_word' id='word_1_589' title='bbox 1641 2104 1735 2136; x_wconf 86' lang='lat' dir='ltr'><strong>solam</strong></span> 
     </span>
    </p>
   </div>
   <div class='ocr_carea' id='block_1_61' title="bbox 39 2144 1735 2194">
    <p class='ocr_par' dir='ltr' id='par_1_61' title="bbox 39 2144 1735 2194">
     <span class='ocr_line' id='line_1_61' title="bbox 39 2144 1735 2194; baseline 0.002 -18"><span class='ocrx_word' id='word_1_590' title='bbox 39 2147 130 2194; x_wconf 79' lang='lat' dir='ltr'><strong>Ionica</strong></span> <span class='ocrx_word' id='word_1_591' title='bbox 139 2149 272 2191; x_wconf 87' lang='lat' dir='ltr'><strong>decreta,</strong></span> <span class='ocrx_word' id='word_1_592' title='bbox 290 2159 383 2191; x_wconf 88' lang='lat' dir='ltr'><strong>quam</strong></span> <span class='ocrx_word' id='word_1_593' title='bbox 394 2149 520 2180; x_wconf 86' lang='lat' dir='ltr'><strong>aliorum</strong></span> <span class='ocrx_word' id='word_1_594' title='bbox 537 2149 781 2194; x_wconf 81' lang='lat' dir='ltr'><strong>philosOphorum</strong></span> <span class='ocrx_word' id='word_1_595' title='bbox 793 2158 859 2194; x_wconf 84' lang='lat' dir='ltr'><strong>sec-</strong></span> <span class='ocrx_word' id='word_1_596' title='bbox 870 2168 890 2194; x_wconf 68' lang='grc' dir='ltr'>α</span> <span class='ocrx_word' id='word_1_597' title='bbox 902 2144 1407 2194; x_wconf 67' lang='lat' dir='ltr'><strong>reperiebam_philosophiam,_quaa</strong></span> <span class='ocrx_word' id='word_1_598' title='bbox 1423 2144 1544 2190; x_wconf 84' lang='lat' dir='ltr'><strong>quidem</strong></span> <span class='ocrx_word' id='word_1_599' title='bbox 1561 2153 1622 2181; x_wconf 90' lang='lat' dir='ltr'><strong>tuta</strong></span> <span class='ocrx_word' id='word_1_600' title='bbox 1638 2153 1668 2180; x_wconf 87' lang='lat' dir='ltr'><strong>et</strong></span> <span class='ocrx_word' id='word_1_601' title='bbox 1679 2149 1735 2180; x_wconf 90' lang='lat' dir='ltr'><strong>uti-</strong></span> 
     </span>
    </p>
   </div>
   <div class='ocr_carea' id='block_1_62' title="bbox 39 2192 859 2233">
    <p class='ocr_par' dir='ltr' id='par_1_62' title="bbox 39 2192 859 2233">
     <span class='ocr_line' id='line_1_62' title="bbox 39 2192 859 2233; baseline 0.004 -11"><span class='ocrx_word' id='word_1_602' title='bbox 39 2195 70 2222; x_wconf 69' lang='grc' dir='ltr'>ιω</span> <span class='ocrx_word' id='word_1_603' title='bbox 81 2192 114 2223; x_wconf 86' lang='lat' dir='ltr'><strong>ad</strong></span> <span class='ocrx_word' id='word_1_604' title='bbox 125 2193 275 2226; x_wconf 88' lang='lat' dir='ltr'><strong>interioris</strong></span> <span class='ocrx_word' id='word_1_605' title='bbox 297 2194 480 2233; x_wconf 62' lang='lat' dir='ltr'><strong>corruptelae</strong></span> <span class='ocrx_word' id='word_1_606' title='bbox 497 2193 710 2232; x_wconf 84' lang='lat' dir='ltr'><strong>cognitionem,</strong></span> <span class='ocrx_word' id='word_1_607' title='bbox 724 2193 761 2223; x_wconf 89' lang='lat' dir='ltr'><strong>ad</strong></span> <span class='ocrx_word' id='word_1_608' title='bbox 773 2193 859 2225; x_wconf 80' lang='lat' dir='ltr'><strong>vitio-</strong></span> 
     </span>
    </p>
   </div>
   <div class='ocr_carea' id='block_1_63' title="bbox 37 2237 863 2278">
    <p class='ocr_par' dir='ltr' id='par_1_63' title="bbox 37 2237 863 2278">
     <span class='ocr_line' id='line_1_63' title="bbox 37 2237 863 2278; baseline 0.002 -12"><span class='ocrx_word' id='word_1_609' title='bbox 37 2244 95 2266; x_wconf 90' lang='lat' dir='ltr'><strong>rum</strong></span> <span class='ocrx_word' id='word_1_610' title='bbox 110 2239 352 2270; x_wconf 89' lang='lat' dir='ltr'><strong>emendationem</strong></span> <span class='ocrx_word' id='word_1_611' title='bbox 369 2237 560 2278; x_wconf 81' lang='lat' dir='ltr'><strong>profuissent,</strong></span> <span class='ocrx_word' id='word_1_612' title='bbox 579 2238 636 2268; x_wconf 92' lang='lat' dir='ltr'><strong>nisi</strong></span> <span class='ocrx_word' id='word_1_613' title='bbox 652 2247 720 2269; x_wconf 89' lang='lat' dir='ltr'><strong>eum</strong></span> <span class='ocrx_word' id='word_1_614' title='bbox 745 2237 863 2269; x_wconf 87' lang='lat' dir='ltr'><strong>Chistus</strong></span> 
     </span>
    </p>
   </div>
   <div class='ocr_carea' id='block_1_64' title="bbox 37 2281 862 2325">
    <p class='ocr_par' dir='ltr' id='par_1_64' title="bbox 37 2281 862 2325">
     <span class='ocr_line' id='line_1_64' title="bbox 37 2281 862 2325; baseline 0.004 -14"><span class='ocrx_word' id='word_1_615' title='bbox 37 2281 68 2311; x_wconf 85' lang='lat' dir='ltr'><strong>ad</strong></span> <span class='ocrx_word' id='word_1_616' title='bbox 82 2283 226 2315; x_wconf 87' lang='lat' dir='ltr'><strong>saniorem</strong></span> <span class='ocrx_word' id='word_1_617' title='bbox 249 2283 474 2325; x_wconf 88' lang='lat' dir='ltr'><strong>philosophiam</strong></span> <span class='ocrx_word' id='word_1_618' title='bbox 499 2286 644 2314; x_wconf 87' lang='lat' dir='ltr'><strong>vocasset.</strong></span> <span class='ocrx_word' id='word_1_619' title='bbox 662 2283 816 2319; x_wconf 81' lang='lat' dir='ltr'><strong>Quomodo</strong></span> <span class='ocrx_word' id='word_1_620' title='bbox 834 2282 862 2314; x_wconf 89' lang='lat' dir='ltr'><strong>id</strong></span> 
     </span>
    </p>
   </div>
   <div class='ocr_carea' id='block_1_65' title="bbox 38 2326 864 2368">
    <p class='ocr_par' dir='ltr' id='par_1_65' title="bbox 38 2326 864 2368">
     <span class='ocr_line' id='line_1_65' title="bbox 38 2326 864 2368; baseline 0.002 -12"><span class='ocrx_word' id='word_1_621' title='bbox 38 2326 182 2366; x_wconf 81' lang='lat' dir='ltr'><strong>contigerit</strong></span> <span class='ocrx_word' id='word_1_622' title='bbox 196 2337 231 2359; x_wconf 87' lang='lat' dir='ltr'><strong>ex</strong></span> <span class='ocrx_word' id='word_1_623' title='bbox 246 2328 338 2359; x_wconf 88' lang='lat' dir='ltr'><strong>initio</strong></span> <span class='ocrx_word' id='word_1_624' title='bbox 363 2327 497 2368; x_wconf 75' lang='lat' dir='ltr'><strong>Dialogi,</strong></span> <span class='ocrx_word' id='word_1_625' title='bbox 519 2327 770 2367; x_wconf 89' lang='lat' dir='ltr'><strong>quemadmodum</strong></span> <span class='ocrx_word' id='word_1_626' title='bbox 786 2333 816 2358; x_wconf 87' lang='lat' dir='ltr'><strong>et</strong></span> <span class='ocrx_word' id='word_1_627' title='bbox 829 2336 864 2358; x_wconf 88' lang='lat' dir='ltr'><strong>ea</strong></span> 
     </span>
    </p>
   </div>
   <div class='ocr_carea' id='block_1_66' title="bbox 39 2372 586 2413">
    <p class='ocr_par' dir='ltr' id='par_1_66' title="bbox 39 2372 586 2413">
     <span class='ocr_line' id='line_1_66' title="bbox 39 2372 586 2413; baseline 0.004 -12"><span class='ocrx_word' id='word_1_628' title='bbox 39 2379 96 2411; x_wconf 73' lang='lat' dir='ltr'><strong>quae</strong></span> <span class='ocrx_word' id='word_1_629' title='bbox 116 2372 201 2404; x_wconf 90' lang='lat' dir='ltr'><strong>modo</strong></span> <span class='ocrx_word' id='word_1_630' title='bbox 218 2373 353 2410; x_wconf 81' lang='lat' dir='ltr'><strong>narravi,</strong></span> <span class='ocrx_word' id='word_1_631' title='bbox 368 2372 586 2413; x_wconf 86' lang='lat' dir='ltr'><strong>cognoscimus.</strong></span> 
     </span>
    </p>
   </div>
   <div class='ocr_carea' id='block_1_67' title="bbox 72 2416 865 2458">
    <p class='ocr_par' dir='ltr' id='par_1_67' title="bbox 72 2416 865 2458">
     <span class='ocr_line' id='line_1_67' title="bbox 72 2416 865 2458; baseline 0.003 -12"><span class='ocrx_word' id='word_1_632' title='bbox 72 2417 171 2447; x_wconf 83' lang='lat' dir='ltr'><strong>Elatus</strong></span> <span class='ocrx_word' id='word_1_633' title='bbox 185 2417 324 2449; x_wconf 88' lang='lat' dir='ltr'><strong>idearum</strong></span> <span class='ocrx_word' id='word_1_634' title='bbox 343 2417 596 2458; x_wconf 86' lang='lat' dir='ltr'><strong>contemplatione</strong></span> <span class='ocrx_word' id='word_1_635' title='bbox 610 2416 755 2455; x_wconf 84' lang='lat' dir='ltr'><strong>Justinus,</strong></span> <span class='ocrx_word' id='word_1_636' title='bbox 781 2426 865 2448; x_wconf 91' lang='lat' dir='ltr'><strong>com-</strong></span> 
     </span>
    </p>
   </div>
   <div class='ocr_carea' id='block_1_68' title="bbox 41 2461 867 2502">
    <p class='ocr_par' dir='ltr' id='par_1_68' title="bbox 41 2461 867 2502">
     <span class='ocr_line' id='line_1_68' title="bbox 41 2461 867 2502; baseline -0.001 -12"><span class='ocrx_word' id='word_1_637' title='bbox 41 2461 281 2494; x_wconf 85' lang='lat' dir='ltr'><strong>mentandicausa</strong></span> <span class='ocrx_word' id='word_1_638' title='bbox 295 2463 325 2493; x_wconf 91' lang='lat' dir='ltr'><strong>in</strong></span> <span class='ocrx_word' id='word_1_639' title='bbox 339 2471 443 2502; x_wconf 84' lang='lat' dir='ltr'><strong>agrum</strong></span> <span class='ocrx_word' id='word_1_640' title='bbox 458 2471 517 2492; x_wconf 90' lang='lat' dir='ltr'><strong>non</strong></span> <span class='ocrx_word' id='word_1_641' title='bbox 531 2466 678 2493; x_wconf 91' lang='lat' dir='ltr'><strong>remotum</strong></span> <span class='ocrx_word' id='word_1_642' title='bbox 689 2463 789 2492; x_wconf 88' lang='lat' dir='ltr'><strong>amari</strong></span> <span class='ocrx_word' id='word_1_643' title='bbox 801 2472 867 2502; x_wconf 89' lang='lat' dir='ltr'><strong>pro-</strong></span> 
     </span>
    </p>
   </div>
   <div class='ocr_carea' id='block_1_69' title="bbox 42 2503 866 2548">
    <p class='ocr_par' dir='ltr' id='par_1_69' title="bbox 42 2503 866 2548">
     <span class='ocr_line' id='line_1_69' title="bbox 42 2503 866 2548; baseline 0.004 -14"><span class='ocrx_word' id='word_1_644' title='bbox 42 2503 126 2535; x_wconf 72' lang='lat' dir='ltr'><strong>rectus</strong></span> <span class='ocrx_word' id='word_1_645' title='bbox 151 2511 206 2543; x_wconf 79' lang='lat' dir='ltr'><strong>est;</strong></span> <span class='ocrx_word' id='word_1_646' title='bbox 223 2516 357 2548; x_wconf 90' lang='lat' dir='ltr'><strong>cumque</strong></span> <span class='ocrx_word' id='word_1_647' title='bbox 386 2506 504 2546; x_wconf 85' lang='lat' dir='ltr'><strong>fugiens</strong></span> <span class='ocrx_word' id='word_1_648' title='bbox 529 2506 685 2538; x_wconf 88' lang='lat' dir='ltr'><strong>hominum</strong></span> <span class='ocrx_word' id='word_1_649' title='bbox 704 2507 825 2546; x_wconf 85' lang='lat' dir='ltr'><strong>vestigia</strong></span> <span class='ocrx_word' id='word_1_650' title='bbox 840 2513 866 2543; x_wconf 76' lang='lat' dir='ltr'><strong>ei</strong></span> 
     </span>
    </p>
   </div>
   <div class='ocr_carea' id='block_1_70' title="bbox 43 2547 866 2592">
    <p class='ocr_par' dir='ltr' id='par_1_70' title="bbox 43 2547 866 2592">
     <span class='ocr_line' id='line_1_70' title="bbox 43 2547 866 2592; baseline 0.004 -13"><span class='ocrx_word' id='word_1_651' title='bbox 43 2547 97 2581; x_wconf 72' lang='lat' dir='ltr'><strong>loco</strong></span> <span class='ocrx_word' id='word_1_652' title='bbox 112 2547 341 2592; x_wconf 82' lang='lat' dir='ltr'><strong>propinquaret,</strong></span> <span class='ocrx_word' id='word_1_653' title='bbox 358 2551 410 2583; x_wconf 93' lang='lat' dir='ltr'><strong>ubi</strong></span> <span class='ocrx_word' id='word_1_654' title='bbox 421 2560 523 2582; x_wconf 86' lang='lat' dir='ltr'><strong>secum</strong></span> <span class='ocrx_word' id='word_1_655' title='bbox 535 2551 600 2591; x_wconf 90' lang='lat' dir='ltr'><strong>ipse</strong></span> <span class='ocrx_word' id='word_1_656' title='bbox 615 2552 681 2582; x_wconf 88' lang='lat' dir='ltr'><strong>sine</strong></span> <span class='ocrx_word' id='word_1_657' title='bbox 697 2551 866 2591; x_wconf 89' lang='lat' dir='ltr'><strong>interpella-</strong></span> 
     </span>
    </p>
   </div>
   <div class='ocr_carea' id='block_1_71' title="bbox 45 2594 861 2638">
    <p class='ocr_par' dir='ltr' id='par_1_71' title="bbox 45 2594 861 2638">
     <span class='ocr_line' id='line_1_71' title="bbox 45 2594 861 2638; baseline 0.004 -14"><span class='ocrx_word' id='word_1_658' title='bbox 45 2594 113 2626; x_wconf 69' lang='lat' dir='ltr'><strong>done</strong></span> <span class='ocrx_word' id='word_1_659' title='bbox 127 2601 297 2628; x_wconf 87' lang='lat' dir='ltr'><strong>versaturus</strong></span> <span class='ocrx_word' id='word_1_660' title='bbox 308 2601 510 2638; x_wconf 64' lang='lat' dir='ltr'><strong>esset;prater</strong></span> <span class='ocrx_word' id='word_1_661' title='bbox 520 2596 601 2627; x_wconf 93' lang='lat' dir='ltr'><strong>illius</strong></span> <span class='ocrx_word' id='word_1_662' title='bbox 614 2597 861 2637; x_wconf 83' lang='lat' dir='ltr'><strong>exspectationem</strong></span> 
     </span>
    </p>
   </div>
   <div class='ocr_carea' id='block_1_72' title="bbox 46 2639 863 2681">
    <p class='ocr_par' dir='ltr' id='par_1_72' title="bbox 46 2639 863 2681">
     <span class='ocr_line' id='line_1_72' title="bbox 46 2639 863 2681; baseline 0.004 -12"><span class='ocrx_word' id='word_1_663' title='bbox 46 2639 166 2681; x_wconf 64' lang='lat' dir='ltr'><strong>contigit,</strong></span> <span class='ocrx_word' id='word_1_664' title='bbox 179 2645 211 2672; x_wconf 90' lang='lat' dir='ltr'><strong>ut</strong></span> <span class='ocrx_word' id='word_1_665' title='bbox 222 2651 292 2672; x_wconf 84' lang='lat' dir='ltr'><strong>eum</strong></span> <span class='ocrx_word' id='word_1_666' title='bbox 311 2642 429 2673; x_wconf 89' lang='lat' dir='ltr'><strong>modico</strong></span> <span class='ocrx_word' id='word_1_667' title='bbox 440 2641 596 2673; x_wconf 89' lang='lat' dir='ltr'><strong>intervallo</strong></span> <span class='ocrx_word' id='word_1_668' title='bbox 610 2645 863 2673; x_wconf 83' lang='lat' dir='ltr'><strong>assectareturse-</strong></span> 
     </span>
    </p>
   </div>
   <div class='ocr_carea' id='block_1_73' title="bbox 48 2685 863 2726">
    <p class='ocr_par' dir='ltr' id='par_1_73' title="bbox 48 2685 863 2726">
     <span class='ocr_line' id='line_1_73' title="bbox 48 2685 863 2726; baseline 0.004 -12"><span class='ocrx_word' id='word_1_669' title='bbox 48 2690 93 2714; x_wconf 77' lang='lat' dir='ltr'><strong>lex</strong></span> <span class='ocrx_word' id='word_1_670' title='bbox 105 2685 232 2726; x_wconf 90' lang='lat' dir='ltr'><strong>quidam,</strong></span> <span class='ocrx_word' id='word_1_671' title='bbox 248 2687 337 2726; x_wconf 87' lang='lat' dir='ltr'><strong>cujus</strong></span> <span class='ocrx_word' id='word_1_672' title='bbox 352 2686 382 2717; x_wconf 95' lang='lat' dir='ltr'><strong>in</strong></span> <span class='ocrx_word' id='word_1_673' title='bbox 394 2686 476 2717; x_wconf 89' lang='lat' dir='ltr'><strong>vultu</strong></span> <span class='ocrx_word' id='word_1_674' title='bbox 488 2687 580 2717; x_wconf 88' lang='lat' dir='ltr'><strong>comis</strong></span> <span class='ocrx_word' id='word_1_675' title='bbox 595 2686 747 2717; x_wconf 85' lang='lat' dir='ltr'><strong>residebat</strong></span> <span class='ocrx_word' id='word_1_676' title='bbox 761 2687 863 2725; x_wconf 83' lang='lat' dir='ltr'><strong>gravi—</strong></span> 
     </span>
    </p>
   </div>
   <div class='ocr_carea' id='block_1_74' title="bbox 49 2729 866 2772">
    <p class='ocr_par' dir='ltr' id='par_1_74' title="bbox 49 2729 866 2772">
     <span class='ocr_line' id='line_1_74' title="bbox 49 2729 866 2772; baseline 0.005 -14"><span class='ocrx_word' id='word_1_677' title='bbox 49 2729 94 2758; x_wconf 82' lang='lat' dir='ltr'><strong>tas.</strong></span> <span class='ocrx_word' id='word_1_678' title='bbox 111 2729 275 2762; x_wconf 87' lang='lat' dir='ltr'><strong>Conversus</strong></span> <span class='ocrx_word' id='word_1_679' title='bbox 285 2730 422 2762; x_wconf 85' lang='lat' dir='ltr'><strong>Justinus</strong></span> <span class='ocrx_word' id='word_1_680' title='bbox 436 2731 582 2772; x_wconf 84' lang='lat' dir='ltr'><strong>substitit,</strong></span> <span class='ocrx_word' id='word_1_681' title='bbox 594 2741 628 2762; x_wconf 89' lang='lat' dir='ltr'><strong>ac</strong></span> <span class='ocrx_word' id='word_1_682' title='bbox 643 2731 673 2762; x_wconf 92' lang='lat' dir='ltr'><strong>in</strong></span> <span class='ocrx_word' id='word_1_683' title='bbox 685 2740 753 2762; x_wconf 91' lang='lat' dir='ltr'><strong>eum</strong></span> <span class='ocrx_word' id='word_1_684' title='bbox 764 2731 866 2762; x_wconf 91' lang='lat' dir='ltr'><strong>oculos</strong></span> 
     </span>
    </p>
   </div>
   <div class='ocr_carea' id='block_1_75' title="bbox 50 2772 868 2816">
    <p class='ocr_par' dir='ltr' id='par_1_75' title="bbox 50 2772 868 2816">
     <span class='ocr_line' id='line_1_75' title="bbox 50 2772 868 2816; baseline 0.005 -14"><span class='ocrx_word' id='word_1_685' title='bbox 50 2772 136 2804; x_wconf 81' lang='lat' dir='ltr'><strong>Icrius</strong></span> <span class='ocrx_word' id='word_1_686' title='bbox 149 2774 261 2807; x_wconf 85' lang='lat' dir='ltr'><strong>deﬁxit.</strong></span> <span class='ocrx_word' id='word_1_687' title='bbox 277 2776 354 2807; x_wconf 90' lang='lat' dir='ltr'><strong>Tum</strong></span> <span class='ocrx_word' id='word_1_688' title='bbox 370 2784 461 2807; x_wconf 85' lang='lat' dir='ltr'><strong>senex</strong></span> <span class='ocrx_word' id='word_1_689' title='bbox 481 2786 488 2807; x_wconf 88' lang='lat'><strong>:</strong></span> <span class='ocrx_word' id='word_1_690' title='bbox 507 2775 621 2813; x_wconf 76' lang='lat' dir='ltr'><strong>(Mene,</strong></span> <span class='ocrx_word' id='word_1_691' title='bbox 640 2775 746 2816; x_wconf 86' lang='lat' dir='ltr'><strong>inquit,</strong></span> <span class='ocrx_word' id='word_1_692' title='bbox 763 2785 868 2816; x_wconf 88' lang='lat' dir='ltr'><strong>cogno-</strong></span> 
     </span>
    </p>
   </div>
   <div class='ocr_carea' id='block_1_76' title="bbox 52 2817 856 2862">
    <p class='ocr_par' dir='ltr' id='par_1_76' title="bbox 52 2817 856 2862">
     <span class='ocr_line' id='line_1_76' title="bbox 52 2817 856 2862; baseline 0.007 -15"><span class='ocrx_word' id='word_1_693' title='bbox 52 2817 116 2849; x_wconf 74' lang='lat' dir='ltr'><strong>scis?</strong></span> <span class='ocrx_word' id='word_1_694' title='bbox 131 2830 143 2846; x_wconf 71' lang='grc' dir='ltr'><strong><em>ι</em></strong></span> <span class='ocrx_word' id='word_1_695' title='bbox 161 2818 280 2860; x_wconf 82' lang='lat' dir='ltr'><strong>Negavit</strong></span> <span class='ocrx_word' id='word_1_696' title='bbox 293 2820 439 2853; x_wconf 80' lang='lat' dir='ltr'><strong>Justinus.</strong></span> <span class='ocrx_word' id='word_1_697' title='bbox 470 2833 483 2848; x_wconf 76' lang='grc' dir='ltr'>α</span> <span class='ocrx_word' id='word_1_698' title='bbox 500 2820 576 2858; x_wconf 86' lang='lat' dir='ltr'><strong>Quid</strong></span> <span class='ocrx_word' id='word_1_699' title='bbox 594 2830 642 2852; x_wconf 89' lang='lat' dir='ltr'><strong>me</strong></span> <span class='ocrx_word' id='word_1_700' title='bbox 656 2821 756 2859; x_wconf 86' lang='lat' dir='ltr'><strong>igitur,</strong></span> <span class='ocrx_word' id='word_1_701' title='bbox 773 2821 856 2862; x_wconf 92' lang='lat' dir='ltr'><strong>inqui</strong></span> 
     </span>
    </p>
   </div>
   <div class='ocr_carea' id='block_1_77' title="bbox 903 2189 1736 2235">
    <p class='ocr_par' dir='ltr' id='par_1_77' title="bbox 903 2189 1736 2235">
     <span class='ocr_line' id='line_1_77' title="bbox 903 2189 1736 2235; baseline 0.006 -15"><span class='ocrx_word' id='word_1_702' title='bbox 903 2190 940 2220; x_wconf 90' lang='lat' dir='ltr'><strong>lis</strong></span> <span class='ocrx_word' id='word_1_703' title='bbox 955 2190 1039 2220; x_wconf 86' lang='lat' dir='ltr'><strong>foret.</strong></span> <span class='ocrx_word' id='word_1_704' title='bbox 1057 2189 1101 2220; x_wconf 86' lang='lat' dir='ltr'><strong>Ad</strong></span> <span class='ocrx_word' id='word_1_705' title='bbox 1114 2190 1259 2235; x_wconf 16' lang='lat' dir='ltr'><strong>huucrego</strong></span> <span class='ocrx_word' id='word_1_706' title='bbox 1275 2192 1397 2223; x_wconf 91' lang='lat' dir='ltr'><strong>modum</strong></span> <span class='ocrx_word' id='word_1_707' title='bbox 1421 2189 1509 2235; x_wconf 83' lang='lat' dir='ltr'><strong>atque</strong></span> <span class='ocrx_word' id='word_1_708' title='bbox 1523 2194 1578 2225; x_wconf 85' lang='lat' dir='ltr'><strong>hac</strong></span> <span class='ocrx_word' id='word_1_709' title='bbox 1594 2194 1632 2225; x_wconf 90' lang='lat' dir='ltr'><strong>de</strong></span> <span class='ocrx_word' id='word_1_710' title='bbox 1647 2202 1736 2225; x_wconf 87' lang='lat' dir='ltr'><strong>causa</strong></span> 
     </span>
    </p>
   </div>
   <div class='ocr_carea' id='block_1_78' title="bbox 905 2234 1733 2277">
    <p class='ocr_par' dir='ltr' id='par_1_78' title="bbox 905 2234 1733 2277">
     <span class='ocr_line' id='line_1_78' title="bbox 905 2234 1733 2277; baseline 0.004 -12"><span class='ocrx_word' id='word_1_711' title='bbox 905 2234 1128 2275; x_wconf 77' lang='lat' dir='ltr'><strong>philosophus.»</strong></span> <span class='ocrx_word' id='word_1_712' title='bbox 1142 2234 1233 2265; x_wconf 84' lang='lat' dir='ltr'><strong>Multa</strong></span> <span class='ocrx_word' id='word_1_713' title='bbox 1249 2234 1337 2274; x_wconf 85' lang='lat' dir='ltr'><strong>igitur</strong></span> <span class='ocrx_word' id='word_1_714' title='bbox 1352 2237 1409 2269; x_wconf 90' lang='lat' dir='ltr'><strong>alia</strong></span> <span class='ocrx_word' id='word_1_715' title='bbox 1425 2234 1607 2271; x_wconf 87' lang='lat' dir='ltr'><strong>disseruerat</strong></span> <span class='ocrx_word' id='word_1_716' title='bbox 1629 2247 1733 2277; x_wconf 81' lang='lat' dir='ltr'><strong>senex,</strong></span> 
     </span>
    </p>
   </div>
   <div class='ocr_carea' id='block_1_79' title="bbox 905 2279 1736 2324">
    <p class='ocr_par' dir='ltr' id='par_1_79' title="bbox 905 2279 1736 2324">
     <span class='ocr_line' id='line_1_79' title="bbox 905 2279 1736 2324; baseline 0.005 -15"><span class='ocrx_word' id='word_1_717' title='bbox 905 2289 970 2321; x_wconf 80' lang='lat' dir='ltr'><strong>quae</strong></span> <span class='ocrx_word' id='word_1_718' title='bbox 985 2279 1116 2310; x_wconf 86' lang='lat' dir='ltr'><strong>Justinus</strong></span> <span class='ocrx_word' id='word_1_719' title='bbox 1132 2279 1187 2310; x_wconf 91' lang='lat' dir='ltr'><strong>hoc</strong></span> <span class='ocrx_word' id='word_1_720' title='bbox 1201 2279 1266 2310; x_wconf 90' lang='lat' dir='ltr'><strong>loco</strong></span> <span class='ocrx_word' id='word_1_721' title='bbox 1282 2281 1444 2314; x_wconf 88' lang='lat' dir='ltr'><strong>referenda</strong></span> <span class='ocrx_word' id='word_1_722' title='bbox 1460 2293 1518 2316; x_wconf 91' lang='lat' dir='ltr'><strong>non</strong></span> <span class='ocrx_word' id='word_1_723' title='bbox 1529 2283 1657 2324; x_wconf 86' lang='lat' dir='ltr'><strong>judicat;</strong></span> <span class='ocrx_word' id='word_1_724' title='bbox 1679 2292 1736 2314; x_wconf 90' lang='lat' dir='ltr'><strong>nec</strong></span> 
     </span>
    </p>
   </div>
   <div class='ocr_carea' id='block_1_80' title="bbox 906 2324 1734 2371">
    <p class='ocr_par' dir='ltr' id='par_1_80' title="bbox 906 2324 1734 2371">
     <span class='ocr_line' id='line_1_80' title="bbox 906 2324 1734 2371; baseline 0.004 -16"><span class='ocrx_word' id='word_1_725' title='bbox 906 2325 1068 2371; x_wconf 88' lang='lat' dir='ltr'><strong>generatim</strong></span> <span class='ocrx_word' id='word_1_726' title='bbox 1078 2328 1107 2371; x_wconf 82' lang='lat' dir='ltr'><strong>et</strong></span> <span class='ocrx_word' id='word_1_727' title='bbox 1118 2324 1350 2371; x_wconf 82' lang='lat' dir='ltr'><strong>subobscure,ut</strong></span> <span class='ocrx_word' id='word_1_728' title='bbox 1359 2327 1734 2371; x_wconf 84' lang='lat' dir='ltr'><strong>existimatTillemontius,</strong></span> 
     </span>
    </p>
   </div>
   <div class='ocr_carea' id='block_1_81' title="bbox 908 2369 1736 2408">
    <p class='ocr_par' dir='ltr' id='par_1_81' title="bbox 908 2369 1736 2408">
     <span class='ocr_line' id='line_1_81' title="bbox 908 2369 1736 2408; baseline 0.004 -7"><span class='ocrx_word' id='word_1_729' title='bbox 908 2370 946 2401; x_wconf 90' lang='lat' dir='ltr'><strong>de</strong></span> <span class='ocrx_word' id='word_1_730' title='bbox 959 2371 1074 2402; x_wconf 87' lang='lat' dir='ltr'><strong>Christo</strong></span> <span class='ocrx_word' id='word_1_731' title='bbox 1091 2369 1207 2401; x_wconf 90' lang='lat' dir='ltr'><strong>locutus</strong></span> <span class='ocrx_word' id='word_1_732' title='bbox 1222 2370 1327 2408; x_wconf 85' lang='lat' dir='ltr'><strong>fuerat;</strong></span> <span class='ocrx_word' id='word_1_733' title='bbox 1346 2373 1399 2404; x_wconf 91' lang='lat' dir='ltr'><strong>sed</strong></span> <span class='ocrx_word' id='word_1_734' title='bbox 1427 2373 1463 2404; x_wconf 88' lang='lat' dir='ltr'><strong>ad</strong></span> <span class='ocrx_word' id='word_1_735' title='bbox 1488 2378 1655 2406; x_wconf 86' lang='lat' dir='ltr'><strong>accuratam</strong></span> <span class='ocrx_word' id='word_1_736' title='bbox 1668 2369 1736 2405; x_wconf 57' lang='lat' dir='ltr'><strong>des;</strong></span> 
     </span>
    </p>
   </div>
   <div class='ocr_carea' id='block_1_82' title="bbox 908 2414 1736 2456">
    <p class='ocr_par' dir='ltr' id='par_1_82' title="bbox 908 2414 1736 2456">
     <span class='ocr_line' id='line_1_82' title="bbox 908 2414 1736 2456; baseline 0 -9"><span class='ocrx_word' id='word_1_737' title='bbox 908 2415 1049 2447; x_wconf 91' lang='lat' dir='ltr'><strong>cenderat</strong></span> <span class='ocrx_word' id='word_1_738' title='bbox 1060 2414 1210 2455; x_wconf 87' lang='lat' dir='ltr'><strong>religionis</strong></span> <span class='ocrx_word' id='word_1_739' title='bbox 1225 2417 1455 2456; x_wconf 89' lang='lat' dir='ltr'><strong>expositionem,</strong></span> <span class='ocrx_word' id='word_1_740' title='bbox 1470 2419 1510 2450; x_wconf 88' lang='lat' dir='ltr'><strong>ita</strong></span> <span class='ocrx_word' id='word_1_741' title='bbox 1520 2423 1553 2449; x_wconf 91' lang='lat' dir='ltr'><strong>ut</strong></span> <span class='ocrx_word' id='word_1_742' title='bbox 1566 2419 1700 2450; x_wconf 88' lang='lat' dir='ltr'><strong>Justinus</strong></span> <span class='ocrx_word' id='word_1_743' title='bbox 1708 2416 1736 2448; x_wconf 91' lang='lat' dir='ltr'><strong>ei</strong></span> 
     </span>
    </p>
   </div>
   <div class='ocr_carea' id='block_1_83' title="bbox 907 2459 1734 2504">
    <p class='ocr_par' dir='ltr' id='par_1_83' title="bbox 907 2459 1734 2504">
     <span class='ocr_line' id='line_1_83' title="bbox 907 2459 1734 2504; baseline 0.005 -13"><span class='ocrx_word' id='word_1_744' title='bbox 907 2462 1061 2500; x_wconf 83' lang='lat' dir='ltr'><strong>acceptum</strong></span> <span class='ocrx_word' id='word_1_745' title='bbox 1073 2459 1184 2504; x_wconf 84' lang='lat' dir='ltr'><strong>referre</strong></span> <span class='ocrx_word' id='word_1_746' title='bbox 1197 2469 1256 2491; x_wconf 92' lang='lat' dir='ltr'><strong>non</strong></span> <span class='ocrx_word' id='word_1_747' title='bbox 1273 2461 1488 2503; x_wconf 88' lang='lat' dir='ltr'><strong>dubitet,quod</strong></span> <span class='ocrx_word' id='word_1_748' title='bbox 1500 2463 1531 2494; x_wconf 94' lang='lat' dir='ltr'><strong>in</strong></span> <span class='ocrx_word' id='word_1_749' title='bbox 1546 2463 1676 2504; x_wconf 76' lang='lat' dir='ltr'><strong>Dialogo</strong></span> <span class='ocrx_word' id='word_1_750' title='bbox 1688 2472 1734 2494; x_wconf 88' lang='lat' dir='ltr'><strong>ex-</strong></span> 
     </span>
    </p>
   </div>
   <div class='ocr_carea' id='block_1_84' title="bbox 907 2503 1736 2549">
    <p class='ocr_par' dir='ltr' id='par_1_84' title="bbox 907 2503 1736 2549">
     <span class='ocr_line' id='line_1_84' title="bbox 907 2503 1736 2549; baseline 0.004 -14"><span class='ocrx_word' id='word_1_751' title='bbox 907 2504 1022 2546; x_wconf 90' lang='lat' dir='ltr'><strong>quisitis</strong></span> <span class='ocrx_word' id='word_1_752' title='bbox 1045 2503 1209 2549; x_wconf 86' lang='lat' dir='ltr'><strong>rationibus</strong></span> <span class='ocrx_word' id='word_1_753' title='bbox 1233 2504 1430 2548; x_wconf 89' lang='lat' dir='ltr'><strong>demonstrat,</strong></span> <span class='ocrx_word' id='word_1_754' title='bbox 1456 2517 1517 2540; x_wconf 88' lang='lat' dir='ltr'><strong>non</strong></span> <span class='ocrx_word' id='word_1_755' title='bbox 1539 2508 1576 2539; x_wconf 89' lang='lat' dir='ltr'><strong>ab</strong></span> <span class='ocrx_word' id='word_1_756' title='bbox 1595 2503 1736 2549; x_wconf 87' lang='lat' dir='ltr'><strong>operibus</strong></span> 
     </span>
    </p>
   </div>
   <div class='ocr_carea' id='block_1_85' title="bbox 906 2547 1736 2594">
    <p class='ocr_par' dir='ltr' id='par_1_85' title="bbox 906 2547 1736 2594">
     <span class='ocr_line' id='line_1_85' title="bbox 906 2547 1736 2594; baseline 0.006 -14"><span class='ocrx_word' id='word_1_757' title='bbox 906 2549 990 2589; x_wconf 87' lang='lat' dir='ltr'><strong>legis,</strong></span> <span class='ocrx_word' id='word_1_758' title='bbox 1005 2549 1058 2580; x_wconf 91' lang='lat' dir='ltr'><strong>sed</strong></span> <span class='ocrx_word' id='word_1_759' title='bbox 1074 2547 1111 2579; x_wconf 87' lang='lat' dir='ltr'><strong>ab</strong></span> <span class='ocrx_word' id='word_1_760' title='bbox 1127 2548 1271 2594; x_wconf 85' lang='lat' dir='ltr'><strong>incarnati</strong></span> <span class='ocrx_word' id='word_1_761' title='bbox 1287 2549 1344 2582; x_wconf 90' lang='lat' dir='ltr'><strong>Fili</strong></span> <span class='ocrx_word' id='word_1_762' title='bbox 1359 2551 1412 2583; x_wconf 90' lang='lat' dir='ltr'><strong>Dei</strong></span> <span class='ocrx_word' id='word_1_763' title='bbox 1424 2547 1517 2592; x_wconf 84' lang='lat' dir='ltr'><strong>gratia</strong></span> <span class='ocrx_word' id='word_1_764' title='bbox 1529 2547 1654 2585; x_wconf 80' lang='lat' dir='ltr'><strong>salutem</strong></span> <span class='ocrx_word' id='word_1_765' title='bbox 1671 2562 1736 2594; x_wconf 87' lang='lat' dir='ltr'><strong>pro-</strong></span> 
     </span>
    </p>
   </div>
   <div class='ocr_carea' id='block_1_86' title="bbox 906 2593 1275 2634">
    <p class='ocr_par' dir='ltr' id='par_1_86' title="bbox 906 2593 1275 2634">
     <span class='ocr_line' id='line_1_86' title="bbox 906 2593 1275 2634; baseline 0 -8"><span class='ocrx_word' id='word_1_766' title='bbox 906 2594 1009 2631; x_wconf 83' lang='lat' dir='ltr'><strong>ficisci,</strong></span> <span class='ocrx_word' id='word_1_767' title='bbox 1029 2594 1153 2634; x_wconf 72' lang='lat' dir='ltr'><strong>Dialog.</strong></span> <span class='ocrx_word' id='word_1_768' title='bbox 1176 2602 1206 2625; x_wconf 92' lang='lat' dir='ltr'><strong>n.</strong></span> <span class='ocrx_word' id='word_1_769' title='bbox 1224 2593 1275 2626; x_wconf 75' lang='lat'><strong>23.</strong></span> 
     </span>
    </p>
   </div>
   <div class='ocr_carea' id='block_1_87' title="bbox 946 2638 1735 2684">
    <p class='ocr_par' dir='ltr' id='par_1_87' title="bbox 946 2638 1735 2684">
     <span class='ocr_line' id='line_1_87' title="bbox 946 2638 1735 2684; baseline 0.005 -14"><span class='ocrx_word' id='word_1_770' title='bbox 946 2638 1118 2684; x_wconf 80' lang='lat' dir='ltr'><strong>Suspicatus</strong></span> <span class='ocrx_word' id='word_1_771' title='bbox 1128 2642 1172 2684; x_wconf 87' lang='lat' dir='ltr'><strong>est</strong></span> <span class='ocrx_word' id='word_1_772' title='bbox 1180 2639 1349 2672; x_wconf 83' lang='lat' dir='ltr'><strong>Halloixius</strong></span> <span class='ocrx_word' id='word_1_773' title='bbox 1360 2642 1535 2682; x_wconf 88' lang='lat' dir='ltr'><strong>angelorum</strong></span> <span class='ocrx_word' id='word_1_774' title='bbox 1543 2643 1672 2684; x_wconf 87' lang='lat' dir='ltr'><strong>aliquem</strong></span> <span class='ocrx_word' id='word_1_775' title='bbox 1681 2643 1735 2674; x_wconf 91' lang='lat' dir='ltr'><strong>sub</strong></span> 
     </span>
    </p>
   </div>
   <div class='ocr_carea' id='block_1_88' title="bbox 905 2683 1736 2720">
    <p class='ocr_par' dir='ltr' id='par_1_88' title="bbox 905 2683 1736 2720">
     <span class='ocr_line' id='line_1_88' title="bbox 905 2683 1736 2720; baseline 0.005 -6"><span class='ocrx_word' id='word_1_776' title='bbox 905 2685 998 2716; x_wconf 85' lang='lat' dir='ltr'><strong>forma</strong></span> <span class='ocrx_word' id='word_1_777' title='bbox 1006 2683 1200 2714; x_wconf 78' lang='lat' dir='ltr'><strong>senislustino</strong></span> <span class='ocrx_word' id='word_1_778' title='bbox 1212 2684 1305 2716; x_wconf 88' lang='lat' dir='ltr'><strong>visum</strong></span> <span class='ocrx_word' id='word_1_779' title='bbox 1316 2686 1453 2719; x_wconf 87' lang='lat' dir='ltr'><strong>fuisse.ld</strong></span> <span class='ocrx_word' id='word_1_780' title='bbox 1466 2697 1534 2720; x_wconf 91' lang='lat' dir='ltr'><strong>vero</strong></span> <span class='ocrx_word' id='word_1_781' title='bbox 1547 2683 1736 2719; x_wconf 83' lang='lat' dir='ltr'><strong>simillimum</strong></span> 
     </span>
    </p>
   </div>
   <div class='ocr_carea' id='block_1_89' title="bbox 909 2727 1736 2772">
    <p class='ocr_par' dir='ltr' id='par_1_89' title="bbox 909 2727 1736 2772">
     <span class='ocr_line' id='line_1_89' title="bbox 909 2727 1736 2772; baseline 0.006 -12"><span class='ocrx_word' id='word_1_782' title='bbox 909 2729 1005 2761; x_wconf 90' lang='lat' dir='ltr'><strong>videri</strong></span> <span class='ocrx_word' id='word_1_783' title='bbox 1020 2727 1131 2759; x_wconf 90' lang='lat' dir='ltr'><strong>debere</strong></span> <span class='ocrx_word' id='word_1_784' title='bbox 1147 2730 1320 2768; x_wconf 89' lang='lat' dir='ltr'><strong>pronuntiat</strong></span> <span class='ocrx_word' id='word_1_785' title='bbox 1334 2731 1557 2772; x_wconf 89' lang='lat' dir='ltr'><strong>Tillemontius,</strong></span> <span class='ocrx_word' id='word_1_786' title='bbox 1567 2733 1593 2764; x_wconf 84' lang='lat' dir='ltr'><strong>si</strong></span> <span class='ocrx_word' id='word_1_787' title='bbox 1605 2733 1736 2765; x_wconf 83' lang='lat' dir='ltr'><strong>consde-</strong></span> 
     </span>
    </p>
   </div>
   <div class='ocr_carea' id='block_1_90' title="bbox 911 2772 1736 2816">
    <p class='ocr_par' dir='ltr' id='par_1_90' title="bbox 911 2772 1736 2816">
     <span class='ocr_line' id='line_1_90' title="bbox 911 2772 1736 2816; baseline 0.004 -10"><span class='ocrx_word' id='word_1_788' title='bbox 911 2778 992 2806; x_wconf 90' lang='lat' dir='ltr'><strong>retur</strong></span> <span class='ocrx_word' id='word_1_789' title='bbox 1006 2772 1121 2804; x_wconf 87' lang='lat' dir='ltr'><strong>subitus</strong></span> <span class='ocrx_word' id='word_1_790' title='bbox 1136 2772 1188 2804; x_wconf 86' lang='lat' dir='ltr'><strong>ille</strong></span> <span class='ocrx_word' id='word_1_791' title='bbox 1203 2777 1232 2805; x_wconf 88' lang='lat' dir='ltr'><strong>et</strong></span> <span class='ocrx_word' id='word_1_792' title='bbox 1247 2775 1424 2816; x_wconf 87' lang='lat' dir='ltr'><strong>improvisus</strong></span> <span class='ocrx_word' id='word_1_793' title='bbox 1439 2777 1571 2810; x_wconf 88' lang='lat' dir='ltr'><strong>hominis</strong></span> <span class='ocrx_word' id='word_1_794' title='bbox 1593 2787 1736 2810; x_wconf 85' lang='lat' dir='ltr'><strong>occursus</strong></span> 
     </span>
    </p>
   </div>
   <div class='ocr_carea' id='block_1_91' title="bbox 912 2816 1735 2864">
    <p class='ocr_par' dir='ltr' id='par_1_91' title="bbox 912 2816 1735 2864">
     <span class='ocr_line' id='line_1_91' title="bbox 912 2816 1735 2864; baseline 0.002 -12"><span class='ocrx_word' id='word_1_795' title='bbox 912 2822 940 2852; x_wconf 90' lang='lat' dir='ltr'><strong>in</strong></span> <span class='ocrx_word' id='word_1_796' title='bbox 957 2821 1021 2851; x_wconf 88' lang='lat' dir='ltr'><strong>loco</strong></span> <span class='ocrx_word' id='word_1_797' title='bbox 1038 2816 1127 2848; x_wconf 84' lang='lat' dir='ltr'><strong>nullis</strong></span> <span class='ocrx_word' id='word_1_798' title='bbox 1141 2817 1295 2851; x_wconf 91' lang='lat' dir='ltr'><strong>hominum</strong></span> <span class='ocrx_word' id='word_1_799' title='bbox 1307 2822 1437 2862; x_wconf 71' lang='lat' dir='ltr'><strong>vestigiis</strong></span> <span class='ocrx_word' id='word_1_800' title='bbox 1457 2823 1537 2862; x_wconf 90' lang='lat' dir='ltr'><strong>trito,</strong></span> <span class='ocrx_word' id='word_1_801' title='bbox 1553 2823 1735 2864; x_wconf 89' lang='lat' dir='ltr'><strong>colloquium</strong></span> 
     </span>
    </p>
   </div>
  </div>
