1961 3071
60 93 110 127 H3

536 98 571 129 D.
596 97 746 130 MARANI
768 96 980 129 PREFATIO.
1004 113 1042 121 —
1064 97 1172 129 PARS.
1195 97 1248 129 III.

1683 98 1738 130 114

59 163 290 195 Christianorum
319 164 475 201 agnovisse
501 173 534 196 se
562 165 652 204 dicat,
679 174 746 196 cum
776 173 826 196 eos
841 171 870 194 ac

958 163 1047 202 γάλως
1074 163 1235 198 ἐξασχηοεὶς.
1263 172 1330 195 eum
1361 173 1398 195 ex
1426 168 1590 195 ascetarum
1617 173 1742 195 numero

58 211 170 239 mortem
180 212 208 240 et
221 209 265 240 ad
272 210 374 241 omnia
393 219 460 250 quae
485 209 635 241 terribilia
646 211 873 246 existimantur,

59 254 217 292 impavidos
235 254 366 286 videret.

89 297 140 329 Sed
161 302 190 328 ιο
205 299 264 329 etsi
281 299 446 340 persecutio
462 299 574 330 resedit
588 309 665 330 anno
687 298 819 336 l26,licri
830 302 874 329 ta-

57 352 115 374 men
130 343 240 383 potuit,
260 343 338 384 quod
367 353 445 384 saepe
459 344 533 374 alias
549 344 656 375 factum
674 347 730 384 est,
747 348 780 375 ut.
797 352 874 384 prai-

56 387 125 419 sides
139 387 183 418 vel
203 389 310 428 populi
326 388 508 420 clamoribus
522 389 702 429 adducti,vel
714 389 782 420 odio
793 388 876 420 Chri-

56 433 146 463 stianae
161 433 320 472 religionis
335 433 458 470 incitati,
488 434 518 464 in
548 433 733 466 Christianos
760 433 875 473 injussu

56 477 237 517 imperatoris
256 478 402 510 saevirent.
423 478 459 510 2°
486 477 607 509 Etiamsi
623 478 736 509 nullum
754 486 876 518 prorsus

55 521 208 553 exstitisset
225 522 412 563 martyrium,
425 532 492 554 cum
502 522 638 554 Justinus
646 532 806 554 conversus
817 526 873 560 est,

55 566 287 598 Christianorum
303 567 498 599 constantiam
528 567 559 599 in
575 567 767 599 .cruciatibns
780 577 874 607 agno-

55 620 128 642 scere
137 615 167 642 et
176 611 304 644 laudare
316 612 423 653 potuit,
436 622 495 643 non
507 612 603 644 solum
614 612 683 654 quia
695 622 802 644 recens
814 621 875 644 me-

56 656 139 686 moria
154 665 277 697 eorum,
295 666 360 697 quae
375 657 405 688 in
421 657 629 698 persecutione
645 658 721 697 passi
746 657 872 694 fuerant,

54 700 121 731 hanc
137 701 183 731 eis
198 701 322 732 laudem
344 702 476 733 omnium
489 701 604 742 judicio
634 701 782 733 tribuebat
797 713 805 738 ;
822 701 875 733 sed

53 745 132 776 etiam
146 745 218 786 quia
230 746 261 776 in
273 745 338 786 ipsa
353 755 424 786 pace
440 746 619 787 impavidum
627 755 687 788 prae
699 756 731 778 se
741 747 874 778 animum

54 790 192 828 terebant,
206 790 385 830 religionem
402 790 482 821 illam
497 791 750 832 proﬁtentes,qnaa
759 791 874 831 gravis-

917 207 1020 246 fuisse,
1036 209 1085 248 qui
1110 208 1320 241 communibus
1353 208 1589 240 Christianorum
1604 208 1737 240 omnium

918 253 1075 293 praeceptis
1088 254 1207 294 propria
1221 253 1356 294 quaedam
1373 253 1547 285 austerioris
1561 253 1627 284 vita;
1654 254 1741 284 insti-

919 301 979 327 tuta
987 297 1233 339 adjungebant,ut
1244 302 1369 329 testatur
1380 298 1592 339 0rigenes,lib.
1608 308 1624 328 v
1632 302 1741 330 contra

917 340 1046 373 Celsum.
1059 342 1132 374 Cum
1148 343 1309 384 Epiphanii
1319 343 1489 374 testimonio
1501 343 1573 374 satis
1594 343 1742 374 consentit

917 389 976 417 tota
990 386 1099 418 Justini
1114 388 1182 425 vita,
1200 397 1265 428 qua:
1283 388 1314 418 in
1330 387 1490 419 scribendo
1504 392 1533 418 et
1549 387 1683 419 docendo
1707 397 1742 419 ac

916 432 1060 471 augendis
1072 431 1212 464 Ecclesiae
1223 432 1400 464 utilitatibus
1414 437 1591 474 consumpta
1604 432 1742 465 civilibus

916 477 1006 507 undis
1016 477 1140 508 mersari
1156 487 1215 508 nun
1231 478 1335 518 potuit.
1354 477 1443 509 Forte
1457 478 1547 518 hujus
1559 478 1624 509 vita).
1637 482 1739 509 auste-

916 521 1004 552 rioris
1019 522 1135 561 insigne
1148 522 1204 554 fuit
1219 522 1341 562 pallium
1355 522 1441 560 illud,
1455 522 1534 563 quod
1545 522 1680 554 Justinus
1691 532 1742 562 ge-

915 565 1011 598 rebat.
1023 566 1110 598 Illum
1122 567 1202 598 enim
1214 567 1300 598 annis
1313 571 1379 608 post
1387 567 1612 599 conversionem
1623 568 1741 598 circiter

915 611 1017 650 viginti
1032 611 1062 642 in
1078 611 1219 652 Ephesini
1235 612 1320 652 Xysti
1344 612 1447 652 spatiis
1472 611 1674 643 ambulantem
1703 621 1740 643 ex

916 655 972 686 hoc
987 659 1091 687 ornatu
1104 656 1314 697 philosophum
1331 665 1397 688 esse
1409 656 1526 697 Trypho
1538 659 1567 688 et
1581 656 1629 687 alii
1643 653 1741 688 Judaei

911 700 1250 740 judicarunt.0bservat
1277 700 1484 733 Tillemontius
1500 710 1560 732 non
1589 701 1739 732 insuetum

914 744 1006 776 fuisse
1021 745 1141 786 pallium
1153 747 1346 777 austeriorem
1367 745 1455 777 vitam
1472 746 1691 786 profitentibus,
1708 750 1739 778 ut

914 789 1145 822 Tertulliano.ut
1160 792 1279 832 martyri
1301 790 1466 832 Porphyrio
1479 790 1556 831 apud
1573 790 1738 822 Eusebium

52 834 127 865 simis
143 844 268 875 semper
281 835 400 875 objecta
411 841 474 866 erat
486 834 636 876 procellis.
651 835 726 868 Hinc
739 835 874 868 Justinus
883 849 905 876 Β
918 835 960 866 De
974 839 1068 867 mari.
1077 835 1337 877 Patmt.,cap.ti.
1353 834 1383 866 Si
1397 835 1463 876 quis
1472 838 1573 867 tamen
1589 835 1739 867 Iustinum

52 879 77 909 in
93 879 234 920 Dialogo,
250 889 339 920 quem
356 889 422 911 cum
440 880 550 911 Judaeis
563 880 665 912 habuit
697 881 778 921 pacis
794 887 873 912 tem-

52 933 129 963 pore,
141 924 343 957 constantiam
359 924 593 956 Christianorum
611 925 642 956 in
657 930 752 957 morte
774 925 874 966 perfe-

51 969 138 999 renda
154 974 303 1009 perpo-tuo
318 969 427 1007 laudat,
446 979 500 1000 nec
511 969 640 1000 futurum
651 975 750 1011 sperat
759 971 875 1001 uthanc

51 1013 225 1052 religionem
243 1013 397 1054 principes
413 1013 570 1054 aliquando
596 1024 701 1046 vexare
723 1015 873 1053 desinant,

53 1067 78 1087 n.
96 1057 143 1089 30.
159 1057 227 1098 Ipse
239 1058 380 1098 Tryphon
397 1058 480 1089 fateri
495 1059 622 1098 cogitur,
638 1069 667 1090 n.
685 1059 734 1100 15,
755 1060 875 1091 mirabi-

53 1101 104 1132 lem
123 1112 188 1133 esse
204 1103 285 1133 hanc
300 1103 535 1134 Christianorum
553 1104 771 1142 constantiam;
789 1101 877 1141 quin-

54 1147 133 1177 etiam
149 1147 180 1178 in
196 1157 250 1178 eos
264 1147 395 1187 jocatur,
413 1157 443 1178 n.
464 1148 492 1184 7,
504 1148 583 1189 quod
595 1148 704 1180 Christi
718 1158 806 1180 causa
817 1147 875 1179 mi-

56 1200 114 1222 sere
130 1196 270 1231 pereant.
299 1191 403 1222 Mirum
428 1201 498 1232 ergo
514 1193 608 1224 videri
624 1202 682 1224 non
699 1193 832 1231 deberet,
850 1190 876 1224 si

56 1236 177 1267 Justinus
194 1237 278 1276 pacis
295 1241 428 1277 tempore
443 1237 519 1269 hanc
533 1238 564 1269 in
580 1237 754 1269 Christianis
780 1238 874 1270 virtu-

57 1287 106 1312 tem
122 1281 304 1322 agnovisset.

371 1328 496 1361 CAPUT
509 1328 547 1360 II.

58 1373 92 1404 De
106 1373 223 1407 Justini
237 1376 362 1407 vivendi
387 1385 508 1417 genere,
529 1376 697 1408 sacerdotio
712 1380 740 1408 et
764 1378 874 1417 primis

239 1417 389 1447 adversus
404 1416 530 1455 gentiles
546 1418 676 1457 scriptis.

57 1460 71 1487 Ι.
86 1461 319 1500 Videturdustinus
332 1467 416 1491 asceta
425 1468 451 1500 et
471 1463 600 1500 presbyter
614 1464 701 1500 fuisse.
730 1464 762 1492 II.
781 1465 872 1493 Astru-

917 880 972 911 hoc
993 879 1178 919 indumento,
1203 884 1235 912 ut
1250 880 1445 921 philosophia
1459 880 1536 919 signi
1563 889 1650 911 usum
1674 889 1740 911 esse

916 924 986 955 velit
1003 936 1011 963 ;
1032 929 1118 965 negat
1131 926 1209 957 idem
1225 925 1354 966 scriptor
1363 924 1393 956 id
1408 933 1496 965 posse
1511 925 1740 966 reprehendi.ac

917 970 1024 1001 Justini
1040 970 1094 1002 hac
1110 971 1138 1001 in
1150 979 1183 1002 re
1196 970 1378 1002 imitatorem
1393 969 1504 1010 profert
1521 979 1660 1009 magnum
1676 969 1739 1001 He-

915 1014 1038 1055 raclam,
1055 1015 1291 1046 Alexandrinum
1307 1014 1520 1056 patriarcbnm,
1536 1014 1587 1055 qui
1606 1014 1738 1055 philoso-

917 1058 1037 1100 phicum
1052 1059 1174 1100 pallium
1185 1068 1252 1091 cum
1282 1059 1390 1092 Christi
1418 1059 1583 1091 sacerdotio
1610 1059 1739 1100 conjun-

917 1103 1014 1144 gebat.
1032 1103 1113 1136 Idem
1130 1109 1198 1137 ante
1211 1104 1361 1136 Justinum
1377 1113 1394 1135 a
1421 1103 1452 1136 S.
1468 1103 1600 1136 Aristide
1628 1104 1739 1135 factum

918 1153 1043 1180 testatur
1053 1149 1251 1191 Hieronymus
1261 1150 1291 1180 in
1303 1149 1379 1180 libro
1388 1150 1431 1181 De
1440 1149 1638 1189 scriptoribus
1649 1150 1740 1181 eccle-

916 1194 1063 1227 siasticis.

956 1265 1164 1307 Presbyterum
1171 1266 1261 1297 fuisse
1271 1266 1420 1298 Iustinum
1429 1266 1566 1306 opinatur
1577 1265 1740 1297 Tillemon-

916 1310 981 1341 lius.
1000 1314 1157 1351 propterea
1169 1310 1249 1351 quod
1266 1309 1405 1351 baptismi
1416 1310 1610 1341 caeremonias
1624 1310 1667 1341 sic
1682 1310 1738 1341 de-

916 1354 1030 1392 scribit,
1048 1359 1079 1386 ut
1093 1355 1173 1386 illius
1189 1354 1419 1386 administrandi
1435 1364 1543 1386 munus
1558 1354 1737 1386 sustinuisse

914 1399 1058 1430 videatur.
1077 1411 1089 1428 ι
1103 1401 1165 1432 Nos
1173 1403 1283 1437 autem,
1294 1399 1389 1440 inquit
1397 1398 1483 1439 Apol.
1497 1401 1527 1437 t,
1545 1409 1574 1430 n.
1588 1399 1638 1439 65,
1652 1402 1735 1439 post-

913 1453 1000 1486 quam
1016 1454 1097 1482 eum,
1113 1445 1162 1485 qui
1175 1444 1302 1475 credidit
1318 1449 1348 1474 et.
1363 1452 1504 1474 assensus
1521 1443 1625 1481 est,sic
1639 1442 1736 1474 ablui-

86 1487 721 1535 υηὶἱιὲἶιιῖιῑιῖἕῖᾄνὲἷέι]ὲ“ϐἒωὶὶ›ἷῖ›ἳέιίἰοὶιὲῖῐὶι.
730 1487 871 1535 ’ᾇυῦἶέηὶ
880 1506 902 1532 c
916 1499 992 1528 mus,
1007 1489 1043 1535 ad
1055 1499 1106 1520 605
1115 1490 1168 1535 qui
1176 1489 1314 1535 dicunt“?
1325 1488 1474 1529 Γνδίτθενίη
1485 1488 1582 1519 locum
1600 1487 1650 1519 “bi
1661 1497 1736 1535 θρη-

84 1541 138 1564 pore
152 1535 244 1570 scripta
260 1534 426 1564 Cohortutio.
439 1535 481 1563 IV.
497 1535 626 1563 Refellitur
636 1534 776 1564 Casimirus
789 1536 872 1565 Oudi-

84 1576 141 1596 nus.
165 1569 196 1598 V.
212 1570 273 1598 Alia
284 1571 364 1598 oratio
384 1570 467 1598 minus
480 1570 543 1598 belle
561 1570 663 1598 Iustino
678 1571 777 1599 videtur
794 1573 873 1600 attri-

86 1604 148 1632 buta.
161 1605 205 1633 VI.
218 1607 294 1634 Libcr
305 1605 340 1633 De
354 1606 509 1635 mamrclu'a
524 1606 627 1634 minime
640 1607 752 1635 mutilus.
771 1607 872 1636 Eusebii

86 1639 159 1673 locus,
181 1642 359 1679 quimutilnm
374 1650 431 1670 esse
454 1647 623 1678 persuaserat,
642 1651 705 1670 nova
719 1643 872 1679 interpreta-

87 1679 150 1703 tione
168 1678 321 1712 explicatur.

91 1715 111 1747 Ι.
131 1719 293 1759 Postquam
305 1720 335 1750 S.
350 1723 462 1759 martyr
475 1719 709 1751 Christianorum
727 1721 880 1760 mysteriis

56 1759 176 1794 initiatus
191 1768 246 1801 est,
267 1773 327 1794 nou
341 1773 463 1803 segnem
479 1773 600 1804 operam
615 1764 713 1804 posuit
742 1766 770 1796 in
799 1766 879 1798 evol-

59 1807 151 1838 vendis
163 1808 328 1849 Scripturis
339 1808 442 1845 sacris,
452 1812 480 1839 et
495 1818 530 1839 ea
542 1808 718 1840 Christianae
733 1809 876 1842 doctrinis

59 1851 213 1890 cognitione
222 1853 438 1894 comparanda,
451 1862 518 1894 quae
529 1863 587 1884 non
599 1854 690 1885 cuivis
701 1863 718 1885 e
731 1855 875 1887 Christic-

59 1903 152 1940 norum
168 1897 266 1938 vulgo,
286 1897 339 1929 sed
356 1898 468 1929 homini
482 1897 599 1929 erudito
625 1902 654 1930 et
667 1899 703 1930 ad
719 1899 874 1940 religionis

57 1939 247 1974 defensionem
265 1946 336 1974 nato
352 1947 540 1982 congrueret.
558 1942 705 1979 Quantum
735 1939 874 1976 habuerit

58 1993 132 2015 nsum
148 1987 314 2028 Scriptura;
329 1997 432 2025 sacrae,
448 1987 580 2018 declarat
594 1987 674 2019 illius
687 1998 753 2019 cum
768 1989 871 2020 tudaao

57 2027 202 2071 Tryphone
217 2027 380 2072 Dialogus,
397 2031 428 2062 in
444 2041 502 2072 quo
518 2037 546 2062 et
569 2032 744 2064 immensam
761 2043 870 2074 prope-

59 2077 165 2120 modum
174 2077 413 2108 testimoniorum
426 2076 529 2108 silvam
540 2076 701 2117 depromit,
714 2087 802 2118 quam
810 2079 874 2120 qui-

58 2117 116 2149 dem
132 2123 306 2153 memoriter
320 2122 350 2153 in
366 2122 430 2162 ipso
446 2130 610 2162 congressu
623 2117 876 2164 etcolloquio‘ne-

913 1534 1024 1574 gregati
1038 1538 1118 1572 sunt,
1134 1533 1322 1570 adducimus,
1338 1541 1512 1564 communes
1522 1541 1628 1573 preces
1638 1532 1736 1563 animo

913 1579 1027 1610 intento
1042 1578 1159 1610 facturi.
1170 1591 1184 1607 ι
1204 1577 1274 1609 Erat
1285 1586 1355 1618 ergo
1363 1577 1495 1610 Justinus
1512 1586 1549 1609 ex
1563 1586 1666 1608 eorum
1683 1586 1735 1608 nu-

914 1633 996 1655 mero
1012 1624 1062 1665 qui
1078 1623 1274 1664 baptizabant,
1291 1627 1321 1653 et
1345 1622 1522 1664 baptizatum
1548 1621 1737 1653 deducebant

912 1669 950 1701 ad
962 1669 1061 1700 locum
1074 1668 1126 1700 ubi
1140 1669 1247 1700 fratres
1259 1668 1428 1708 congregati
1445 1671 1539 1699 erant.
1551 1667 1617 1698 Alio
1630 1667 1735 1698 inloco

920 1718 1059 1746 recenset
1068 1714 1184 1745 seinter
1195 1712 1345 1754 principes
1356 1712 1457 1753 populi
1468 1711 1738 1751 Christiani,seque

920 1760 950 1791 in
965 1761 1021 1791 hoc
1049 1758 1252 1800 perfungendo
1267 1766 1392 1789 munere
1406 1766 1423 1789 a
1439 1756 1623 1797 principibus
1638 1756 1738 1796 populi

916 1804 1031 1836 Judaici
1048 1804 1135 1842 longe
1149 1803 1321 1843 discrepare
1333 1802 1498 1842 proﬁtetur.
1507 1813 1522 1829 α
1534 1801 1570 1832 Et
1584 1810 1637 1831 nos
1649 1800 1738 1840 igitur
1754 1803 1757 1805 ’

917 1849 1024 1880 timore
1034 1848 1164 1885 adducti,
1178 1847 1274 1888 inquit
1287 1847 1409 1887 Dialog.
1424 1856 1455 1878 n.
1468 1845 1518 1882 82,
1531 1853 1688 1876 sermones
1696 1854 1738 1875 se-

914 1894 1045 1925 cundum
1056 1893 1222 1933 Scripturas
1232 1891 1369 1923 conferre
1377 1890 1543 1928 studemus,
1553 1889 1676 1921 minime
1687 1898 1739 1920 au-

914 1944 973 1971 tem
985 1939 1120 1980 pecunia
1133 1941 1183 1969 aut
1195 1937 1299 1976 gloriae
1313 1935 1485 1976 cupiditate,
1502 1939 1552 1966 aut
1565 1943 1667 1980 amore
1683 1944 1736 1965 vo-

913 1979 1042 2025 luptatis.
1060 1982 1179 2014 Nullum
1195 1981 1276 2014 enim
1292 1990 1326 2012 ex
1341 1980 1388 2025 his
1403 1983 1450 2012 est
1475 1979 1666 2025 vitiis,7cujus
1683 1989 1738 2010 nos

914 2023 1070 2071 quisquam
1084 2036 1210 2068 arguere
1223 2026 1328 2071 possit.
1343 2024 1447 2071 Neque
1458 2023 1539 2056 enim
1551 2023 1693 2071 similiter
1702 2033 1736 2054 ac

916 2069 1068 2116 principes
1083 2071 1183 2114 populi
1191 2072 1279 2116 vestri
1290 2070 1389 2102 vivere
1400 2069 1738 2116 voluimus,quibusDeus

917 2113 973 2150 hoc
983 2113 1123 2159 probrum
1131 2116 1244 2157 objicit:
1258 2115 1418 2155 Principes
1428 2115 1523 2159 vestri
1533 2114 1608 2145 socii
1614 2113 1735 2153 furum,

59 2172 132 2195 resse
146 2165 194 2198 fuit
209 2167 345 2203 recitari.
360 2158 389 2197 et
401 2158 584 2206 Scripturam
611 2166 704 2206 ipsam
724 2158 768 2199 sic
779 2169 872 2200 inter—
884 2158 1214 2204 Ddiligjentesmunera,
1229 2163 1444 2206 persequentes
1459 2158 1701 2206 retributionem.
1721 2170 1733 2187 ι

60 2211 188 2252 pretatur,
205 2211 401 2244 utJudaicam
413 2211 605 2252 pertinaciam
618 2212 789 2252 pertringat.
805 2212 870 2243 Non

59 2250 155 2283 desunt
166 2257 262 2287 tamen
282 2255 331 2296 qui
341 2250 476 2287 sanctum
492 2250 647 2295 martyrem
657 2250 749 2287 inhoc
760 2266 870 2296 genere

60 2297 131 2333 parvi
142 2299 254 2334 faciant.
270 2305 301 2332 et
312 2299 472 2340 Scriptum
483 2300 707 2338 intelligentiam
719 2301 749 2331 in
765 2311 800 2332 eo
816 2301 871 2333 de-

61 2340 188 2386 siderent,
204 2348 367 2386 propterea
378 2344 457 2385 quod
473 2344 643 2384 altegoricis
656 2345 873 2385 interpretatio-

60 2385 136 2417 nibus
149 2385 283 2426 nimium,
303 2393 334 2420 ut
349 2389 405 2429 ipsi
421 2388 602 2426 existimant,
615 2388 764 2430 indulgeat
786 2389 869 2422 Haud

62 2431 184 2470 equidem
195 2443 340 2475 negavero
355 2433 499 2465 nonnulla
509 2433 587 2474 apud
598 2434 746 2465 Justinum
763 2444 869 2466 occur-

63 2482 129 2513 rere,
145 2487 205 2517 ηυδε
219 2479 340 2519 longius
356 2483 449 2510 tracta
464 2478 637 2517 videantur;
654 2479 707 2510 sed
724 2479 802 2510 inter
818 2480 870 2511 has

64 2520 168 2565 umbras
177 2524 309 2556 eminent
318 2528 406 2565 atque
417 2523 585 2554 enitescunt
595 2522 651 2553 alia
663 2523 870 2565 plurima,quze

66 2562 173 2611 mirifice
181 2562 389 2610 comprobant,
407 2567 561 2598 hominum
573 2562 870 2608 doctissimorum-ju-

65 2605 140 2654 dicio,
151 2610 177 2642 id
186 2605 261 2653 quod
278 2615 310 2645 S.
317 2605 427 2654 martyr
434 2612 508 2652 grati
523 2611 615 2642 animi
629 2621 719 2644 causa
731 2605 867 2652 testatur,

66 2650 129 2702 {tunc
142 2650 266 2693 granum
277 2659 340 2690 sibi
355 2667 374 2689 a
392 2650 639 2702 Deoiconcessam
655 2665 728 2698 esse,
737 2661 774 2690 ut
785 2650 868 2690 illius

67 2695 220 2744 δεςρριυταε
234 2703 430 2744 intelligeret,
450 2701 565 2740 Dialog.
584 2711 615 2732 ιι.
634 2702 684 2733 58.

100 2740 153 2773 Νοη
169 2747 258 2780 minus
268 2740 508 2780 ritae'sanctitate
519 2755 607 2786 quam
616 2746 753 2778 doctrina
765 2747 869 2778 micuit

68 2782 190 2820 Justinus.
205 2790 265 2825 Non
279 2793 409 2825 obscure
424 2782 558 2823 indicant
582 2789 741 2832 Epiphanii
766 2792 867 2834 verba,

912 2203 1116 2242 Sacerdotium
1126 2206 1233 2238 Justini
1240 2206 1347 2246 exejus
1354 2205 1436 2236 Actis
1446 2203 1617 2235 conﬁrmari
1626 2205 1735 2243 potest,

913 2265 949 2287 ex
975 2253 1083 2295 quibus
1107 2251 1181 2283 illud
1197 2251 1302 2282 saltem
1320 2249 1467 2289 colligitur
1479 2248 1640 2280 ecclesiam
1656 2247 1738 2295 in‘ea

913 2291 1014 2336 domo,
1031 2297 1062 2328 in
1075 2306 1133 2338 qua
1147 2296 1284 2336 degebat,
1300 2295 1404 2332 fuisse,
1422 2302 1477 2324 nec
1493 2302 1574 2338 eum,
1605 2291 1736 2338 quandiu

914 2345 1016 2375 Romae
1029 2336 1094 2379 fuit,
1111 2341 1201 2372 alium
1217 2343 1382 2372 conventus
1395 2339 1493 2369 locum
1508 2336 1595 2368 obire
1614 2336 1735 2368 solitum

911 2389 1013 2420 fuisse.
1031 2387 1180 2424 Quaerenti
1207 2386 1286 2416 enim
1304 2384 1442 2425 praefecto
1460 2391 1548 2423 quem
1578 2383 1608 2412 in
1636 2382 1734 2412 locum

912 2432 1071 2466 Christiani
1086 2431 1288 2468 convenirent,
1305 2433 1335 2460 et
1348 2437 1418 2460 suos
1429 2427 1563 2460 Justinus
1574 2426 1736 2467 discipulos

912 2480 1115 2518 congregaret,
1132 2475 1295 2516 respondet
1308 2473 1443 2506 Justinus
1458 2482 1491 2504 se
1504 2471 1623 2518 nullum
1633 2471 1735 2518 otium

912 2515 1073 2555 conuentus
1088 2515 1190 2552 locum?
1199 2527 1379 2559 cognoscere
1386 2521 1492 2558 praeter
1504 2516 1625 2548 domum
1640 2515 1671 2547 in
1680 2525 1738 2556 qua

912 2567 1063 2599 manebat.
1081 2565 1206 2597 Videtur
1224 2565 1289 2605 ipse
1301 2562 1460 2604 praetectus
1471 2561 1690 2593 sacerdotalem
1705 2561 1738 2592 in

910 2612 1024 2644 Iustino
1038 2610 1211 2651 dignitatem
1227 2617 1400 2650 agnoscere,
1415 2607 1486 2638 dum
1502 2606 1567 2647 ejus
1580 2606 1680 2637 socios
1695 2606 1738 2637 sic

909 2658 1082 2697 interrogat:
1089 2655 1283 2688 Christianos
1299 2663 1352 2685 vos
1365 2654 1435 2692 fecit
1443 2651 1737 2697 JustinustGratiam

909 2701 1072 2734 sacerdotii
1088 2701 1117 2731 in
1139 2700 1253 2732 Justino
1271 2708 1389 2742 vacuam
1405 2707 1464 2728 non
1480 2696 1572 2728 fuisse
1586 2696 1740 2742 declarant

909 2747 1020 2778 eximia
1036 2746 1068 2777 in
1085 2745 1250 2777 Ecclesiam
1267 2741 1385 2784 merita,
1401 2751 1489 2784 quam
1515 2750 1575 2772 non
1600 2741 1695 2772 solum
1710 2744 1739 2771 et

909 2792 974 2824 viva
989 2800 1062 2823 voce
1078 2794 1108 2822 et
1129 2790 1248 2831 scriptis
1260 2789 1400 2831 pietatem
1413 2786 1642 2830 spirantibus,ut
1653 2785 1740 2818 multi
