1961 3071
228 93 284 128 lib

675 97 706 128 3.
727 96 912 129 JUSTINUS
931 96 1194 129 PHILOSOPHUS
1214 97 1263 128 ET
1288 96 1464 128 MARTYB.

1861 93 1920 126 116

225 160 273 191 alii
289 161 406 198 Patres,
423 160 556 192 defendit
570 166 599 192 et
614 162 738 202 ornavit,
751 161 804 193 sed
816 162 951 199 etiam,id
967 163 1046 204 quod
1057 167 1077 191 Α
1089 162 1178 194 detur
1188 162 1400 202 abjudicanda.
1411 163 1557 204 Scriptam
1574 162 1665 193 fuisse
1677 171 1736 193 non
1749 161 1840 192 multo
1853 165 1922 201 post

227 204 383 246 perpaucis
394 206 528 246 contigit,
541 205 749 237 molestissimo
761 210 895 247 tempore
908 206 1047 239 afﬂictam

226 254 255 282 et
269 253 421 291 vastatam,
437 259 473 281 ex
485 259 601 282 summa
615 260 716 282 rerum
727 251 963 292 perturbatione,
977 252 1046 284 dum

223 294 434 336 imperatorem
461 294 560 327 oblata
587 295 723 337 apologis
744 296 851 337 placat,
881 297 911 328 in
932 301 1047 338 portum

226 338 529 380 tranquillitatemque
546 348 598 380 pro
622 349 675 371 sua
704 345 788 380 parte
816 340 956 373 restituit.
989 341 1046 373 Sed

225 383 294 425 quia
308 383 345 414 de
361 384 512 425 plerisque
527 384 607 416 illius
625 385 768 426 operibus
789 386 889 417 multae
917 395 1047 425 magnae-

224 438 283 470 que
299 433 367 459 sunt
381 429 571 470 quaestiones,
588 439 626 461 an
635 430 783 470 genuinus
797 431 856 462 sint
864 430 943 462 illius
958 432 1046 469 fetus,

225 483 264 504 an
291 473 407 513 integra
435 474 472 505 ad
502 484 556 506 nos
572 475 772 517 pervenerint,
790 481 820 507 et
838 485 896 517 quo
912 481 1048 518 tempore

225 518 256 549 in
269 518 366 549 lucem
378 518 475 557 edita;
488 527 588 558 operae
603 520 730 560 pretium
741 524 786 551 est
802 521 831 551 in
847 520 892 551 his
907 521 1010 561 rebus,
1023 521 1048 553 si

226 572 284 604 qua
312 563 428 594 ratione
444 563 568 604 possim,
599 564 782 605 explicandis
811 569 840 596 et
866 565 1049 597 illustrandis

225 607 393 639 immorari.

266 652 302 685 ll.
318 652 416 684 Paeter
425 652 499 684 duas
512 653 682 695 Apologias,
694 654 732 686 de
746 654 854 695 quibus
870 655 958 686 modo
977 664 1048 695 age-

226 706 302 735 mus,
319 697 385 729 duae
395 697 461 728 aliae
471 702 586 729 exstant
601 698 633 730 S.
650 700 784 740 martyris
796 700 938 731 adversus
949 699 1048 731 ethni-

225 751 277 773 cos
291 741 544 780 elucubrationes,
561 752 686 783 quarum
713 743 804 775 altera
824 753 917 785 eaque
932 744 1047 776 brevis-

225 787 300 833 sima
313 785 491 833 inscribitur
506 787 612 833 Oratio
627 788 774 833 adversus
790 790 927 828 Gracos;
957 790 1049 820 altera
1061 808 1079 833 Β

226 830 319 862 multo
332 831 458 871 longior,
471 831 645 864 Cohortatio
656 833 697 864 ad
705 832 840 866 Graecos.
852 833 989 865 Totidem
1000 834 1047 866 Ju-

225 875 304 907 stino
318 875 460 907 adversus
476 877 611 908 ethnicos
626 877 707 915 libri,
724 883 831 918 praeter
845 879 919 910 duas
934 879 1046 918 Apolo-

225 921 303 960 gias,
312 920 485 952 tribuuntur
492 921 528 952 ab
540 921 683 960 Eusebio,
695 922 874 964 Hieronymo
884 927 913 954 et
927 923 1047 962 Photio;

226 964 279 996 sed
293 968 393 996 utrum
407 965 498 996 iidem
515 965 605 998 hodie
620 971 746 1004 exstent,
765 967 817 1009 qui
832 968 903 999 olim
920 978 936 999 δ
962 973 1045 1000 vete-

226 1009 309 1040 ribus
328 1011 553 1042 commemorati
566 1016 646 1050 sunt,
663 1012 903 1044 examinandum.
922 1012 971 1045 Sic
999 1013 1046 1044 lo-

226 1054 327 1095 quitur
340 1054 487 1087 Eusebius
501 1055 540 1087 de
554 1056 601 1087 his
610 1056 726 1088 duobus
740 1057 843 1089 libris:
864 1058 911 1087 Κλὶ
937 1057 1017 1091 ἄλλος
1033 1060 1046 1086 ὁ

225 1094 291 1139 sipo;
307 1094 448 1142 ιἘλλπῃνας
463 1100 489 1128 ἐν
505 1102 528 1137 ᾧ
538 1102 638 1141 μακρὸν
653 1103 711 1142 περὶ
722 1102 853 1131 πλείστων
868 1101 929 1142 παρ’
939 1104 1006 1141 ἡμῖν
1018 1114 1045 1132 τε

225 1144 268 1172 καὶ
303 1150 362 1176 τοῖς
385 1140 521 1180 Ἐλλήνων
537 1140 693 1187 φιλόσὸφοιξ
705 1147 873 1185 ζητουμένων
889 1140 1045 1180 natussi”;

225 1188 317 1229 λόγον⁷
339 1189 398 1228 rupi
426 1192 474 1223 τῆς
499 1192 552 1218 τῶν
581 1189 713 1229 δαιμόνων
735 1190 907 1229 διαλαμϐάνει
929 1192 1043 1232 φύσεως,

226 1233 242 1261 ἄ
270 1232 342 1263 οὖδὲν
363 1233 394 1262 ἄν
419 1233 519 1275 Erret-{ot
555 1238 634 1264 τανῦν
672 1237 868 1275 παρατίθεσθαι,
895 1237 945 1265 Καὶ
973 1239 1044 1270 αὖθις

225 1277 312 1318 ἕτερον
347 1279 411 1318 πρὸς
433 1273 576 1313 ’Ἓλληνας
591 1280 628 1313 εἷς
645 1273 717 1321 inde
737 1280 861 1316 ἕλήλυθεν
883 1282 962 1309 αἱ»τοῦ
977 1282 1043 1321 σύγ-

225 1333 347 1363 γραμμα,
363 1323 377 1351 δ
402 1323 445 1352 καὶ
470 1323 618 1364 ἐπέγραψεν
645 1320 797 1366 ”Ελεγχον,
818 1338 832 1354 α
856 1325 910 1357 Est
924 1328 954 1356 et
969 1320 1044 1358 alius

224 1366 289 1407 ejus
304 1366 381 1398 liber
394 1367 539 1411 adversus
549 1368 689 1408 gentiles,
706 1370 736 1400 in
749 1379 807 1411 quo
837 1373 990 1410 postquam
1007 1371 1044 1402 de

169 1419 171 1421 '
225 1404 361 1458 plurimis
375 1404 599 1458 quaestionibus,
611 1404 745 1454 quintam
758 1404 779 1446 ἒ
793 1404 921 1457 nostris;
931 1425 1018 1458 quam
1028 1425 1045 1447 a

224 1456 378 1497 gentilium
392 1457 577 1498 philosophis
589 1458 691 1498 agitari
704 1458 812 1498 solent,
826 1456 976 1492 uberrime
987 1461 1046 1492 dis-

225 1493 348 1542 putavit,
360 1493 443 1532 suam
457 1502 495 1532 de
510 1493 792 1535 naturadaamonum
801 1493 979 1538 sententiam
995 1516 1044 1537 ex-
1053 1493 1073 1518 Ο

225 1546 318 1585 ponit,
330 1554 418 1586 quam
429 1546 550 1586 quidem
566 1547 616 1578 hic
630 1547 765 1579 inserere
771 1549 843 1580 nihil
857 1560 978 1582 necesse
987 1555 1042 1582 est.

224 1589 308 1621 Alius
322 1593 465 1630 praeterea
478 1591 612 1631 ejusdem
626 1591 702 1623 liber
716 1593 856 1625 adversus
868 1595 994 1634 gentiles
1009 1595 1044 1626 ad

224 1643 279 1681 nos
291 1635 435 1681 pervenit,
444 1644 530 1676 quem
543 1635 594 1667 illo
602 1635 848 1676 Confulationem
860 1640 1043 1681 inscripsit.»

225 1679 368 1725 Similiter
378 1679 575 1725 Hieronymus
591 1681 622 1711 in
638 1681 713 1712 libro
731 1683 774 1713 De
791 1679 990 1725 scriptoribus
1000 1693 1046 1716 ec-

224 1723 416 1755 clesiasticis:
434 1734 447 1753 ε
466 1723 566 1756 Exstat
580 1725 645 1765 ejus
658 1729 687 1757 et
696 1725 774 1758 aliud
791 1723 929 1760 volumen
945 1733 1048 1761 contra

226 1772 341 1809 gentes,
357 1767 407 1799 ubi
422 1768 460 1814 die
474 1768 641 1800 daemonum
658 1779 778 1811 quoque
790 1776 894 1804 natura
904 1773 1046 1814 disputat;

227 1816 257 1858 et
263 1817 401 1858 quartum
412 1813 554 1858 adversus
561 1817 675 1854 gentes,
689 1816 735 1846 cui
748 1815 863 1848 titulum
879 1813 1049 1858 praenotavit

227 1857 384 1898 ’Ἔλεγχοςι
404 1869 416 1886 ι
440 1858 478 1890 Et
492 1857 627 1900 Photius,
657 1859 724 1890 cod.
747 1861 821 1892 195:
860 1857 992 1902 Τέσσαρας
1020 1863 1046 1891 δὲ

226 1903 408 1942 πραγματείας
424 1904 492 1932 κατὰ
507 1906 559 1932 τοῖιν
576 1903 655 1933 ἐθνῶν
691 1906 864 1939 συνέταξε....
896 1908 922 1936 ἐν
958 1907 984 1936 δὲ
1012 1912 1046 1947 τῇ

226 1947 300 1987 τρίτῃ
312 1948 371 1988 περὶ
400 1949 502 1993 φύσεως
531 1947 664 1988 δαιμόνων
685 1948 837 1983 διείλεκται.
857 1948 885 1982 Ὀ
908 1952 935 1981 δὲ
949 1952 1045 1993 τέταρ-

285 1992 356 2030 άῦτῷ
370 1992 449 2033 λόγός
464 1993 562 2039 eiiciat:
576 1994 644 2022 κατὰ
658 1996 712 2023 τῶν
747 1995 826 2025 ἐθνῶν
861 1999 1044 2037 συγκείμενος,

226 2035 233 2047 ’
242 2035 368 2077 Ἐλεγχος
379 2037 528 2077 ἐπιγραφὴν
542 2037 618 2078 ἔχει.
638 2050 650 2067 ι
663 2039 757 2070 Porro
772 2035 942 2081 quatuor'ad
948 2050 1046 2074 versus

223 2085 326 2121 gentes
347 2085 486 2113 tractatus
502 2082 719 2123 composuit...
737 2084 767 2115 in
783 2086 869 2117 tertio
885 2086 922 2117 de
934 2086 1045 2118 daemo-

1089 209 1314 239 conversionem
1331 208 1438 239 lustini
1450 207 1609 247 conjicitur
1620 216 1654 238 ex
1664 207 1728 247 ipso
1739 205 1919 247 primordio,

1089 251 1168 292 quod
1180 252 1223 282 sic
1239 252 1348 283 habet:
1369 264 1382 280 α
1396 253 1440 284 Ne
1456 252 1633 290 existimate,
1651 251 1757 288 Graeci,
1776 250 1857 281 nulla
1870 259 1921 281 me

1089 305 1157 327 cum
1170 297 1285 328 ratione
1297 300 1348 328 aut
1364 296 1445 328 nullo
1457 306 1523 328 cum
1533 296 1647 336 judicio
1662 305 1679 327 a
1695 295 1798 326 vestris
1813 295 1922 326 ritibus

1089 341 1265 378 descivisse,
1287 353 1298 370 ι

1130 385 1213 422 Quod
1244 389 1341 417 autem
1358 390 1471 426 spectat
1494 386 1530 418 ad
1546 385 1712 426 longiorem
1741 385 1919 420 orationem,

1089 439 1155 471 quae
1171 439 1248 461 nunc
1263 430 1446 468 inscribitur,
1463 430 1643 462 Cohortatio
1659 430 1702 461 ad
1716 431 1920 464 Gra'cos.eam

1091 479 1119 505 et
1131 474 1259 514 antiquis
1269 479 1370 505 notam
1385 474 1474 506 fuisse
1488 478 1517 506 et
1527 475 1557 505 in
1572 474 1921 515 germanissimisJustini

1088 519 1207 560 scriptis
1220 519 1436 550 numerandam
1447 519 1546 551 multis
1559 519 1724 550 rationibus
1735 519 1922 549 demonstra-

1088 567 1145 595 tur.
1162 563 1244 594 Nihil
1259 563 1289 594 in
1306 563 1356 594 illa
1371 564 1493 604 quidem
1508 564 1614 604 legitur
1625 563 1662 594 de
1678 563 1847 594 daemonum
1861 572 1920 594 na-

1090 608 1244 646 tura,nihil
1255 608 1292 638 de
1302 609 1517 648 quaestionibus
1529 613 1587 640 tam
1599 608 1676 649 apud
1688 613 1817 644 nostros,
1830 617 1920 647 quam

1089 652 1166 693 apud
1182 653 1308 692 gentiles
1324 653 1519 694 philosophos
1549 653 1654 693 agitari
1683 653 1787 683 solitis
1821 653 1921 689 Quare

1090 697 1194 728 eadem
1211 706 1276 728 esse
1292 706 1351 728 non
1369 702 1467 738 potest
1482 707 1516 729 ac
1532 698 1582 729 illa
1593 697 1864 738 pertractatio,quaa
1881 697 1919 728 de

1090 741 1259 773 daemonum
1271 746 1375 773 natura
1390 742 1567 775 disserebat.
1583 743 1620 773 At
1635 742 1709 773 nihll
1735 745 1813 772 vetat
1834 750 1920 773 eam-

1090 786 1157 817 dem
1175 795 1297 827 prorsus
1314 796 1380 818 esse
1395 796 1428 817 ac
1445 796 1593 828 eam,qua2
1604 786 1756 819 Elenchus
1766 786 1828 817 sive
1841 787 1920 817 Con-

1088 832 1200 870 futalio
1213 831 1446 871 inscribebatur.
1466 831 1666 873 Praeterquam
1681 832 1758 872 quod
1772 830 1920 862 librorum

1090 875 1167 906 tituli
1183 880 1224 906 tot
1245 876 1420 907 mutationes
1436 876 1626 907 librariorum
1658 875 1776 906 licentia
1803 876 1921 916 experti

1088 924 1170 958 sunt,
1186 924 1217 951 ut
1229 929 1264 951 ex
1278 921 1354 952 tituli
1372 921 1510 952 varietate
1537 921 1610 952 nihil
1637 920 1774 951 concludi
1800 920 1918 961 possit;

1088 969 1169 996 certe
1185 974 1220 997 ex
1235 964 1327 997 rebus
1342 966 1372 996 iu
1396 966 1450 997 hac
1466 966 1600 997 oratione
1628 964 1813 1006 pertractatis
1845 974 1919 1004 per-

1089 1009 1213 1050 spicitur
1227 1019 1292 1041 eam
1313 1011 1424 1051 optime
1436 1011 1559 1041 inscribi
1583 1011 1715 1051 potuisse
1744 1008 1917 1040 Elenchum

1088 1054 1150 1086 sive
1177 1055 1430 1095 Confutationcm.
1447 1055 1523 1086 Nihil
1552 1055 1632 1086 enim
1662 1054 1741 1085 aliud
1768 1053 1840 1094 agit,
1856 1054 1920 1084 nisi

1089 1099 1253 1139 utgentiles
1262 1099 1432 1130 domesticis
1439 1101 1620 1140 argumentis
1632 1099 1812 1140 proﬂigct,et
1822 1107 1857 1129 ex
1869 1108 1920 1129 eo—

1088 1152 1154 1175 rum
1170 1144 1365 1184 scriptoribus
1385 1144 1556 1176 iuanitatem
1583 1148 1610 1175 et
1625 1143 1768 1175 insaniam
1786 1142 1920 1174 ethnicus

1086 1188 1526 1230 superstitionis,antiquitatem
1538 1197 1613 1220 verae
1622 1187 1778 1228 religionis
1787 1187 1917 1218 demon-

1086 1236 1169 1264 stret.
1186 1232 1279 1264 Nemo
1296 1242 1355 1264 non
1369 1234 1449 1265 videt
1461 1243 1548 1273 quam
1575 1237 1643 1274 apte
1672 1235 1816 1272 congruat
1833 1231 1918 1264 .huic

1085 1277 1255 1308 disserendi
1269 1278 1378 1309 rationi
1392 1278 1520 1310 Elenchi
1531 1278 1593 1308 sive
1601 1277 1832 1317 Con/uiationis
1849 1276 1919 1307 tilu-

1085 1322 1141 1353 lus.
1158 1322 1234 1353 Hinc
1258 1332 1324 1353 cum
1338 1322 1509 1363 Stephanus
1535 1322 1667 1354 Gobarus
1680 1320 1836 1357 Tritheita,
1865 1322 1917 1361 qui

1085 1367 1192 1398 saculo
1206 1371 1287 1397 sexto
1303 1367 1463 1406 scribebat,
1481 1377 1568 1398 unam
1587 1367 1715 1408 aliquam
1731 1365 1762 1397 S.
1779 1366 1918 1406 martyris

1086 1411 1264 1442 sententiain
1283 1412 1411 1450 citasset,
1425 1421 1490 1452 quae
1506 1413 1535 1443 in
1552 1412 1607 1442 hac
1632 1412 1767 1443 oratione
1795 1409 1914 1448 legitur,

1086 1465 1178 1496 eaque
1194 1456 1302 1486 mirum
1326 1457 1356 1487 in
1374 1457 1493 1487 modum
1511 1458 1696 1494 abuteretur,
1721 1453 1829 1488 rel‘ellil
1845 1464 1914 1486 eum

1085 1500 1208 1531 Photius
1217 1500 1273 1525 “3"
1288 1510 1322 1531 ex
1331 1502 1479 1542 proposito
1492 1502 1523 1532 S.
1539 1501 1661 1539 Justini,
1674 1511 1761 1542 quem
1779 1503 1836 1533 hoc
1847 1501 1915 1533 loco

1085 1544 1254 1576 Elencltum
1271 1545 1333 1576 sive
1363 1546 1611 1585 Confutalionem
1641 1547 1786 1588 Platonis,
1818 1547 1914 1578 Eleu-

1087 1588 1174 1619 chum
1196 1590 1381 1621 ethnicorum
1406 1590 1526 1630 aggredi
1555 1591 1753 1622 demonstrat.
1787 1591 1915 1623 Videtur

1087 1642 1158 1673 ergo
1174 1633 1236 1664 haec
1249 1634 1313 1674 ipsa
1326 1643 1392 1666 esse
1409 1635 1501 1666 oratio
1515 1644 1600 1676 quam
1613 1636 1725 1676 antiqui
1737 1635 1912 1668 Elenchum

1087 1678 1247 1718 appellant,
1258 1683 1287 1709 et
1301 1684 1405 1720 quarto
1416 1679 1482 1710 loco
1494 1680 1572 1710 inter
1585 1680 1693 1711 Justini
1705 1684 1808 1712 contra
1816 1681 1914 1717 ethni-

1088 1731 1139 1753 cos
1154 1723 1266 1764 scripta
1282 1729 1531 1756 commemorant.

1127 1767 1224 1799 Testis
1238 1772 1336 1799 autem
1367 1774 1411 1800 est
1434 1769 1603 1810 Stephanus
1619 1770 1671 1801 ille
1685 1769 1819 1802 Gobarus
1835 1771 1913 1802 hanc

1088 1812 1250 1844 orationem
1268 1817 1350 1844 sexto
1366 1814 1473 1845 saeculo
1487 1814 1567 1845 inter
1578 1815 1707 1854 genuina
1722 1814 1754 1846 S.
1772 1816 1913 1856 martyris

1089 1865 1180 1896 opera
1187 1863 1370 1889 numeratam
1380 1859 1482 1890 fuisse.
1496 1859 1554 1891 Sed
1566 1859 1644 1900 quod
1658 1869 1721 1891 rem
1733 1869 1912 1901 causamque

1089 1902 1217 1933 maxime
1228 1903 1371 1940 continet,
1385 1904 1450 1943 ipsa
1458 1904 1553 1935 oratio
1566 1914 1624 1935 non
1636 1913 1728 1944 pauca
1740 1904 1912 1944 suppeditat

1088 1955 1122 1977 ex
1134 1946 1240 1986 quibus
1251 1952 1403 1987 parentem
1412 1948 1561 1980 Justinum
1573 1949 1851 1989 agnoscas.Scripta
1865 1953 1911 1980 est

1087 1991 1124 2023 ab
1150 1992 1271 2024 homine
1302 1993 1339 2023 ab
1369 1993 1556 2024 ethnicorum
1585 1993 1846 2034 superstitionibus
1875 1994 1910 2024 ad

1088 2035 1283 2068 Christianam
1308 2037 1481 2078 religionem
1510 2047 1655 2069 converso
1673 2047 1681 2076 ;
1698 2037 1801 2079 objicit
1830 2038 1910 2069 enim

1087 2081 1225 2118 ethnicis,
1242 2091 1308 2122 qua;
1323 2082 1406 2123 prius
1421 2082 1577 2120 didicerat,
1595 2092 1662 2114 cum
1680 2083 1758 2113 inter
1774 2091 1825 2113 eos
1842 2092 1911 2114 ver—

222 2134 294 2172 num
312 2130 416 2157 natura
429 2126 580 2172 disseruit.
592 2126 719 2172 Quartus
729 2129 817 2161 etiam
828 2135 931 2162 contra
941 2136 1045 2172 gentes
1057 2130 1210 2172 οεθΐθῑυΐς
1231 2139 1245 2154 ι
1275 2128 1513 2158 Consentaneum
1538 2127 1677 2165 arbitror,
1695 2128 1791 2167 inqu“
1814 2137 1843 2158 n-
1860 2129 1908 2166 Ην

221 2169 258 2201 ab
274 2179 309 2202 eo
324 2171 504 2211 compositus
518 2171 692 2204 inscribitur
709 2174 898 2214 Confutatio.
912 2188 926 2204 ι

262 2214 304 2246 Ex
319 2215 434 2262 duabus
447 2215 555 2247 Justini
569 2216 714 2249 adversus
726 2224 829 2258 gentes
844 2220 1041 2262 orationibus,

221 2269 288 2301 quae
305 2260 343 2291 ad
358 2270 413 2292 nos
429 2265 640 2302 pervenerunt,
651 2267 756 2294 neutra
770 2264 943 2296 inscribitur
958 2260 1040 2297 Con?

221 2306 343 2344 futatio,
360 2310 465 2336 neutra
481 2305 603 2338 disserit
617 2306 655 2337 de
669 2311 773 2338 natura
787 2309 1041 2346 daemonum.Quaa

222 2349 340 2380 brevior
350 2353 405 2388 est,
419 2349 548 2381 Eusebio
557 2355 627 2381 nota
637 2356 686 2382 aut
696 2352 800 2384 saltem
812 2359 974 2385 memorata
985 2364 1042 2385 non

221 2393 286 2440 fuit:
304 2403 371 2425 nam
400 2403 502 2440 neque
526 2394 684 2440 donatura
699 2397 880 2438 daemonum,
897 2409 994 2440 neque
1007 2399 1044 2430 de

221 2438 288 2470 aliis
303 2438 517 2479 quaestionibus
544 2439 580 2470 ab
609 2440 738 2472 Eusebio
764 2442 901 2475 indicatis
928 2438 1040 2475 tractat.

221 2483 458 2529 Deosgentilium
467 2487 554 2515 acute
565 2485 702 2525 exagitat;
713 2486 765 2517 sed
773 2497 875 2519 eorum
883 2488 1043 2529 ‘opiniones

221 2527 290 2575 data
318 2536 410 2575 opera
427 2529 667 2575 non_confutat.
695 2530 791 2567 Quare
821 2542 879 2564 non
907 2527 958 2564 est
991 2533 1042 2564 ille

220 2571 362 2613 "mmo:
377 2571 414 2603 ab
427 2571 556 2604 Eusebio
573 2574 721 2607 laudatus.
745 2576 851 2607 Mirum
868 2581 966 2609 autem
983 2587 1042 2608 non

219 2621 275 2654 est,
290 2618 315 2648 si
326 2617 408 2649 illius
421 2617 606 2658 diligentiam
622 2619 706 2661 fugit,
718 2630 784 2651 cum
802 2622 840 2653 sit
855 2622 1041 2654 brevissima.

218 2663 314 2695 Nemo
329 2661 409 2694 illam
420 2661 573 2703 ahjudicat
582 2662 613 2695 S.
632 2666 749 2706 martyri
764 2676 772 2702 ς
790 2675 846 2699 nec
857 2667 988 2708 profecto
997 2667 1044 2698 vi-

256 2741 318 2764 W”
330 2742 402 2775 God.
419 2742 489 2777 232.

1084 2180 1150 2212 quae
1167 2171 1248 2212 prius
1263 2171 1341 2212 apud
1354 2181 1404 2202 vos
1420 2172 1467 2203 his
1482 2172 1520 2204 de
1535 2173 1626 2203 rebus
1639 2172 1750 2212 audivi,
1768 2182 1803 2203 ea
1831 2182 1911 2204 nunc

1082 2218 1114 2250 in
1131 2219 1266 2255 tempore
1280 2221 1385 2247 contra
1399 2226 1450 2247 vos
1473 2217 1662 2258 depromere.
1683 2229 1695 2245 ι
1712 2217 1794 2254 Quod
1810 2222 1911 2248 autem

1083 2261 1120 2292 de
1131 2262 1232 2300 Moyse
1241 2264 1270 2291 et
1280 2261 1433 2301 prophetis
1443 2262 1553 2293 dictum
1565 2263 1672 2302 legitur
1681 2262 1803 2302 inLangi
1813 2261 1911 2293 inter-

1085 2305 1264 2345 pretatione,
1282 2315 1316 2336 n.
1333 2307 1346 2336 1
1364 2314 1371 2337 :
1391 2307 1520 2345 Maiores
1536 2309 1631 2338 nostri
1646 2307 1747 2338 divini
1761 2307 1908 2342 homines.

1086 2349 1266 2390 persuadere
1282 2350 1435 2381 nonnullis
1451 2357 1552 2391 posset
1566 2355 1718 2383 auctorem
1738 2352 1825 2390 hujus
1840 2361 1909 2382 ora—

1086 2394 1174 2425 tionis
1198 2398 1293 2425 ortum
1322 2404 1357 2425 ex
1386 2395 1495 2427 Judaais
1522 2405 1597 2426 esse.
1630 2397 1688 2428 Sed
1705 2396 1806 2428 Graeca
1820 2396 1909 2428 verba

1086 2440 1109 2468 οἱ
1124 2439 1248 2478 ἡμέτεροι
1270 2440 1338 2468 κατὰ
1354 2441 1420 2468 Θεὸν
1441 2441 1580 2480 πρόγονοι,
1605 2441 1648 2472 sic
1662 2441 1747 2472 reddi
1775 2440 1906 2472 debent:

1084 2483 1186 2514 Nostri
1201 2484 1233 2514 in
1246 2483 1338 2515 rebus
1348 2484 1464 2516 divinis
1479 2487 1621 2525 majores;
1634 2485 1742 2526 quibus
1757 2495 1793 2516 ex
1810 2485 1908 2516 verbis

1085 2529 1264 2571 perspicitur
1280 2530 1438 2570 prophetas
1448 2540 1507 2562 non
1523 2530 1679 2562 ίιιοὶιιοᾰεώ
1691 2531 1747 2562 hoc
1760 2530 1907 2570 scriptore

1084 2574 1127 2606 sic
1141 2574 1294 2615 appellari,
1312 2575 1390 2614 quod
1407 2583 1445 2606 ex
1454 2584 1557 2606 eorum
1568 2580 1656 2615 gente
1665 2579 1749 2607 ortus
1761 2574 1906 2615 esset,sed

1084 2619 1163 2660 quod
1177 2618 1333 2659 religionis
1349 2624 1468 2657 nostrae,
1497 2624 1528 2650 ut
1555 2619 1620 2660 ipse
1650 2629 1680 2652 n.
1709 2622 1746 2651 10
1772 2622 1905 2656 testatur,

1085 2662 1219 2705 magistri
1236 2663 1358 2696 tuerint.
