1961 3071
82 98 127 130 117

548 99 583 130 D.
609 98 756 130 MARANI
778 98 990 130 PREFATIO.
1013 114 1051 121 —
1072 97 1178 130 PARS.
1201 99 1257 130 III.

1692 98 1748 131 118

112 164 216 196 Pariter
227 166 255 196 in
264 165 413 197 Justinum
423 165 534 205 optime
544 163 774 204 convenit,quod
783 166 888 194 auctor
897 168 915 192 A
929 163 1125 204 praedictio,ut
1136 173 1202 196 eam
1218 173 1251 195 ex
1264 164 1378 195 eventis
1390 165 1489 196 fictam
1505 164 1597 195 fuisse
1611 163 1655 195 vix
1666 164 1747 204 quis-

77 210 153 249 liujus
164 211 262 250 operis
277 210 384 241 vidisse
400 219 432 240 se
449 213 549 240 narrat
563 208 751 240 Alexandriae
766 208 886 247 vestigia

75 254 246 295 cellularum,
264 255 293 285 in
303 254 411 295 quibus
426 254 617 294 Septuaginta
633 254 812 293 interpretes
827 253 885 283 ela-

73 298 182 330 borasse
198 299 380 337 ferebamur,
395 304 422 330 et
438 298 538 331 Cumis
554 299 584 330 in
611 299 773 338 C'impania
787 297 883 328 sacel-

73 343 123 373 lum
138 343 345 384 Sibyllae.Cum
357 351 443 375 natus
456 348 534 374 esset
549 343 577 374 in
596 342 884 374 PalaestinaJustinus

72 397 100 418 ac
127 395 268 428 praeterea
292 389 457 420 studiorum
483 397 583 424 causa,
599 392 630 419 ut
643 387 782 427 vidimus,
796 395 884 427 pere-

73 433 195 472 grinatus
204 433 396 474 sit,perfacile
409 433 709 474 potuitAlexaudriam
723 431 882 473 proficisci,

74 487 121 508 nec
129 478 278 510 dillicilius
287 479 393 511 Cumas
403 478 485 509 invise
497 488 612 519 re,cum
623 479 746 509 Romam
757 479 881 517 peteret.

74 522 146 558 Quod
161 529 259 554 autem
284 524 314 554 in
338 528 396 554 tota
411 523 544 555 oratione
560 524 742 554 demonstrat
754 520 884 552 veritatis

72 568 260 607 cognitionem
290 578 348 599 non
379 569 415 600 ab
429 568 556 600 ethnicis
577 566 782 607 scriptoribus,
799 565 852 596 sed
867 575 884 596 a

72 613 213 651 prophetis
236 613 393 653 petendam
407 622 497 653 esse;
515 622 553 644 an
578 612 738 653 quidquam
766 612 883 644 Justino

71 657 154 696 magis
169 662 321 697 congruat.
349 659 400 699 qui
424 658 460 688 ad
486 657 661 697 religionem
685 656 880 688 Christianam

69 710 218 732 conversus
229 703 408 734 fuerat.cnm
421 702 525 734 eadem
535 712 570 733 ex
581 710 652 733 sene
663 701 761 732 Subito
773 711 880 733 occur-

69 750 144 777 rente
157 747 325 778 audiisset'.’

102 791 208 831 Stylum
221 792 247 823 si
259 792 324 832 quis
336 792 506 823 consideret
517 791 668 826 attentius.
681 790 802 822 omnino
813 799 880 822 cum

68 835 126 866 aliis
139 836 246 867 Justini
257 836 398 877 operibus
413 836 585 868 consentire
596 835 748 873 fatebitur,
766 840 798 866 ut
825 835 882 866 ob-
894 856 913 880 Β

69 885 156 911 servat
170 881 275 912 Bullus
292 881 435 922 probante
449 881 650 912 Tillemontio.
678 880 758 912 Inest
784 884 882 911 tamen

70 925 130 956 huic
140 925 266 957 orationi
282 926 400 966 quidam
418 926 505 966 nitor,
524 935 612 966 quem
629 926 658 956 in
685 925 751 956 aliis
776 925 881 956 Justini

69 979 80 1000 s
97 969 178 1010 riptis
200 970 357 1002 desideres
387 969 444 1002 Sed
461 971 532 1011 quid
545 971 663 1007 mirum,
688 971 711 1001 si
737 971 880 1012 Justinus,

68 1014 110 1055 qui
123 1016 197 1046 hanc
212 1015 379 1046 orationem
395 1025 453 1046 non
470 1016 560 1046 multo
577 1019 642 1056 post
658 1016 881 1048 conversiouem

67 1060 351 1101 scripsit,expolitius
362 1060 480 1092 dicendi
495 1070 588 1100 genus
604 1060 633 1090 in
651 1060 696 1090 his
712 1060 882 1100 primordiis

68 1110 235 1143 persecutus
251 1108 320 1137 est?
337 1105 450 1136 Deinde
465 1115 535 1136 vero
550 1105 627 1136 idem
642 1105 683 1135 illi
699 1105 881 1145 propositum

68 1159 119 1180 non
135 1150 186 1180 fuit
201 1150 232 1180 in
250 1151 306 1181 hoc
321 1160 411 1190 opere
426 1159 460 1180 ac
474 1151 503 1180 in
521 1149 765 1190 Apotogiis,quas
776 1150 882 1181 obtulit

66 1194 302 1234 imperatoribus.
320 1195 374 1226 Hic
390 1195 497 1226 leniter
512 1195 642 1235 disputat
658 1204 724 1225 cum
740 1195 879 1232 ethnicis,

65 1244 89 1269 ct
104 1248 136 1270 ca
152 1244 397 1280 pertractat,quie
408 1239 556 1271 sermonis
569 1239 765 1270 concinnitati
782 1239 880 1271 locum

65 1283 176 1314 dabant.
194 1286 351 1325 Apologia:
365 1289 462 1316 autem
479 1294 537 1315 non
565 1288 718 1315 mansueta
745 1284 881 1324 disputa-

66 1329 149 1369 tione,
165 1330 218 1360 sed
241 1330 398 1361 acerrimis
423 1329 554 1371 querelis
584 1328 793 1364 continentur;
826 1337 882 1360 nec

63 1373 190 1406 Justinus
205 1376 236 1405 in
263 1375 315 1405 illo
345 1374 458 1412 dolore,
490 1383 578 1415 quem
609 1383 643 1404 ex
672 1373 881 1404 molestissimo

66 1418 201 1450 Ecclesiae
216 1424 354 1459 tempore
369 1419 512 1460 capiebat,
527 1418 612 1449 valde
626 1417 879 1459 laborabat,quain

61 1464 207 1504 eleganter
217 1469 246 1495 et
259 1468 367 1495 ornate
377 1463 502 1495 diceret.

97 1508 141 1540 lll.
161 1510 203 1541 Ex
219 1511 278 1540 hac
292 1515 390 1540 autem
405 1508 572 1540 disserendi
584 1508 699 1539 ratione
713 1508 881 1539 existimare

60 1555 122 1584 licet
137 1564 195 1594 quo
209 1559 349 1595 tempore
374 1554 485 1594 scripta
510 1553 598 1585 fuerit.
623 1553 728 1585 oratio.
759 1551 881 1584 Videtur

60 1599 134 1630 nlilla
153 1604 222 1630 tunc
248 1599 383 1630 smviisse
399 1599 578 1639 persecutio.
603 1599 706 1639 Neque
736 1599 829 1636 enim,
857 1597 881 1628 si

60 1645 186 1684 quotidie
198 1643 398 1675 fususfuisset
412 1643 646 1675 Christianorum
656 1643 881 1683 sanguis,otium

62 1694 107 1719 aut
120 1689 256 1720 voluntas
289 1689 392 1720 fuisset
419 1689 451 1720 S.
482 1688 606 1727 martyri
628 1687 665 1718 de
696 1689 825 1718 Platonis
853 1689 884 1719 et

63 1734 227 1765 Aristotelis
244 1734 445 1773 dissensione,
457 1743 491 1764 ac
506 1733 543 1764 de
553 1733 619 1764 aliis
632 1732 780 1773 ejusmodi
794 1732 885 1763 rebus

65 1782 117 1809 tam
137 1778 259 1819 copiose
289 1778 468 1816 diSSi-rendi,
499 1784 530 1809 et
559 1777 741 1818 antiquitatis
764 1777 882 1808 laudem

62 1824 180 1855 ethnicis
195 1823 394 1864 scriptoribus
405 1823 609 1864 praeripiendi,
622 1823 703 1854 nulla
713 1823 831 1853 interim
847 1822 885 1853 de

62 1868 455 1908 Christianorumslippliciis
464 1867 540 1899 facta
549 1867 885 1899 mentione.Verisimile

63 1922 124 1952 ergo
135 1919 178 1944 est
194 1914 272 1945 hanc
306 1913 471 1944 orationem
500 1913 642 1952 scriptam
660 1912 752 1944 fuisse
780 1911 884 1952 primis

63 1958 192 1989 Antonini
206 1959 470 1999 annis,antequam
480 1958 658 1998 persecutio,
675 1967 741 1998 quae
754 1957 810 1988 sub
827 1958 884 1988 hoc

63 2001 406 2042 imperatoreEcclesiam
419 2002 767 2038 afﬂixit,acrioraJustini
782 2002 882 2033 studia

64 2046 93 2075 ad
104 2048 254 2088 religionis
268 2048 476 2079 defensionem
489 2048 642 2079 excitaret.
654 2047 727 2079 [llud
740 2054 822 2078 certe
837 2048 881 2077 vix

64 2090 183 2124 dubitari
196 2094 307 2134 possit,
316 2098 384 2124 ante
394 2092 556 2132 Apologias
568 2093 623 2123 hoc
638 2102 712 2132 opus
723 2091 883 2123 elucubra-

64 2139 118 2166 tum
130 2146 206 2176 esse,
226 2138 310 2178 quod
328 2138 461 2178 quaedam
480 2137 575 2177 potius
587 2137 733 2168 adversus
748 2137 886 2168 ethnlcos

66 2181 197 2223 velitatio,
213 2193 309 2224 quam
322 2183 407 2223 plena
420 2182 574 2222 religionis
586 2182 720 2213 defensio
731 2191 797 2212 esse
807 2181 887 2212 vide—

891 1578 911 1603 C

65 2231 117 2264 tur,
127 2233 155 2258 et
163 2218 233 2260 satis
243 2218 370 2269 quidem
386 2228 459 2258 scite
471 2218 621 2267 profanam
637 2226 837 2258 eruditionem
850 2227 885 2257 ad
903 2218 923 2243 ο

64 2272 191 2305 ethnicos
203 2273 391 2304 refellendos
401 2272 588 2309 convertit,at
598 2272 628 2302 in
637 2271 821 2312 explicandis
835 2280 886 2302 re-

65 2316 173 2355 ligionis
189 2318 370 2349 Christianae
387 2316 543 2356 principiis
554 2326 612 2347 non
628 2317 816 2346 immoratur.
829 2318 887 2348 Cur

63 2366 153 2393 autem
164 2363 237 2394 illud
246 2362 433 2395 adAnlonini
441 2362 537 2402 potius
546 2371 633 2401 quam
643 2360 805 2392 adAdriani
814 2365 871 2393 tem

66 2416 132 2444 pora
146 2408 287 2445 referam,
305 2409 361 2439 hoc
377 2412 443 2438 utor
458 2411 646 2446 argumento,
664 2406 741 2446 quod
759 2406 887 2436 citentur

66 2451 92 2481 in
108 2461 141 2482 eo
156 2451 295 2494 Sibyllini
322 2461 435 2483 versus.
453 2451 537 2488 Quod
557 2451 637 2481 enim
653 2451 771 2490 legitur,
789 2461 818 2481 n.
837 2450 886 2488 38,

67 2494 176 2536 Sibylla:
189 2498 282 2528 libros
297 2501 360 2528 toto
372 2497 446 2528 orbe
459 2496 581 2531 servari,
598 2505 725 2536 eamque
736 2497 774 2527 de
785 2497 889 2535 futuro

67 2540 227 2573 Saluatoris
234 2542 368 2574 adventu
379 2542 453 2572 etde
461 2540 600 2572 omnibus
611 2541 695 2571 rebus
706 2549 780 2580 quos
794 2544 892 2579 gestu-

71 2594 117 2616 rus
145 2590 220 2625 erat,
240 2587 321 2618 clare
333 2591 361 2618 et
373 2590 480 2626 aperte
489 2587 713 2626 praenuntiare,
732 2586 777 2616 his
793 2585 892 2616 verbis

69 2629 319 2673 Sibyllini,qualvs
333 2631 423 2662 hodie
434 2634 562 2666 exstant,
583 2630 650 2660 libri
662 2630 843 2669 indicantur,
861 2632 891 2663 in

71 2675 169 2713 quibus
181 2682 238 2708 tam
250 2680 354 2718 aperta
366 2680 409 2706 est
423 2685 521 2706 rerum
537 2685 553 2706 a
565 2675 682 2706 Christo
693 2675 890 2715 gerendarum

104 2759 162 2783 ’3'"
178 2761 302 2793 Cobort.
318 2765 337 2792 t.
356 2761 376 2792 I.
391 2771 421 2805 p.
445 2761 512 2795 187.

926 218 1014 249 quam
1030 209 1119 240 hodie
1134 219 1192 240 non
1209 209 1342 240 fateatur.
1360 209 1418 240 Sed
1432 219 1499 240 cum
1524 209 1658 249 pluribus
1673 209 1748 241 locis

926 263 1062 284 versuum
1079 254 1302 295 Sibyllinorum,
1320 254 1483 294 praesertim
1502 263 1571 285 vero
1600 253 1652 285 lib.
1683 264 1744 293 VIII,

926 298 962 330 ill.
981 299 1161 336 Antoninus,
1176 298 1227 339 qui
1241 298 1277 330 ab
1294 298 1423 330 Adriano
1438 299 1594 339 adoptatus
1609 304 1653 330 est
1666 309 1745 331 anno

926 343 995 381 138,
1014 348 1042 374 et
1059 345 1094 374 M.
1110 343 1248 375 Aurelius
1264 347 1292 374 et
1307 343 1415 375 Lucius
1430 342 1526 375 Verus
1551 343 1655 375 eodem
1668 353 1745 376 anno

924 388 961 419 ab
978 389 1124 420 Antonino
1137 388 1277 428 adoptati,
1295 391 1327 418 ut
1341 388 1464 419 Adriani
1482 397 1673 420 successores
1687 389 1745 420 de-

925 432 1079 472 signentur
1095 443 1104 471 ;
1119 433 1212 474 liquet
1227 433 1281 464 hos
1296 432 1387 464 libros
1398 436 1466 464 ante
1481 441 1591 464 annum
1609 433 1678 473 138,
1695 435 1745 474 qui

926 482 1091 518 postremus
1105 477 1159 509 fuit
1172 477 1306 515 Adriani,
1322 477 1480 508 fabricatos
1495 487 1554 508 non
1580 477 1670 509 luisse
1687 488 1696 517 ;
1711 487 1746 509 ac

925 522 1049 563 proinde
1064 522 1320 554 elucubrationem
1333 522 1450 562 Justini,
1477 522 1508 553 in
1535 532 1594 562 qua
1619 522 1649 552 bi
1678 522 1747 554 libri

925 571 985 598 toto
1002 567 1074 599 orbe
1086 567 1230 598 asservari
1247 566 1397 605 dicuntur,
1423 566 1459 598 ad
1475 566 1618 598 Antonini
1649 568 1745 607 potius

924 621 1010 652 quam
1024 612 1060 643 ad
1075 612 1199 644 Adriani
1214 612 1372 652 imperium
1389 621 1457 643 esse
1471 611 1673 643 referendam.

964 657 1063 689 Rsmae
1070 657 1214 697 scriptum
1228 661 1273 687 est
1283 657 1340 687 hoc
1355 665 1441 696 opus,
1453 655 1600 696 siquidem
1611 656 1746 688 Justinus

924 701 1035 733 Italiam
1053 705 1271 742 peragraverat,
1289 709 1323 733 ac
1334 700 1459 741 proinde
1474 701 1596 732 Romam
1609 707 1746 734 venerat.

923 748 962 778 At
977 746 1009 778 S.
1024 750 1133 787 martyr
1149 750 1303 787 postquam
1334 746 1459 778 Romam
1490 745 1620 782 advenit,
1651 747 1744 778 semel

924 796 1036 823 tantum
1052 801 1087 823 ex
1101 791 1156 822 hac
1167 790 1240 822 urbe
1252 799 1389 831 egressus
1404 795 1458 828 est,
1477 795 1508 822 ut
1523 791 1612 822 modo
1629 791 1744 823 videbi-

924 846 1001 878 mus,
1017 836 1107 878 idque
1128 840 1195 877 post
1219 836 1344 877 primam
1373 836 1562 877 Apologiam,
1595 846 1662 877 quae
1689 836 1746 868 hoc

924 891 1015 923 opere
1030 882 1177 922 posterior
1189 886 1245 914 est.

965 927 1010 959 ιν.
1028 926 1089 958 Nec
1107 926 1279 958 criticorum
1291 926 1423 958 omnium
1442 935 1616 964 consensus,
1636 935 1691 957 nec
1705 930 1747 957 tot

924 976 1001 1003 nota
1013 971 1120 1013 quibus
1135 971 1266 1003 Justinus
1280 971 1369 1012 hujus
1393 970 1536 1002 orationis
1562 980 1668 1011 parens
1697 970 1747 1002 di-

923 1017 1084 1057 gnoscitur,
1102 1015 1277 1048 Casimirum
1286 1015 1436 1048 Oudinum
1444 1017 1748 1056 deterruerunt,quo-

925 1061 1023 1092 minus
1030 1062 1060 1092 in
1067 1060 1370 1100 suoDcscriptoribus
1376 1061 1587 1092 ecclesiasticis
1597 1069 1747 1092 commen-

924 1105 996 1137 tario
1011 1106 1197 1146 suppositum
1209 1105 1364 1147 S.martyri
1378 1106 1593 1147 pronuntiaret.
1612 1105 1751 1147 Quinque

922 1150 1086 1182 rationibus
1097 1151 1200 1182 nititur
1211 1150 1328 1190 ‘5‘“,de
1337 1150 1446 1191 quibus
1457 1150 1601 1191 judicium
1615 1151 1671 1181 erit
1681 1159 1752 1182 eru-

923 1195 977 1226 diti
993 1195 1122 1227 lectoris.
1155 1196 1186 1226 1ο
1202 1195 1294 1236 Negat
1309 1195 1339 1227 in
1361 1196 1509 1228 Justinum
1526 1205 1561 1226 ex
1575 1195 1753 1236 parentibus

924 1239 1051 1271 ethnicis
1064 1245 1164 1271 natum
1178 1240 1350 1280 convenire,
1363 1240 1440 1280 quod
1463 1240 1504 1270 ait
1528 1244 1632 1271 auctor
1658 1240 1747 1280 hujus

924 1285 1065 1316 orationis
1079 1295 1111 1315 se
1125 1285 1301 1316 divinorum
1315 1285 1468 1324 majorum
1481 1293 1570 1316 sacra
1593 1288 1620 1315 et
1648 1285 1746 1325 pieta-

924 1334 981 1361 tem
1007 1330 1100 1369 sequi.
1130 1331 1168 1360 At
1193 1329 1341 1361 Oudinum
1363 1329 1482 1370 decepit
1501 1329 1598 1360 minus
1611 1334 1747 1361 accurata

925 1374 1024 1414 Langi,
1043 1379 1074 1405 ut
1089 1374 1150 1414 jam
1166 1374 1399 1410 observavimus,
1416 1374 1632 1414 interpretatio.

962 1418 995 1448 2ο
1010 1419 1156 1451 Observat
1170 1419 1316 1450 Justinum
1332 1418 1362 1449 in
1379 1419 1504 1458 Dialogo
1532 1418 1642 1450 Judaeis
1668 1417 1744 1459 obji-

923 1473 1004 1500 cere.
1018 1464 1095 1505 quod
1104 1463 1381 1504 interpretationem
1393 1462 1586 1504 Septuaginta
1597 1463 1744 1503 rejiciant,

923 1518 1048 1549 eamque
1059 1508 1259 1548 corruperint;
1286 1513 1437 1540 auctorem
1457 1517 1526 1539 vero
1552 1509 1747 1539 Parwneticoe

923 1554 1074 1585 orationis
1084 1557 1214 1584 statuere
1221 1553 1593 1594 versionemSeptuoginta
1600 1555 1747 1594 interpre-

925 1603 988 1630 tum
997 1599 1171 1639 incorrupte
1187 1599 1219 1629 in.
1234 1599 1408 1630 Judworum
1419 1599 1581 1638 synogogis
1601 1607 1746 1630 asserva-

925 1649 996 1685 tom,
1011 1653 1029 1676 a
1043 1644 1158 1676 Judwis
1166 1645 1303 1684 agnitum
1317 1645 1422 1683 fuisse,
1436 1647 1466 1675 et
1480 1647 1587 1675 contra
1599 1643 1748 1675 adversa-

925 1691 987 1721 rios
997 1698 1188 1730 quoscunque
1203 1689 1384 1720 adhibitam.
1404 1688 1460 1720 Sed
1487 1698 1584 1719 annon
1611 1689 1676 1720 ﬁeri
1693 1699 1747 1729 po-

927 1735 981 1766 tuit
1005 1739 1037 1766 ut
1064 1735 1207 1772 Justinus,
1225 1744 1293 1764 cum
1309 1735 1386 1765 hanc
1402 1735 1567 1764 orationem
1587 1733 1746 1771 scriberet,

925 1780 1056 1811 nondum
1072 1779 1233 1821 quidquam
1250 1779 1393 1810 audiisset
1404 1777 1621 1810 deJudaorum
1635 1778 1747 1809 facino-

925 1834 957 1856 re
967 1828 982 1856 ?
997 1825 1162 1862 Quinetiam
1179 1823 1339 1855 verisimile
1355 1827 1399 1854 est
1415 1823 1546 1854 nondum
1561 1823 1679 1854 Judzeos
1694 1823 1749 1853 de-

925 1870 1004 1900 disse
1017 1869 1168 1900 materiam
1186 1867 1442 1908 criminationibus
1458 1867 1566 1907 quibus
1583 1877 1635 1898 eos
1647 1868 1676 1899 in
1699 1868 1749 1899 Di-

927 1914 1014 1955 alogo
1030 1914 1138 1955 premit
1150 1914 1302 1945 Justinus:
1332 1912 1374 1943 ibi
1389 1912 1481 1950 enim,
1498 1923 1527 1943 n.
1558 1914 1609 1949 73,
1642 1922 1749 1945 recens

926 1969 991 1990 esse
1005 1968 1108 1990 eorum
1125 1959 1238 1989 facinus
1253 1958 1394 1989 declarat.

965 2003 1029 2035 Non
1047 2003 1166 2044 mrjoris
1179 2003 1318 2044 ponderis
1334 2003 1421 2034 tertia
1436 2007 1464 2034 et
1479 2007 1585 2043 quarta
1596 2002 1748 2035 ratio.Su—

926 2049 978 2080 mit
1005 2048 1172 2088 argumenti
1197 2048 1263 2079 loco
1290 2049 1368 2089 quod
1404 2048 1538 2080 Justinus
1560 2048 1589 2078 in
1604 2048 1749 2088 Apologia

926 2094 1085 2126 lectionem
1101 2093 1250 2134 Hystaspis
1266 2097 1294 2124 et
1306 2093 1481 2133 Sibyllarum
1496 2096 1524 2123 et
1537 2093 1748 2132 prophetarum

928 2139 1045 2180 capitali
1062 2139 1206 2179 supplicio
1223 2138 1409 2169 interdictam
1426 2137 1573 2178 queritur,
1590 2137 1667 2177 quod
1679 2137 1749 2168 Pla-

933 2189 1031 2216 tonem
1051 2183 1080 2214 in
1110 2183 1249 2214 omnibus
1278 2183 1417 2223 operibus
1445 2182 1544 2213 laudat
1572 2181 1750 2222 impendio;

931 2230 1032 2261 contra
1041 2232 1144 2260 auctor
1154 2228 1352 2259 Parceneticaz
1362 2228 1481 2259 oration
1487 2226 1664 2258 isPlatonem
1676 2227 1750 2258 tioc-

928 2275 1025 2307 cifacit
1036 2279 1064 2305 et
1075 2274 1246 2310 insectatur,
1262 2282 1296 2303 ac
1306 2282 1364 2304 non
1382 2272 1470 2303 modo
1486 2272 1577 2302 libros
1589 2271 1753 2312 Sibyllinos

929 2329 981 2359 per
997 2323 1089 2350 totum
1103 2318 1204 2349 orbem
1222 2327 1341 2358 sparsos
1357 2326 1422 2348 esse
1439 2321 1573 2357 testatur,
1591 2317 1643 2347 sed
1661 2316 1750 2347 etiam

928 2364 1013 2395 facile
1029 2373 1094 2394 esse
1111 2363 1178 2400 illis,
1196 2363 1245 2403 qui
1261 2371 1360 2393 sacras
1385 2361 1552 2402 Scripturas
1567 2361 1666 2400 legere
1682 2360 1751 2391 nol-

928 2409 1000 2449 lent,
1015 2418 1049 2439 ex
1065 2407 1181 2448 Sibyllae
1192 2407 1324 2438 carmine
1339 2406 1499 2447 primordia
1512 2410 1618 2436 nostra;
1633 2405 1751 2445 religio-

930 2453 975 2484 nis
991 2453 1158 2485 addiscere.
1175 2451 1260 2484 Unde
1275 2452 1363 2483 etiam
1381 2460 1485 2483 omnes
1501 2450 1612 2481 ibidem
1627 2449 1664 2481 ad
1678 2449 1751 2481 illo—

932 2509 996 2530 rum
1013 2497 1170 2529 lectionem
1187 2497 1333 2528 hortatur.

974 2543 1086 2574 Vereor
1102 2552 1138 2573 ne
1155 2542 1213 2572 otio
1229 2541 1309 2573 abuti
1326 2541 1439 2582 videar,
1456 2541 1527 2571 dum
1543 2539 1690 2580 ejusmodi
1701 2549 1753 2570 ra-

934 2588 1081 2619 tiunculas
1096 2587 1210 2618 refello.
1234 2586 1367 2618 Justinus
1388 2586 1417 2616 in
1441 2585 1507 2616 aliis
1536 2585 1688 2625 operibus,
1714 2583 1754 2615 ita

933 2633 1019 2663 etiam
1035 2633 1065 2663 in
1077 2632 1131 2663 hac
1147 2631 1389 2662 orationelaudat
1403 2631 1433 2661 in
1451 2631 1571 2663 Platone
1592 2629 1754 2660 nonnulla—

932 2686 997 2708 rum
1013 2677 1225 2708 sententiarum
1236 2687 1302 2708 cum
1313 2677 1419 2718 Moysis
1429 2676 1565 2708 doctrina
1579 2673 1754 2706 similitudiv-
