1961 3071
190 121 247 153 119

642 122 672 153 S.
695 121 880 153 JUSTINUS
902 118 1160 151 PHILOSOPHUS
1182 121 1230 152 ET
1254 121 1428 152 MARTYR.

1821 118 1883 150 120

189 197 269 220 nem.
281 188 339 219 Sed
350 188 428 230 quod
439 189 477 219 ait
487 189 515 219 in
529 187 896 219 CohortationePlatonem
910 196 1010 218 secum
1024 191 1042 214 Α
1056 191 1202 217 munerat.
1232 187 1345 219 Natalis
1359 187 1529 219 Alexander
1557 188 1672 219 Justino
1701 187 1737 218 ab
1753 187 1881 218 eruditis

189 242 320 274 pugnare
331 243 387 264 nec
398 233 475 264 belle
483 233 715 273 accepisse,qua:
722 242 759 263 ex
765 232 868 273 tloysis
881 231 1011 263 fontibus

189 278 338 315 hauserat,
350 278 430 309 idem
442 279 529 309 docet
543 278 573 308 in
589 278 681 318 Apol.
700 288 729 309 n.
753 278 770 310 8
796 281 825 308 et
840 277 890 309 60.
917 276 1011 313 Quili-

190 323 274 354 etiam
291 322 401 353 fatetur
416 322 501 354 initio
521 322 652 363 Dialogi,
669 322 742 353 nihil
757 322 921 360 Platonem,
939 321 1011 351 nihil

189 368 382 407 Pythagoram
409 367 515 398 vidisse
542 368 573 398 in
594 367 631 397 iis
644 367 746 408 rebus,
764 367 801 398 de
823 366 931 407 quibus
944 370 1013 396 tunc

188 412 320 443 Justinus
336 421 403 443 cum
421 421 494 443 sene
506 411 684 452 disputabat.
703 412 746 444 De
761 411 913 453 Sibyllinis
929 410 1014 442 libris

190 456 316 488 mirifice
328 456 665 488 consentitCohortatio
693 465 759 487 cum
790 456 953 497 Apologia.
982 455 1014 484 In

190 501 285 542 prima
301 502 380 532 enim
395 501 529 533 Justinus
544 502 598 532 hos
614 501 707 532 libros
719 505 781 532 toto
797 501 869 532 orbe
891 499 1013 539 servari,

189 556 206 577 a
221 546 395 578 Christianis
407 546 544 578 videlicet
560 557 567 583 ;
585 547 614 576 in
634 545 782 586 Apologia
807 549 906 577 autem
923 554 1013 576 cons-

190 595 288 622 tanter
302 601 319 622 a
334 591 511 623 Christianis
523 591 580 631 legi
597 595 730 622 testatur.

231 635 339 672 Quinto
355 635 485 676 denique
500 636 565 667 loco
583 635 626 666 sic
641 635 856 666 ratiocinator:
877 645 889 662 α
907 633 1016 666 Obser-

189 684 259 712 vant
271 681 421 719 Tatianus,
439 681 599 721 Eusebius,
615 679 812 720 Hieronymus
838 683 869 710 et
895 679 1016 711 Photius

189 726 337 758 Iustinum
351 726 383 757 in
399 725 549 757 Oratione
564 728 748 766 paraenetica
760 725 796 755 ad
825 724 952 764 gentiles
979 724 1016 755 de

191 771 359 802 damonum
376 775 482 802 natura
498 770 688 806 disseruisse;
706 769 790 810 cujus
806 773 904 800 tamen
928 778 1015 809 argu-

193 816 286 847 menti
301 815 382 846 nulla
392 815 422 846 in
439 816 495 847 hoc
509 824 650 847 sermone
659 814 781 855 vestigia
796 818 921 845 exstant.
941 827 952 843 ο

232 859 308 892 Citat
322 859 463 891 Tatianus
480 870 570 891 unum
586 859 707 900 aliquod
719 859 828 891 Justini
852 860 890 890 de
904 859 1013 890 daemo-

193 905 282 937 nibus
292 905 608 944 dictum;atsumptum
618 914 685 936 esse
701 914 737 935 ex
752 904 1018 935 Parameticaom-

193 952 274 982 tione
285 960 345 981 non
358 949 550 990 dicit.Neque
562 949 650 980 etiam
659 948 1018 989 Eusebius,Hieronymus

193 999 222 1028 et
233 995 440 1035 Photius,cum
452 995 599 1027 Iustinum
611 994 647 1025 de
659 999 766 1025 natura
777 994 946 1025 daemonum
959 993 1017 1024 dis-

193 1040 323 1072 seruisse
339 1040 483 1075 dicerent,
497 1039 535 1070 de
544 1048 588 1077 ea,
604 1048 669 1079 qua;
677 1048 755 1069 nunc
769 1038 799 1069 in
812 1038 948 1069 manibus
960 1043 1016 1077 est,

193 1085 326 1117 oratione
356 1084 562 1125 loquebantur,
594 1083 646 1115 sed
659 1083 696 1114 de
713 1083 781 1124 alia,
799 1083 836 1114 de
861 1093 919 1124 qua
939 1093 1018 1114 nunc

194 1131 295 1171 paucis
311 1130 459 1169 agendum
477 1129 564 1159 nobis
581 1133 636 1160 est.

235 1174 269 1206 V.
280 1171 380 1206 Oratio
391 1174 454 1211 illa,
471 1174 499 1204 in
517 1183 574 1215 qua
587 1173 737 1205 Justinum
753 1172 898 1203 Eusebius
913 1173 949 1203 de
964 1182 1017 1203 na-

196 1224 260 1250 tura
279 1220 447 1250 dtemonum
464 1219 617 1259 disputare
646 1221 767 1248 testatur
789 1222 818 1248 et
833 1217 869 1247 de
886 1217 1019 1257 pluribus

194 1265 284 1295 rebus
299 1268 357 1295 tum
369 1264 446 1304 apud
460 1267 589 1304 nos,tum
604 1263 680 1302 apud
693 1261 819 1302 gentiles
830 1263 1019 1302 philosophos

194 1309 295 1350 agitari
311 1308 495 1349 solitis,nihil
512 1307 590 1339 aliud
607 1307 725 1338 videtur
741 1317 818 1347 esse,
831 1317 918 1347 quam
943 1307 1020 1338 liber

194 1355 236 1386 De
244 1355 395 1391 universo,
408 1363 496 1394 quem
505 1353 627 1384 Photius
634 1353 702 1384 Caio
714 1352 834 1393 quidem
847 1352 1018 1392 presbytero

195 1399 348 1439 proprium
361 1398 462 1438 tradit,
475 1398 526 1428 sed
538 1401 636 1428 tamen
646 1397 764 1429 Justino
777 1396 814 1428 ab
825 1396 1019 1434 aliis,Irenaeo

196 1448 226 1474 et
241 1443 370 1484 Josepho
386 1453 403 1473 a
418 1442 570 1473 nonnullis
586 1441 676 1472 tribui
692 1442 809 1473 fatetur.
826 1444 856 1471 1ο
867 1441 956 1472 Liber
971 1441 1021 1472 ille

195 1489 236 1520 De
249 1490 403 1525 universo,
419 1487 522 1518 itidem
539 1493 570 1517 ut
586 1487 708 1524 Oratio,
722 1495 809 1527 quam
819 1485 1021 1517 EnsebiusJu-

1053 231 1633 273 existimatabjudicari;Tillemontius,
1664 242 1751 272 quem
1785 232 1879 272 pleri—

1054 285 1109 316 que
1125 275 1173 306 alii
1189 277 1283 308 secuti
1300 283 1381 318 snnt,
1395 282 1445 308 aut
1458 278 1549 308 alium
1567 287 1690 318 prorsus
1699 277 1735 308 ab
1752 286 1787 308 eo
1799 286 1880 317 esse,

1054 330 1142 360 quem
1165 321 1311 352 Eusebius
1327 332 1362 353 ex
1378 322 1471 353 sacris
1487 327 1515 353 et
1541 322 1674 362 profanis
1704 321 1883 352 testimoniis

1055 369 1191 397 constare
1207 367 1404 404 declarat,aut
1415 367 1440 398 si
1455 367 1532 398 idem
1547 367 1702 407 sit,saltem
1720 367 1800 397 illam
1814 377 1882 407 par-

1056 413 1356 451 tem,quaeScripturze
1363 413 1533 443 tessimonia
1540 412 1795 448 referebat,totam
1804 411 1881 451 peri-

1055 455 1194 496 isse,cum
1206 456 1318 487 utilium
1327 457 1406 488 illius
1415 456 1766 496 exstetvestigiumSatis
1779 455 1883 494 lepide

1058 500 1219 532 Halloixius
1230 501 1390 532 Eusebium
1406 502 1435 532 in
1451 502 1508 532 hoc
1525 501 1600 532 libro
1626 501 1787 542 Scripturae
1798 501 1882 531 testi-

1057 546 1154 576 monia
1166 555 1224 576 non
1232 546 1406 583 vidisse,sed
1417 546 1521 578 videre
1531 556 1563 578 se
1572 551 1691 586 putasse
1701 546 1881 585 suspicatur.

1096 589 1234 626 Quamvis
1248 590 1393 621 Eusebius
1408 591 1540 622 eruditos
1556 591 1634 622 viros
1650 591 1680 621 in
1697 590 1773 621 hanc
1784 590 1883 621 varie—

1057 638 1144 665 tatem
1156 635 1372 666 sententiarum
1385 636 1558 676 conjecerit;
1572 636 1596 666 si
1610 639 1709 666 tamen
1722 635 1803 666 illius
1813 643 1883 665 ver-

1057 678 1105 720 ba,
1122 685 1152 710 ut
1163 689 1214 720 par
1230 685 1285 720 est,
1308 680 1550 721 interpretemur.
1569 684 1662 711 totum
1679 680 1757 710 hunc
1773 678 1881 710 librum

1057 725 1172 756 Iustino
1189 725 1329 759 vindicat.
1361 735 1417 756 nec
1432 725 1513 757 illius
1539 725 1739 765 integritatem
1766 724 1795 755 in
1825 724 1883 754 du-

1059 770 1140 800 bium
1157 771 1255 802 venire
1273 771 1447 811 palitur.Sic
1457 771 1587 811 loquitur
1602 770 1654 801 lib.
1673 778 1713 807 IV,
1731 778 1796 810 cap.
1826 768 1882 799 18:

1026 831 1046 857 ο
1060 817 1133 855 Πιρᾶ
1148 818 1253 850 τούτους
1269 817 1348 848 ἄλλος
1364 818 1422 857 περὶ
1440 819 1505 846 Θεοῦ
1518 816 1715 857 μοναρχίιςῆν
1739 817 1768 860 of;
1802 815 1884 852 μόνον

1059 861 1089 889 ἐκ
1111 863 1163 890 τῶν
1180 861 1242 902 παρ’
1258 863 1325 899 ἡμῖν
1345 865 1466 902 Γρπιφῶν,
1489 861 1557 890 ἀλλὰ
1573 862 1616 889 καὶ
1632 861 1662 889 ἐκ
1684 863 1737 888 τῶν
1765 859 1883 892 Ελληνι-

1059 907 1112 934 κῶν
1129 907 1261 940 συνίστησι
1278 906 1395 945 βιϐλίων.
1413 906 1601 937 Sicreddidit
1616 905 1781 937 Valesiusza
1802 903 1882 934 Prae-

1060 955 1104 981 ter
1117 951 1171 982 hos
1187 951 1280 982 libros
1297 956 1342 982 est.
1357 951 1445 982 etiam
1463 951 1536 982 alius
1555 950 1597 981 De
1617 949 1797 981 monarchia
1816 948 1882 983 Dei.

1060 1005 1148 1036 quam
1165 997 1286 1036 quidem
1318 1006 1377 1027 non
1408 996 1502 1027 solum
1529 995 1704 1026 auctoritate
1732 1002 1883 1024 sacrorum

1060 1041 1138 1081 apud
1155 1051 1208 1072 nos
1221 1041 1419 1077 voluminum,
1437 1041 1490 1071 sed
1502 1040 1655 1080 gentilium
1674 1039 1764 1070 etiam
1781 1038 1877 1078 scrip-

1061 1086 1343 1117 torumtestimoniis
1355 1086 1461 1116 asserit
1478 1086 1555 1116 »Sed
1570 1085 1612 1115 sic
1625 1083 1884 1124 interpretandum

1060 1139 1125 1161 esse
1143 1130 1241 1161 multis
1257 1130 1423 1161 rationibus
1437 1135 1467 1161 et
1481 1129 1625 1169 exemplis
1640 1128 1785 1159 adductus
1810 1136 1884 1157 con-

1060 1175 1150 1206 tendo
1171 1186 1177 1204 :
1198 1188 1209 1203 ι
1227 1177 1339 1207 Praeter
1360 1176 1413 1206 hos
1441 1175 1546 1215 libros,
1563 1179 1608 1206 est
1637 1175 1725 1204 etiam
1739 1172 1814 1204 alius
1845 1172 1887 1202 De

1059 1220 1236 1251 monarchia
1260 1221 1327 1260 Dei,
1345 1230 1431 1261 quam
1458 1220 1578 1259 quidem
1598 1229 1655 1249 non
1674 1218 1761 1248 modo
1775 1227 1833 1247 non
1852 1226 1887 1247 ex

1061 1264 1152 1295 sacris
1168 1265 1244 1304 apud
1258 1274 1311 1295 nos
1325 1264 1500 1305 Scripturis,
1511 1264 1564 1294 sed
1577 1264 1668 1295 etiam
1680 1273 1715 1294 ex
1734 1263 1805 1303 ipsis
1818 1272 1888 1301 gen-

1063 1309 1157 1339 tilium
1175 1309 1259 1340 libris
1274 1309 1394 1340 asserit.
1414 1322 1427 1336 ι»

1103 1355 1134 1385 1ο
1150 1354 1299 1385 Sententia
1316 1354 1345 1384 in
1362 1354 1416 1385 hac
1441 1353 1687 1392 interpretatione
1717 1351 1887 1392 praeclarior

1062 1408 1151 1438 quam
1167 1398 1197 1429 in
1212 1399 1317 1438 prima.
1344 1398 1457 1429 Laudat
1472 1398 1550 1428 enim
1568 1397 1713 1428 Eusebius
1737 1396 1888 1435 singulare

1063 1443 1174 1483 aliquid
1191 1453 1224 1474 ac
1243 1444 1367 1474 minime
1381 1444 1599 1483 quotidianum.
1617 1442 1700 1478 Quod
1716 1441 1740 1471 si
1758 1441 1886 1480 gentiles

1062 1488 1197 1519 Justinus
1213 1489 1376 1529 Scriptura;
1385 1494 1412 1519 et
1425 1489 1616 1528 profanorum
1635 1487 1814 1526 scriptorum
1832 1495 1888 1515 au-

196 1534 273 1564 stino
285 1532 399 1570 tribuit,
414 1536 516 1562 contra
528 1531 646 1562 Graecos
661 1532 791 1571 scriptus
807 1535 881 1568 erat,
899 1535 930 1560 ut
941 1532 1050 1570 patetC
1063 1534 1198 1563 ctoritate
1228 1538 1441 1574 oppugnasset,
1459 1533 1533 1563 nihil
1549 1533 1670 1564 fecisset
1699 1531 1776 1572 quod
1804 1530 1889 1560 valde

196 1588 231 1608 ex
247 1577 413 1616 fragmento
429 1577 508 1617 quod
525 1576 556 1606 in
570 1577 647 1617 notis
667 1575 832 1606 Hceschelii
849 1577 892 1606 sic
906 1575 1019 1615 incipit:

198 1612 330 1657 Ἰωσήπου
367 1622 397 1650 ἐκ
433 1612 479 1651 τοῦ
507 1622 572 1660 πρὸς
599 1612 742 1654 "mnu:
762 1620 841 1660 λόγου
856 1622 902 1648 τοῦ
930 1612 1021 1660 emira-

198 1666 350 1706 γραμμὲνου
389 1667 455 1694 κατὰ
490 1665 620 1694 Πλάτωνα
662 1666 721 1704 περὶ
757 1667 805 1699 τῆς
849 1670 895 1695 τοῦ
923 1666 1021 1697 παντὸς

198 1713 292 1744 αἰτίοις.
314 1723 327 1739 ε
344 1711 387 1742 Ex
401 1710 524 1751 Josephi
539 1711 567 1740 in
582 1710 700 1742 Graecos
720 1709 864 1745 oratione,
881 1719 946 1750 quas
973 1710 1021 1740 in—

199 1756 340 1788 scribitur
365 1760 468 1787 contra
496 1756 648 1787 Platonem
678 1755 715 1786 de
743 1755 874 1786 universi
889 1764 987 1786 causa.
1008 1768 1019 1784 υ

199 1802 233 1833 2ο
246 1802 357 1833 Auctor
370 1801 439 1832 libri
459 1801 500 1832 De
515 1801 662 1832 universo
679 1800 846 1832 disserebat
860 1800 897 1830 de
918 1805 1023 1831 natura

200 1847 382 1883 daemonum,
400 1850 435 1877 ut
447 1849 527 1885 patet
542 1855 576 1876 ex
594 1845 677 1876 initio
707 1845 865 1884 fragmenti
877 1844 1020 1876 Hoesche-

200 1892 291 1922 liani:
309 1891 362 1922 Καὶ
377 1891 459 1923 οὕτως
477 1892 526 1929 μὲν
541 1893 554 1919 ὁ
570 1892 629 1930 περὶ
644 1889 777 1928 δαιμόνων
792 1890 884 1926 τόπος,
902 1902 915 1917 α
926 1891 1025 1930 Atque

200 1938 249 1969 hic
261 1937 382 1978 quidem
399 1937 436 1967 de
446 1936 631 1968 daemonibus
643 1936 736 1973 locus,
756 1948 766 1965 ιι
782 1935 810 1966 id
824 1939 868 1966 est
885 1936 1026 1967 hactenus

201 1982 239 2013 de
247 1981 433 2013 daemonibus
442 1981 746 2022 pertractatiim.3°De
752 1981 839 2012 variis
849 1981 936 2011 etiam
945 1991 1027 2021 qum-

201 2026 346 2058 stionibus
370 2031 430 2057 tum
461 2026 540 2067 apud
557 2036 623 2064 nos,
642 2030 703 2057 tum
729 2026 806 2065 apud
836 2025 1028 2068 philosophos

201 2072 272 2113 poni
288 2071 381 2104 solitis
397 2071 576 2112 disputabat,
594 2071 670 2102 velut
685 2071 722 2102 de
738 2070 845 2101 anima:
869 2075 965 2107 natur,
992 2070 1029 2100 de

202 2118 366 2148 animarum
384 2119 450 2156 post
466 2120 591 2147 mortem
602 2116 674 2146 sede
685 2121 715 2146 et
729 2119 819 2155 statu,
835 2115 925 2156 idque
938 2118 1027 2155 patet,

1066 1578 1253 1614 miraremur,
1274 1578 1345 1608 nihil
1360 1582 1466 1618 praeter
1481 1587 1563 1608 suam
1577 1579 1607 1608 et
1621 1576 1746 1607 aliorum
1763 1584 1889 1606 consue-

1066 1622 1213 1654 tudinem.
1231 1622 1288 1653 Sed
1306 1623 1329 1653 si
1346 1624 1456 1653 omissa
1485 1623 1644 1661 Sciiptura,
1673 1621 1734 1651 suis
1760 1620 1888 1659 gentiles

1065 1667 1156 1698 armis
1172 1667 1208 1698 ab
1220 1677 1254 1698 eo
1272 1667 1426 1707 proﬂigati,
1443 1668 1473 1698 in
1495 1668 1551 1698 hoc
1566 1666 1696 1698 victoriae
1721 1665 1830 1696 fiducia
1859 1672 1888 1695 et

1066 1712 1164 1751 operis
1181 1712 1293 1743 novitas
1309 1713 1414 1744 merito
1430 1712 1640 1743 laudabuntur.

1105 1756 1342 1789 2°Observarunt
1351 1757 1515 1788 doctissimi
1525 1756 1709 1796 grammatici
1721 1764 1798 1795 saepe
1809 1755 1887 1795 apud

1065 1808 1182 1833 veteres
1191 1811 1252 1833 non
1265 1804 1353 1834 modo
1366 1803 1443 1833 idem
1456 1802 1553 1833 valere
1569 1812 1603 1832 ac
1613 1810 1673 1832 novi
1686 1801 1773 1832 modo
1785 1804 1891 1838 non,ut

1065 1847 1094 1877 in
1113 1846 1169 1877 hoc
1184 1847 1320 1888 exemplo
1351 1857 1384 1878 ex
1402 1846 1551 1878 Ciceronis
1578 1846 1630 1878 lib.
1659 1847 1734 1876 ιιοε
1763 1845 1888 1885 o/ﬁciis:

1071 1904 1079 1919 ι
1099 1891 1134 1922 Ηὶ
1151 1892 1236 1922 simul
1253 1893 1419 1932 acjnvenes
1431 1901 1497 1923 esse
1512 1896 1677 1932 coeperunt,
1695 1899 1800 1929 magna
1815 1899 1887 1930 spe-

1068 1941 1148 1967 ctare
1158 1941 1186 1968 et
1194 1937 1229 1967 ad
1239 1947 1272 1968 ea
1281 1937 1370 1968 rectis
1379 1937 1484 1967 studiis
1493 1935 1790 1967 debentcontendere
1807 1933 1888 1970 Quod

1069 1991 1103 2012 eo
1111 1981 1242 2012 ﬁrmiore
1253 1982 1351 2012 animo
1365 1981 1556 2022 lacient,quia
1565 1990 1621 2012 non
1637 1982 1723 2010 modo
1737 1979 1890 2010 invidetur

1070 2026 1111 2057 illi
1127 2026 1213 2066 aetrti,
1234 2035 1333 2057 verum
1349 2027 1435 2057 etiam
1465 2026 1586 2056 fawtur.
1613 2037 1626 2053 ι)
1645 2025 1711 2056 Alia
1741 2023 1889 2064 ejusmodi

1071 2071 1206 2112 exempla
1217 2072 1329 2112 colligit
1344 2071 1471 2102 Muretus
1495 2071 1562 2103 Var.
1577 2072 1656 2107 Iect.,
1668 2069 1719 2100 lib.
1736 2079 1764 2107 x,
1782 2079 1846 2109 cap.
1859 2069 1889 2099 7.

1071 2117 1138 2147 Haec
1155 2120 1252 2147 autem
1270 2116 1433 2147 Latinosde
1449 2116 1559 2147 Graecis
1569 2115 1730 2146 verisimile
1747 2118 1791 2144 est
1806 2123 1885 2146 suin-

203 2166 266 2193 tum
297 2170 331 2192 ex
369 2161 427 2199 his,
445 2170 510 2201 quae
523 2160 614 2192 refert
630 2160 750 2191 Photius
764 2160 830 2191 cod.
848 2160 898 2197 48,
914 2163 977 2191 tum
995 2168 1028 2189 ex
1040 2174 1062 2199 ι)
1073 2162 1178 2202 psisse,
1201 2161 1279 2201 apud
1295 2170 1369 2202 quos
1380 2165 1498 2192 constut
1511 2163 1562 2201 οὔχ
1578 2161 1638 2190 οἷον
1655 2160 1733 2190 idem
1748 2159 1846 2190 valere
1860 2167 1894 2190 ac

205 2207 367 2246 fragmento
379 2205 599 2237 Hmscheliano.
615 2204 792 2237 Continebat
807 2214 876 2244 ergo
890 2204 967 2235 liber
979 2204 1030 2234 ille

205 2252 248 2283 De
263 2252 404 2282 universo
428 2250 573 2291 quidquid
605 2250 754 2282 Eusebius
783 2249 814 2280 in
830 2259 864 2280 ea
882 2249 1028 2284 oratione,

206 2304 294 2336 quam
317 2294 433 2327 Justino
455 2294 601 2332 atiribuit,
627 2294 899 2325 animadverterat:
919 2298 1029 2324 etcum

205 2339 282 2371 liber
290 2340 340 2371 ille
355 2339 461 2370 Justini
471 2349 581 2371 nomen
597 2340 627 2370 in
644 2338 797 2369 nonnullis
808 2337 1029 2378 exemplaribus

205 2384 340 2425 haberet,
367 2384 524 2422 Eusebius,
552 2389 584 2415 ut
608 2383 768 2416 verisimile
784 2387 840 2420 est,
857 2383 919 2413 viso
931 2383 1029 2423 aliquo

206 2430 353 2469 ejusmodi
365 2429 531 2470 exemplari
543 2429 684 2469 deceptus
694 2433 749 2466 est,
765 2437 799 2459 ac
809 2427 989 2468 Hieronymo
1002 2431 1030 2458 et

207 2473 310 2506 Photio
327 2475 476 2515 persuasit
489 2483 566 2515 opus
580 2473 699 2514 aliquod
715 2482 732 2505 a
759 2471 874 2504 Justino
887 2473 1029 2513 scriptum

208 2528 275 2550 esse
291 2523 394 2550 contra
409 2519 548 2559 gentiles,
566 2519 596 2550 in
608 2528 665 2559 quo
681 2518 717 2549 de
735 2522 840 2549 natura
862 2517 1028 2548 daemonum

208 2563 386 2595 disserebat.

248 2610 298 2641 VI.
315 2608 385 2640 Post
397 2609 469 2640 duas
480 2608 511 2640 in
523 2609 641 2641 Graecos
649 2608 799 2638 orationes
811 2611 984 2638 recensetur
995 2606 1031 2638 ab

209 2653 537 2695 Ensebio,Hieronymo
554 2653 690 2686 etPhotio
701 2652 778 2683 liber
785 2652 830 2683 De
838 2652 1030 2690 monarohia,

210 2699 272 2730 sive
280 2698 325 2730 De
332 2699 617 2739 singularitateDei,
634 2699 671 2730 de
682 2707 740 2738 quo
753 2697 828 2728 libro
840 2706 899 2727 non
908 2697 981 2728 levis
989 2702 1034 2728 est

211 2745 288 2775 inter
312 2743 495 2776 recentiores
524 2742 736 2781 controversia,
754 2741 888 2783 quamvis
901 2742 982 2773 nulla
997 2742 1033 2772 sit

209 2790 287 2821 inter
297 2789 535 2830 antiquosJiunc
543 2786 918 2820 libellumScultetusinter
925 2786 1033 2818 dubios

1072 2216 1132 2238 non
1145 2207 1233 2237 modo
1249 2215 1321 2237 non.
1338 2206 1395 2237 Sed
1410 2206 1479 2246 quia
1492 2206 1616 2237 fortasse
1627 2214 1684 2235 non
1702 2204 1828 2235 deerunt
1844 2203 1895 2243 qui

1071 2252 1101 2282 in
1117 2251 1250 2282 animum
1264 2261 1323 2281 non
1339 2251 1424 2282 facile
1435 2250 1576 2280 inducant
1587 2252 1615 2279 οδ
1631 2249 1712 2280 μόνον
1727 2249 1894 2288 apuder-

1072 2306 1122 2327 cos
1137 2296 1287 2326 interdum
1305 2296 1382 2327 idcm
1399 2304 1504 2326 sonare
1521 2304 1554 2326 ac
1576 2296 1606 2323 οὗ
1622 2296 1702 2331 μόνον
1718 2295 1758 2333 υ),
1777 2294 1895 2324 videtur

1072 2341 1276 2381 exemplorum
1288 2340 1473 2380 oppositione
1481 2341 1528 2370 res
1543 2339 1731 2369 illusfranda.
1746 2339 1821 2369 Huic
1839 2338 1896 2368 Eu-

1071 2384 1146 2416 sebii
1161 2385 1226 2416 loco
1242 2385 1384 2424 gemellas
1398 2385 1525 2415 occurrit
1540 2384 1616 2424 apud
1635 2384 1731 2423 ipsum
1746 2383 1894 2414 Justinum
1945 2387 1946 2420 ᾖ

1072 2431 1102 2460 in
1119 2430 1256 2468 Cohort,
1275 2439 1305 2460 η.
1322 2430 1351 2468 9,
1370 2430 1420 2460 ubi
1435 2429 1637 2469 antiquitatem
1651 2428 1761 2467 Moysis
1774 2429 1897 2458 demon-
1945 2425 1946 2432 ¹

1072 2479 1166 2506 strare
1178 2474 1337 2505 instituens
1360 2474 1403 2505 sic
1427 2473 1580 2514 loquitur:
1613 2475 1648 2503 οὗ
1679 2474 1729 2512 γὰρ
1759 2474 1811 2501 ἁπῆ
1844 2485 1897 2500 των

1071 2521 1145 2548 θείων
1160 2521 1203 2547 sui
1218 2519 1280 2558 παρ’
1309 2521 1377 2556 ἡμῖν
1406 2519 1527 2558 ἱστοριῶν
1557 2518 1638 2556 μόνον
1651 2522 1733 2546 115.1
1756 2517 1896 2550 ἂποδεῗξιι

1071 2568 1256 2604 πειρῶμιι...,
1275 2563 1349 2592 Ἀλλ’
1365 2564 1417 2592 ἀπὸ
1445 2567 1497 2591 τῶν
1525 2563 1660 2603 ὑμετέρων
1689 2564 1732 2591 xxi
1753 2562 1837 2600 μηδὲν
1866 2563 1900 2599 τῇ

1071 2610 1189 2650 ἧμετέρᾴ
1217 2609 1342 2648 θρησκεία
1371 2607 1547 2648 διαφερουσῶν
1584 2610 1716 2647 ἱστοριῶν,
1749 2609 1823 2638 Cum
1847 2606 1897 2638 Ju-

1074 2655 1169 2686 stinus
1181 2653 1388 2694 antiquitatem
1406 2651 1514 2693 Moysis
1526 2662 1585 2683 non
1599 2661 1633 2683 ex
1647 2653 1739 2684 sacris
1751 2651 1901 2692 scriptori-

1075 2699 1142 2740 bus,
1157 2698 1210 2730 sed
1226 2707 1261 2729 ex
1277 2697 1406 2738 profanis
1419 2697 1616 2732 demonstret,
1633 2697 1713 2728 illius
1738 2697 1829 2728 verba
1857 2695 1900 2726 sic

1074 2744 1202 2776 reddere
1218 2751 1278 2773 non
1292 2741 1423 2772 dubitavi
1442 2751 1449 2773 :
1466 2753 1480 2769 α
1497 2743 1571 2774 Nam
1590 2751 1649 2772 non
1667 2742 1753 2774 modo
1783 2741 1847 2772 haec
1865 2749 1901 2771 ex

1073 2789 1181 2821 divinis
1189 2787 1265 2828 apud
1282 2795 1336 2817 nos
1351 2786 1483 2818 historiis
1495 2786 1704 2818 demonstrare
1719 2797 1778 2818 non
1792 2794 1900 2826 aggre-
