  <div class='ocr_page' id='page_1' title='image "/cluster/home/n/w/nwhite01/storage/ocr_20150623/6/njp.32101077772364/076.png"; bbox 0 0 1961 3071; ppageno 0'>
   <div class='ocr_carea' id='block_1_1' title="bbox 156 104 210 136">
    <p class='ocr_par' dir='ltr' id='par_1_1' title="bbox 156 104 210 136">
     <span class='ocr_line' id='line_1_1' title="bbox 156 104 210 136; baseline 0 -1"><span class='ocrx_word' id='word_1_1' title='bbox 156 104 210 136; x_wconf 76' lang='grc'><strong>121</strong></span> 
     </span>
    </p>
   </div>
   <div class='ocr_carea' id='block_1_2' title="bbox 158 171 1022 214">
    <p class='ocr_par' dir='ltr' id='par_1_2' title="bbox 158 171 1022 214">
     <span class='ocr_line' id='line_1_2' title="bbox 158 171 1022 214; baseline 0.003 -12"><span class='ocrx_word' id='word_1_2' title='bbox 158 171 294 212; x_wconf 80' lang='lat' dir='ltr'><strong>dior,sed</strong></span> <span class='ocrx_word' id='word_1_3' title='bbox 313 173 400 204; x_wconf 88' lang='lat' dir='ltr'><strong>etiam</strong></span> <span class='ocrx_word' id='word_1_4' title='bbox 415 182 452 204; x_wconf 86' lang='lat' dir='ltr'><strong>ex</strong></span> <span class='ocrx_word' id='word_1_5' title='bbox 464 172 572 205; x_wconf 80' lang='lat' dir='ltr'><strong>vestris</strong></span> <span class='ocrx_word' id='word_1_6' title='bbox 583 178 612 205; x_wconf 90' lang='lat' dir='ltr'><strong>et</strong></span> <span class='ocrx_word' id='word_1_7' title='bbox 622 173 661 205; x_wconf 89' lang='lat' dir='ltr'><strong>ad</strong></span> <span class='ocrx_word' id='word_1_8' title='bbox 670 174 846 214; x_wconf 82' lang='lat' dir='ltr'><strong>religionem</strong></span> <span class='ocrx_word' id='word_1_9' title='bbox 857 179 990 207; x_wconf 88' lang='lat' dir='ltr'><strong>nostram</strong></span> <span class='ocrx_word' id='word_1_10' title='bbox 1002 178 1022 202; x_wconf 85' lang='lat' dir='ltr'><strong>A</strong></span> 
     </span>
    </p>
   </div>
   <div class='ocr_carea' id='block_1_3' title="bbox 651 107 1369 143">
    <p class='ocr_par' dir='ltr' id='par_1_3' title="bbox 651 107 1369 143">
     <span class='ocr_line' id='line_1_3' title="bbox 651 107 1369 143; baseline 0.003 -5"><span class='ocrx_word' id='word_1_11' title='bbox 651 107 685 138; x_wconf 91' lang='lat' dir='ltr'><strong>D.</strong></span> <span class='ocrx_word' id='word_1_12' title='bbox 712 107 865 140; x_wconf 77' lang='lat' dir='ltr'><strong>MARANI</strong></span> <span class='ocrx_word' id='word_1_13' title='bbox 888 108 1098 140; x_wconf 77' lang='lat' dir='ltr'><strong>PR/EFATIO.</strong></span> <span class='ocrx_word' id='word_1_14' title='bbox 1122 125 1161 131; x_wconf 92' lang='lat'>—</span> <span class='ocrx_word' id='word_1_15' title='bbox 1182 109 1289 142; x_wconf 80' lang='lat' dir='ltr'><strong>PARS.</strong></span> <span class='ocrx_word' id='word_1_16' title='bbox 1314 111 1369 143; x_wconf 86' lang='lat' dir='ltr'><strong>III.</strong></span> 
     </span>
    </p>
   </div>
   <div class='ocr_carea' id='block_1_4' title="bbox 1407 179 1416 196">
    <p class='ocr_par' dir='ltr' id='par_1_4' title="bbox 1407 179 1416 196">
     <span class='ocr_line' id='line_1_4' title="bbox 1407 179 1416 196; baseline 0 0"><span class='ocrx_word' id='word_1_17' title='bbox 1407 179 1416 196; x_wconf 78' lang='lat' dir='ltr'>J</span> 
     </span>
    </p>
   </div>
   <div class='ocr_carea' id='block_1_5' title="bbox 161 177 1860 270">
    <p class='ocr_par' dir='ltr' id='par_1_5' title="bbox 161 177 1860 270">
     <span class='ocr_line' id='line_1_5' title="bbox 161 177 1538 214; baseline 0.006 -12"><span class='ocrx_word' id='word_1_18' title='bbox 161 177 294 212; x_wconf 80' lang='lat' dir='ltr'><strong>dior,sed</strong></span> <span class='ocrx_word' id='word_1_19' title='bbox 313 177 400 204; x_wconf 87' lang='lat' dir='ltr'><strong>etiam</strong></span> <span class='ocrx_word' id='word_1_20' title='bbox 415 182 452 204; x_wconf 86' lang='lat' dir='ltr'><strong>ex</strong></span> <span class='ocrx_word' id='word_1_21' title='bbox 464 177 572 205; x_wconf 80' lang='lat' dir='ltr'><strong>vestris</strong></span> <span class='ocrx_word' id='word_1_22' title='bbox 583 178 612 205; x_wconf 90' lang='lat' dir='ltr'><strong>et</strong></span> <span class='ocrx_word' id='word_1_23' title='bbox 622 177 661 205; x_wconf 89' lang='lat' dir='ltr'><strong>ad</strong></span> <span class='ocrx_word' id='word_1_24' title='bbox 670 177 846 214; x_wconf 82' lang='lat' dir='ltr'><strong>religionem</strong></span> <span class='ocrx_word' id='word_1_25' title='bbox 857 179 990 207; x_wconf 88' lang='lat' dir='ltr'><strong>nostram</strong></span> <span class='ocrx_word' id='word_1_26' title='bbox 1002 178 1022 202; x_wconf 85' lang='lat' dir='ltr'><strong>A</strong></span> <span class='ocrx_word' id='word_1_27' title='bbox 1346 177 1468 210; x_wconf 79' lang='lat' dir='ltr'><strong>CAPUT</strong></span> <span class='ocrx_word' id='word_1_28' title='bbox 1491 178 1538 210; x_wconf 88' lang='grc' dir='ltr'><strong>[ΙΙ.</strong></span> 
     </span>
     <span class='ocr_line' id='line_1_6' title="bbox 161 216 1860 270; baseline 0.009 -25"><span class='ocrx_word' id='word_1_29' title='bbox 161 216 242 270; x_wconf 71' lang='lat' dir='ltr'><strong>nihil</strong></span> <span class='ocrx_word' id='word_1_30' title='bbox 247 217 500 270; x_wconf 58' lang='lat' dir='ltr'><strong>pertinentibus.»</strong></span> <span class='ocrx_word' id='word_1_31' title='bbox 515 219 574 270; x_wconf 75' lang='lat' dir='ltr'><strong>Cur</strong></span> <span class='ocrx_word' id='word_1_32' title='bbox 582 218 750 270; x_wconf 43' lang='lat' dir='ltr'><strong>Eusebium.</strong></span> <span class='ocrx_word' id='word_1_33' title='bbox 760 219 789 270; x_wconf 77' lang='lat' dir='ltr'><strong>in</strong></span> <span class='ocrx_word' id='word_1_34' title='bbox 800 224 878 270; x_wconf 75' lang='lat' dir='ltr'><strong>reet</strong></span> <span class='ocrx_word' id='word_1_35' title='bbox 893 219 993 270; x_wconf 61' lang='lat' dir='ltr'><strong>verbis</strong></span> <span class='ocrx_word' id='word_1_36' title='bbox 1036 222 1205 255; x_wconf 82' lang='lat' dir='ltr'><strong>DcJustint</strong></span> <span class='ocrx_word' id='word_1_37' title='bbox 1219 225 1358 270; x_wconf 63' lang='lat' dir='ltr'><strong>veritatis</strong></span> <span class='ocrx_word' id='word_1_38' title='bbox 1372 227 1607 270; x_wconf 73' lang='lat' dir='ltr'><strong>propugnanth</strong></span> <span class='ocrx_word' id='word_1_39' title='bbox 1617 228 1722 270; x_wconf 84' lang='lat' dir='ltr'><strong>studio</strong></span> <span class='ocrx_word' id='word_1_40' title='bbox 1735 229 1860 270; x_wconf 76' lang='lat' dir='ltr'><strong>ejusque</strong></span> 
     </span>
    </p>
   </div>
   <div class='ocr_carea' id='block_1_6' title="bbox 160 261 1681 308">
    <p class='ocr_par' dir='ltr' id='par_1_6' title="bbox 160 261 1681 308">
     <span class='ocr_line' id='line_1_7' title="bbox 160 261 1681 308; baseline 0.005 -16"><span class='ocrx_word' id='word_1_41' title='bbox 160 261 325 308; x_wconf 72' lang='lat' dir='ltr'><strong>simillimis</strong></span> <span class='ocrx_word' id='word_1_42' title='bbox 339 263 445 308; x_wconf 86' lang='lat' dir='ltr'><strong>eodem</strong></span> <span class='ocrx_word' id='word_1_43' title='bbox 461 263 549 294; x_wconf 91' lang='lat' dir='ltr'><strong>modo</strong></span> <span class='ocrx_word' id='word_1_44' title='bbox 558 264 752 308; x_wconf 76' lang='lat' dir='ltr'><strong>interpretari</strong></span> <span class='ocrx_word' id='word_1_45' title='bbox 763 263 949 296; x_wconf 78' lang='lat' dir='ltr'><strong>dubitemus?</strong></span> <span class='ocrx_word' id='word_1_46' title='bbox 961 264 992 296; x_wconf 90' lang='lat' dir='ltr'><strong>Si</strong></span> <span class='ocrx_word' id='word_1_47' title='bbox 1213 265 1361 297; x_wconf 75' lang='lat' dir='ltr'><strong>adversus</strong></span> <span class='ocrx_word' id='word_1_48' title='bbox 1372 261 1531 298; x_wconf 60' lang='lat' dir='ltr'><strong>haereticos</strong></span> <span class='ocrx_word' id='word_1_49' title='bbox 1545 268 1681 308; x_wconf 73' lang='lat' dir='ltr'><strong>scriptis.</strong></span> 
     </span>
    </p>
   </div>
   <div class='ocr_carea' id='block_1_7' title="bbox 159 305 1858 348">
    <p class='ocr_par' dir='ltr' id='par_1_7' title="bbox 159 305 1858 348">
     <span class='ocr_line' id='line_1_8' title="bbox 159 305 1858 348; baseline 0.004 -11"><span class='ocrx_word' id='word_1_50' title='bbox 159 305 324 346; x_wconf 75' lang='lat' dir='ltr'><strong>Scripturze</strong></span> <span class='ocrx_word' id='word_1_51' title='bbox 336 307 506 338; x_wconf 91' lang='lat' dir='ltr'><strong>testimonia</strong></span> <span class='ocrx_word' id='word_1_52' title='bbox 516 307 546 338; x_wconf 93' lang='lat' dir='ltr'><strong>in</strong></span> <span class='ocrx_word' id='word_1_53' title='bbox 557 307 633 339; x_wconf 92' lang='lat' dir='ltr'><strong>libro</strong></span> <span class='ocrx_word' id='word_1_54' title='bbox 643 308 683 339; x_wconf 84' lang='lat' dir='ltr'><strong>De</strong></span> <span class='ocrx_word' id='word_1_55' title='bbox 692 309 869 340; x_wconf 84' lang='lat' dir='ltr'><strong>monarchia</strong></span> <span class='ocrx_word' id='word_1_56' title='bbox 877 309 992 341; x_wconf 89' lang='lat' dir='ltr'><strong>deside-</strong></span> <span class='ocrx_word' id='word_1_57' title='bbox 1032 310 1054 339; x_wconf 82' lang='grc' dir='ltr'><strong>Ι.</strong></span> <span class='ocrx_word' id='word_1_58' title='bbox 1071 310 1188 348; x_wconf 79' lang='lat' dir='ltr'><strong>Justinus</strong></span> <span class='ocrx_word' id='word_1_59' title='bbox 1201 311 1291 340; x_wconf 67' lang='lat' dir='ltr'><strong>Roma:</strong></span> <span class='ocrx_word' id='word_1_60' title='bbox 1306 317 1442 348; x_wconf 71' lang='lat' dir='ltr'><strong>occupatur</strong></span> <span class='ocrx_word' id='word_1_61' title='bbox 1458 314 1482 342; x_wconf 89' lang='lat' dir='ltr'><strong>in</strong></span> <span class='ocrx_word' id='word_1_62' title='bbox 1499 305 1619 342; x_wconf 74' lang='lat' dir='ltr'><strong>docendo.</strong></span> <span class='ocrx_word' id='word_1_63' title='bbox 1633 315 1667 347; x_wconf 85' lang='lat' dir='ltr'><strong>tl,</strong></span> <span class='ocrx_word' id='word_1_64' title='bbox 1684 315 1778 344; x_wconf 83' lang='lat' dir='ltr'><strong>Amore</strong></span> <span class='ocrx_word' id='word_1_65' title='bbox 1791 316 1858 344; x_wconf 88' lang='lat' dir='ltr'><strong>veri-</strong></span> 
     </span>
    </p>
   </div>
   <div class='ocr_carea' id='block_1_8' title="bbox 1800 113 1857 146">
    <p class='ocr_par' dir='ltr' id='par_1_8' title="bbox 1800 113 1857 146">
     <span class='ocr_line' id='line_1_9' title="bbox 1800 113 1857 146; baseline 0 -1"><span class='ocrx_word' id='word_1_66' title='bbox 1800 113 1857 146; x_wconf 72' lang='lat'><strong>122</strong></span> 
     </span>
    </p>
   </div>
   <div class='ocr_carea' id='block_1_9' title="bbox 156 351 991 391">
    <p class='ocr_par' dir='ltr' id='par_1_9' title="bbox 156 351 991 391">
     <span class='ocr_line' id='line_1_10' title="bbox 156 351 991 391; baseline 0.006 -10"><span class='ocrx_word' id='word_1_67' title='bbox 156 351 385 389; x_wconf 87' lang='lat' dir='ltr'><strong>remus,similis</strong></span> <span class='ocrx_word' id='word_1_68' title='bbox 393 352 536 391; x_wconf 78' lang='lat' dir='ltr'><strong>ﬁngenda</strong></span> <span class='ocrx_word' id='word_1_69' title='bbox 554 353 612 384; x_wconf 90' lang='lat' dir='ltr'><strong>erit</strong></span> <span class='ocrx_word' id='word_1_70' title='bbox 621 353 727 384; x_wconf 87' lang='lat' dir='ltr'><strong>lacuna</strong></span> <span class='ocrx_word' id='word_1_71' title='bbox 737 353 766 383; x_wconf 90' lang='lat' dir='ltr'><strong>in</strong></span> <span class='ocrx_word' id='word_1_72' title='bbox 778 353 991 386; x_wconf 79' lang='lat' dir='ltr'><strong>Cohortatione</strong></span> 
     </span>
    </p>
   </div>
   <div class='ocr_carea' id='block_1_10' title="bbox 158 395 990 440">
    <p class='ocr_par' dir='ltr' id='par_1_10' title="bbox 158 395 990 440">
     <span class='ocr_line' id='line_1_11' title="bbox 158 395 990 440; baseline 0.004 -13"><span class='ocrx_word' id='word_1_73' title='bbox 158 396 198 427; x_wconf 84' lang='lat' dir='ltr'><strong>od</strong></span> <span class='ocrx_word' id='word_1_74' title='bbox 213 395 351 434; x_wconf 65' lang='lat' dir='ltr'><strong>Graecos;</strong></span> <span class='ocrx_word' id='word_1_75' title='bbox 368 397 447 437; x_wconf 84' lang='lat' dir='ltr'><strong>quod</strong></span> <span class='ocrx_word' id='word_1_76' title='bbox 462 407 536 438; x_wconf 87' lang='lat' dir='ltr'><strong>opus</strong></span> <span class='ocrx_word' id='word_1_77' title='bbox 561 407 698 429; x_wconf 89' lang='lat' dir='ltr'><strong>mancum</strong></span> <span class='ocrx_word' id='word_1_78' title='bbox 730 402 758 429; x_wconf 89' lang='lat' dir='ltr'><strong>et</strong></span> <span class='ocrx_word' id='word_1_79' title='bbox 782 398 990 440; x_wconf 80' lang='lat' dir='ltr'><strong>imperfectum</strong></span> 
     </span>
    </p>
   </div>
   <div class='ocr_carea' id='block_1_11' title="bbox 159 441 468 474">
    <p class='ocr_par' dir='ltr' id='par_1_11' title="bbox 159 441 468 474">
     <span class='ocr_line' id='line_1_12' title="bbox 159 441 468 474; baseline 0.003 -2"><span class='ocrx_word' id='word_1_80' title='bbox 159 449 228 472; x_wconf 85' lang='lat' dir='ltr'><strong>esse</strong></span> <span class='ocrx_word' id='word_1_81' title='bbox 244 449 332 472; x_wconf 89' lang='lat' dir='ltr'><strong>nemo</strong></span> <span class='ocrx_word' id='word_1_82' title='bbox 348 441 468 474; x_wconf 79' lang='lat' dir='ltr'><strong>dixerit.</strong></span> 
     </span>
    </p>
   </div>
   <div class='ocr_carea' id='block_1_12' title="bbox 200 484 990 530">
    <p class='ocr_par' dir='ltr' id='par_1_12' title="bbox 200 484 990 530">
     <span class='ocr_line' id='line_1_13' title="bbox 200 484 990 530; baseline 0.005 -14"><span class='ocrx_word' id='word_1_83' title='bbox 200 484 232 516; x_wconf 94' lang='lat' dir='ltr'><strong>In</strong></span> <span class='ocrx_word' id='word_1_84' title='bbox 249 485 377 526; x_wconf 80' lang='lat' dir='ltr'><strong>Dialogo</strong></span> <span class='ocrx_word' id='word_1_85' title='bbox 393 486 426 518; x_wconf 95' lang='lat' dir='ltr'><strong>S.</strong></span> <span class='ocrx_word' id='word_1_86' title='bbox 440 486 561 527; x_wconf 84' lang='lat' dir='ltr'><strong>Justini,</strong></span> <span class='ocrx_word' id='word_1_87' title='bbox 577 497 659 530; x_wconf 82' lang='lat' dir='ltr'><strong>num.</strong></span> <span class='ocrx_word' id='word_1_88' title='bbox 679 488 728 525; x_wconf 85' lang='grc'><strong>17,</strong></span> <span class='ocrx_word' id='word_1_89' title='bbox 746 488 906 528; x_wconf 88' lang='lat' dir='ltr'><strong>legendum</strong></span> <span class='ocrx_word' id='word_1_90' title='bbox 923 498 990 520; x_wconf 88' lang='lat' dir='ltr'><strong>esse</strong></span> 
     </span>
    </p>
   </div>
   <div class='ocr_carea' id='block_1_13' title="bbox 157 531 990 573">
    <p class='ocr_par' dir='ltr' id='par_1_13' title="bbox 157 531 990 573">
     <span class='ocr_line' id='line_1_14' title="bbox 157 531 990 573; baseline 0.007 -15"><span class='ocrx_word' id='word_1_91' title='bbox 157 531 189 559; x_wconf 74' lang='grc' dir='ltr'><strong>οὗ</strong></span> <span class='ocrx_word' id='word_1_92' title='bbox 211 531 292 568; x_wconf 77' lang='grc' dir='ltr'><strong>μόνον</strong></span> <span class='ocrx_word' id='word_1_93' title='bbox 323 533 516 569; x_wconf 70' lang='grc' dir='ltr'><strong>μετενοήσατε,</strong></span> <span class='ocrx_word' id='word_1_94' title='bbox 539 542 591 572; x_wconf 89' lang='lat' dir='ltr'><strong>pro</strong></span> <span class='ocrx_word' id='word_1_95' title='bbox 622 534 652 561; x_wconf 67' lang='grc' dir='ltr'>οὗ</span> <span class='ocrx_word' id='word_1_96' title='bbox 684 533 764 571; x_wconf 78' lang='grc' dir='ltr'>μόνον</span> <span class='ocrx_word' id='word_1_97' title='bbox 793 535 835 570; x_wconf 78' lang='grc' dir='ltr'><strong>οὒ,</strong></span> <span class='ocrx_word' id='word_1_98' title='bbox 865 533 990 573; x_wconf 85' lang='lat' dir='ltr'><strong>probant</strong></span> 
     </span>
    </p>
   </div>
   <div class='ocr_carea' id='block_1_14' title="bbox 158 574 991 618">
    <p class='ocr_par' dir='ltr' id='par_1_14' title="bbox 158 574 991 618">
     <span class='ocr_line' id='line_1_15' title="bbox 158 574 991 618; baseline 0.007 -14"><span class='ocrx_word' id='word_1_99' title='bbox 158 574 355 607; x_wconf 87' lang='lat' dir='ltr'><strong>vetustissimi</strong></span> <span class='ocrx_word' id='word_1_100' title='bbox 380 576 500 607; x_wconf 88' lang='lat' dir='ltr'><strong>codices</strong></span> <span class='ocrx_word' id='word_1_101' title='bbox 527 576 672 608; x_wconf 67' lang='lat' dir='ltr'><strong>Historia</strong></span> <span class='ocrx_word' id='word_1_102' title='bbox 695 576 830 615; x_wconf 87' lang='lat' dir='ltr'><strong>Eusebii,</strong></span> <span class='ocrx_word' id='word_1_103' title='bbox 847 579 896 618; x_wconf 92' lang='lat' dir='ltr'><strong>qui</strong></span> <span class='ocrx_word' id='word_1_104' title='bbox 912 579 991 610; x_wconf 90' lang='lat' dir='ltr'><strong>hunc</strong></span> 
     </span>
    </p>
   </div>
   <div class='ocr_carea' id='block_1_15' title="bbox 158 620 988 664">
    <p class='ocr_par' dir='ltr' id='par_1_15' title="bbox 158 620 988 664">
     <span class='ocr_line' id='line_1_16' title="bbox 158 620 988 664; baseline 0.002 -12"><span class='ocrx_word' id='word_1_105' title='bbox 158 620 268 652; x_wconf 83' lang='lat' dir='ltr'><strong>Justini</strong></span> <span class='ocrx_word' id='word_1_106' title='bbox 284 620 383 652; x_wconf 89' lang='lat' dir='ltr'><strong>locum</strong></span> <span class='ocrx_word' id='word_1_107' title='bbox 400 622 500 653; x_wconf 86' lang='lat' dir='ltr'><strong>citavit</strong></span> <span class='ocrx_word' id='word_1_108' title='bbox 514 622 566 654; x_wconf 87' lang='lat' dir='ltr'><strong>lib.</strong></span> <span class='ocrx_word' id='word_1_109' title='bbox 579 631 623 663; x_wconf 85' lang='lat' dir='ltr'><strong>Iv,</strong></span> <span class='ocrx_word' id='word_1_110' title='bbox 639 632 705 664; x_wconf 85' lang='lat' dir='ltr'><strong>cap.</strong></span> <span class='ocrx_word' id='word_1_111' title='bbox 718 623 988 663; x_wconf 75' lang='lat' dir='ltr'><strong>18.Athenagoras,</strong></span> 
     </span>
    </p>
   </div>
   <div class='ocr_carea' id='block_1_16' title="bbox 161 665 991 709">
    <p class='ocr_par' dir='ltr' id='par_1_16' title="bbox 161 665 991 709">
     <span class='ocr_line' id='line_1_17' title="bbox 161 665 991 709; baseline -0.001 -13"><span class='ocrx_word' id='word_1_112' title='bbox 161 665 269 706; x_wconf 86' lang='lat' dir='ltr'><strong>Legat.</strong></span> <span class='ocrx_word' id='word_1_113' title='bbox 287 675 318 698; x_wconf 92' lang='lat' dir='ltr'><strong>n.</strong></span> <span class='ocrx_word' id='word_1_114' title='bbox 336 669 366 707; x_wconf 84' lang='lat' dir='ltr'><strong>t,</strong></span> <span class='ocrx_word' id='word_1_115' title='bbox 383 666 421 698; x_wconf 90' lang='lat' dir='ltr'><strong>de</strong></span> <span class='ocrx_word' id='word_1_116' title='bbox 432 667 609 698; x_wconf 85' lang='lat' dir='ltr'><strong>Christianis</strong></span> <span class='ocrx_word' id='word_1_117' title='bbox 635 668 677 699; x_wconf 88' lang='lat' dir='ltr'><strong>sic</strong></span> <span class='ocrx_word' id='word_1_118' title='bbox 693 668 841 709; x_wconf 88' lang='lat' dir='ltr'><strong>loquitur:</strong></span> <span class='ocrx_word' id='word_1_119' title='bbox 859 671 895 698; x_wconf 67' lang='lat' dir='ltr'><strong>cs</strong></span> <span class='ocrx_word' id='word_1_120' title='bbox 910 668 991 706; x_wconf 82' lang='grc' dir='ltr'>μόνον</span> 
     </span>
    </p>
   </div>
   <div class='ocr_carea' id='block_1_17' title="bbox 161 711 991 752">
    <p class='ocr_par' dir='ltr' id='par_1_17' title="bbox 161 711 991 752">
     <span class='ocr_line' id='line_1_18' title="bbox 161 711 991 752; baseline 0.005 -14"><span class='ocrx_word' id='word_1_121' title='bbox 161 711 191 739; x_wconf 72' lang='grc' dir='ltr'><strong>τὸ</strong></span> <span class='ocrx_word' id='word_1_122' title='bbox 221 711 379 748; x_wconf 60' lang='lat' dir='ltr'><strong>divam-ralem,</strong></span> <span class='ocrx_word' id='word_1_123' title='bbox 395 711 452 740; x_wconf 71' lang='grc' dir='ltr'><strong>οὒδὲ</strong></span> <span class='ocrx_word' id='word_1_124' title='bbox 490 713 543 751; x_wconf 77' lang='grc' dir='ltr'><strong>μὴν</strong></span> <span class='ocrx_word' id='word_1_125' title='bbox 572 712 719 749; x_wconf 68' lang='grc' dir='ltr'>δικάζςσθειι</span> <span class='ocrx_word' id='word_1_126' title='bbox 745 720 805 745; x_wconf 71' lang='grc' dir='ltr'><strong>τοῖς</strong></span> <span class='ocrx_word' id='word_1_127' title='bbox 834 713 925 752; x_wconf 77' lang='grc' dir='ltr'><strong>ἄγουσι</strong></span> <span class='ocrx_word' id='word_1_128' title='bbox 948 713 991 742; x_wconf 68' lang='grc' dir='ltr'>καὶ</span> 
     </span>
    </p>
   </div>
   <div class='ocr_carea' id='block_1_18' title="bbox 160 754 990 798">
    <p class='ocr_par' dir='ltr' id='par_1_18' title="bbox 160 754 990 798">
     <span class='ocr_line' id='line_1_19' title="bbox 160 754 990 798; baseline 0.005 -16"><span class='ocrx_word' id='word_1_129' title='bbox 160 754 323 794; x_wconf 76' lang='grc' dir='ltr'><strong>ἁρπάζουσιν</strong></span> <span class='ocrx_word' id='word_1_130' title='bbox 337 757 420 792; x_wconf 76' lang='grc' dir='ltr'>ἡμᾶς,</span> <span class='ocrx_word' id='word_1_131' title='bbox 445 757 632 795; x_wconf 77' lang='grc' dir='ltr'><strong>μεμαθηκότες</strong></span> <span class='ocrx_word' id='word_1_132' title='bbox 650 766 659 774; x_wconf 83' lang='grc'><strong><em>⁸</em></strong></span> <span class='ocrx_word' id='word_1_133' title='bbox 676 757 756 795; x_wconf 79' lang='grc' dir='ltr'>ἀλλὰ,</span> <span class='ocrx_word' id='word_1_134' title='bbox 773 765 833 790; x_wconf 75' lang='grc' dir='ltr'>τοῖς</span> <span class='ocrx_word' id='word_1_135' title='bbox 859 758 920 798; x_wconf 62' lang='grc' dir='ltr'><strong>μὲν,</strong></span> <span class='ocrx_word' id='word_1_136' title='bbox 941 758 990 787; x_wconf 80' lang='grc' dir='ltr'>κᾶν</span> 
     </span>
    </p>
   </div>
   <div class='ocr_carea' id='block_1_19' title="bbox 160 799 990 843">
    <p class='ocr_par' dir='ltr' id='par_1_19' title="bbox 160 799 990 843">
     <span class='ocr_line' id='line_1_20' title="bbox 160 799 990 843; baseline 0.005 -16"><span class='ocrx_word' id='word_1_137' title='bbox 160 800 230 827; x_wconf 75' lang='grc' dir='ltr'><strong>κατᾶ</strong></span> <span class='ocrx_word' id='word_1_138' title='bbox 256 799 353 839; x_wconf 74' lang='grc' dir='ltr'><strong>κόῤῥης</strong></span> <span class='ocrx_word' id='word_1_139' title='bbox 383 801 614 840; x_wconf 74' lang='grc' dir='ltr'><strong>προπηλακίζωσι,</strong></span> <span class='ocrx_word' id='word_1_140' title='bbox 658 804 702 831; x_wconf 76' lang='grc' dir='ltr'>καὶ</span> <span class='ocrx_word' id='word_1_141' title='bbox 731 804 762 831; x_wconf 80' lang='grc' dir='ltr'><strong>τὸ</strong></span> <span class='ocrx_word' id='word_1_142' title='bbox 790 803 878 843; x_wconf 82' lang='grc' dir='ltr'><strong>ἕτερον</strong></span> <span class='ocrx_word' id='word_1_143' title='bbox 904 804 990 832; x_wconf 74' lang='grc' dir='ltr'>παίειν</span> 
     </span>
    </p>
   </div>
   <div class='ocr_carea' id='block_1_20' title="bbox 160 844 1021 888">
    <p class='ocr_par' dir='ltr' id='par_1_20' title="bbox 160 844 1021 888">
     <span class='ocr_line' id='line_1_21' title="bbox 160 844 1021 888; baseline 0.006 -17"><span class='ocrx_word' id='word_1_144' title='bbox 160 844 292 884; x_wconf 66' lang='grc' dir='ltr'>παρέχειν</span> <span class='ocrx_word' id='word_1_145' title='bbox 321 848 371 879; x_wconf 79' lang='grc' dir='ltr'><strong>τῆς</strong></span> <span class='ocrx_word' id='word_1_146' title='bbox 401 845 521 886; x_wconf 73' lang='grc' dir='ltr'><strong>κεφαλῆς</strong></span> <span class='ocrx_word' id='word_1_147' title='bbox 540 855 546 862; x_wconf 90' lang='grc'><strong>”</strong></span> <span class='ocrx_word' id='word_1_148' title='bbox 564 854 623 879; x_wconf 76' lang='grc' dir='ltr'><strong>τοῖς</strong></span> <span class='ocrx_word' id='word_1_149' title='bbox 639 846 677 884; x_wconf 76' lang='grc' dir='ltr'><strong>δὲ,</strong></span> <span class='ocrx_word' id='word_1_150' title='bbox 702 848 724 876; x_wconf 71' lang='grc' dir='ltr'><strong>εἰ</strong></span> <span class='ocrx_word' id='word_1_151' title='bbox 738 848 783 876; x_wconf 81' lang='grc' dir='ltr'><strong>τὸν</strong></span> <span class='ocrx_word' id='word_1_152' title='bbox 799 851 902 888; x_wconf 65' lang='grc' dir='ltr'>χιτῶνα</span> <span class='ocrx_word' id='word_1_153' title='bbox 915 848 990 888; x_wconf 67' lang='grc' dir='ltr'>ἀφιί-</span> <span class='ocrx_word' id='word_1_154' title='bbox 1002 845 1021 870; x_wconf 74' lang='grc' dir='ltr'><strong>Β</strong></span> 
     </span>
    </p>
   </div>
   <div class='ocr_carea' id='block_1_21' title="bbox 159 889 990 930">
    <p class='ocr_par' dir='ltr' id='par_1_21' title="bbox 159 889 990 930">
     <span class='ocr_line' id='line_1_22' title="bbox 159 889 990 930; baseline 0.006 -14"><span class='ocrx_word' id='word_1_155' title='bbox 159 900 259 929; x_wconf 68' lang='grc' dir='ltr'><strong>ρθιντο,</strong></span> <span class='ocrx_word' id='word_1_156' title='bbox 284 889 425 919; x_wconf 81' lang='grc' dir='ltr'>ἐπιδιδόναι</span> <span class='ocrx_word' id='word_1_157' title='bbox 454 892 498 919; x_wconf 76' lang='grc' dir='ltr'>καὶ</span> <span class='ocrx_word' id='word_1_158' title='bbox 519 903 549 919; x_wconf 80' lang='grc' dir='ltr'><strong>το</strong></span> <span class='ocrx_word' id='word_1_159' title='bbox 570 892 687 930; x_wconf 62' lang='grc' dir='ltr'><strong>ἱμάτιον,</strong></span> <span class='ocrx_word' id='word_1_160' title='bbox 707 901 722 922; x_wconf 81' lang='grc'><strong>«</strong></span> <span class='ocrx_word' id='word_1_161' title='bbox 739 892 795 929; x_wconf 86' lang='lat' dir='ltr'><strong>Qui</strong></span> <span class='ocrx_word' id='word_1_162' title='bbox 825 900 883 923; x_wconf 90' lang='lat' dir='ltr'><strong>non</strong></span> <span class='ocrx_word' id='word_1_163' title='bbox 901 892 990 923; x_wconf 91' lang='lat' dir='ltr'><strong>modo</strong></span> 
     </span>
    </p>
   </div>
   <div class='ocr_carea' id='block_1_22' title="bbox 161 935 991 977">
    <p class='ocr_par' dir='ltr' id='par_1_22' title="bbox 161 935 991 977">
     <span class='ocr_line' id='line_1_23' title="bbox 161 935 991 977; baseline 0.006 -14"><span class='ocrx_word' id='word_1_164' title='bbox 161 941 222 964; x_wconf 91' lang='lat' dir='ltr'><strong>non</strong></span> <span class='ocrx_word' id='word_1_165' title='bbox 246 939 452 975; x_wconf 86' lang='lat' dir='ltr'><strong>repercutere,</strong></span> <span class='ocrx_word' id='word_1_166' title='bbox 467 944 523 968; x_wconf 90' lang='lat' dir='ltr'><strong>nec</strong></span> <span class='ocrx_word' id='word_1_167' title='bbox 538 935 746 967; x_wconf 88' lang='lat' dir='ltr'><strong>invadentibus</strong></span> <span class='ocrx_word' id='word_1_168' title='bbox 764 941 793 968; x_wconf 88' lang='lat' dir='ltr'><strong>et</strong></span> <span class='ocrx_word' id='word_1_169' title='bbox 808 936 991 977; x_wconf 87' lang='lat' dir='ltr'><strong>rapientibus</strong></span> 
     </span>
    </p>
   </div>
   <div class='ocr_carea' id='block_1_23' title="bbox 161 977 988 1021">
    <p class='ocr_par' dir='ltr' id='par_1_23' title="bbox 161 977 988 1021">
     <span class='ocr_line' id='line_1_24' title="bbox 161 977 988 1021; baseline 0.005 -13"><span class='ocrx_word' id='word_1_170' title='bbox 161 977 242 1009; x_wconf 90' lang='lat' dir='ltr'><strong>diem</strong></span> <span class='ocrx_word' id='word_1_171' title='bbox 253 978 420 1020; x_wconf 85' lang='lat' dir='ltr'><strong>dicere,sed</strong></span> <span class='ocrx_word' id='word_1_172' title='bbox 434 980 632 1021; x_wconf 90' lang='lat' dir='ltr'><strong>istis,etiamsi</strong></span> <span class='ocrx_word' id='word_1_173' title='bbox 645 981 802 1021; x_wconf 80' lang='lat' dir='ltr'><strong>colaphum</strong></span> <span class='ocrx_word' id='word_1_174' title='bbox 815 981 988 1017; x_wconf 83' lang='lat' dir='ltr'><strong>inﬂixerint.</strong></span> 
     </span>
    </p>
   </div>
   <div class='ocr_carea' id='block_1_24' title="bbox 161 1023 992 1067">
    <p class='ocr_par' dir='ltr' id='par_1_24' title="bbox 161 1023 992 1067">
     <span class='ocr_line' id='line_1_25' title="bbox 161 1023 992 1067; baseline 0.006 -14"><span class='ocrx_word' id='word_1_175' title='bbox 161 1023 287 1054; x_wconf 87' lang='lat' dir='ltr'><strong>alteram</strong></span> <span class='ocrx_word' id='word_1_176' title='bbox 300 1024 405 1064; x_wconf 87' lang='lat' dir='ltr'><strong>capitis</strong></span> <span class='ocrx_word' id='word_1_177' title='bbox 416 1031 530 1065; x_wconf 82' lang='lat' dir='ltr'><strong>partem</strong></span> <span class='ocrx_word' id='word_1_178' title='bbox 545 1026 768 1065; x_wconf 89' lang='lat' dir='ltr'><strong>percutiendam</strong></span> <span class='ocrx_word' id='word_1_179' title='bbox 784 1027 928 1067; x_wconf 58' lang='lat' dir='ltr'><strong>praebere;</strong></span> <span class='ocrx_word' id='word_1_180' title='bbox 945 1027 992 1058; x_wconf 91' lang='lat' dir='ltr'><strong>his</strong></span> 
     </span>
    </p>
   </div>
   <div class='ocr_carea' id='block_1_25' title="bbox 160 1068 992 1113">
    <p class='ocr_par' dir='ltr' id='par_1_25' title="bbox 160 1068 992 1113">
     <span class='ocr_line' id='line_1_26' title="bbox 160 1068 992 1113; baseline 0.007 -16"><span class='ocrx_word' id='word_1_181' title='bbox 160 1068 301 1113; x_wconf 84' lang='lat' dir='ltr'><strong>autem,si</strong></span> <span class='ocrx_word' id='word_1_182' title='bbox 317 1068 447 1100; x_wconf 88' lang='lat' dir='ltr'><strong>tunicam</strong></span> <span class='ocrx_word' id='word_1_183' title='bbox 459 1070 773 1112; x_wconf 84' lang='lat' dir='ltr'><strong>abstulerint,pallium</strong></span> <span class='ocrx_word' id='word_1_184' title='bbox 790 1072 992 1113; x_wconf 82' lang='lat' dir='ltr'><strong>superaddere</strong></span> 
     </span>
    </p>
   </div>
   <div class='ocr_carea' id='block_1_26' title="bbox 160 1112 991 1156">
    <p class='ocr_par' dir='ltr' id='par_1_26' title="bbox 160 1112 991 1156">
     <span class='ocr_line' id='line_1_27' title="bbox 160 1112 991 1156; baseline 0.004 -14"><span class='ocrx_word' id='word_1_185' title='bbox 160 1112 354 1143; x_wconf 75' lang='lat' dir='ltr'><strong>didicimus.)</strong></span> <span class='ocrx_word' id='word_1_186' title='bbox 374 1113 527 1155; x_wconf 86' lang='lat' dir='ltr'><strong>Tatianus,</strong></span> <span class='ocrx_word' id='word_1_187' title='bbox 557 1124 589 1147; x_wconf 86' lang='grc' dir='ltr'>ιι.</span> <span class='ocrx_word' id='word_1_188' title='bbox 607 1115 645 1148; x_wconf 85' lang='grc'><strong>36</strong></span> <span class='ocrx_word' id='word_1_189' title='bbox 663 1125 668 1147; x_wconf 94' lang='lat'>:</span> <span class='ocrx_word' id='word_1_190' title='bbox 689 1116 762 1150; x_wconf 77' lang='grc' dir='ltr'><strong>Πλὴν</strong></span> <span class='ocrx_word' id='word_1_191' title='bbox 777 1112 900 1156; x_wconf 68' lang='grc' dir='ltr'><strong>’Όμηρος</strong></span> <span class='ocrx_word' id='word_1_192' title='bbox 923 1117 991 1146; x_wconf 68' lang='grc' dir='ltr'><strong>ἔστω</strong></span> 
     </span>
    </p>
   </div>
   <div class='ocr_carea' id='block_1_27' title="bbox 162 1158 990 1199">
    <p class='ocr_par' dir='ltr' id='par_1_27' title="bbox 162 1158 990 1199">
     <span class='ocr_line' id='line_1_28' title="bbox 162 1158 990 1199; baseline 0.007 -15"><span class='ocrx_word' id='word_1_193' title='bbox 162 1158 202 1196; x_wconf 76' lang='grc' dir='ltr'><strong>μὴ</strong></span> <span class='ocrx_word' id='word_1_194' title='bbox 231 1158 313 1196; x_wconf 83' lang='grc' dir='ltr'>μόνον</span> <span class='ocrx_word' id='word_1_195' title='bbox 342 1159 449 1199; x_wconf 63' lang='grc' dir='ltr'><strong>ὕστερδν</strong></span> <span class='ocrx_word' id='word_1_196' title='bbox 477 1164 529 1189; x_wconf 83' lang='grc' dir='ltr'><strong>τῶν</strong></span> <span class='ocrx_word' id='word_1_197' title='bbox 557 1160 689 1199; x_wconf 70' lang='grc' dir='ltr'><strong>Ἰλιακῶν,</strong></span> <span class='ocrx_word' id='word_1_198' title='bbox 719 1162 786 1191; x_wconf 83' lang='grc' dir='ltr'>ἀλλὰ</span> <span class='ocrx_word' id='word_1_199' title='bbox 812 1162 870 1191; x_wconf 70' lang='grc' dir='ltr'><strong>κατ’</strong></span> <span class='ocrx_word' id='word_1_200' title='bbox 887 1162 990 1191; x_wconf 72' lang='grc' dir='ltr'><strong>ἐκεῖνον</strong></span> 
     </span>
    </p>
   </div>
   <div class='ocr_carea' id='block_1_28' title="bbox 162 1203 991 1246">
    <p class='ocr_par' dir='ltr' id='par_1_28' title="bbox 162 1203 991 1246">
     <span class='ocr_line' id='line_1_29' title="bbox 162 1203 991 1246; baseline 0.008 -16"><span class='ocrx_word' id='word_1_201' title='bbox 162 1203 240 1231; x_wconf 64' lang='grc' dir='ltr'><strong>αδτὸν</strong></span> <span class='ocrx_word' id='word_1_202' title='bbox 262 1203 417 1244; x_wconf 63' lang='grc' dir='ltr'><strong>ὑπειλήφοω</strong></span> <span class='ocrx_word' id='word_1_203' title='bbox 444 1206 489 1233; x_wconf 62' lang='grc' dir='ltr'><strong>τὸν</strong></span> <span class='ocrx_word' id='word_1_204' title='bbox 506 1209 552 1234; x_wconf 80' lang='grc' dir='ltr'><strong>τοῦ</strong></span> <span class='ocrx_word' id='word_1_205' title='bbox 567 1206 687 1241; x_wconf 75' lang='grc' dir='ltr'><strong>πολέμου</strong></span> <span class='ocrx_word' id='word_1_206' title='bbox 703 1209 807 1246; x_wconf 61' lang='grc' dir='ltr'>καιρόν.</span> <span class='ocrx_word' id='word_1_207' title='bbox 828 1220 840 1234; x_wconf 76' lang='grc' dir='ltr'>(ι</span> <span class='ocrx_word' id='word_1_208' title='bbox 860 1206 904 1238; x_wconf 62' lang='lat' dir='ltr'><strong>Si!</strong></span> <span class='ocrx_word' id='word_1_209' title='bbox 920 1215 991 1237; x_wconf 91' lang='lat' dir='ltr'><strong>sane</strong></span> 
     </span>
    </p>
   </div>
   <div class='ocr_carea' id='block_1_29' title="bbox 162 1246 990 1292">
    <p class='ocr_par' dir='ltr' id='par_1_29' title="bbox 162 1246 990 1292">
     <span class='ocr_line' id='line_1_30' title="bbox 162 1246 990 1292; baseline 0.006 -16"><span class='ocrx_word' id='word_1_210' title='bbox 162 1246 310 1278; x_wconf 88' lang='lat' dir='ltr'><strong>Homerus</strong></span> <span class='ocrx_word' id='word_1_211' title='bbox 325 1257 385 1278; x_wconf 92' lang='lat' dir='ltr'><strong>non</strong></span> <span class='ocrx_word' id='word_1_212' title='bbox 402 1248 490 1279; x_wconf 85' lang='lat' dir='ltr'><strong>modo</strong></span> <span class='ocrx_word' id='word_1_213' title='bbox 507 1258 565 1280; x_wconf 93' lang='lat' dir='ltr'><strong>non</strong></span> <span class='ocrx_word' id='word_1_214' title='bbox 579 1250 681 1290; x_wconf 83' lang='lat' dir='ltr'><strong>junior</strong></span> <span class='ocrx_word' id='word_1_215' title='bbox 702 1250 801 1282; x_wconf 87' lang='lat' dir='ltr'><strong>Iliacis</strong></span> <span class='ocrx_word' id='word_1_216' title='bbox 815 1251 918 1292; x_wconf 91' lang='lat' dir='ltr'><strong>rebus,</strong></span> <span class='ocrx_word' id='word_1_217' title='bbox 937 1251 990 1282; x_wconf 89' lang='lat' dir='ltr'><strong>sed</strong></span> 
     </span>
    </p>
   </div>
   <div class='ocr_carea' id='block_1_30' title="bbox 163 1290 992 1337">
    <p class='ocr_par' dir='ltr' id='par_1_30' title="bbox 163 1290 992 1337">
     <span class='ocr_line' id='line_1_31' title="bbox 163 1290 992 1337; baseline 0.006 -15"><span class='ocrx_word' id='word_1_218' title='bbox 163 1291 222 1331; x_wconf 88' lang='lat' dir='ltr'><strong>ipsi</strong></span> <span class='ocrx_word' id='word_1_219' title='bbox 251 1290 329 1323; x_wconf 83' lang='lat' dir='ltr'><strong>bello</strong></span> <span class='ocrx_word' id='word_1_220' title='bbox 357 1293 485 1333; x_wconf 66' lang='lat' dir='ltr'><strong>aequalis.</strong></span> <span class='ocrx_word' id='word_1_221' title='bbox 511 1307 524 1322; x_wconf 83' lang='grc'><strong>»</strong></span> <span class='ocrx_word' id='word_1_222' title='bbox 549 1295 581 1325; x_wconf 88' lang='lat' dir='ltr'><strong>S.</strong></span> <span class='ocrx_word' id='word_1_223' title='bbox 613 1295 773 1336; x_wconf 78' lang='lat' dir='ltr'><strong>Cyprianus</strong></span> <span class='ocrx_word' id='word_1_224' title='bbox 798 1290 949 1337; x_wconf 78' lang='lat' dir='ltr'><strong>acceptam</strong></span> <span class='ocrx_word' id='word_1_225' title='bbox 975 1305 992 1327; x_wconf 90' lang='lat' dir='ltr'><strong>a</strong></span> 
     </span>
    </p>
   </div>
   <div class='ocr_carea' id='block_1_31' title="bbox 163 1337 991 1381">
    <p class='ocr_par' dir='ltr' id='par_1_31' title="bbox 163 1337 991 1381">
     <span class='ocr_line' id='line_1_32' title="bbox 163 1337 991 1381; baseline 0.005 -13"><span class='ocrx_word' id='word_1_226' title='bbox 163 1337 193 1368; x_wconf 91' lang='lat' dir='ltr'><strong>S.</strong></span> <span class='ocrx_word' id='word_1_227' title='bbox 212 1337 384 1369; x_wconf 87' lang='lat' dir='ltr'><strong>Firmiliano</strong></span> <span class='ocrx_word' id='word_1_228' title='bbox 406 1338 572 1378; x_wconf 87' lang='lat' dir='ltr'><strong>epistolam,</strong></span> <span class='ocrx_word' id='word_1_229' title='bbox 590 1350 655 1380; x_wconf 82' lang='lat' dir='ltr'><strong>quae</strong></span> <span class='ocrx_word' id='word_1_230' title='bbox 671 1345 712 1371; x_wconf 88' lang='lat' dir='ltr'><strong>est</strong></span> <span class='ocrx_word' id='word_1_231' title='bbox 729 1340 807 1371; x_wconf 88' lang='lat' dir='ltr'><strong>inter</strong></span> <span class='ocrx_word' id='word_1_232' title='bbox 822 1342 991 1381; x_wconf 79' lang='lat' dir='ltr'><strong>Cypriani-</strong></span> 
     </span>
    </p>
   </div>
   <div class='ocr_carea' id='block_1_32' title="bbox 161 1381 990 1422">
    <p class='ocr_par' dir='ltr' id='par_1_32' title="bbox 161 1381 990 1422">
     <span class='ocr_line' id='line_1_33' title="bbox 161 1381 990 1422; baseline 0.006 -10"><span class='ocrx_word' id='word_1_233' title='bbox 161 1391 213 1412; x_wconf 82' lang='lat' dir='ltr'><strong>cas</strong></span> <span class='ocrx_word' id='word_1_234' title='bbox 231 1381 279 1418; x_wconf 77' lang='lat'><strong>75,</strong></span> <span class='ocrx_word' id='word_1_235' title='bbox 297 1383 410 1413; x_wconf 87' lang='lat' dir='ltr'><strong>nemini</strong></span> <span class='ocrx_word' id='word_1_236' title='bbox 424 1383 528 1414; x_wconf 86' lang='lat' dir='ltr'><strong>Latine</strong></span> <span class='ocrx_word' id='word_1_237' title='bbox 553 1384 737 1416; x_wconf 88' lang='lat' dir='ltr'><strong>reddendam</strong></span> <span class='ocrx_word' id='word_1_238' title='bbox 757 1385 916 1422; x_wconf 88' lang='lat' dir='ltr'><strong>commisit,</strong></span> <span class='ocrx_word' id='word_1_239' title='bbox 937 1386 990 1416; x_wconf 86' lang='lat' dir='ltr'><strong>sed</strong></span> 
     </span>
    </p>
   </div>
   <div class='ocr_carea' id='block_1_33' title="bbox 163 1425 988 1471">
    <p class='ocr_par' dir='ltr' id='par_1_33' title="bbox 163 1425 988 1471">
     <span class='ocr_line' id='line_1_34' title="bbox 163 1425 988 1471; baseline 0.006 -15"><span class='ocrx_word' id='word_1_240' title='bbox 163 1425 228 1465; x_wconf 89' lang='lat' dir='ltr'><strong>ipse</strong></span> <span class='ocrx_word' id='word_1_241' title='bbox 243 1426 322 1471; x_wconf 86' lang='lat' dir='ltr'><strong>hunc</strong></span> <span class='ocrx_word' id='word_1_242' title='bbox 338 1427 484 1465; x_wconf 87' lang='lat' dir='ltr'><strong>laborem,</strong></span> <span class='ocrx_word' id='word_1_243' title='bbox 500 1432 533 1459; x_wconf 91' lang='lat' dir='ltr'><strong>ut</strong></span> <span class='ocrx_word' id='word_1_244' title='bbox 562 1438 598 1460; x_wconf 88' lang='lat' dir='ltr'><strong>ex</strong></span> <span class='ocrx_word' id='word_1_245' title='bbox 627 1430 699 1470; x_wconf 91' lang='lat' dir='ltr'><strong>stylo</strong></span> <span class='ocrx_word' id='word_1_246' title='bbox 727 1431 857 1471; x_wconf 83' lang='lat' dir='ltr'><strong>perspici</strong></span> <span class='ocrx_word' id='word_1_247' title='bbox 883 1434 988 1471; x_wconf 87' lang='lat' dir='ltr'><strong>potest,</strong></span> 
     </span>
    </p>
   </div>
   <div class='ocr_carea' id='block_1_34' title="bbox 163 1470 989 1515">
    <p class='ocr_par' dir='ltr' id='par_1_34' title="bbox 163 1470 989 1515">
     <span class='ocr_line' id='line_1_35' title="bbox 163 1470 989 1515; baseline 0.006 -14"><span class='ocrx_word' id='word_1_248' title='bbox 163 1470 308 1511; x_wconf 87' lang='lat' dir='ltr'><strong>suscepit.</strong></span> <span class='ocrx_word' id='word_1_249' title='bbox 321 1471 520 1503; x_wconf 86' lang='lat' dir='ltr'><strong>Hellenismos</strong></span> <span class='ocrx_word' id='word_1_250' title='bbox 535 1477 632 1505; x_wconf 90' lang='lat' dir='ltr'><strong>autem</strong></span> <span class='ocrx_word' id='word_1_251' title='bbox 649 1484 708 1505; x_wconf 91' lang='lat' dir='ltr'><strong>non</strong></span> <span class='ocrx_word' id='word_1_252' title='bbox 724 1485 836 1515; x_wconf 87' lang='lat' dir='ltr'><strong>paucos</strong></span> <span class='ocrx_word' id='word_1_253' title='bbox 851 1470 926 1505; x_wconf 90' lang='lat' dir='ltr'><strong>ﬁdus</strong></span> <span class='ocrx_word' id='word_1_254' title='bbox 942 1470 989 1505; x_wconf 54' lang='lat' dir='ltr'><strong>iné</strong></span> 
     </span>
    </p>
   </div>
   <div class='ocr_carea' id='block_1_35' title="bbox 162 1515 991 1560">
    <p class='ocr_par' dir='ltr' id='par_1_35' title="bbox 162 1515 991 1560">
     <span class='ocr_line' id='line_1_36' title="bbox 162 1515 991 1560; baseline 0.006 -15"><span class='ocrx_word' id='word_1_255' title='bbox 162 1519 280 1556; x_wconf 90' lang='lat' dir='ltr'><strong>terpres</strong></span> <span class='ocrx_word' id='word_1_256' title='bbox 295 1515 431 1553; x_wconf 84' lang='lat' dir='ltr'><strong>retinuit,</strong></span> <span class='ocrx_word' id='word_1_257' title='bbox 450 1526 484 1548; x_wconf 83' lang='lat' dir='ltr'><strong>ex</strong></span> <span class='ocrx_word' id='word_1_258' title='bbox 497 1518 606 1558; x_wconf 88' lang='lat' dir='ltr'><strong>quibus</strong></span> <span class='ocrx_word' id='word_1_259' title='bbox 627 1529 719 1550; x_wconf 91' lang='lat' dir='ltr'><strong>unum</strong></span> <span class='ocrx_word' id='word_1_260' title='bbox 735 1520 770 1550; x_wconf 88' lang='lat' dir='ltr'><strong>ad</strong></span> <span class='ocrx_word' id='word_1_261' title='bbox 797 1521 840 1557; x_wconf 92' lang='lat' dir='ltr'><strong>id,</strong></span> <span class='ocrx_word' id='word_1_262' title='bbox 865 1519 944 1560; x_wconf 91' lang='lat' dir='ltr'><strong>quod</strong></span> <span class='ocrx_word' id='word_1_263' title='bbox 960 1520 991 1550; x_wconf 92' lang='lat' dir='ltr'><strong>in</strong></span> 
     </span>
    </p>
   </div>
   <div class='ocr_carea' id='block_1_36' title="bbox 163 1560 990 1605">
    <p class='ocr_par' dir='ltr' id='par_1_36' title="bbox 163 1560 990 1605">
     <span class='ocr_line' id='line_1_37' title="bbox 163 1560 990 1605; baseline 0.006 -15"><span class='ocrx_word' id='word_1_264' title='bbox 163 1560 302 1591; x_wconf 88' lang='lat' dir='ltr'><strong>manibus</strong></span> <span class='ocrx_word' id='word_1_265' title='bbox 318 1565 373 1602; x_wconf 88' lang='lat' dir='ltr'><strong>est,</strong></span> <span class='ocrx_word' id='word_1_266' title='bbox 392 1562 522 1593; x_wconf 81' lang='lat' dir='ltr'><strong>maxime</strong></span> <span class='ocrx_word' id='word_1_267' title='bbox 537 1563 679 1594; x_wconf 89' lang='lat' dir='ltr'><strong>idoneum</strong></span> <span class='ocrx_word' id='word_1_268' title='bbox 704 1574 862 1605; x_wconf 87' lang='lat' dir='ltr'><strong>apponam.</strong></span> <span class='ocrx_word' id='word_1_269' title='bbox 881 1564 928 1596; x_wconf 91' lang='lat' dir='ltr'><strong>Sic</strong></span> <span class='ocrx_word' id='word_1_270' title='bbox 944 1564 990 1595; x_wconf 93' lang='lat' dir='ltr'><strong>lo—</strong></span> 
     </span>
    </p>
   </div>
   <div class='ocr_carea' id='block_1_37' title="bbox 162 1605 989 1650">
    <p class='ocr_par' dir='ltr' id='par_1_37' title="bbox 162 1605 989 1650">
     <span class='ocr_line' id='line_1_38' title="bbox 162 1605 989 1650; baseline 0.006 -15"><span class='ocrx_word' id='word_1_271' title='bbox 162 1605 264 1646; x_wconf 87' lang='lat' dir='ltr'><strong>quitur</strong></span> <span class='ocrx_word' id='word_1_272' title='bbox 279 1605 316 1636; x_wconf 89' lang='lat' dir='ltr'><strong>de</strong></span> <span class='ocrx_word' id='word_1_273' title='bbox 332 1607 446 1645; x_wconf 83' lang='lat' dir='ltr'><strong>angelis</strong></span> <span class='ocrx_word' id='word_1_274' title='bbox 470 1606 501 1639; x_wconf 90' lang='lat' dir='ltr'><strong>S.</strong></span> <span class='ocrx_word' id='word_1_275' title='bbox 517 1607 707 1639; x_wconf 88' lang='lat' dir='ltr'><strong>Firmilianus</strong></span> <span class='ocrx_word' id='word_1_276' title='bbox 733 1619 739 1641; x_wconf 87' lang='lat'>:</span> <span class='ocrx_word' id='word_1_277' title='bbox 765 1621 778 1637; x_wconf 75' lang='lat' dir='ltr'><strong>tl</strong></span> <span class='ocrx_word' id='word_1_278' title='bbox 796 1610 902 1650; x_wconf 84' lang='lat' dir='ltr'><strong>Utique</strong></span> <span class='ocrx_word' id='word_1_279' title='bbox 917 1619 989 1640; x_wconf 89' lang='lat' dir='ltr'><strong>con-</strong></span> 
     </span>
    </p>
   </div>
   <div class='ocr_carea' id='block_1_38' title="bbox 162 1650 989 1694">
    <p class='ocr_par' dir='ltr' id='par_1_38' title="bbox 162 1650 989 1694">
     <span class='ocr_line' id='line_1_39' title="bbox 162 1650 989 1694; baseline 0.006 -14"><span class='ocrx_word' id='word_1_280' title='bbox 162 1650 328 1688; x_wconf 81' lang='lat' dir='ltr'><strong>tristantur,</strong></span> <span class='ocrx_word' id='word_1_281' title='bbox 353 1651 473 1690; x_wconf 84' lang='lat' dir='ltr'><strong>quando</strong></span> <span class='ocrx_word' id='word_1_282' title='bbox 502 1652 605 1683; x_wconf 91' lang='lat' dir='ltr'><strong>vident</strong></span> <span class='ocrx_word' id='word_1_283' title='bbox 637 1653 769 1685; x_wconf 90' lang='lat' dir='ltr'><strong>diversas</strong></span> <span class='ocrx_word' id='word_1_284' title='bbox 794 1654 989 1694; x_wconf 79' lang='lat' dir='ltr'><strong>quorumdam</strong></span> 
     </span>
    </p>
   </div>
   <div class='ocr_carea' id='block_1_39' title="bbox 163 1695 990 1739">
    <p class='ocr_par' dir='ltr' id='par_1_39' title="bbox 163 1695 990 1739">
     <span class='ocr_line' id='line_1_40' title="bbox 163 1695 990 1739; baseline 0.007 -15"><span class='ocrx_word' id='word_1_285' title='bbox 163 1700 283 1726; x_wconf 87' lang='lat' dir='ltr'><strong>mentes</strong></span> <span class='ocrx_word' id='word_1_286' title='bbox 304 1699 334 1726; x_wconf 90' lang='lat' dir='ltr'><strong>et</strong></span> <span class='ocrx_word' id='word_1_287' title='bbox 362 1695 470 1727; x_wconf 87' lang='lat' dir='ltr'><strong>scissas</strong></span> <span class='ocrx_word' id='word_1_288' title='bbox 498 1697 677 1736; x_wconf 83' lang='lat' dir='ltr'><strong>voluntates,</strong></span> <span class='ocrx_word' id='word_1_289' title='bbox 702 1698 785 1739; x_wconf 90' lang='lat' dir='ltr'><strong>quasi</strong></span> <span class='ocrx_word' id='word_1_290' title='bbox 802 1708 862 1729; x_wconf 91' lang='lat' dir='ltr'><strong>non</strong></span> <span class='ocrx_word' id='word_1_291' title='bbox 878 1703 990 1731; x_wconf 89' lang='lat' dir='ltr'><strong>tantum</strong></span> 
     </span>
    </p>
   </div>
   <div class='ocr_carea' id='block_1_40' title="bbox 160 1740 990 1781">
    <p class='ocr_par' dir='ltr' id='par_1_40' title="bbox 160 1740 990 1781">
     <span class='ocr_line' id='line_1_41' title="bbox 160 1740 990 1781; baseline 0.007 -12"><span class='ocrx_word' id='word_1_292' title='bbox 160 1749 254 1770; x_wconf 91' lang='lat' dir='ltr'><strong>unum</strong></span> <span class='ocrx_word' id='word_1_293' title='bbox 274 1744 302 1771; x_wconf 91' lang='lat' dir='ltr'><strong>et</strong></span> <span class='ocrx_word' id='word_1_294' title='bbox 323 1740 460 1772; x_wconf 88' lang='lat' dir='ltr'><strong>eumdem</strong></span> <span class='ocrx_word' id='word_1_295' title='bbox 476 1741 634 1772; x_wconf 89' lang='lat' dir='ltr'><strong>Dominum</strong></span> <span class='ocrx_word' id='word_1_296' title='bbox 661 1742 748 1774; x_wconf 87' lang='lat' dir='ltr'><strong>simul</strong></span> <span class='ocrx_word' id='word_1_297' title='bbox 775 1743 923 1781; x_wconf 88' lang='lat' dir='ltr'><strong>invocent,</strong></span> <span class='ocrx_word' id='word_1_298' title='bbox 937 1745 990 1775; x_wconf 83' lang='lat' dir='ltr'><strong>sed</strong></span> 
     </span>
    </p>
   </div>
   <div class='ocr_carea' id='block_1_41' title="bbox 162 1785 989 1829">
    <p class='ocr_par' dir='ltr' id='par_1_41' title="bbox 162 1785 989 1829">
     <span class='ocr_line' id='line_1_42' title="bbox 162 1785 989 1829; baseline 0.007 -15"><span class='ocrx_word' id='word_1_299' title='bbox 162 1785 308 1829; x_wconf 84' lang='lat' dir='ltr'><strong>separatis</strong></span> <span class='ocrx_word' id='word_1_300' title='bbox 319 1789 348 1816; x_wconf 91' lang='lat' dir='ltr'><strong>et</strong></span> <span class='ocrx_word' id='word_1_301' title='bbox 359 1785 461 1817; x_wconf 82' lang='lat' dir='ltr'><strong>divisis</strong></span> <span class='ocrx_word' id='word_1_302' title='bbox 469 1786 505 1817; x_wconf 91' lang='lat' dir='ltr'><strong>ab</strong></span> <span class='ocrx_word' id='word_1_303' title='bbox 515 1787 640 1818; x_wconf 87' lang='lat' dir='ltr'><strong>invicem</strong></span> <span class='ocrx_word' id='word_1_304' title='bbox 651 1797 706 1819; x_wconf 92' lang='lat' dir='ltr'><strong>nec</strong></span> <span class='ocrx_word' id='word_1_305' title='bbox 717 1788 917 1819; x_wconf 79' lang='lat' dir='ltr'><strong>contabulatio</strong></span> <span class='ocrx_word' id='word_1_306' title='bbox 927 1789 989 1829; x_wconf 88' lang='lat' dir='ltr'><strong>jam</strong></span> 
     </span>
    </p>
   </div>
   <div class='ocr_carea' id='block_1_42' title="bbox 163 1828 991 1870">
    <p class='ocr_par' dir='ltr' id='par_1_42' title="bbox 163 1828 991 1870">
     <span class='ocr_line' id='line_1_43' title="bbox 163 1828 991 1870; baseline 0.006 -11"><span class='ocrx_word' id='word_1_307' title='bbox 163 1828 259 1870; x_wconf 88' lang='lat' dir='ltr'><strong>possit</strong></span> <span class='ocrx_word' id='word_1_308' title='bbox 275 1839 412 1870; x_wconf 86' lang='lat' dir='ltr'><strong>esse,nec</strong></span> <span class='ocrx_word' id='word_1_309' title='bbox 424 1840 522 1862; x_wconf 86' lang='lat' dir='ltr'><strong>sermo</strong></span> <span class='ocrx_word' id='word_1_310' title='bbox 534 1832 731 1864; x_wconf 70' lang='lat' dir='ltr'><strong>communis.»</strong></span> <span class='ocrx_word' id='word_1_311' title='bbox 745 1833 858 1865; x_wconf 82' lang='lat' dir='ltr'><strong>Sensus</strong></span> <span class='ocrx_word' id='word_1_312' title='bbox 867 1838 911 1865; x_wconf 89' lang='lat' dir='ltr'><strong>est</strong></span> <span class='ocrx_word' id='word_1_313' title='bbox 923 1828 933 1865; x_wconf 15' lang='lat'><strong>:7</strong></span> <span class='ocrx_word' id='word_1_314' title='bbox 942 1835 991 1864; x_wconf 84' lang='lat' dir='ltr'><strong>Ita</strong></span> 
     </span>
    </p>
   </div>
   <div class='ocr_carea' id='block_1_43' title="bbox 161 1875 990 1910">
    <p class='ocr_par' dir='ltr' id='par_1_43' title="bbox 161 1875 990 1910">
     <span class='ocr_line' id='line_1_44' title="bbox 161 1875 990 1910; baseline 0.005 -5"><span class='ocrx_word' id='word_1_315' title='bbox 161 1877 196 1905; x_wconf 83' lang='lat' dir='ltr'><strong>ut</strong></span> <span class='ocrx_word' id='word_1_316' title='bbox 213 1883 274 1906; x_wconf 86' lang='lat' dir='ltr'><strong>non</strong></span> <span class='ocrx_word' id='word_1_317' title='bbox 285 1875 372 1906; x_wconf 85' lang='lat' dir='ltr'><strong>modo</strong></span> <span class='ocrx_word' id='word_1_318' title='bbox 387 1884 448 1907; x_wconf 81' lang='lat' dir='ltr'><strong>non</strong></span> <span class='ocrx_word' id='word_1_319' title='bbox 464 1885 557 1908; x_wconf 88' lang='lat' dir='ltr'><strong>unum</strong></span> <span class='ocrx_word' id='word_1_320' title='bbox 575 1881 603 1907; x_wconf 82' lang='lat' dir='ltr'><strong>et</strong></span> <span class='ocrx_word' id='word_1_321' title='bbox 617 1878 756 1909; x_wconf 80' lang='lat' dir='ltr'><strong>eumdem</strong></span> <span class='ocrx_word' id='word_1_322' title='bbox 769 1878 930 1910; x_wconf 83' lang='lat' dir='ltr'><strong>Dominum</strong></span> <span class='ocrx_word' id='word_1_323' title='bbox 944 1879 990 1910; x_wconf 80' lang='lat' dir='ltr'><strong>st-</strong></span> 
     </span>
    </p>
   </div>
   <div class='ocr_carea' id='block_1_44' title="bbox 162 1918 990 1957">
    <p class='ocr_par' dir='ltr' id='par_1_44' title="bbox 162 1918 990 1957">
     <span class='ocr_line' id='line_1_45' title="bbox 162 1918 990 1957; baseline 0.006 -8"><span class='ocrx_word' id='word_1_324' title='bbox 162 1918 229 1949; x_wconf 87' lang='lat' dir='ltr'><strong>mul</strong></span> <span class='ocrx_word' id='word_1_325' title='bbox 242 1920 393 1956; x_wconf 82' lang='lat' dir='ltr'><strong>invocent,</strong></span> <span class='ocrx_word' id='word_1_326' title='bbox 409 1920 473 1957; x_wconf 88' lang='lat' dir='ltr'><strong>sed,</strong></span> <span class='ocrx_word' id='word_1_327' title='bbox 492 1924 551 1953; x_wconf 87' lang='lat' dir='ltr'><strong>etc.</strong></span> <span class='ocrx_word' id='word_1_328' title='bbox 567 1920 692 1952; x_wconf 85' lang='lat' dir='ltr'><strong>Videtur</strong></span> <span class='ocrx_word' id='word_1_329' title='bbox 707 1922 736 1953; x_wconf 91' lang='lat' dir='ltr'><strong>in</strong></span> <span class='ocrx_word' id='word_1_330' title='bbox 749 1923 851 1955; x_wconf 63' lang='lat' dir='ltr'><strong>ercu</strong></span> <span class='ocrx_word' id='word_1_331' title='bbox 868 1927 990 1954; x_wconf 83' lang='lat' dir='ltr'><strong>contex-</strong></span> 
     </span>
    </p>
   </div>
   <div class='ocr_carea' id='block_1_45' title="bbox 163 1963 518 2003">
    <p class='ocr_par' dir='ltr' id='par_1_45' title="bbox 163 1963 518 2003">
     <span class='ocr_line' id='line_1_46' title="bbox 163 1963 518 2003; baseline 0.003 -11"><span class='ocrx_word' id='word_1_332' title='bbox 163 1966 195 1993; x_wconf 89' lang='lat' dir='ltr'><strong>tu</strong></span> <span class='ocrx_word' id='word_1_333' title='bbox 211 1963 313 2002; x_wconf 81' lang='lat' dir='ltr'><strong>fuisse,</strong></span> <span class='ocrx_word' id='word_1_334' title='bbox 329 1966 364 1997; x_wconf 76' lang='grc' dir='ltr'>ὡς</span> <span class='ocrx_word' id='word_1_335' title='bbox 381 1965 411 1993; x_wconf 73' lang='grc' dir='ltr'><strong>οὗ</strong></span> <span class='ocrx_word' id='word_1_336' title='bbox 427 1966 518 2003; x_wconf 59' lang='grc' dir='ltr'><strong>μόνον.</strong></span> 
     </span>
    </p>
   </div>
   <div class='ocr_carea' id='block_1_46' title="bbox 204 2007 990 2052">
    <p class='ocr_par' dir='ltr' id='par_1_46' title="bbox 204 2007 990 2052">
     <span class='ocr_line' id='line_1_47' title="bbox 204 2007 990 2052; baseline 0.008 -14"><span class='ocrx_word' id='word_1_337' title='bbox 204 2008 237 2038; x_wconf 90' lang='lat'><strong>3°</strong></span> <span class='ocrx_word' id='word_1_338' title='bbox 247 2007 349 2049; x_wconf 88' lang='lat' dir='ltr'><strong>Neque</strong></span> <span class='ocrx_word' id='word_1_339' title='bbox 361 2009 392 2040; x_wconf 91' lang='lat' dir='ltr'><strong>in</strong></span> <span class='ocrx_word' id='word_1_340' title='bbox 404 2010 526 2042; x_wconf 88' lang='lat' dir='ltr'><strong>exordio</strong></span> <span class='ocrx_word' id='word_1_341' title='bbox 539 2020 635 2052; x_wconf 87' lang='lat' dir='ltr'><strong>neque</strong></span> <span class='ocrx_word' id='word_1_342' title='bbox 651 2011 680 2042; x_wconf 92' lang='lat' dir='ltr'><strong>in</strong></span> <span class='ocrx_word' id='word_1_343' title='bbox 693 2011 825 2043; x_wconf 83' lang='lat' dir='ltr'><strong>clausula</strong></span> <span class='ocrx_word' id='word_1_344' title='bbox 836 2012 990 2044; x_wconf 87' lang='lat' dir='ltr'><strong>consilium</strong></span> 
     </span>
    </p>
   </div>
   <div class='ocr_carea' id='block_1_47' title="bbox 164 2053 995 2096">
    <p class='ocr_par' dir='ltr' id='par_1_47' title="bbox 164 2053 995 2096">
     <span class='ocr_line' id='line_1_48' title="bbox 164 2053 995 2096; baseline 0.008 -14"><span class='ocrx_word' id='word_1_345' title='bbox 164 2056 215 2083; x_wconf 89' lang='lat' dir='ltr'><strong>aut</strong></span> <span class='ocrx_word' id='word_1_346' title='bbox 227 2053 363 2084; x_wconf 88' lang='lat' dir='ltr'><strong>voluntas</strong></span> <span class='ocrx_word' id='word_1_347' title='bbox 371 2053 432 2085; x_wconf 88' lang='lat' dir='ltr'><strong>ulla</strong></span> <span class='ocrx_word' id='word_1_348' title='bbox 439 2054 858 2096; x_wconf 64' lang='lat' dir='ltr'><strong>deprehenditurobjiciendm</strong></span> <span class='ocrx_word' id='word_1_349' title='bbox 869 2057 995 2089; x_wconf 89' lang='lat' dir='ltr'><strong>ethnicis</strong></span> 
     </span>
    </p>
   </div>
   <div class='ocr_carea' id='block_1_48' title="bbox 164 2097 996 2142">
    <p class='ocr_par' dir='ltr' id='par_1_48' title="bbox 164 2097 996 2142">
     <span class='ocr_line' id='line_1_49' title="bbox 164 2097 996 2142; baseline 0.006 -15"><span class='ocrx_word' id='word_1_350' title='bbox 164 2106 258 2128; x_wconf 69' lang='lat' dir='ltr'><strong>sacrae</strong></span> <span class='ocrx_word' id='word_1_351' title='bbox 275 2097 618 2138; x_wconf 72' lang='lat' dir='ltr'><strong>Scripturaa.Quinetiam</strong></span> <span class='ocrx_word' id='word_1_352' title='bbox 633 2100 767 2132; x_wconf 90' lang='lat' dir='ltr'><strong>libellum</strong></span> <span class='ocrx_word' id='word_1_353' title='bbox 781 2101 823 2132; x_wconf 88' lang='lat' dir='ltr'><strong>sic</strong></span> <span class='ocrx_word' id='word_1_354' title='bbox 839 2103 868 2132; x_wconf 90' lang='lat' dir='ltr'><strong>S.</strong></span> <span class='ocrx_word' id='word_1_355' title='bbox 887 2107 996 2142; x_wconf 87' lang='lat' dir='ltr'><strong>martyr</strong></span> 
     </span>
    </p>
   </div>
   <div class='ocr_carea' id='block_1_49' title="bbox 163 2141 997 2187">
    <p class='ocr_par' dir='ltr' id='par_1_49' title="bbox 163 2141 997 2187">
     <span class='ocr_line' id='line_1_50' title="bbox 163 2141 997 2187; baseline 0.008 -16"><span class='ocrx_word' id='word_1_356' title='bbox 163 2141 329 2180; x_wconf 88' lang='lat' dir='ltr'><strong>orditur,ut</strong></span> <span class='ocrx_word' id='word_1_357' title='bbox 337 2145 560 2184; x_wconf 82' lang='lat' dir='ltr'><strong>seargumcntis</strong></span> <span class='ocrx_word' id='word_1_358' title='bbox 569 2146 694 2176; x_wconf 80' lang='lat' dir='ltr'><strong>omnino</strong></span> <span class='ocrx_word' id='word_1_359' title='bbox 705 2155 830 2177; x_wconf 84' lang='lat' dir='ltr'><strong>usurum</strong></span> <span class='ocrx_word' id='word_1_360' title='bbox 842 2141 997 2187; x_wconf 82' lang='lat' dir='ltr'><strong>promittat</strong></span> 
     </span>
    </p>
   </div>
   <div class='ocr_carea' id='block_1_50' title="bbox 163 2188 1028 2233">
    <p class='ocr_par' dir='ltr' id='par_1_50' title="bbox 163 2188 1028 2233">
     <span class='ocr_line' id='line_1_51' title="bbox 163 2188 1028 2233; baseline 0.007 -16"><span class='ocrx_word' id='word_1_361' title='bbox 163 2195 202 2217; x_wconf 73' lang='lat' dir='ltr'><strong>ea:</strong></span> <span class='ocrx_word' id='word_1_362' title='bbox 211 2191 332 2218; x_wconf 83' lang='lat' dir='ltr'><strong>vetusta</strong></span> <span class='ocrx_word' id='word_1_363' title='bbox 345 2188 522 2233; x_wconf 67' lang='lat' dir='ltr'><strong>Graecorum</strong></span> <span class='ocrx_word' id='word_1_364' title='bbox 535 2190 671 2221; x_wconf 71' lang='lat' dir='ltr'><strong>historia:</strong></span> <span class='ocrx_word' id='word_1_365' title='bbox 679 2193 764 2230; x_wconf 80' lang='lat' dir='ltr'><strong>pocsi</strong></span> <span class='ocrx_word' id='word_1_366' title='bbox 776 2192 916 2231; x_wconf 79' lang='lat' dir='ltr'><strong>repetitis</strong></span> <span class='ocrx_word' id='word_1_367' title='bbox 933 2200 939 2222; x_wconf 92' lang='lat'><strong>:</strong></span> <span class='ocrx_word' id='word_1_368' title='bbox 952 2192 995 2222; x_wconf 89' lang='lat' dir='ltr'><strong>sic</strong></span> <span class='ocrx_word' id='word_1_369' title='bbox 1007 2209 1028 2233; x_wconf 72' lang='grc' dir='ltr'>υ</span> 
     </span>
    </p>
   </div>
   <div class='ocr_carea' id='block_1_51' title="bbox 164 2232 993 2276">
    <p class='ocr_par' dir='ltr' id='par_1_51' title="bbox 164 2232 993 2276">
     <span class='ocr_line' id='line_1_52' title="bbox 164 2232 993 2276; baseline 0.006 -14"><span class='ocrx_word' id='word_1_370' title='bbox 164 2237 286 2271; x_wconf 85' lang='lat' dir='ltr'><strong>perorat</strong></span> <span class='ocrx_word' id='word_1_371' title='bbox 301 2236 334 2263; x_wconf 90' lang='lat' dir='ltr'><strong>ut</strong></span> <span class='ocrx_word' id='word_1_372' title='bbox 349 2232 468 2264; x_wconf 62' lang='lat' dir='ltr'><strong>Graecos</strong></span> <span class='ocrx_word' id='word_1_373' title='bbox 481 2234 666 2272; x_wconf 83' lang='lat' dir='ltr'><strong>adhortetur,</strong></span> <span class='ocrx_word' id='word_1_374' title='bbox 682 2235 719 2266; x_wconf 93' lang='lat' dir='ltr'><strong>ad</strong></span> <span class='ocrx_word' id='word_1_375' title='bbox 735 2235 993 2276; x_wconf 82' lang='lat' dir='ltr'><strong>complectentium</strong></span> 
     </span>
    </p>
   </div>
   <div class='ocr_carea' id='block_1_52' title="bbox 165 2277 995 2312">
    <p class='ocr_par' dir='ltr' id='par_1_52' title="bbox 165 2277 995 2312">
     <span class='ocr_line' id='line_1_53' title="bbox 165 2277 995 2312; baseline 0.005 -5"><span class='ocrx_word' id='word_1_376' title='bbox 165 2285 271 2308; x_wconf 78' lang='lat' dir='ltr'><strong>verum</strong></span> <span class='ocrx_word' id='word_1_377' title='bbox 283 2277 360 2308; x_wconf 82' lang='lat' dir='ltr'><strong>illud</strong></span> <span class='ocrx_word' id='word_1_378' title='bbox 375 2280 403 2309; x_wconf 87' lang='lat' dir='ltr'><strong>et</strong></span> <span class='ocrx_word' id='word_1_379' title='bbox 418 2278 605 2311; x_wconf 78' lang='lat' dir='ltr'><strong>immutabile</strong></span> <span class='ocrx_word' id='word_1_380' title='bbox 619 2288 727 2310; x_wconf 83' lang='lat' dir='ltr'><strong>nomen</strong></span> <span class='ocrx_word' id='word_1_381' title='bbox 749 2289 809 2311; x_wconf 74' lang='lat' dir='ltr'><strong>non</strong></span> <span class='ocrx_word' id='word_1_382' title='bbox 826 2289 883 2311; x_wconf 82' lang='lat' dir='ltr'><strong>sua</strong></span> <span class='ocrx_word' id='word_1_383' title='bbox 897 2282 995 2312; x_wconf 86' lang='lat' dir='ltr'><strong>solum</strong></span> 
     </span>
    </p>
   </div>
   <div class='ocr_carea' id='block_1_53' title="bbox 166 2322 997 2365">
    <p class='ocr_par' dir='ltr' id='par_1_53' title="bbox 166 2322 997 2365">
     <span class='ocr_line' id='line_1_54' title="bbox 166 2322 997 2365; baseline 0.005 -13"><span class='ocrx_word' id='word_1_384' title='bbox 166 2329 238 2352; x_wconf 83' lang='lat' dir='ltr'><strong>voce</strong></span> <span class='ocrx_word' id='word_1_385' title='bbox 248 2322 462 2363; x_wconf 74' lang='lat' dir='ltr'><strong>pradicatum,</strong></span> <span class='ocrx_word' id='word_1_386' title='bbox 476 2324 530 2354; x_wconf 79' lang='lat' dir='ltr'><strong>sed</strong></span> <span class='ocrx_word' id='word_1_387' title='bbox 544 2324 635 2354; x_wconf 78' lang='lat' dir='ltr'><strong>etiam</strong></span> <span class='ocrx_word' id='word_1_388' title='bbox 657 2332 761 2355; x_wconf 87' lang='lat' dir='ltr'><strong>eorum</strong></span> <span class='ocrx_word' id='word_1_389' title='bbox 777 2327 831 2364; x_wconf 73' lang='lat' dir='ltr'><strong>qui</strong></span> <span class='ocrx_word' id='word_1_390' title='bbox 848 2327 881 2356; x_wconf 84' lang='lat' dir='ltr'><strong>in</strong></span> <span class='ocrx_word' id='word_1_391' title='bbox 894 2328 997 2365; x_wconf 75' lang='lat' dir='ltr'><strong>prima</strong></span> 
     </span>
    </p>
   </div>
   <div class='ocr_carea' id='block_1_54' title="bbox 163 2365 995 2405">
    <p class='ocr_par' dir='ltr' id='par_1_54' title="bbox 163 2365 995 2405">
     <span class='ocr_line' id='line_1_55' title="bbox 163 2365 995 2405; baseline 0.005 -9"><span class='ocrx_word' id='word_1_392' title='bbox 163 2365 341 2398; x_wconf 80' lang='lat' dir='ltr'><strong>litterarum</strong></span> <span class='ocrx_word' id='word_1_393' title='bbox 366 2367 515 2398; x_wconf 83' lang='lat' dir='ltr'><strong>elementa</strong></span> <span class='ocrx_word' id='word_1_394' title='bbox 534 2367 759 2399; x_wconf 63' lang='lat' dir='ltr'><strong>introducunt.</strong></span> <span class='ocrx_word' id='word_1_395' title='bbox 787 2368 861 2405; x_wconf 88' lang='lat' dir='ltr'><strong>Quid</strong></span> <span class='ocrx_word' id='word_1_396' title='bbox 888 2369 995 2400; x_wconf 89' lang='lat' dir='ltr'><strong>mirum</strong></span> 
     </span>
    </p>
   </div>
   <div class='ocr_carea' id='block_1_55' title="bbox 164 2411 997 2454">
    <p class='ocr_par' dir='ltr' id='par_1_55' title="bbox 164 2411 997 2454">
     <span class='ocr_line' id='line_1_56' title="bbox 164 2411 997 2454; baseline 0.006 -14"><span class='ocrx_word' id='word_1_397' title='bbox 164 2419 236 2450; x_wconf 78' lang='lat' dir='ltr'><strong>ergo</strong></span> <span class='ocrx_word' id='word_1_398' title='bbox 252 2411 276 2441; x_wconf 91' lang='lat' dir='ltr'><strong>si</strong></span> <span class='ocrx_word' id='word_1_399' title='bbox 292 2411 349 2442; x_wconf 89' lang='lat' dir='ltr'><strong>hoc</strong></span> <span class='ocrx_word' id='word_1_400' title='bbox 365 2412 541 2452; x_wconf 88' lang='lat' dir='ltr'><strong>opusculum</strong></span> <span class='ocrx_word' id='word_1_401' title='bbox 569 2422 603 2444; x_wconf 81' lang='lat' dir='ltr'><strong>ex</strong></span> <span class='ocrx_word' id='word_1_402' title='bbox 628 2413 775 2454; x_wconf 88' lang='lat' dir='ltr'><strong>versibus,</strong></span> <span class='ocrx_word' id='word_1_403' title='bbox 793 2423 866 2454; x_wconf 88' lang='lat' dir='ltr'><strong>quos</strong></span> <span class='ocrx_word' id='word_1_404' title='bbox 883 2418 997 2446; x_wconf 88' lang='lat' dir='ltr'><strong>vetusta</strong></span> 
     </span>
    </p>
   </div>
   <div class='ocr_carea' id='block_1_56' title="bbox 166 2455 996 2494">
    <p class='ocr_par' dir='ltr' id='par_1_56' title="bbox 166 2455 996 2494">
     <span class='ocr_line' id='line_1_57' title="bbox 166 2455 996 2494; baseline 0.005 -8"><span class='ocrx_word' id='word_1_405' title='bbox 166 2455 339 2486; x_wconf 66' lang='lat' dir='ltr'><strong>ercorurn</strong></span> <span class='ocrx_word' id='word_1_406' title='bbox 357 2456 493 2494; x_wconf 87' lang='lat' dir='ltr'><strong>historia,</strong></span> <span class='ocrx_word' id='word_1_407' title='bbox 511 2456 541 2487; x_wconf 89' lang='lat' dir='ltr'><strong>id</strong></span> <span class='ocrx_word' id='word_1_408' title='bbox 558 2462 602 2488; x_wconf 87' lang='lat' dir='ltr'><strong>cst</strong></span> <span class='ocrx_word' id='word_1_409' title='bbox 622 2462 744 2488; x_wconf 79' lang='lat' dir='ltr'><strong>vetustae</strong></span> <span class='ocrx_word' id='word_1_410' title='bbox 758 2458 928 2490; x_wconf 75' lang='lat' dir='ltr'><strong>Graecorum</strong></span> <span class='ocrx_word' id='word_1_411' title='bbox 945 2459 996 2490; x_wconf 92' lang='lat' dir='ltr'><strong>lit-</strong></span> 
     </span>
    </p>
   </div>
   <div class='ocr_carea' id='block_1_57' title="bbox 163 2501 998 2542">
    <p class='ocr_par' dir='ltr' id='par_1_57' title="bbox 163 2501 998 2542">
     <span class='ocr_line' id='line_1_58' title="bbox 163 2501 998 2542; baseline 0.007 -12"><span class='ocrx_word' id='word_1_412' title='bbox 163 2503 236 2531; x_wconf 72' lang='lat' dir='ltr'><strong>terae</strong></span> <span class='ocrx_word' id='word_1_413' title='bbox 261 2501 502 2541; x_wconf 90' lang='lat' dir='ltr'><strong>suppeditarunt,</strong></span> <span class='ocrx_word' id='word_1_414' title='bbox 533 2505 626 2532; x_wconf 88' lang='lat' dir='ltr'><strong>totum</strong></span> <span class='ocrx_word' id='word_1_415' title='bbox 651 2506 696 2532; x_wconf 87' lang='lat' dir='ltr'><strong>est</strong></span> <span class='ocrx_word' id='word_1_416' title='bbox 724 2503 998 2542; x_wconf 79' lang='lat' dir='ltr'><strong>intertextum,nec</strong></span> 
     </span>
    </p>
   </div>
   <div class='ocr_carea' id='block_1_58' title="bbox 163 2544 831 2588">
    <p class='ocr_par' dir='ltr' id='par_1_58' title="bbox 163 2544 831 2588">
     <span class='ocr_line' id='line_1_59' title="bbox 163 2544 831 2588; baseline 0.004 -12"><span class='ocrx_word' id='word_1_417' title='bbox 163 2544 325 2586; x_wconf 89' lang='lat' dir='ltr'><strong>quidquam</strong></span> <span class='ocrx_word' id='word_1_418' title='bbox 339 2545 454 2578; x_wconf 87' lang='lat' dir='ltr'><strong>delibat</strong></span> <span class='ocrx_word' id='word_1_419' title='bbox 466 2546 503 2578; x_wconf 86' lang='lat' dir='ltr'><strong>do</strong></span> <span class='ocrx_word' id='word_1_420' title='bbox 520 2549 630 2578; x_wconf 86' lang='lat' dir='ltr'><strong>sanctis</strong></span> <span class='ocrx_word' id='word_1_421' title='bbox 645 2546 807 2588; x_wconf 91' lang='lat' dir='ltr'><strong>Scripturis</strong></span> <span class='ocrx_word' id='word_1_422' title='bbox 817 2551 831 2580; x_wconf 86' lang='lat'><strong>?</strong></span> 
     </span>
    </p>
   </div>
   <div class='ocr_carea' id='block_1_59' title="bbox 1068 346 1858 380">
    <p class='ocr_par' dir='ltr' id='par_1_59' title="bbox 1068 346 1858 380">
     <span class='ocr_line' id='line_1_60' title="bbox 1068 346 1858 380; baseline 0.006 -6"><span class='ocrx_word' id='word_1_423' title='bbox 1068 346 1126 374; x_wconf 90' lang='lat' dir='ltr'><strong>tatis</strong></span> <span class='ocrx_word' id='word_1_424' title='bbox 1141 347 1261 375; x_wconf 83' lang='lat' dir='ltr'><strong>incensus</strong></span> <span class='ocrx_word' id='word_1_425' title='bbox 1268 353 1316 376; x_wconf 74' lang='lat' dir='ltr'><strong>est.</strong></span> <span class='ocrx_word' id='word_1_426' title='bbox 1332 346 1380 377; x_wconf 40' lang='lat' dir='ltr'><strong>IlI‘.</strong></span> <span class='ocrx_word' id='word_1_427' title='bbox 1398 349 1489 377; x_wconf 85' lang='lat' dir='ltr'><strong>Scribit</strong></span> <span class='ocrx_word' id='word_1_428' title='bbox 1503 354 1588 378; x_wconf 87' lang='lat' dir='ltr'><strong>contra</strong></span> <span class='ocrx_word' id='word_1_429' title='bbox 1604 346 1758 379; x_wconf 80' lang='lat' dir='ltr'><strong>Marcionem</strong></span> <span class='ocrx_word' id='word_1_430' title='bbox 1771 356 1798 380; x_wconf 88' lang='lat' dir='ltr'><strong>et</strong></span> <span class='ocrx_word' id='word_1_431' title='bbox 1812 352 1858 379; x_wconf 80' lang='lat' dir='ltr'><strong>ad—</strong></span> 
     </span>
    </p>
   </div>
   <div class='ocr_carea' id='block_1_60' title="bbox 1066 384 1857 423">
    <p class='ocr_par' dir='ltr' id='par_1_60' title="bbox 1066 384 1857 423">
     <span class='ocr_line' id='line_1_61' title="bbox 1066 384 1857 423; baseline 0.008 -13"><span class='ocrx_word' id='word_1_432' title='bbox 1066 391 1156 423; x_wconf 58' lang='lat' dir='ltr'><strong>:ersus</strong></span> <span class='ocrx_word' id='word_1_433' title='bbox 1169 384 1395 423; x_wconf 51' lang='lat' dir='ltr'><strong>omneshiereses.</strong></span> <span class='ocrx_word' id='word_1_434' title='bbox 1425 385 1464 413; x_wconf 83' lang='grc' dir='ltr'><strong>ιν.</strong></span> <span class='ocrx_word' id='word_1_435' title='bbox 1483 385 1519 413; x_wconf 87' lang='lat' dir='ltr'><strong>De</strong></span> <span class='ocrx_word' id='word_1_436' title='bbox 1534 386 1650 422; x_wconf 84' lang='lat' dir='ltr'><strong>operibus</strong></span> <span class='ocrx_word' id='word_1_437' title='bbox 1664 387 1808 423; x_wconf 78' lang='lat' dir='ltr'><strong>deperditis.</strong></span> <span class='ocrx_word' id='word_1_438' title='bbox 1827 388 1857 416; x_wconf 88' lang='lat' dir='ltr'><strong>V.</strong></span> 
     </span>
    </p>
   </div>
   <div class='ocr_carea' id='block_1_61' title="bbox 1067 418 1450 456">
    <p class='ocr_par' dir='ltr' id='par_1_61' title="bbox 1067 418 1450 456">
     <span class='ocr_line' id='line_1_62' title="bbox 1067 418 1450 456; baseline 0.008 -10"><span class='ocrx_word' id='word_1_439' title='bbox 1067 418 1104 446; x_wconf 87' lang='lat' dir='ltr'><strong>De</strong></span> <span class='ocrx_word' id='word_1_440' title='bbox 1118 419 1226 454; x_wconf 84' lang='lat' dir='ltr'><strong>epistola</strong></span> <span class='ocrx_word' id='word_1_441' title='bbox 1242 419 1272 447; x_wconf 82' lang='lat' dir='ltr'><strong>ad</strong></span> <span class='ocrx_word' id='word_1_442' title='bbox 1288 420 1450 456; x_wconf 77' lang='lat' dir='ltr'><strong>Diognetum.</strong></span> 
     </span>
    </p>
   </div>
   <div class='ocr_carea' id='block_1_62' title="bbox 1071 461 1856 505">
    <p class='ocr_par' dir='ltr' id='par_1_62' title="bbox 1071 461 1856 505">
     <span class='ocr_line' id='line_1_63' title="bbox 1071 461 1856 505; baseline 0.006 -13"><span class='ocrx_word' id='word_1_443' title='bbox 1071 462 1094 493; x_wconf 91' lang='lat' dir='ltr'><strong>l.</strong></span> <span class='ocrx_word' id='word_1_444' title='bbox 1109 461 1180 492; x_wconf 87' lang='lat' dir='ltr'><strong>Cum</strong></span> <span class='ocrx_word' id='word_1_445' title='bbox 1196 462 1339 503; x_wconf 88' lang='lat' dir='ltr'><strong>temporis</strong></span> <span class='ocrx_word' id='word_1_446' title='bbox 1358 464 1496 505; x_wconf 79' lang='lat' dir='ltr'><strong>spatium,</strong></span> <span class='ocrx_word' id='word_1_447' title='bbox 1513 468 1545 495; x_wconf 91' lang='lat' dir='ltr'><strong>ut</strong></span> <span class='ocrx_word' id='word_1_448' title='bbox 1563 465 1625 505; x_wconf 84' lang='lat' dir='ltr'><strong>jam</strong></span> <span class='ocrx_word' id='word_1_449' title='bbox 1642 464 1781 503; x_wconf 81' lang='lat' dir='ltr'><strong>diximus,</strong></span> <span class='ocrx_word' id='word_1_450' title='bbox 1797 476 1856 497; x_wconf 91' lang='lat' dir='ltr'><strong>non</strong></span> 
     </span>
    </p>
   </div>
   <div class='ocr_carea' id='block_1_63' title="bbox 1032 505 1855 550">
    <p class='ocr_par' dir='ltr' id='par_1_63' title="bbox 1032 505 1855 550">
     <span class='ocr_line' id='line_1_64' title="bbox 1032 505 1855 550; baseline 0.007 -14"><span class='ocrx_word' id='word_1_451' title='bbox 1032 505 1180 537; x_wconf 90' lang='lat' dir='ltr'><strong>modicum</strong></span> <span class='ocrx_word' id='word_1_452' title='bbox 1197 515 1214 537; x_wconf 91' lang='lat' dir='ltr'><strong>a</strong></span> <span class='ocrx_word' id='word_1_453' title='bbox 1229 507 1560 541; x_wconf 80' lang='lat' dir='ltr'><strong>JustiniCohortatione</strong></span> <span class='ocrx_word' id='word_1_454' title='bbox 1574 519 1666 550; x_wconf 90' lang='lat' dir='ltr'><strong>usque</strong></span> <span class='ocrx_word' id='word_1_455' title='bbox 1678 510 1714 541; x_wconf 90' lang='lat' dir='ltr'><strong>ad</strong></span> <span class='ocrx_word' id='word_1_456' title='bbox 1731 510 1855 550; x_wconf 87' lang='lat' dir='ltr'><strong>primam</strong></span> 
     </span>
    </p>
   </div>
   <div class='ocr_carea' id='block_1_64' title="bbox 1031 550 1858 595">
    <p class='ocr_par' dir='ltr' id='par_1_64' title="bbox 1031 550 1858 595">
     <span class='ocr_line' id='line_1_65' title="bbox 1031 550 1858 595; baseline 0.006 -14"><span class='ocrx_word' id='word_1_457' title='bbox 1031 550 1211 592; x_wconf 80' lang='lat' dir='ltr'><strong>Apologiam</strong></span> <span class='ocrx_word' id='word_1_458' title='bbox 1239 552 1396 591; x_wconf 82' lang='lat' dir='ltr'><strong>eﬂluxerit,</strong></span> <span class='ocrx_word' id='word_1_459' title='bbox 1415 558 1506 585; x_wconf 91' lang='lat' dir='ltr'><strong>totum</strong></span> <span class='ocrx_word' id='word_1_460' title='bbox 1524 554 1596 585; x_wconf 89' lang='lat' dir='ltr'><strong>illud</strong></span> <span class='ocrx_word' id='word_1_461' title='bbox 1620 558 1736 595; x_wconf 88' lang='lat' dir='ltr'><strong>tempus</strong></span> <span class='ocrx_word' id='word_1_462' title='bbox 1755 554 1858 587; x_wconf 82' lang='lat' dir='ltr'><strong>Romae</strong></span> 
     </span>
    </p>
   </div>
   <div class='ocr_carea' id='block_1_65' title="bbox 1031 596 1857 639">
    <p class='ocr_par' dir='ltr' id='par_1_65' title="bbox 1031 596 1857 639">
     <span class='ocr_line' id='line_1_66' title="bbox 1031 596 1857 639; baseline 0.007 -13"><span class='ocrx_word' id='word_1_463' title='bbox 1031 596 1202 634; x_wconf 84' lang='lat' dir='ltr'><strong>traduxit,et</strong></span> <span class='ocrx_word' id='word_1_464' title='bbox 1209 596 1239 627; x_wconf 93' lang='lat' dir='ltr'><strong>in</strong></span> <span class='ocrx_word' id='word_1_465' title='bbox 1246 596 1381 629; x_wconf 89' lang='lat' dir='ltr'><strong>docendo</strong></span> <span class='ocrx_word' id='word_1_466' title='bbox 1389 608 1423 630; x_wconf 91' lang='lat' dir='ltr'><strong>ac</strong></span> <span class='ocrx_word' id='word_1_467' title='bbox 1431 599 1589 630; x_wconf 89' lang='lat' dir='ltr'><strong>scribendo</strong></span> <span class='ocrx_word' id='word_1_468' title='bbox 1596 599 1857 639; x_wconf 89' lang='lat' dir='ltr'><strong>insumpsit.Unde</strong></span> 
     </span>
    </p>
   </div>
   <div class='ocr_carea' id='block_1_66' title="bbox 1032 640 1858 685">
    <p class='ocr_par' dir='ltr' id='par_1_66' title="bbox 1032 640 1858 685">
     <span class='ocr_line' id='line_1_67' title="bbox 1032 640 1858 685; baseline 0.004 -14"><span class='ocrx_word' id='word_1_469' title='bbox 1032 640 1180 672; x_wconf 85' lang='lat' dir='ltr'><strong>Eusebius</strong></span> <span class='ocrx_word' id='word_1_470' title='bbox 1191 641 1228 685; x_wconf 79' lang='lat' dir='ltr'><strong>de</strong></span> <span class='ocrx_word' id='word_1_471' title='bbox 1243 641 1273 673; x_wconf 89' lang='lat' dir='ltr'><strong>S.</strong></span> <span class='ocrx_word' id='word_1_472' title='bbox 1287 647 1414 683; x_wconf 79' lang='lat' dir='ltr'><strong>martyre</strong></span> <span class='ocrx_word' id='word_1_473' title='bbox 1429 643 1509 676; x_wconf 72' lang='lat' dir='ltr'><strong>Hist.</strong></span> <span class='ocrx_word' id='word_1_474' title='bbox 1526 644 1579 676; x_wconf 90' lang='lat' dir='ltr'><strong>lib.</strong></span> <span class='ocrx_word' id='word_1_475' title='bbox 1593 653 1632 681; x_wconf 84' lang='lat' dir='ltr'><strong>tv,</strong></span> <span class='ocrx_word' id='word_1_476' title='bbox 1649 653 1713 685; x_wconf 85' lang='lat' dir='ltr'><strong>cap.</strong></span> <span class='ocrx_word' id='word_1_477' title='bbox 1732 645 1765 676; x_wconf 80' lang='grc' dir='ltr'>Η</span> <span class='ocrx_word' id='word_1_478' title='bbox 1783 655 1790 675; x_wconf 86' lang='lat'><strong>:</strong></span> <span class='ocrx_word' id='word_1_479' title='bbox 1810 647 1858 675; x_wconf 77' lang='grc' dir='ltr'><strong>Καὶ</strong></span> 
     </span>
    </p>
   </div>
   <div class='ocr_carea' id='block_1_67' title="bbox 1032 681 1860 728">
    <p class='ocr_par' dir='ltr' id='par_1_67' title="bbox 1032 681 1860 728">
     <span class='ocr_line' id='line_1_68' title="bbox 1032 681 1860 728; baseline 0.01 -15"><span class='ocrx_word' id='word_1_480' title='bbox 1032 686 1081 724; x_wconf 81' lang='grc' dir='ltr'><strong>γὰρ</strong></span> <span class='ocrx_word' id='word_1_481' title='bbox 1093 686 1137 714; x_wconf 82' lang='grc' dir='ltr'><strong>ἐπὶ</strong></span> <span class='ocrx_word' id='word_1_482' title='bbox 1153 688 1203 719; x_wconf 81' lang='grc' dir='ltr'><strong>τῆς</strong></span> <span class='ocrx_word' id='word_1_483' title='bbox 1216 681 1320 724; x_wconf 75' lang='grc' dir='ltr'><strong>Ῥώμης</strong></span> <span class='ocrx_word' id='word_1_484' title='bbox 1341 681 1389 720; x_wconf 47' lang='lat' dir='ltr'><strong>ac</strong></span> <span class='ocrx_word' id='word_1_485' title='bbox 1404 688 1536 728; x_wconf 69' lang='grc' dir='ltr'>διατριϐὰς</span> <span class='ocrx_word' id='word_1_486' title='bbox 1552 681 1693 721; x_wconf 67' lang='grc' dir='ltr'><strong>ἓποιεῖτο,⁷</strong></span> <span class='ocrx_word' id='word_1_487' title='bbox 1707 701 1721 717; x_wconf 65' lang='grc' dir='ltr'><strong>ε</strong></span> <span class='ocrx_word' id='word_1_488' title='bbox 1735 688 1810 720; x_wconf 85' lang='lat' dir='ltr'><strong>Nam</strong></span> <span class='ocrx_word' id='word_1_489' title='bbox 1828 690 1860 721; x_wconf 90' lang='lat' dir='ltr'><strong>in</strong></span> 
     </span>
    </p>
   </div>
   <div class='ocr_carea' id='block_1_68' title="bbox 1032 729 1857 766">
    <p class='ocr_par' dir='ltr' id='par_1_68' title="bbox 1032 729 1857 766">
     <span class='ocr_line' id='line_1_69' title="bbox 1032 729 1857 766; baseline 0.007 -6"><span class='ocrx_word' id='word_1_490' title='bbox 1032 729 1106 761; x_wconf 88' lang='lat' dir='ltr'><strong>urbe</strong></span> <span class='ocrx_word' id='word_1_491' title='bbox 1120 731 1213 761; x_wconf 77' lang='lat' dir='ltr'><strong>Roma</strong></span> <span class='ocrx_word' id='word_1_492' title='bbox 1228 730 1412 764; x_wconf 89' lang='lat' dir='ltr'><strong>domicilium</strong></span> <span class='ocrx_word' id='word_1_493' title='bbox 1427 733 1565 765; x_wconf 84' lang='lat' dir='ltr'><strong>habebat.</strong></span> <span class='ocrx_word' id='word_1_494' title='bbox 1581 744 1595 764; x_wconf 84' lang='grc'><strong>›</strong></span> <span class='ocrx_word' id='word_1_495' title='bbox 1621 733 1747 765; x_wconf 88' lang='lat' dir='ltr'><strong>Ubinam</strong></span> <span class='ocrx_word' id='word_1_496' title='bbox 1765 734 1857 766; x_wconf 88' lang='lat' dir='ltr'><strong>cuba-</strong></span> 
     </span>
    </p>
   </div>
   <div class='ocr_carea' id='block_1_69' title="bbox 1031 776 1859 820">
    <p class='ocr_par' dir='ltr' id='par_1_69' title="bbox 1031 776 1859 820">
     <span class='ocr_line' id='line_1_70' title="bbox 1031 776 1859 820; baseline 0.008 -16"><span class='ocrx_word' id='word_1_497' title='bbox 1031 778 1122 820; x_wconf 82' lang='lat' dir='ltr'><strong>ret,ct</strong></span> <span class='ocrx_word' id='word_1_498' title='bbox 1136 776 1206 815; x_wconf 89' lang='lat' dir='ltr'><strong>quid</strong></span> <span class='ocrx_word' id='word_1_499' title='bbox 1220 776 1300 808; x_wconf 91' lang='lat' dir='ltr'><strong>d0mi</strong></span> <span class='ocrx_word' id='word_1_500' title='bbox 1316 782 1429 819; x_wconf 78' lang='lat' dir='ltr'><strong>ageret,</strong></span> <span class='ocrx_word' id='word_1_501' title='bbox 1452 788 1486 810; x_wconf 86' lang='lat' dir='ltr'><strong>ex</strong></span> <span class='ocrx_word' id='word_1_502' title='bbox 1509 779 1605 820; x_wconf 80' lang='lat' dir='ltr'><strong>ipsius</strong></span> <span class='ocrx_word' id='word_1_503' title='bbox 1621 781 1764 820; x_wconf 81' lang='lat' dir='ltr'><strong>martyrii</strong></span> <span class='ocrx_word' id='word_1_504' title='bbox 1777 781 1859 811; x_wconf 76' lang='lat' dir='ltr'><strong>Actis</strong></span> 
     </span>
    </p>
   </div>
   <div class='ocr_carea' id='block_1_70' title="bbox 1032 819 1858 864">
    <p class='ocr_par' dir='ltr' id='par_1_70' title="bbox 1032 819 1858 864">
     <span class='ocr_line' id='line_1_71' title="bbox 1032 819 1858 864; baseline 0.006 -14"><span class='ocrx_word' id='word_1_505' title='bbox 1032 819 1187 851; x_wconf 90' lang='lat' dir='ltr'><strong>discimus.</strong></span> <span class='ocrx_word' id='word_1_506' title='bbox 1221 820 1323 862; x_wconf 76' lang='lat' dir='ltr'><strong>«Ego,</strong></span> <span class='ocrx_word' id='word_1_507' title='bbox 1350 822 1457 863; x_wconf 90' lang='lat' dir='ltr'><strong>inquit,</strong></span> <span class='ocrx_word' id='word_1_508' title='bbox 1485 819 1579 864; x_wconf 85' lang='lat' dir='ltr'><strong>prope</strong></span> <span class='ocrx_word' id='word_1_509' title='bbox 1603 824 1723 855; x_wconf 86' lang='lat' dir='ltr'><strong>domum</strong></span> <span class='ocrx_word' id='word_1_510' title='bbox 1739 824 1858 856; x_wconf 89' lang='lat' dir='ltr'><strong>Martini</strong></span> 
     </span>
    </p>
   </div>
   <div class='ocr_carea' id='block_1_71' title="bbox 1032 864 1856 908">
    <p class='ocr_par' dir='ltr' id='par_1_71' title="bbox 1032 864 1856 908">
     <span class='ocr_line' id='line_1_72' title="bbox 1032 864 1856 908; baseline 0.008 -14"><span class='ocrx_word' id='word_1_511' title='bbox 1032 864 1184 905; x_wconf 85' lang='lat' dir='ltr'><strong>cujusdam</strong></span> <span class='ocrx_word' id='word_1_512' title='bbox 1207 867 1242 897; x_wconf 86' lang='lat' dir='ltr'><strong>ad</strong></span> <span class='ocrx_word' id='word_1_513' title='bbox 1269 866 1408 899; x_wconf 87' lang='lat' dir='ltr'><strong>balneum</strong></span> <span class='ocrx_word' id='word_1_514' title='bbox 1436 873 1632 908; x_wconf 83' lang='lat' dir='ltr'><strong>cognomento</strong></span> <span class='ocrx_word' id='word_1_515' title='bbox 1663 869 1856 901; x_wconf 90' lang='lat' dir='ltr'><strong>Timiotinum</strong></span> 
     </span>
    </p>
   </div>
   <div class='ocr_carea' id='block_1_72' title="bbox 1032 909 1858 946">
    <p class='ocr_par' dir='ltr' id='par_1_72' title="bbox 1032 909 1858 946">
     <span class='ocr_line' id='line_1_73' title="bbox 1032 909 1858 946; baseline 0.007 -6"><span class='ocrx_word' id='word_1_516' title='bbox 1032 909 1175 941; x_wconf 88' lang='lat' dir='ltr'><strong>hactenus</strong></span> <span class='ocrx_word' id='word_1_517' title='bbox 1189 911 1294 943; x_wconf 86' lang='lat' dir='ltr'><strong>mansi.</strong></span> <span class='ocrx_word' id='word_1_518' title='bbox 1309 913 1385 944; x_wconf 87' lang='lat' dir='ltr'><strong>Veni</strong></span> <span class='ocrx_word' id='word_1_519' title='bbox 1399 917 1497 944; x_wconf 78' lang='lat' dir='ltr'><strong>autem</strong></span> <span class='ocrx_word' id='word_1_520' title='bbox 1508 913 1538 945; x_wconf 90' lang='lat' dir='ltr'><strong>in</strong></span> <span class='ocrx_word' id='word_1_521' title='bbox 1554 914 1657 946; x_wconf 90' lang='lat' dir='ltr'><strong>urbem</strong></span> <span class='ocrx_word' id='word_1_522' title='bbox 1670 915 1794 946; x_wconf 85' lang='lat' dir='ltr'><strong>Romam</strong></span> <span class='ocrx_word' id='word_1_523' title='bbox 1811 923 1858 946; x_wconf 88' lang='lat' dir='ltr'><strong>se-</strong></span> 
     </span>
    </p>
   </div>
   <div class='ocr_carea' id='block_1_73' title="bbox 1032 954 1857 999">
    <p class='ocr_par' dir='ltr' id='par_1_73' title="bbox 1032 954 1857 999">
     <span class='ocr_line' id='line_1_74' title="bbox 1032 954 1857 999; baseline 0.008 -15"><span class='ocrx_word' id='word_1_524' title='bbox 1032 954 1140 986; x_wconf 88' lang='lat' dir='ltr'><strong>cundo.</strong></span> <span class='ocrx_word' id='word_1_525' title='bbox 1160 956 1264 996; x_wconf 88' lang='lat' dir='ltr'><strong>Noque</strong></span> <span class='ocrx_word' id='word_1_526' title='bbox 1289 957 1379 988; x_wconf 89' lang='lat' dir='ltr'><strong>alium</strong></span> <span class='ocrx_word' id='word_1_527' title='bbox 1393 959 1560 999; x_wconf 85' lang='lat' dir='ltr'><strong>quempiam</strong></span> <span class='ocrx_word' id='word_1_528' title='bbox 1569 963 1732 990; x_wconf 90' lang='lat' dir='ltr'><strong>conventus</strong></span> <span class='ocrx_word' id='word_1_529' title='bbox 1746 959 1857 998; x_wconf 84' lang='lat' dir='ltr'><strong>locum,</strong></span> 
     </span>
    </p>
   </div>
   <div class='ocr_carea' id='block_1_74' title="bbox 1034 999 1858 1045">
    <p class='ocr_par' dir='ltr' id='par_1_74' title="bbox 1034 999 1858 1045">
     <span class='ocr_line' id='line_1_75' title="bbox 1034 999 1858 1045; baseline 0.01 -16"><span class='ocrx_word' id='word_1_530' title='bbox 1034 999 1090 1030; x_wconf 91' lang='lat' dir='ltr'><strong>nisi</strong></span> <span class='ocrx_word' id='word_1_531' title='bbox 1106 1009 1193 1040; x_wconf 92' lang='lat' dir='ltr'><strong>quem</strong></span> <span class='ocrx_word' id='word_1_532' title='bbox 1209 1001 1445 1042; x_wconf 80' lang='lat' dir='ltr'><strong>dixi,cognosco,</strong></span> <span class='ocrx_word' id='word_1_533' title='bbox 1463 1013 1497 1035; x_wconf 79' lang='lat' dir='ltr'><strong>ac</strong></span> <span class='ocrx_word' id='word_1_534' title='bbox 1522 1005 1545 1035; x_wconf 92' lang='lat' dir='ltr'><strong>si</strong></span> <span class='ocrx_word' id='word_1_535' title='bbox 1561 1004 1628 1045; x_wconf 89' lang='lat' dir='ltr'><strong>quis</strong></span> <span class='ocrx_word' id='word_1_536' title='bbox 1643 1005 1679 1035; x_wconf 90' lang='lat' dir='ltr'><strong>ad</strong></span> <span class='ocrx_word' id='word_1_537' title='bbox 1695 1014 1743 1035; x_wconf 87' lang='lat' dir='ltr'><strong>me</strong></span> <span class='ocrx_word' id='word_1_538' title='bbox 1756 1005 1858 1037; x_wconf 83' lang='lat' dir='ltr'><strong>venire</strong></span> 
     </span>
    </p>
   </div>
   <div class='ocr_carea' id='block_1_75' title="bbox 1033 1044 1854 1083">
    <p class='ocr_par' dir='ltr' id='par_1_75' title="bbox 1033 1044 1854 1083">
     <span class='ocr_line' id='line_1_76' title="bbox 1033 1044 1854 1083; baseline 0.006 -9"><span class='ocrx_word' id='word_1_539' title='bbox 1033 1044 1135 1083; x_wconf 91' lang='lat' dir='ltr'><strong>voluit,</strong></span> <span class='ocrx_word' id='word_1_540' title='bbox 1154 1047 1370 1078; x_wconf 81' lang='lat' dir='ltr'><strong>communicavi</strong></span> <span class='ocrx_word' id='word_1_541' title='bbox 1382 1058 1448 1079; x_wconf 76' lang='lat' dir='ltr'><strong>cum</strong></span> <span class='ocrx_word' id='word_1_542' title='bbox 1458 1049 1508 1080; x_wconf 93' lang='lat' dir='ltr'><strong>illo</strong></span> <span class='ocrx_word' id='word_1_543' title='bbox 1518 1049 1648 1080; x_wconf 86' lang='lat' dir='ltr'><strong>veritatis</strong></span> <span class='ocrx_word' id='word_1_544' title='bbox 1659 1049 1854 1081; x_wconf 79' lang='lat' dir='ltr'><strong>doctrinam.»</strong></span> 
     </span>
    </p>
   </div>
   <div class='ocr_carea' id='block_1_76' title="bbox 1032 1088 1856 1135">
    <p class='ocr_par' dir='ltr' id='par_1_76' title="bbox 1032 1088 1856 1135">
     <span class='ocr_line' id='line_1_77' title="bbox 1032 1088 1856 1135; baseline 0.006 -15"><span class='ocrx_word' id='word_1_545' title='bbox 1032 1088 1114 1120; x_wconf 92' lang='lat' dir='ltr'><strong>Unus</strong></span> <span class='ocrx_word' id='word_1_546' title='bbox 1128 1099 1163 1121; x_wconf 86' lang='lat' dir='ltr'><strong>ex</strong></span> <span class='ocrx_word' id='word_1_547' title='bbox 1179 1090 1248 1129; x_wconf 89' lang='lat' dir='ltr'><strong>illis,</strong></span> <span class='ocrx_word' id='word_1_548' title='bbox 1266 1093 1316 1132; x_wconf 90' lang='lat' dir='ltr'><strong>qui</strong></span> <span class='ocrx_word' id='word_1_549' title='bbox 1332 1103 1399 1124; x_wconf 92' lang='lat' dir='ltr'><strong>cum</strong></span> <span class='ocrx_word' id='word_1_550' title='bbox 1414 1094 1528 1125; x_wconf 84' lang='lat' dir='ltr'><strong>Justino</strong></span> <span class='ocrx_word' id='word_1_551' title='bbox 1545 1095 1624 1135; x_wconf 78' lang='lat' dir='ltr'><strong>p.tssi</strong></span> <span class='ocrx_word' id='word_1_552' title='bbox 1640 1099 1717 1131; x_wconf 84' lang='lat' dir='ltr'><strong>sunt,</strong></span> <span class='ocrx_word' id='word_1_553' title='bbox 1735 1095 1856 1135; x_wconf 90' lang='lat' dir='ltr'><strong>Evelpi—</strong></span> 
     </span>
    </p>
   </div>
   <div class='ocr_carea' id='block_1_77' title="bbox 1032 1135 1857 1180">
    <p class='ocr_par' dir='ltr' id='par_1_77' title="bbox 1032 1135 1857 1180">
     <span class='ocr_line' id='line_1_78' title="bbox 1032 1135 1857 1180; baseline 0.008 -16"><span class='ocrx_word' id='word_1_554' title='bbox 1032 1140 1096 1165; x_wconf 90' lang='lat' dir='ltr'><strong>stus</strong></span> <span class='ocrx_word' id='word_1_555' title='bbox 1112 1135 1243 1180; x_wconf 87' lang='lat' dir='ltr'><strong>nomine,</strong></span> <span class='ocrx_word' id='word_1_556' title='bbox 1258 1141 1380 1169; x_wconf 87' lang='lat' dir='ltr'><strong>testatur</strong></span> <span class='ocrx_word' id='word_1_557' title='bbox 1399 1148 1431 1170; x_wconf 90' lang='lat' dir='ltr'><strong>se</strong></span> <span class='ocrx_word' id='word_1_558' title='bbox 1445 1140 1564 1171; x_wconf 80' lang='lat' dir='ltr'><strong>Justini</strong></span> <span class='ocrx_word' id='word_1_559' title='bbox 1579 1149 1728 1172; x_wconf 85' lang='lat' dir='ltr'><strong>scrmOnes</strong></span> <span class='ocrx_word' id='word_1_560' title='bbox 1743 1149 1857 1180; x_wconf 85' lang='lat' dir='ltr'><strong>magna</strong></span> 
     </span>
    </p>
   </div>
   <div class='ocr_carea' id='block_1_78' title="bbox 1031 1179 1857 1225">
    <p class='ocr_par' dir='ltr' id='par_1_78' title="bbox 1031 1179 1857 1225">
     <span class='ocr_line' id='line_1_79' title="bbox 1031 1179 1857 1225; baseline 0.008 -16"><span class='ocrx_word' id='word_1_561' title='bbox 1031 1188 1097 1210; x_wconf 88' lang='lat' dir='ltr'><strong>eum</strong></span> <span class='ocrx_word' id='word_1_562' title='bbox 1113 1179 1265 1220; x_wconf 84' lang='lat' dir='ltr'><strong>voluptate</strong></span> <span class='ocrx_word' id='word_1_563' title='bbox 1281 1183 1447 1216; x_wconf 77' lang='lat' dir='ltr'><strong>audivisse.</strong></span> <span class='ocrx_word' id='word_1_564' title='bbox 1466 1184 1527 1224; x_wconf 90' lang='lat' dir='ltr'><strong>Ipsi</strong></span> <span class='ocrx_word' id='word_1_565' title='bbox 1543 1185 1631 1216; x_wconf 84' lang='lat' dir='ltr'><strong>etiam</strong></span> <span class='ocrx_word' id='word_1_566' title='bbox 1646 1185 1784 1225; x_wconf 82' lang='lat' dir='ltr'><strong>praefecto</strong></span> <span class='ocrx_word' id='word_1_567' title='bbox 1795 1179 1857 1216; x_wconf 18' lang='lat' dir='ltr'><strong>Vno-</strong></span> 
     </span>
    </p>
   </div>
   <div class='ocr_carea' id='block_1_79' title="bbox 1033 1225 1854 1269">
    <p class='ocr_par' dir='ltr' id='par_1_79' title="bbox 1033 1225 1854 1269">
     <span class='ocr_line' id='line_1_80' title="bbox 1033 1225 1854 1269; baseline 0.007 -15"><span class='ocrx_word' id='word_1_568' title='bbox 1033 1228 1093 1254; x_wconf 94' lang='lat' dir='ltr'><strong>tum</strong></span> <span class='ocrx_word' id='word_1_569' title='bbox 1111 1225 1291 1257; x_wconf 87' lang='lat' dir='ltr'><strong>cratJustini</strong></span> <span class='ocrx_word' id='word_1_570' title='bbox 1306 1228 1436 1258; x_wconf 90' lang='lat' dir='ltr'><strong>studium</strong></span> <span class='ocrx_word' id='word_1_571' title='bbox 1454 1229 1484 1260; x_wconf 91' lang='lat' dir='ltr'><strong>in</strong></span> <span class='ocrx_word' id='word_1_572' title='bbox 1509 1229 1666 1269; x_wconf 88' lang='lat' dir='ltr'><strong>discipulis</strong></span> <span class='ocrx_word' id='word_1_573' title='bbox 1681 1230 1854 1262; x_wconf 87' lang='lat' dir='ltr'><strong>edocendis.</strong></span> 
     </span>
    </p>
   </div>
   <div class='ocr_carea' id='block_1_80' title="bbox 1033 1268 1856 1314">
    <p class='ocr_par' dir='ltr' id='par_1_80' title="bbox 1033 1268 1856 1314">
     <span class='ocr_line' id='line_1_81' title="bbox 1033 1268 1856 1314; baseline 0.009 -15"><span class='ocrx_word' id='word_1_574' title='bbox 1033 1268 1141 1305; x_wconf 79' lang='lat' dir='ltr'><strong>Quaerit</strong></span> <span class='ocrx_word' id='word_1_575' title='bbox 1149 1271 1228 1301; x_wconf 89' lang='lat' dir='ltr'><strong>enim</strong></span> <span class='ocrx_word' id='word_1_576' title='bbox 1244 1281 1333 1311; x_wconf 76' lang='lat' dir='ltr'><strong>quem</strong></span> <span class='ocrx_word' id='word_1_577' title='bbox 1342 1274 1374 1304; x_wconf 78' lang='lat' dir='ltr'><strong>in</strong></span> <span class='ocrx_word' id='word_1_578' title='bbox 1383 1273 1480 1304; x_wconf 87' lang='lat' dir='ltr'><strong>locum</strong></span> <span class='ocrx_word' id='word_1_579' title='bbox 1491 1268 1672 1306; x_wconf 79' lang='lat' dir='ltr'><strong>conveniunt</strong></span> <span class='ocrx_word' id='word_1_580' title='bbox 1685 1279 1712 1306; x_wconf 85' lang='lat' dir='ltr'><strong>et</strong></span> <span class='ocrx_word' id='word_1_581' title='bbox 1722 1275 1800 1306; x_wconf 81' lang='lat' dir='ltr'><strong>disci</strong></span> <span class='ocrx_word' id='word_1_582' title='bbox 1802 1284 1856 1314; x_wconf 79' lang='lat' dir='ltr'><strong>pu-</strong></span> 
     </span>
    </p>
   </div>
   <div class='ocr_carea' id='block_1_81' title="bbox 1034 1315 1854 1356">
    <p class='ocr_par' dir='ltr' id='par_1_81' title="bbox 1034 1315 1854 1356">
     <span class='ocr_line' id='line_1_82' title="bbox 1034 1315 1854 1356; baseline 0.007 -12"><span class='ocrx_word' id='word_1_583' title='bbox 1034 1315 1080 1345; x_wconf 74' lang='lat' dir='ltr'><strong>los</strong></span> <span class='ocrx_word' id='word_1_584' title='bbox 1093 1323 1162 1346; x_wconf 89' lang='lat' dir='ltr'><strong>suos</strong></span> <span class='ocrx_word' id='word_1_585' title='bbox 1173 1321 1329 1356; x_wconf 80' lang='lat' dir='ltr'><strong>congreget</strong></span> <span class='ocrx_word' id='word_1_586' title='bbox 1342 1317 1493 1350; x_wconf 72' lang='lat' dir='ltr'><strong>Justinus.</strong></span> <span class='ocrx_word' id='word_1_587' title='bbox 1510 1319 1624 1350; x_wconf 89' lang='lat' dir='ltr'><strong>Deinde</strong></span> <span class='ocrx_word' id='word_1_588' title='bbox 1644 1329 1805 1351; x_wconf 87' lang='lat' dir='ltr'><strong>conversus</strong></span> <span class='ocrx_word' id='word_1_589' title='bbox 1819 1319 1854 1350; x_wconf 88' lang='lat' dir='ltr'><strong>ad</strong></span> 
     </span>
    </p>
   </div>
   <div class='ocr_carea' id='block_1_82' title="bbox 1033 1358 1854 1405">
    <p class='ocr_par' dir='ltr' id='par_1_82' title="bbox 1033 1358 1854 1405">
     <span class='ocr_line' id='line_1_83' title="bbox 1033 1358 1854 1405; baseline 0.007 -16"><span class='ocrx_word' id='word_1_590' title='bbox 1033 1358 1112 1389; x_wconf 91' lang='lat' dir='ltr'><strong>illius</strong></span> <span class='ocrx_word' id='word_1_591' title='bbox 1127 1360 1323 1391; x_wconf 84' lang='lat' dir='ltr'><strong>confessionis</strong></span> <span class='ocrx_word' id='word_1_592' title='bbox 1345 1367 1373 1393; x_wconf 88' lang='lat' dir='ltr'><strong>et</strong></span> <span class='ocrx_word' id='word_1_593' title='bbox 1388 1364 1518 1404; x_wconf 86' lang='lat' dir='ltr'><strong>martyrii</strong></span> <span class='ocrx_word' id='word_1_594' title='bbox 1538 1365 1637 1395; x_wconf 87' lang='lat' dir='ltr'><strong>socios</strong></span> <span class='ocrx_word' id='word_1_595' title='bbox 1653 1374 1659 1394; x_wconf 90' lang='lat'>:</span> <span class='ocrx_word' id='word_1_596' title='bbox 1676 1365 1730 1402; x_wconf 86' lang='lat' dir='ltr'><strong>An,</strong></span> <span class='ocrx_word' id='word_1_597' title='bbox 1747 1364 1854 1405; x_wconf 90' lang='lat' dir='ltr'><strong>inquit,</strong></span> 
     </span>
    </p>
   </div>
   <div class='ocr_carea' id='block_1_83' title="bbox 1034 1403 1558 1446">
    <p class='ocr_par' dir='ltr' id='par_1_83' title="bbox 1034 1403 1558 1446">
     <span class='ocr_line' id='line_1_84' title="bbox 1034 1403 1558 1446; baseline 0.013 -13"><span class='ocrx_word' id='word_1_598' title='bbox 1034 1403 1231 1435; x_wconf 73' lang='lat' dir='ltr'><strong>Christianos</strong></span> <span class='ocrx_word' id='word_1_599' title='bbox 1246 1415 1297 1437; x_wconf 75' lang='lat' dir='ltr'><strong>vos</strong></span> <span class='ocrx_word' id='word_1_600' title='bbox 1311 1407 1381 1446; x_wconf 80' lang='lat' dir='ltr'><strong>fecit</strong></span> <span class='ocrx_word' id='word_1_601' title='bbox 1395 1403 1558 1441; x_wconf 71' lang='lat' dir='ltr'><strong>Justinus?</strong></span> 
     </span>
    </p>
   </div>
   <div class='ocr_carea' id='block_1_84' title="bbox 1073 1448 1854 1493">
    <p class='ocr_par' dir='ltr' id='par_1_84' title="bbox 1073 1448 1854 1493">
     <span class='ocr_line' id='line_1_85' title="bbox 1073 1448 1854 1493; baseline 0.008 -14"><span class='ocrx_word' id='word_1_602' title='bbox 1073 1448 1109 1481; x_wconf 83' lang='grc' dir='ltr'><strong>ΙΙ.</strong></span> <span class='ocrx_word' id='word_1_603' title='bbox 1126 1449 1188 1480; x_wconf 87' lang='lat' dir='ltr'><strong>Hoc</strong></span> <span class='ocrx_word' id='word_1_604' title='bbox 1205 1459 1311 1482; x_wconf 90' lang='lat' dir='ltr'><strong>munus</strong></span> <span class='ocrx_word' id='word_1_605' title='bbox 1323 1452 1354 1483; x_wconf 90' lang='lat' dir='ltr'><strong>S.</strong></span> <span class='ocrx_word' id='word_1_606' title='bbox 1374 1457 1529 1493; x_wconf 89' lang='lat' dir='ltr'><strong>martyr,ut</strong></span> <span class='ocrx_word' id='word_1_607' title='bbox 1540 1463 1557 1484; x_wconf 93' lang='lat' dir='ltr'><strong>a</strong></span> <span class='ocrx_word' id='word_1_608' title='bbox 1573 1453 1633 1485; x_wconf 93' lang='lat' dir='ltr'><strong>Deo</strong></span> <span class='ocrx_word' id='word_1_609' title='bbox 1648 1454 1854 1492; x_wconf 88' lang='lat' dir='ltr'><strong>commissum,</strong></span> 
     </span>
    </p>
   </div>
   <div class='ocr_carea' id='block_1_85' title="bbox 1033 1495 1857 1538">
    <p class='ocr_par' dir='ltr' id='par_1_85' title="bbox 1033 1495 1857 1538">
     <span class='ocr_line' id='line_1_86' title="bbox 1033 1495 1857 1538; baseline 0.007 -14"><span class='ocrx_word' id='word_1_610' title='bbox 1033 1498 1112 1525; x_wconf 90' lang='lat' dir='ltr'><strong>tanto</strong></span> <span class='ocrx_word' id='word_1_611' title='bbox 1127 1495 1218 1525; x_wconf 85' lang='lat' dir='ltr'><strong>animi</strong></span> <span class='ocrx_word' id='word_1_612' title='bbox 1230 1496 1348 1534; x_wconf 87' lang='lat' dir='ltr'><strong>ardore,</strong></span> <span class='ocrx_word' id='word_1_613' title='bbox 1363 1501 1441 1528; x_wconf 84' lang='lat' dir='ltr'><strong>tanta</strong></span> <span class='ocrx_word' id='word_1_614' title='bbox 1452 1498 1659 1530; x_wconf 87' lang='lat' dir='ltr'><strong>observatione</strong></span> <span class='ocrx_word' id='word_1_615' title='bbox 1667 1503 1695 1529; x_wconf 87' lang='lat' dir='ltr'><strong>et</strong></span> <span class='ocrx_word' id='word_1_616' title='bbox 1704 1499 1857 1538; x_wconf 78' lang='lat' dir='ltr'><strong>diligentia</strong></span> 
     </span>
    </p>
   </div>
   <div class='ocr_carea' id='block_1_86' title="bbox 1000 1538 1855 1584">
    <p class='ocr_par' dir='ltr' id='par_1_86' title="bbox 1000 1538 1855 1584">
     <span class='ocr_line' id='line_1_87' title="bbox 1000 1538 1855 1584; baseline 0.004 -13"><span class='ocrx_word' id='word_1_617' title='bbox 1000 1545 1021 1571; x_wconf 93' lang='lat' dir='ltr'><strong>C</strong></span> <span class='ocrx_word' id='word_1_618' title='bbox 1033 1538 1165 1579; x_wconf 82' lang='lat' dir='ltr'><strong>gerebat,</strong></span> <span class='ocrx_word' id='word_1_619' title='bbox 1183 1543 1214 1570; x_wconf 90' lang='lat' dir='ltr'><strong>ut</strong></span> <span class='ocrx_word' id='word_1_620' title='bbox 1230 1541 1350 1580; x_wconf 82' lang='lat' dir='ltr'><strong>grandis</strong></span> <span class='ocrx_word' id='word_1_621' title='bbox 1365 1543 1477 1582; x_wconf 90' lang='lat' dir='ltr'><strong>peccati</strong></span> <span class='ocrx_word' id='word_1_622' title='bbox 1491 1553 1574 1574; x_wconf 90' lang='lat' dir='ltr'><strong>reum</strong></span> <span class='ocrx_word' id='word_1_623' title='bbox 1591 1553 1623 1574; x_wconf 86' lang='lat' dir='ltr'><strong>se</strong></span> <span class='ocrx_word' id='word_1_624' title='bbox 1638 1544 1668 1575; x_wconf 90' lang='lat' dir='ltr'><strong>in</strong></span> <span class='ocrx_word' id='word_1_625' title='bbox 1680 1543 1795 1584; x_wconf 82' lang='lat' dir='ltr'><strong>judicio</strong></span> <span class='ocrx_word' id='word_1_626' title='bbox 1808 1544 1855 1574; x_wconf 81' lang='lat' dir='ltr'><strong>fu-</strong></span> 
     </span>
    </p>
   </div>
   <div class='ocr_carea' id='block_1_87' title="bbox 1034 1586 1855 1626">
    <p class='ocr_par' dir='ltr' id='par_1_87' title="bbox 1034 1586 1855 1626">
     <span class='ocr_line' id='line_1_88' title="bbox 1034 1586 1855 1626; baseline 0.006 -12"><span class='ocrx_word' id='word_1_627' title='bbox 1034 1588 1130 1614; x_wconf 92' lang='lat' dir='ltr'><strong>turum</strong></span> <span class='ocrx_word' id='word_1_628' title='bbox 1140 1586 1387 1626; x_wconf 61' lang='lat' dir='ltr'><strong>put-tret,siquam</strong></span> <span class='ocrx_word' id='word_1_629' title='bbox 1397 1588 1524 1619; x_wconf 91' lang='lat' dir='ltr'><strong>docendi</strong></span> <span class='ocrx_word' id='word_1_630' title='bbox 1532 1588 1658 1619; x_wconf 85' lang='lat' dir='ltr'><strong>oblatam</strong></span> <span class='ocrx_word' id='word_1_631' title='bbox 1668 1588 1855 1619; x_wconf 83' lang='lat' dir='ltr'><strong>occasionem</strong></span> 
     </span>
    </p>
   </div>
   <div class='ocr_carea' id='block_1_88' title="bbox 1034 1628 1855 1672">
    <p class='ocr_par' dir='ltr' id='par_1_88' title="bbox 1034 1628 1855 1672">
     <span class='ocr_line' id='line_1_89' title="bbox 1034 1628 1855 1672; baseline 0.009 -15"><span class='ocrx_word' id='word_1_632' title='bbox 1034 1628 1279 1668; x_wconf 61' lang='lat' dir='ltr'><strong>praetermisisset,</strong></span> <span class='ocrx_word' id='word_1_633' title='bbox 1295 1631 1320 1660; x_wconf 90' lang='lat' dir='ltr'><strong>si</strong></span> <span class='ocrx_word' id='word_1_634' title='bbox 1332 1631 1424 1671; x_wconf 89' lang='lat' dir='ltr'><strong>ipsius</strong></span> <span class='ocrx_word' id='word_1_635' title='bbox 1440 1633 1525 1672; x_wconf 89' lang='lat' dir='ltr'><strong>culpa</strong></span> <span class='ocrx_word' id='word_1_636' title='bbox 1537 1633 1761 1671; x_wconf 85' lang='lat' dir='ltr'><strong>contigisset,ut</strong></span> <span class='ocrx_word' id='word_1_637' title='bbox 1773 1633 1855 1663; x_wconf 85' lang='lat' dir='ltr'><strong>veri-</strong></span> 
     </span>
    </p>
   </div>
   <div class='ocr_carea' id='block_1_89' title="bbox 1033 1672 1855 1714">
    <p class='ocr_par' dir='ltr' id='par_1_89' title="bbox 1033 1672 1855 1714">
     <span class='ocr_line' id='line_1_90' title="bbox 1033 1672 1855 1714; baseline 0.007 -12"><span class='ocrx_word' id='word_1_638' title='bbox 1033 1672 1098 1703; x_wconf 85' lang='lat' dir='ltr'><strong>tatis</strong></span> <span class='ocrx_word' id='word_1_639' title='bbox 1114 1672 1180 1703; x_wconf 89' lang='lat' dir='ltr'><strong>luce</strong></span> <span class='ocrx_word' id='word_1_640' title='bbox 1195 1674 1304 1714; x_wconf 88' lang='lat' dir='ltr'><strong>aliquis</strong></span> <span class='ocrx_word' id='word_1_641' title='bbox 1315 1677 1525 1709; x_wconf 90' lang='lat' dir='ltr'><strong>careret.Hanc</strong></span> <span class='ocrx_word' id='word_1_642' title='bbox 1536 1678 1614 1709; x_wconf 90' lang='lat' dir='ltr'><strong>illius</strong></span> <span class='ocrx_word' id='word_1_643' title='bbox 1624 1678 1724 1710; x_wconf 90' lang='lat' dir='ltr'><strong>animo</strong></span> <span class='ocrx_word' id='word_1_644' title='bbox 1735 1681 1855 1709; x_wconf 90' lang='lat' dir='ltr'><strong>senten-</strong></span> 
     </span>
    </p>
   </div>
   <div class='ocr_carea' id='block_1_90' title="bbox 1033 1717 1855 1764">
    <p class='ocr_par' dir='ltr' id='par_1_90' title="bbox 1033 1717 1855 1764">
     <span class='ocr_line' id='line_1_91' title="bbox 1033 1717 1855 1764; baseline 0.009 -16"><span class='ocrx_word' id='word_1_645' title='bbox 1033 1717 1104 1748; x_wconf 88' lang='lat' dir='ltr'><strong>tiam</strong></span> <span class='ocrx_word' id='word_1_646' title='bbox 1116 1718 1262 1751; x_wconf 88' lang='lat' dir='ltr'><strong>insedisse</strong></span> <span class='ocrx_word' id='word_1_647' title='bbox 1274 1722 1470 1762; x_wconf 81' lang='lat' dir='ltr'><strong>perspicimus</strong></span> <span class='ocrx_word' id='word_1_648' title='bbox 1482 1733 1516 1754; x_wconf 85' lang='lat' dir='ltr'><strong>ex</strong></span> <span class='ocrx_word' id='word_1_649' title='bbox 1527 1723 1754 1764; x_wconf 89' lang='lat' dir='ltr'><strong>pluribuslocis.</strong></span> <span class='ocrx_word' id='word_1_650' title='bbox 1774 1724 1855 1754; x_wconf 79' lang='grc' dir='ltr'><strong>σΝο-</strong></span> 
     </span>
    </p>
   </div>
   <div class='ocr_carea' id='block_1_91' title="bbox 1032 1765 1857 1808">
    <p class='ocr_par' dir='ltr' id='par_1_91' title="bbox 1032 1765 1857 1808">
     <span class='ocr_line' id='line_1_92' title="bbox 1032 1765 1857 1808; baseline 0.006 -15"><span class='ocrx_word' id='word_1_651' title='bbox 1032 1766 1124 1794; x_wconf 90' lang='lat' dir='ltr'><strong>strum</strong></span> <span class='ocrx_word' id='word_1_652' title='bbox 1151 1765 1238 1804; x_wconf 78' lang='lat' dir='ltr'><strong>igitur</strong></span> <span class='ocrx_word' id='word_1_653' title='bbox 1252 1775 1360 1797; x_wconf 91' lang='lat' dir='ltr'><strong>munus</strong></span> <span class='ocrx_word' id='word_1_654' title='bbox 1383 1771 1438 1807; x_wconf 87' lang='lat' dir='ltr'><strong>est,</strong></span> <span class='ocrx_word' id='word_1_655' title='bbox 1468 1768 1564 1808; x_wconf 90' lang='lat' dir='ltr'><strong>inquit</strong></span> <span class='ocrx_word' id='word_1_656' title='bbox 1580 1768 1671 1808; x_wconf 84' lang='lat' dir='ltr'><strong>Apol.</strong></span> <span class='ocrx_word' id='word_1_657' title='bbox 1688 1769 1716 1806; x_wconf 82' lang='lat'><strong>1,</strong></span> <span class='ocrx_word' id='word_1_658' title='bbox 1735 1777 1763 1799; x_wconf 89' lang='lat' dir='ltr'><strong>n.</strong></span> <span class='ocrx_word' id='word_1_659' title='bbox 1782 1766 1811 1806; x_wconf 88' lang='lat'><strong>3,</strong></span> <span class='ocrx_word' id='word_1_660' title='bbox 1826 1771 1857 1798; x_wconf 96' lang='lat' dir='ltr'><strong>ut</strong></span> 
     </span>
    </p>
   </div>
   <div class='ocr_carea' id='block_1_92' title="bbox 1032 1808 1855 1854">
    <p class='ocr_par' dir='ltr' id='par_1_92' title="bbox 1032 1808 1855 1854">
     <span class='ocr_line' id='line_1_93' title="bbox 1032 1808 1855 1854; baseline 0.007 -16"><span class='ocrx_word' id='word_1_661' title='bbox 1032 1808 1100 1854; x_wconf 76' lang='lat' dir='ltr'><strong>vitae</strong></span> <span class='ocrx_word' id='word_1_662' title='bbox 1108 1809 1289 1841; x_wconf 81' lang='lat' dir='ltr'><strong>etdoctrinae</strong></span> <span class='ocrx_word' id='word_1_663' title='bbox 1299 1815 1405 1842; x_wconf 84' lang='lat' dir='ltr'><strong>nostrae</strong></span> <span class='ocrx_word' id='word_1_664' title='bbox 1415 1813 1606 1853; x_wconf 66' lang='lat' dir='ltr'><strong>inspiciendis</strong></span> <span class='ocrx_word' id='word_1_665' title='bbox 1624 1815 1738 1854; x_wconf 76' lang='lat' dir='ltr'><strong>copiam</strong></span> <span class='ocrx_word' id='word_1_666' title='bbox 1755 1814 1855 1844; x_wconf 92' lang='lat' dir='ltr'><strong>omni-</strong></span> 
     </span>
    </p>
   </div>
   <div class='ocr_carea' id='block_1_93' title="bbox 1032 1852 1852 1898">
    <p class='ocr_par' dir='ltr' id='par_1_93' title="bbox 1032 1852 1852 1898">
     <span class='ocr_line' id='line_1_94' title="bbox 1032 1852 1852 1898; baseline 0.009 -16"><span class='ocrx_word' id='word_1_667' title='bbox 1032 1852 1088 1883; x_wconf 86' lang='lat' dir='ltr'><strong>bus</strong></span> <span class='ocrx_word' id='word_1_668' title='bbox 1097 1853 1291 1898; x_wconf 83' lang='lat' dir='ltr'><strong>l&#39;aciamus,ne</strong></span> <span class='ocrx_word' id='word_1_669' title='bbox 1308 1865 1360 1896; x_wconf 92' lang='lat' dir='ltr'><strong>pro</strong></span> <span class='ocrx_word' id='word_1_670' title='bbox 1375 1852 1475 1898; x_wconf 87' lang='lat' dir='ltr'><strong>iis,qui</strong></span> <span class='ocrx_word' id='word_1_671' title='bbox 1492 1867 1540 1889; x_wconf 87' lang='lat' dir='ltr'><strong>res</strong></span> <span class='ocrx_word' id='word_1_672' title='bbox 1552 1852 1669 1889; x_wconf 81' lang='lat' dir='ltr'><strong>nostras</strong></span> <span class='ocrx_word' id='word_1_673' title='bbox 1681 1858 1736 1889; x_wconf 88' lang='lat' dir='ltr'><strong>sibi</strong></span> <span class='ocrx_word' id='word_1_674' title='bbox 1747 1858 1852 1889; x_wconf 89' lang='lat' dir='ltr'><strong>viden-</strong></span> 
     </span>
    </p>
   </div>
   <div class='ocr_carea' id='block_1_94' title="bbox 1033 1897 1854 1944">
    <p class='ocr_par' dir='ltr' id='par_1_94' title="bbox 1033 1897 1854 1944">
     <span class='ocr_line' id='line_1_95' title="bbox 1033 1897 1854 1944; baseline 0.01 -17"><span class='ocrx_word' id='word_1_675' title='bbox 1033 1901 1080 1928; x_wconf 90' lang='lat' dir='ltr'><strong>tur</strong></span> <span class='ocrx_word' id='word_1_676' title='bbox 1094 1897 1362 1944; x_wconf 68' lang='lat' dir='ltr'><strong>ignorare,puanam</strong></span> <span class='ocrx_word' id='word_1_677' title='bbox 1376 1897 1491 1940; x_wconf 87' lang='lat' dir='ltr'><strong>eorum,</strong></span> <span class='ocrx_word' id='word_1_678' title='bbox 1505 1913 1571 1943; x_wconf 74' lang='lat' dir='ltr'><strong>quae</strong></span> <span class='ocrx_word' id='word_1_679' title='bbox 1581 1903 1771 1934; x_wconf 64' lang='lat' dir='ltr'><strong>cmontientes</strong></span> <span class='ocrx_word' id='word_1_680' title='bbox 1782 1913 1854 1944; x_wconf 82' lang='lat' dir='ltr'><strong>per.-</strong></span> 
     </span>
    </p>
   </div>
   <div class='ocr_carea' id='block_1_95' title="bbox 1034 1942 1853 1989">
    <p class='ocr_par' dir='ltr' id='par_1_95' title="bbox 1034 1942 1853 1989">
     <span class='ocr_line' id='line_1_96' title="bbox 1034 1942 1853 1989; baseline 0.01 -17"><span class='ocrx_word' id='word_1_681' title='bbox 1034 1942 1176 1989; x_wconf 77' lang='lat' dir='ltr'><strong>caverint,</strong></span> <span class='ocrx_word' id='word_1_682' title='bbox 1194 1944 1247 1984; x_wconf 87' lang='lat' dir='ltr'><strong>ipsi</strong></span> <span class='ocrx_word' id='word_1_683' title='bbox 1261 1945 1435 1979; x_wconf 90' lang='lat' dir='ltr'><strong>debeamus.</strong></span> <span class='ocrx_word' id='word_1_684' title='bbox 1455 1960 1468 1976; x_wconf 83' lang='lat'><strong><em>»</em></strong></span> <span class='ocrx_word' id='word_1_685' title='bbox 1483 1942 1673 1989; x_wconf 80' lang='lat' dir='ltr'><strong>Perspectum</strong></span> <span class='ocrx_word' id='word_1_686' title='bbox 1689 1949 1746 1979; x_wconf 87' lang='lat' dir='ltr'><strong>sibi</strong></span> <span class='ocrx_word' id='word_1_687' title='bbox 1757 1942 1790 1980; x_wconf 76' lang='lat' dir='ltr'><strong>et</strong></span> <span class='ocrx_word' id='word_1_688' title='bbox 1801 1958 1853 1980; x_wconf 86' lang='lat' dir='ltr'><strong>ex-</strong></span> 
     </span>
    </p>
   </div>
   <div class='ocr_carea' id='block_1_96' title="bbox 1035 1987 1854 2034">
    <p class='ocr_par' dir='ltr' id='par_1_96' title="bbox 1035 1987 1854 2034">
     <span class='ocr_line' id='line_1_97' title="bbox 1035 1987 1854 2034; baseline 0.011 -17"><span class='ocrx_word' id='word_1_689' title='bbox 1035 1987 1181 2027; x_wconf 89' lang='lat' dir='ltr'><strong>ploratum</strong></span> <span class='ocrx_word' id='word_1_690' title='bbox 1190 1997 1257 2020; x_wconf 87' lang='lat' dir='ltr'><strong>esse</strong></span> <span class='ocrx_word' id='word_1_691' title='bbox 1268 1990 1338 2022; x_wconf 88' lang='lat' dir='ltr'><strong>dicit</strong></span> <span class='ocrx_word' id='word_1_692' title='bbox 1349 1991 1470 2032; x_wconf 81' lang='lat' dir='ltr'><strong>Dialog.</strong></span> <span class='ocrx_word' id='word_1_693' title='bbox 1485 2003 1516 2023; x_wconf 93' lang='lat' dir='ltr'><strong>n.</strong></span> <span class='ocrx_word' id='word_1_694' title='bbox 1533 1987 1572 2024; x_wconf 53' lang='grc' dir='ltr'><strong>δὲ</strong></span> <span class='ocrx_word' id='word_1_695' title='bbox 1587 2004 1594 2025; x_wconf 93' lang='lat'><strong>:</strong></span> <span class='ocrx_word' id='word_1_696' title='bbox 1608 1993 1786 2034; x_wconf 81' lang='lat' dir='ltr'><strong>Quicunque</strong></span> <span class='ocrx_word' id='word_1_697' title='bbox 1801 2003 1854 2025; x_wconf 81' lang='lat' dir='ltr'><strong>ve-</strong></span> 
     </span>
    </p>
   </div>
   <div class='ocr_carea' id='block_1_97' title="bbox 1036 2034 1855 2077">
    <p class='ocr_par' dir='ltr' id='par_1_97' title="bbox 1036 2034 1855 2077">
     <span class='ocr_line' id='line_1_98' title="bbox 1036 2034 1855 2077; baseline 0.011 -15"><span class='ocrx_word' id='word_1_698' title='bbox 1036 2041 1103 2063; x_wconf 85' lang='lat' dir='ltr'><strong>rum</strong></span> <span class='ocrx_word' id='word_1_699' title='bbox 1111 2034 1206 2072; x_wconf 72' lang='lat' dir='ltr'><strong>possit</strong></span> <span class='ocrx_word' id='word_1_700' title='bbox 1216 2035 1315 2066; x_wconf 77' lang='lat' dir='ltr'><strong>dicere</strong></span> <span class='ocrx_word' id='word_1_701' title='bbox 1327 2046 1380 2067; x_wconf 85' lang='lat' dir='ltr'><strong>nec</strong></span> <span class='ocrx_word' id='word_1_702' title='bbox 1389 2037 1483 2076; x_wconf 82' lang='lat' dir='ltr'><strong>dicat,</strong></span> <span class='ocrx_word' id='word_1_703' title='bbox 1495 2048 1562 2070; x_wconf 85' lang='lat' dir='ltr'><strong>eum</strong></span> <span class='ocrx_word' id='word_1_704' title='bbox 1576 2048 1595 2070; x_wconf 84' lang='grc' dir='ltr'><em>α</em></span> <span class='ocrx_word' id='word_1_705' title='bbox 1609 2039 1670 2071; x_wconf 83' lang='lat' dir='ltr'><strong>Deo</strong></span> <span class='ocrx_word' id='word_1_706' title='bbox 1685 2040 1855 2077; x_wconf 80' lang='lat' dir='ltr'><strong>iudicatum</strong></span> 
     </span>
    </p>
   </div>
   <div class='ocr_carea' id='block_1_98' title="bbox 1038 2077 1857 2124">
    <p class='ocr_par' dir='ltr' id='par_1_98' title="bbox 1038 2077 1857 2124">
     <span class='ocr_line' id='line_1_99' title="bbox 1038 2077 1857 2124; baseline 0.01 -17"><span class='ocrx_word' id='word_1_707' title='bbox 1038 2077 1249 2124; x_wconf 84' lang='lat' dir='ltr'><strong>iri.Vid.num.</strong></span> <span class='ocrx_word' id='word_1_708' title='bbox 1269 2081 1306 2112; x_wconf 89' lang='lat'><strong>38</strong></span> <span class='ocrx_word' id='word_1_709' title='bbox 1320 2086 1347 2112; x_wconf 89' lang='lat' dir='ltr'><strong>et</strong></span> <span class='ocrx_word' id='word_1_710' title='bbox 1358 2083 1460 2114; x_wconf 77' lang='lat' dir='ltr'><strong>44.Sic</strong></span> <span class='ocrx_word' id='word_1_711' title='bbox 1479 2083 1610 2124; x_wconf 89' lang='lat' dir='ltr'><strong>loquitur</strong></span> <span class='ocrx_word' id='word_1_712' title='bbox 1621 2094 1650 2115; x_wconf 93' lang='lat' dir='ltr'><strong>n.</strong></span> <span class='ocrx_word' id='word_1_713' title='bbox 1664 2085 1702 2117; x_wconf 85' lang='grc'>58</span> <span class='ocrx_word' id='word_1_714' title='bbox 1720 2095 1726 2116; x_wconf 93' lang='lat'>:</span> <span class='ocrx_word' id='word_1_715' title='bbox 1744 2097 1756 2113; x_wconf 77' lang='grc' dir='ltr'>α</span> <span class='ocrx_word' id='word_1_716' title='bbox 1776 2084 1857 2116; x_wconf 89' lang='lat' dir='ltr'><strong>Scri-</strong></span> 
     </span>
    </p>
   </div>
   <div class='ocr_carea' id='block_1_99' title="bbox 1038 2123 1858 2169">
    <p class='ocr_par' dir='ltr' id='par_1_99' title="bbox 1038 2123 1858 2169">
     <span class='ocr_line' id='line_1_100' title="bbox 1038 2123 1858 2169; baseline 0.009 -17"><span class='ocrx_word' id='word_1_717' title='bbox 1038 2126 1137 2169; x_wconf 78' lang='lat' dir='ltr'><strong>pturas</strong></span> <span class='ocrx_word' id='word_1_718' title='bbox 1153 2123 1236 2155; x_wconf 89' lang='lat' dir='ltr'><strong>vobis</strong></span> <span class='ocrx_word' id='word_1_719' title='bbox 1247 2126 1384 2162; x_wconf 83' lang='lat' dir='ltr'><strong>referam,</strong></span> <span class='ocrx_word' id='word_1_720' title='bbox 1402 2137 1457 2158; x_wconf 89' lang='lat' dir='ltr'><strong>nec</strong></span> <span class='ocrx_word' id='word_1_721' title='bbox 1467 2123 1638 2169; x_wconf 83' lang='lat' dir='ltr'><strong>apparatum</strong></span> <span class='ocrx_word' id='word_1_722' title='bbox 1650 2129 1805 2161; x_wconf 79' lang='lat' dir='ltr'><strong>verborum</strong></span> <span class='ocrx_word' id='word_1_723' title='bbox 1822 2129 1858 2160; x_wconf 84' lang='lat' dir='ltr'><strong>ad</strong></span> 
     </span>
    </p>
   </div>
   <div class='ocr_carea' id='block_1_100' title="bbox 1037 2167 1860 2214">
    <p class='ocr_par' dir='ltr' id='par_1_100' title="bbox 1037 2167 1860 2214">
     <span class='ocr_line' id='line_1_101' title="bbox 1037 2167 1860 2214; baseline 0.01 -17"><span class='ocrx_word' id='word_1_724' title='bbox 1037 2167 1129 2214; x_wconf 85' lang='lat' dir='ltr'><strong>solam</strong></span> <span class='ocrx_word' id='word_1_725' title='bbox 1141 2173 1234 2214; x_wconf 85' lang='lat' dir='ltr'><strong>artem</strong></span> <span class='ocrx_word' id='word_1_726' title='bbox 1247 2175 1396 2203; x_wconf 90' lang='lat' dir='ltr'><strong>ostentare</strong></span> <span class='ocrx_word' id='word_1_727' title='bbox 1404 2174 1470 2204; x_wconf 90' lang='lat' dir='ltr'><strong>volo</strong></span> <span class='ocrx_word' id='word_1_728' title='bbox 1487 2167 1610 2214; x_wconf 61' lang='lat' dir='ltr'><strong>ineque</strong></span> <span class='ocrx_word' id='word_1_729' title='bbox 1626 2174 1704 2205; x_wconf 90' lang='lat' dir='ltr'><strong>enim</strong></span> <span class='ocrx_word' id='word_1_730' title='bbox 1726 2179 1771 2206; x_wconf 87' lang='lat' dir='ltr'><strong>est</strong></span> <span class='ocrx_word' id='word_1_731' title='bbox 1787 2175 1860 2205; x_wconf 90' lang='lat' dir='ltr'><strong>mihi</strong></span> 
     </span>
    </p>
   </div>
   <div class='ocr_carea' id='block_1_101' title="bbox 1038 2212 1860 2258">
    <p class='ocr_par' dir='ltr' id='par_1_101' title="bbox 1038 2212 1860 2258">
     <span class='ocr_line' id='line_1_102' title="bbox 1038 2212 1860 2258; baseline 0.01 -16"><span class='ocrx_word' id='word_1_732' title='bbox 1038 2212 1187 2252; x_wconf 89' lang='lat' dir='ltr'><strong>ejusmodi</strong></span> <span class='ocrx_word' id='word_1_733' title='bbox 1201 2214 1344 2255; x_wconf 80' lang='lat' dir='ltr'><strong>facultas;</strong></span> <span class='ocrx_word' id='word_1_734' title='bbox 1370 2218 1421 2248; x_wconf 86' lang='lat' dir='ltr'><strong>sed</strong></span> <span class='ocrx_word' id='word_1_735' title='bbox 1439 2212 1658 2258; x_wconf 46' lang='lat' dir='ltr'><strong>tantum-gratia</strong></span> <span class='ocrx_word' id='word_1_736' title='bbox 1683 2220 1754 2250; x_wconf 89' lang='lat' dir='ltr'><strong>mihi</strong></span> <span class='ocrx_word' id='word_1_737' title='bbox 1768 2229 1785 2250; x_wconf 71' lang='grc' dir='ltr'>ει</span> <span class='ocrx_word' id='word_1_738' title='bbox 1800 2219 1860 2250; x_wconf 91' lang='lat' dir='ltr'><strong>Deo</strong></span> 
     </span>
    </p>
   </div>
   <div class='ocr_carea' id='block_1_102' title="bbox 1038 2261 1862 2305">
    <p class='ocr_par' dir='ltr' id='par_1_102' title="bbox 1038 2261 1862 2305">
     <span class='ocr_line' id='line_1_103' title="bbox 1038 2261 1862 2305; baseline 0.012 -19"><span class='ocrx_word' id='word_1_739' title='bbox 1038 2266 1189 2305; x_wconf 78' lang='lat' dir='ltr'><strong>concessa.</strong></span> <span class='ocrx_word' id='word_1_740' title='bbox 1218 2266 1250 2290; x_wconf 85' lang='lat' dir='ltr'><strong>ut</strong></span> <span class='ocrx_word' id='word_1_741' title='bbox 1275 2261 1339 2300; x_wconf 85' lang='lat' dir='ltr'><strong>ejus</strong></span> <span class='ocrx_word' id='word_1_742' title='bbox 1362 2261 1531 2303; x_wconf 88' lang='lat' dir='ltr'><strong>Scripturas</strong></span> <span class='ocrx_word' id='word_1_743' title='bbox 1556 2263 1717 2304; x_wconf 82' lang='lat' dir='ltr'><strong>intelligam</strong></span> <span class='ocrx_word' id='word_1_744' title='bbox 1744 2275 1750 2296; x_wconf 91' lang='lat'><strong>:</strong></span> <span class='ocrx_word' id='word_1_745' title='bbox 1776 2267 1862 2305; x_wconf 85' lang='lat' dir='ltr'><strong>cujus</strong></span> 
     </span>
    </p>
   </div>
   <div class='ocr_carea' id='block_1_103' title="bbox 1039 2302 1862 2349">
    <p class='ocr_par' dir='ltr' id='par_1_103' title="bbox 1039 2302 1862 2349">
     <span class='ocr_line' id='line_1_104' title="bbox 1039 2302 1862 2349; baseline 0.011 -17"><span class='ocrx_word' id='word_1_746' title='bbox 1039 2302 1256 2349; x_wconf 68' lang='lat' dir='ltr'><strong>gratiaeomnes</strong></span> <span class='ocrx_word' id='word_1_747' title='bbox 1271 2305 1413 2338; x_wconf 89' lang='lat' dir='ltr'><strong>adhortor</strong></span> <span class='ocrx_word' id='word_1_748' title='bbox 1432 2302 1468 2338; x_wconf 18' lang='lat' dir='ltr'><strong>rut</strong></span> <span class='ocrx_word' id='word_1_749' title='bbox 1484 2308 1575 2347; x_wconf 81' lang='lat' dir='ltr'><strong>gratis</strong></span> <span class='ocrx_word' id='word_1_750' title='bbox 1590 2311 1619 2340; x_wconf 90' lang='lat' dir='ltr'><strong>et</strong></span> <span class='ocrx_word' id='word_1_751' title='bbox 1635 2302 1754 2349; x_wconf 84' lang='lat' dir='ltr'><strong>copiose</strong></span> <span class='ocrx_word' id='word_1_752' title='bbox 1770 2302 1862 2349; x_wconf 80' lang='lat' dir='ltr'><strong>parti-</strong></span> 
     </span>
    </p>
   </div>
   <div class='ocr_carea' id='block_1_104' title="bbox 1039 2347 1864 2394">
    <p class='ocr_par' dir='ltr' id='par_1_104' title="bbox 1039 2347 1864 2394">
     <span class='ocr_line' id='line_1_105' title="bbox 1039 2347 1864 2394; baseline 0.011 -18"><span class='ocrx_word' id='word_1_753' title='bbox 1039 2347 1120 2394; x_wconf 79' lang='lat' dir='ltr'><strong>cipes</strong></span> <span class='ocrx_word' id='word_1_754' title='bbox 1135 2347 1219 2394; x_wconf 73' lang='lat' dir='ltr'><strong>tiant,</strong></span> <span class='ocrx_word' id='word_1_755' title='bbox 1233 2358 1270 2381; x_wconf 89' lang='lat' dir='ltr'><strong>ne</strong></span> <span class='ocrx_word' id='word_1_756' title='bbox 1279 2351 1323 2381; x_wconf 89' lang='lat' dir='ltr'><strong>vel</strong></span> <span class='ocrx_word' id='word_1_757' title='bbox 1335 2351 1390 2382; x_wconf 88' lang='lat' dir='ltr'><strong>hac</strong></span> <span class='ocrx_word' id='word_1_758' title='bbox 1400 2352 1437 2382; x_wconf 87' lang='lat' dir='ltr'><strong>de</strong></span> <span class='ocrx_word' id='word_1_759' title='bbox 1446 2361 1533 2383; x_wconf 72' lang='lat' dir='ltr'><strong>causa</strong></span> <span class='ocrx_word' id='word_1_760' title='bbox 1546 2347 1730 2384; x_wconf 76' lang='lat' dir='ltr'><strong>condemnet</strong></span> <span class='ocrx_word' id='word_1_761' title='bbox 1740 2347 1864 2394; x_wconf 73' lang='lat' dir='ltr'><strong>injudi-</strong></span> 
     </span>
    </p>
   </div>
   <div class='ocr_carea' id='block_1_105' title="bbox 1039 2392 1861 2437">
    <p class='ocr_par' dir='ltr' id='par_1_105' title="bbox 1039 2392 1861 2437">
     <span class='ocr_line' id='line_1_106' title="bbox 1039 2392 1861 2437; baseline 0.011 -16"><span class='ocrx_word' id='word_1_762' title='bbox 1039 2392 1092 2422; x_wconf 90' lang='lat' dir='ltr'><strong>cio.</strong></span> <span class='ocrx_word' id='word_1_763' title='bbox 1104 2404 1114 2421; x_wconf 84' lang='grc' dir='ltr'>ι)</span> <span class='ocrx_word' id='word_1_764' title='bbox 1134 2393 1290 2426; x_wconf 87' lang='lat' dir='ltr'><strong>Latissime</strong></span> <span class='ocrx_word' id='word_1_765' title='bbox 1301 2395 1441 2427; x_wconf 90' lang='lat' dir='ltr'><strong>nimirum</strong></span> <span class='ocrx_word' id='word_1_766' title='bbox 1454 2397 1571 2437; x_wconf 88' lang='lat' dir='ltr'><strong>patebat</strong></span> <span class='ocrx_word' id='word_1_767' title='bbox 1586 2399 1693 2430; x_wconf 85' lang='lat' dir='ltr'><strong>Justini</strong></span> <span class='ocrx_word' id='word_1_768' title='bbox 1710 2392 1838 2430; x_wconf 78' lang='lat' dir='ltr'><strong>Charitas</strong></span> <span class='ocrx_word' id='word_1_769' title='bbox 1854 2410 1861 2429; x_wconf 88' lang='lat'><strong>:</strong></span> 
     </span>
    </p>
   </div>
   <div class='ocr_carea' id='block_1_106' title="bbox 1039 2441 1868 2484">
    <p class='ocr_par' dir='ltr' id='par_1_106' title="bbox 1039 2441 1868 2484">
     <span class='ocr_line' id='line_1_107' title="bbox 1039 2441 1868 2484; baseline 0.01 -17"><span class='ocrx_word' id='word_1_770' title='bbox 1039 2446 1158 2477; x_wconf 84' lang='lat' dir='ltr'><strong>semper</strong></span> <span class='ocrx_word' id='word_1_771' title='bbox 1174 2443 1292 2484; x_wconf 85' lang='lat' dir='ltr'><strong>paratus</strong></span> <span class='ocrx_word' id='word_1_772' title='bbox 1313 2441 1349 2471; x_wconf 93' lang='lat' dir='ltr'><strong>ad</strong></span> <span class='ocrx_word' id='word_1_773' title='bbox 1368 2441 1535 2473; x_wconf 90' lang='lat' dir='ltr'><strong>docendum</strong></span> <span class='ocrx_word' id='word_1_774' title='bbox 1554 2447 1627 2479; x_wconf 88' lang='lat' dir='ltr'><strong>erat,</strong></span> <span class='ocrx_word' id='word_1_775' title='bbox 1643 2453 1769 2484; x_wconf 90' lang='lat' dir='ltr'><strong>sperans</strong></span> <span class='ocrx_word' id='word_1_776' title='bbox 1790 2445 1868 2475; x_wconf 86' lang='lat' dir='ltr'><strong>inter</strong></span> 
     </span>
    </p>
   </div>
   <div class='ocr_carea' id='block_1_107' title="bbox 1040 2483 1865 2527">
    <p class='ocr_par' dir='ltr' id='par_1_107' title="bbox 1040 2483 1865 2527">
     <span class='ocr_line' id='line_1_108' title="bbox 1040 2483 1865 2527; baseline 0.012 -16"><span class='ocrx_word' id='word_1_777' title='bbox 1040 2490 1091 2512; x_wconf 86' lang='lat' dir='ltr'><strong>eos</strong></span> <span class='ocrx_word' id='word_1_778' title='bbox 1106 2491 1180 2522; x_wconf 80' lang='lat' dir='ltr'><strong>quos</strong></span> <span class='ocrx_word' id='word_1_779' title='bbox 1195 2483 1406 2525; x_wconf 86' lang='lat' dir='ltr'><strong>alloquebatur</strong></span> <span class='ocrx_word' id='word_1_780' title='bbox 1432 2487 1562 2527; x_wconf 90' lang='lat' dir='ltr'><strong>aliquem</strong></span> <span class='ocrx_word' id='word_1_781' title='bbox 1580 2497 1614 2519; x_wconf 82' lang='lat' dir='ltr'><strong>ex</strong></span> <span class='ocrx_word' id='word_1_782' title='bbox 1631 2483 1791 2520; x_wconf 80' lang='lat' dir='ltr'><strong>electorum</strong></span> <span class='ocrx_word' id='word_1_783' title='bbox 1809 2499 1865 2520; x_wconf 93' lang='lat' dir='ltr'><strong>nu-</strong></span> 
     </span>
    </p>
   </div>
   <div class='ocr_carea' id='block_1_108' title="bbox 1042 2527 1865 2574">
    <p class='ocr_par' dir='ltr' id='par_1_108' title="bbox 1042 2527 1865 2574">
     <span class='ocr_line' id='line_1_109' title="bbox 1042 2527 1865 2574; baseline 0.012 -18"><span class='ocrx_word' id='word_1_784' title='bbox 1042 2527 1289 2574; x_wconf 78' lang='lat' dir='ltr'><strong>meroinventum</strong></span> <span class='ocrx_word' id='word_1_785' title='bbox 1302 2529 1352 2569; x_wconf 89' lang='lat' dir='ltr'><strong>iri;</strong></span> <span class='ocrx_word' id='word_1_786' title='bbox 1366 2532 1482 2572; x_wconf 89' lang='lat' dir='ltr'><strong>etquod</strong></span> <span class='ocrx_word' id='word_1_787' title='bbox 1502 2531 1529 2563; x_wconf 92' lang='lat' dir='ltr'><strong>ei</strong></span> <span class='ocrx_word' id='word_1_788' title='bbox 1540 2532 1665 2574; x_wconf 82' lang='lat' dir='ltr'><strong>contigit</strong></span> <span class='ocrx_word' id='word_1_789' title='bbox 1676 2534 1785 2574; x_wconf 88' lang='lat' dir='ltr'><strong>Ephesi</strong></span> <span class='ocrx_word' id='word_1_790' title='bbox 1798 2544 1865 2565; x_wconf 90' lang='lat' dir='ltr'><strong>cum</strong></span> 
     </span>
    </p>
   </div>
   <div class='ocr_carea' id='block_1_109' title="bbox 1041 2571 1865 2616">
    <p class='ocr_par' dir='ltr' id='par_1_109' title="bbox 1041 2571 1865 2616">
     <span class='ocr_line' id='line_1_110' title="bbox 1041 2571 1865 2616; baseline 0.01 -14"><span class='ocrx_word' id='word_1_791' title='bbox 1041 2571 1135 2616; x_wconf 65' lang='lat' dir='ltr'><strong>Judaei</strong></span> <span class='ocrx_word' id='word_1_792' title='bbox 1152 2573 1325 2616; x_wconf 87' lang='lat' dir='ltr'><strong>disputanti,</strong></span> <span class='ocrx_word' id='word_1_793' title='bbox 1345 2580 1376 2606; x_wconf 94' lang='lat' dir='ltr'><strong>ut</strong></span> <span class='ocrx_word' id='word_1_794' title='bbox 1386 2571 1438 2616; x_wconf 84' lang='lat' dir='ltr'><strong>per</strong></span> <span class='ocrx_word' id='word_1_795' title='bbox 1449 2576 1573 2608; x_wconf 90' lang='lat' dir='ltr'><strong>biduum</strong></span> <span class='ocrx_word' id='word_1_796' title='bbox 1585 2571 1689 2609; x_wconf 74' lang='lat' dir='ltr'><strong>eorum</strong></span> <span class='ocrx_word' id='word_1_797' title='bbox 1701 2571 1731 2609; x_wconf 85' lang='lat' dir='ltr'><strong>in</strong></span> <span class='ocrx_word' id='word_1_798' title='bbox 1745 2584 1865 2610; x_wconf 88' lang='lat' dir='ltr'><strong>contra-</strong></span> 
     </span>
    </p>
   </div>
   <div class='ocr_carea' id='block_1_110' title="bbox 1040 2615 1866 2665">
    <p class='ocr_par' dir='ltr' id='par_1_110' title="bbox 1040 2615 1866 2665">
     <span class='ocr_line' id='line_1_111' title="bbox 1040 2615 1866 2665; baseline 0.011 -19"><span class='ocrx_word' id='word_1_799' title='bbox 1040 2615 1170 2665; x_wconf 82' lang='lat' dir='ltr'><strong>dicendo</strong></span> <span class='ocrx_word' id='word_1_800' title='bbox 1182 2623 1213 2649; x_wconf 92' lang='lat' dir='ltr'><strong>et</strong></span> <span class='ocrx_word' id='word_1_801' title='bbox 1225 2619 1274 2659; x_wconf 89' lang='lat' dir='ltr'><strong>iis,</strong></span> <span class='ocrx_word' id='word_1_802' title='bbox 1292 2629 1358 2660; x_wconf 59' lang='lat' dir='ltr'><strong>qua),</strong></span> <span class='ocrx_word' id='word_1_803' title='bbox 1372 2615 1455 2661; x_wconf 78' lang='lat' dir='ltr'><strong>prius</strong></span> <span class='ocrx_word' id='word_1_804' title='bbox 1480 2627 1705 2665; x_wconf 85' lang='lat' dir='ltr'><strong>concesserant,</strong></span> <span class='ocrx_word' id='word_1_805' title='bbox 1722 2624 1866 2663; x_wconf 73' lang='lat' dir='ltr'><strong>negandis</strong></span> 
     </span>
    </p>
   </div>
   <div class='ocr_carea' id='block_1_111' title="bbox 1041 2662 1866 2709">
    <p class='ocr_par' dir='ltr' id='par_1_111' title="bbox 1041 2662 1866 2709">
     <span class='ocr_line' id='line_1_112' title="bbox 1041 2662 1866 2709; baseline 0.008 -17"><span class='ocrx_word' id='word_1_806' title='bbox 1041 2662 1238 2709; x_wconf 83' lang='lat' dir='ltr'><strong>pertinaciam</strong></span> <span class='ocrx_word' id='word_1_807' title='bbox 1256 2664 1360 2704; x_wconf 86' lang='lat' dir='ltr'><strong>ferret,</strong></span> <span class='ocrx_word' id='word_1_808' title='bbox 1379 2666 1482 2698; x_wconf 87' lang='lat' dir='ltr'><strong>eadem</strong></span> <span class='ocrx_word' id='word_1_809' title='bbox 1499 2676 1530 2699; x_wconf 90' lang='lat' dir='ltr'><strong>se</strong></span> <span class='ocrx_word' id='word_1_810' title='bbox 1545 2667 1666 2700; x_wconf 90' lang='lat' dir='ltr'><strong>lenitate</strong></span> <span class='ocrx_word' id='word_1_811' title='bbox 1681 2662 1711 2700; x_wconf 84' lang='lat' dir='ltr'><strong>et</strong></span> <span class='ocrx_word' id='word_1_812' title='bbox 1725 2662 1866 2709; x_wconf 80' lang='lat' dir='ltr'><strong>patientia</strong></span> 
     </span>
    </p>
   </div>
   <div class='ocr_carea' id='block_1_112' title="bbox 1039 2706 1866 2754">
    <p class='ocr_par' dir='ltr' id='par_1_112' title="bbox 1039 2706 1866 2754">
     <span class='ocr_line' id='line_1_113' title="bbox 1039 2706 1866 2754; baseline 0.008 -17"><span class='ocrx_word' id='word_1_813' title='bbox 1039 2706 1074 2754; x_wconf 80' lang='lat' dir='ltr'><strong>in</strong></span> <span class='ocrx_word' id='word_1_814' title='bbox 1082 2715 1185 2740; x_wconf 82' lang='lat' dir='ltr'><strong>omnes</strong></span> <span class='ocrx_word' id='word_1_815' title='bbox 1196 2709 1321 2741; x_wconf 82' lang='lat' dir='ltr'><strong>omnino</strong></span> <span class='ocrx_word' id='word_1_816' title='bbox 1333 2719 1375 2741; x_wconf 68' lang='lat' dir='ltr'><strong>ea:</strong></span> <span class='ocrx_word' id='word_1_817' title='bbox 1386 2713 1635 2745; x_wconf 81' lang='lat' dir='ltr'><strong>omnehominum</strong></span> <span class='ocrx_word' id='word_1_818' title='bbox 1645 2706 1755 2754; x_wconf 76' lang='lat' dir='ltr'><strong>genere</strong></span> <span class='ocrx_word' id='word_1_819' title='bbox 1766 2713 1806 2744; x_wconf 89' lang='lat' dir='ltr'><strong>uti</strong></span> <span class='ocrx_word' id='word_1_820' title='bbox 1815 2713 1866 2744; x_wconf 83' lang='lat' dir='ltr'><strong>de-</strong></span> 
     </span>
    </p>
   </div>
   <div class='ocr_carea' id='block_1_113' title="bbox 1048 2751 1862 2798">
    <p class='ocr_par' dir='ltr' id='par_1_113' title="bbox 1048 2751 1862 2798">
     <span class='ocr_line' id='line_1_114' title="bbox 1048 2751 1862 2798; baseline 0.011 -16"><span class='ocrx_word' id='word_1_821' title='bbox 1048 2751 1149 2790; x_wconf 85' lang='lat' dir='ltr'><strong>clarat,</strong></span> <span class='ocrx_word' id='word_1_822' title='bbox 1166 2763 1197 2785; x_wconf 89' lang='lat' dir='ltr'><strong>n.</strong></span> <span class='ocrx_word' id='word_1_823' title='bbox 1214 2754 1264 2786; x_wconf 80' lang='lat'><strong>64.</strong></span> <span class='ocrx_word' id='word_1_824' title='bbox 1279 2754 1317 2789; x_wconf 89' lang='lat' dir='ltr'><strong>Ut</strong></span> <span class='ocrx_word' id='word_1_825' title='bbox 1329 2755 1438 2788; x_wconf 84' lang='lat' dir='ltr'><strong>Justini</strong></span> <span class='ocrx_word' id='word_1_826' title='bbox 1460 2758 1630 2798; x_wconf 73' lang='lat' dir='ltr'><strong>patientiam</strong></span> <span class='ocrx_word' id='word_1_827' title='bbox 1645 2751 1675 2790; x_wconf 81' lang='lat' dir='ltr'><strong>et</strong></span> <span class='ocrx_word' id='word_1_828' title='bbox 1687 2758 1862 2792; x_wconf 83' lang='lat' dir='ltr'><strong>charitatem</strong></span> 
     </span>
    </p>
   </div>
  </div>
