1961 3071
115 104 173 136 127

563 106 592 137 S.
615 106 799 137 JL'STINUS
820 102 1083 136 PHILOSOPHUS
1105 104 1153 135 ET
1176 100 1351 136 MARTYR.

1739 103 1799 136 128

117 171 351 210 persecutio,sed
370 181 433 202 eam
448 172 583 202 videntur
596 171 766 202 incendisse
783 171 889 212 popula

1033 181 1054 198 ›ν
1071 169 1215 211 ἄνθρωπον,
1239 170 1273 199 δι’
1301 172 1331 199 οὗ
1359 174 1413 200 τῶν
1440 170 1582 209 μωλώπων
1604 171 1677 205 ἴασις
1706 173 1807 211 γίνεται

116 216 308 256 tumultus,ut
319 216 406 247 modo
417 216 582 248 videbimus
592 225 627 247 ex
638 216 745 247 litteris
753 215 951 254 Antonini,in/

118 261 220 300 primis
230 270 297 292 vero
310 261 456 292 exortzein
469 262 557 292 variis
578 261 696 302 imperii
710 261 844 301 partibus
860 261 939 291 cala-

117 305 244 342 mitates,
261 315 333 346 quas
342 306 429 336 stulte
451 306 687 338 Christianorum
699 307 840 346 sanguine
850 305 941 337 averti

116 359 204 390 posse
215 350 526 390 sperabant.Pluribus
538 360 572 381 ex
584 350 658 381 locis
673 351 777 381 delatae
792 350 940 381 Antonino

114 404 131 424 a
146 395 322 427 Christianis
343 396 490 436 querelae;
517 405 571 426 nec
594 395 724 427 difficilis
741 395 794 426 fuit
807 395 843 426 ad
859 395 938 426 illius

115 449 202 471 aures
229 447 286 471 tam
313 441 404 480 justae
419 450 516 472 causa).
530 440 640 473 aditus.
656 440 768 472 Enituit
792 441 847 472 hac
861 439 890 470 in
906 449 938 471 re

115 484 244 515 studium
258 485 433 526 lustini,qui
444 494 512 516 cum
529 486 631 517 Romae
646 485 827 516 domicilium
844 484 937 515 habe-

115 532 171 565 ret,
188 529 358 570 imperatori
381 530 505 570 ejusque
528 530 596 561 filiis
610 529 764 571 adoptivis,
780 534 809 560 et
823 529 938 560 senatui

108 575 283 615 ,poputoque
298 576 433 606 Romano
448 574 596 615 insignem
614 584 666 616 pro
681 573 820 606 omnibus
835 573 936 606 Chris-

116 618 203 649 tianis
215 619 397 660 Apologiam
413 619 531 651 obtulit.

157 663 215 694 Sed
226 668 383 705 antequam
395 663 598 696 examinemus
608 674 665 705 quo
674 674 752 696 anno
768 665 830 696 haec
839 665 940 696 oblata

115 709 367 747 Apologiamiora:
374 709 502 750 pretium
510 709 628 740 videtur
634 709 834 740 decalumniis
840 715 942 742 contra

115 753 297 784 Christianos
309 754 485 795 excogitatis
497 763 591 795 pauca
601 755 796 795 disserere,et
806 764 823 785 a
834 755 942 795 quibus

982 221 1041 247 τοῖς
1063 214 1097 243 δι’
1113 217 1190 244 αὗτοὖ
1218 217 1261 244 επὶ
1288 217 1333 245 τὸν
1356 216 1460 256 Πατέρα
1480 221 1696 256 προσχωροῦσιν⁷
1715 216 1806 250 ἐπειδὴ

970 259 1114 298 ,ἐγνώκατε
1144 262 1222 290 αὺτὸν
1251 261 1400 289 ἀναστάντα
1421 261 1451 290 ἐκ
1473 261 1583 301 νεκρῶν,
1613 262 1657 290 καὶ
1673 261 1806 290 ἀναϐάντα

982 305 1017 337 εἰς
1046 306 1091 333 τὸν
1113 307 1233 346 οὐρανὸν,
1251 307 1287 339 ὡς
1310 308 1335 334 αἱ
1363 314 1522 346 προφητεται
1544 308 1711 346 προεμήνυον
1727 318 1808 346 γενη-

982 350 1105 387 σόμενον,
1135 351 1165 379 οὗ
1194 351 1275 387 μόνον
1302 352 1331 380 οὐ
1361 352 1539 389 μετενοήσατε
1562 350 1600 391 ἐφ’
1619 352 1663 384 οἶς
1679 351 1806 391 ἐπράξατε

979 398 1080 431 κακῶς,
1103 395 1171 424 ἀλλᾶ
1193 395 1286 436 ἄνδρας
1308 395 1450 428 ἐκλεκτοὺς
1480 396 1533 424 ἀπὸ
1564 391 1738 436 ἰερουσαλυὶμ
1759 396 1806 424 ὲκ-

979 438 1116 478 λεξάμενοι
1145 441 1205 469 τότε
1231 440 1396 479 ἒξεπέμψατε
1419 442 1456 473 εἰς
1483 444 1569 469 πᾶσαν
1592 442 1641 475 τὴν
1662 444 1726 481 γῆν,
1757 440 1806 469 λέ-

979 496 1083 525 γοντες,
1114 485 1219 525 αἵρεσιν
1241 485 1316 514 ἄθεον
1347 489 1511 522 Χριστιανῶν
1540 485 1698 526 πεφηνέναι,
1717 497 1805 514 κατα-

979 529 1102 568 λέγοντες
1131 541 1159 558 τε
1174 535 1256 560 ταῦτα
1271 529 1337 570 ἅπερ
1351 531 1411 559 καθ’
1431 531 1509 568 ἡμῶν
1523 531 1548 558 οἱ
1560 531 1717 570 ἀγνοοῦντες
1732 531 1804 568 ἡμᾶς

980 574 1076 608 πάντες
1091 574 1226 615 λέγουσιν,
1244 574 1328 604 ’Ὥστε
1356 577 1385 604 οὗ
1412 576 1492 614 μόνον
1514 575 1621 608 ἑαυτοῖς
1635 574 1736 608 ἀδικίας
1759 574 1806 603 αἵ-

980 630 1031 648 τιοι
1057 619 1204 660 ὑπάρχετε,
1235 619 1302 648 ἀλλᾶ
1332 620 1376 648 καὶ
1397 627 1457 652 τοῖς
1473 619 1564 652 ἄλλοις
1589 620 1686 650 ἅπασιν
1714 619 1806 651 ἁπλῶς

980 664 1139 704 ἀνθρώποις.
1186 687 1194 695 .
1242 690 1249 697 .
1296 688 1302 695 .
1349 688 1355 695 .
1402 666 1474 695 Κατὰ
1490 669 1588 694 οὖντοῦ
1603 665 1808 704 μόνουᾶμώμου

983 710 1026 738 καὶ
1048 709 1147 738 ὂιιιαίου
1176 711 1262 751 φωτὸς
1285 716 1343 742 τοϊς
1372 710 1521 750 ἀνθρώποις
1551 710 1715 751 πεμφθέντος
1738 710 1809 749 παρὰ

981 757 1028 782 τοῦ
1045 758 1122 795 Θεοῦ,
1151 755 1184 783 τα
1213 756 1293 795 πικρὰ
1320 756 1362 783 καὶ
1392 755 1515 783 σκοτεινὰ
1545 756 1590 783 καὶ
1620 754 1696 783 ἄδικα
1723 765 1808 783 κατα-

115 797 285 829 auctoribus
301 803 330 829 et
346 809 362 830 a
378 808 435 839 quo
446 803 580 839 tempore
597 809 707 840 sparsa:
720 799 830 830 fuerint
845 800 889 839 inq

1036 800 1112 833 θῆναι
1141 799 1167 828 ἐν
1190 800 1266 838 πάσῃ
1288 803 1322 838 τῇ
1343 803 1379 839 γῇ
1399 799 1591 830 ἐσπούδασατε.
1614 810 1628 829 (
1646 800 1712 831 Non
1728 798 1808 830 enim

115 842 247 874 rere.Sic
262 843 342 875 enim
354 837 498 874 nonnulla
508 837 679 885 S.martyris
693 844 864 875 testimonia
873 837 938 875 illu-
951 837 970 862 Β
981 837 1098 883 injuriae
1109 843 1196 875 nobis
1205 848 1234 875 et
1246 837 1372 875 (ιιιτῑειιϊ
1386 844 1474 875 illatae
1485 848 1564 874 tanta
1584 844 1614 874 in
1630 843 1696 874 aliis
1711 845 1809 883 genti-

116 887 289 924 strabimus,
307 898 372 929 quae
387 892 523 919 notarum
540 890 683 928 angustiae
704 889 864 928 explanare
881 899 938 920 non

115 931 333 964 siverunt.Tria
344 933 531 974 potissimum
547 933 673 964 crimina
689 933 864 965 Christianis
880 935 940 965 affi-

116 981 180 1006 cta:
199 977 278 1017 quod
294 977 373 1008 athei
391 981 502 1015 essent,
524 977 601 1018 quod
633 978 806 1018 promiscuis
822 979 940 1018 flagitiis

115 1020 316 1060 indulgerent,
334 1022 412 1062 quod
429 1022 550 1053 infantis
568 1022 658 1053 occisi
674 1032 778 1054 carnes
794 1023 822 1054 in
835 1028 941 1063 myste-

115 1064 168 1096 riis
183 1066 245 1096 suis
260 1068 521 1107 Vorarent.Magna
537 1071 581 1098 est
598 1067 687 1098 trium
704 1067 821 1098 illorum
838 1068 940 1099 crimi-

115 1120 184 1140 num
197 1110 356 1142 celebritas
367 1116 426 1142 tum
436 1112 512 1152 apud
525 1111 718 1152 Gmcos,tum
730 1113 806 1152 apud
820 1113 939 1144 Dalinos

116 1155 268 1195 religionis
282 1156 545 1197 defensmes,adeo
562 1161 593 1187 ut
607 1157 686 1188 nulla
714 1167 837 1198 prorsus
857 1158 939 1198 regio

116 1200 349 1232 biscommentis
375 1211 432 1232 non
458 1202 646 1242 personuisse
666 1202 809 1233 videatur.
826 1203 870 1233 Ad
887 1203 939 1234 has

115 1245 300 1284 pervulgatas
314 1246 480 1276 calumnias
497 1246 562 1276 alite
575 1246 880 1278 nonnullteinterdum
889 1257 936 1278 ac-

113 1294 277 1322 cesserunt.
290 1289 374 1327 Nam,
388 1295 419 1321 ut
431 1290 563 1321 omittam
576 1290 806 1331 magiam,cujus
819 1293 939 1323 nomine

113 1333 297 1366 Christianos
309 1335 540 1367 accusatCelsus
548 1336 625 1376 apud
637 1335 807 1375 Origenem,
826 1337 877 1367 lib.
897 1346 937 1375 vr,

114 1387 141 1418 p.
157 1379 229 1419 301,
246 1389 366 1411 crucem
382 1380 429 1410 vel
445 1380 535 1411 etiam
551 1382 624 1411 asini
638 1385 725 1421 caput
740 1391 792 1421 pro
808 1381 869 1413 Deo
885 1391 937 1412 co-

116 1423 177 1454 lere
193 1423 483 1462 ferebantur,sallem
500 1425 530 1456 in
542 1425 653 1462 Africa,
667 1429 698 1456 ut
712 1435 747 1456 ex
762 1425 940 1457 Tertulliani

113 1467 257 1509 Apologct
279 1494 287 1510 ,
310 1480 336 1501 c.
366 1470 398 1510 7,
416 1474 444 1500 et
458 1470 509 1501 lib.
526 1479 536 1501 ι
551 1470 591 1501 ad
605 1471 692 1507 Nat.,
710 1476 739 1502 et
755 1479 792 1501 ex
807 1470 938 1502 Minucio

981 887 1036 919 bus
1051 888 1138 929 culpa
1158 889 1281 926 residet,
1299 893 1408 930 quanta
1424 889 1454 919 in
1470 889 1565 926 vobis,
1583 889 1633 929 qui
1650 888 1709 919 illis
1721 889 1808 920 etiam

981 933 1149 973 anticipata:
1164 933 1201 964 de
1212 934 1295 974 justo
1311 938 1340 964 et
1354 934 1392 965 de
1407 933 1504 974 nobis,
1516 933 1566 974 qui
1577 934 1613 964 ab
1630 943 1665 965 eo
1682 933 1739 964 orti
1755 942 1809 964 su--

983 978 1146 1014 mus,mala3
1159 978 1310 1018 opinionis
1322 982 1459 1009 auctores
1471 978 1714 1019 estis.l’estquam
1728 978 1806 1009 enim

980 1022 1075 1052 solum
1092 1022 1175 1053 illum
1193 1023 1374 1062 inclilpatum
1389 1023 1542 1063 etjustum
1553 1022 1808 1063 hominem,cujus

981 1065 1154 1098 vulneribus
1170 1071 1312 1098 sanantur
1323 1067 1373 1107 qui
1385 1076 1439 1107 per
1451 1076 1518 1098 eum
1535 1067 1571 1097 ad
1590 1068 1705 1098 Patrem
1718 1075 1807 1098 acce-

981 1111 1151 1150 dunt,cruci
1161 1112 1322 1147 aft’ﬁxistis;
1332 1121 1400 1143 cum
1425 1121 1492 1143 eum
1504 1111 1621 1142 sciretis
1636 1120 1670 1143 ex
1684 1111 1808 1142 mortuis

980 1156 1182 1187 resurrexisse
1196 1160 1224 1187 et
1240 1157 1269 1187 in
1284 1156 1392 1188 coelum
1412 1156 1630 1194 ascendisse,ut
1645 1156 1810 1197 prophetiae

981 1200 1110 1232 futurum
1124 1201 1338 1242 praedicebant,
1356 1211 1416 1232 non
1433 1200 1521 1232 modo
1535 1201 1738 1241 pwnitentiam
1753 1200 1808 1232 ad-

981 1246 1137 1276 missurum
1150 1246 1300 1277 scelerum
1315 1256 1374 1277 non
1391 1245 1506 1285 egistis;
1518 1245 1569 1276 sed
1580 1246 1668 1277 etiam
1682 1245 1810 1277 selectos

979 1289 1057 1321 viros
1067 1294 1136 1321 tunc
1145 1291 1360 1331 Hierosolymis
1376 1291 1405 1321 in
1425 1290 1595 1321 universum
1609 1290 1712 1321 orbem
1725 1290 1809 1320 misi-

980 1335 1173 1376 stis,impiam
1190 1335 1425 1367 Christianorum
1443 1335 1579 1366 haeresim
1597 1334 1743 1375 prodiisse
1759 1334 1808 1365 di-

981 1385 1093 1420 centes,
1112 1389 1204 1421 eaque
1219 1383 1403 1421 spargentes,
1421 1389 1487 1420 quae
1498 1379 1529 1410 in
1544 1389 1598 1410 nos
1609 1379 1645 1410 ab
1656 1379 1692 1410 iis
1708 1379 1808 1410 omni-

981 1423 1036 1455 bus
1052 1425 1161 1465 quibus
1178 1425 1240 1456 noti
1255 1434 1314 1455 non
1330 1434 1446 1463 sumus,
1462 1424 1613 1455 dicuntur.
1632 1423 1733 1464 Itaque
1749 1434 1808 1456 non

981 1469 1063 1499 vobis
1073 1470 1168 1500 solum
1187 1470 1350 1510 iniquitatis
1365 1478 1454 1500 causa
1470 1469 1554 1507 estis,
1571 1468 1622 1500 sed
1637 1469 1703 1500 aliis
1719 1469 1807 1501 etiam

115 1512 1120 1553 Felicediscimus.Novumealumniaegenusindicarentcomnibus
1150 1524 1272 1553 prorsus
1302 1514 1484 1545 hominibus.
1531 1535 1539 1544 .
1586 1538 1593 1545 .
1638 1536 1647 1545 .
1693 1538 1700 1546 .
1746 1539 1754 1547 .
1800 1539 1807 1547 .

117 1556 180 1587 haec
192 1556 368 1590 Tertulliani
385 1559 486 1594 verba,
513 1561 536 1589 si
563 1569 635 1589 sana
650 1563 747 1590 essent
764 1564 792 1590 et
804 1559 918 1599 integra
932 1570 939 1591 :

118 1601 252 1643 «Igitur,
282 1602 379 1644 inquit
404 1604 539 1636 lib.iad
566 1603 651 1643 Nat.,
679 1613 705 1634 c.
730 1604 761 1640 7,
791 1604 867 1634 ωιεῑί
884 1614 941 1634 no-

115 1651 183 1677 stne
199 1648 471 1689 nondum,an.250,
492 1652 532 1679 tot
547 1648 641 1689 iniqui
658 1649 783 1686 interea,
802 1653 845 1680 tot
868 1659 941 1680 cru-

115 1700 165 1722 ces
176 1691 359 1725 divinitatem
376 1699 554 1729 consecutae,
571 1697 628 1724 etc.
646 1706 659 1721 »
671 1693 729 1725 Sed
747 1694 793 1724 his
808 1693 939 1733 vocibus,

116 1739 156 1767 tot
170 1737 386 1777 iniqui,vitium
402 1739 480 1769 inest
495 1743 523 1769 et
539 1738 778 1779 corruptela,nec
790 1739 877 1778 hujus
888 1748 938 1770 ac-

116 1781 275 1813 cusationis
286 1783 377 1814 ullum
388 1787 481 1814 exstat
490 1783 643 1823 vestigium
651 1783 758 1819 .Quare
768 1783 938 1822 legendum:

120 1826 171 1858 Tol
182 1829 293 1866 onagri
302 1829 479 1868 interea,tol
487 1837 588 1859 cruces
599 1828 790 1859 divinitatem
801 1837 942 1860 consecu-

117 1872 337 1914 tte,etc.,idque
348 1872 527 1914 perspicitur
537 1882 572 1904 ex
590 1873 723 1913 ejusdem
735 1872 804 1904 libri
820 1873 940 1914 cath,

117 1915 168 1947 ubi
180 1917 339 1948 divinitatis
351 1917 488 1949 crucibus
499 1917 651 1949 attributae
658 1922 858 1949 commentum
870 1927 942 1957 prae-

117 1961 195 1992 cedit
209 1961 317 1994 asinini
334 1964 386 1994 Dei
399 1962 578 2001 criminatio,
591 1972 679 2003 quam
691 1962 812 2003 quidem
821 1971 855 1993 ex
866 1964 940 1994 Cor-

117 2006 194 2037 nelio
210 2006 310 2038 Tacito
323 2012 416 2039 ortam
435 2007 585 2038 existimat
599 2007 810 2039 Tertullianus.
827 2007 938 2044 «Hanc,

114 2051 221 2091 inquit,
251 2051 407 2084 Cornelius
437 2052 557 2083 Tacitus
587 2052 788 2092 suspicionem
817 2053 894 2084 fecit.
913 2052 940 2084 Is

116 2098 355 2129 enim....lud:eos
368 2099 460 2129 refert
475 2098 504 2128 in
519 2098 708 2138 expeditione
723 2097 812 2129 vastis
824 2097 854 2128 in
867 2097 940 2128 locis

982 1558 1084 1599 Itaque
1098 1563 1130 1589 ut
1145 1559 1228 1589 vobis
1244 1559 1343 1589 studio
1355 1558 1512 1594 habuistis,
1530 1562 1562 1589 ut
1574 1559 1603 1589 in
1620 1558 1711 1590 solam
1727 1558 1808 1590 illam

982 1602 1162 1644 inculpatam
1191 1608 1220 1635 et
1244 1603 1354 1644 justam
1379 1604 1488 1641 lucem,
1505 1612 1571 1644 quae
1596 1603 1767 1635 hominibus
1791 1613 1808 1635 a

982 1647 1044 1680 Deo
1057 1649 1146 1679 missa
1157 1648 1262 1684 fuerat.
1279 1648 1385 1680 acerba
1401 1653 1430 1679 et
1451 1648 1639 1680 tenebricosa
1654 1653 1684 1679 et
1696 1649 1807 1689 injuste

983 1693 1013 1724 in
1027 1697 1086 1724 toto
1099 1697 1244 1724 terrarum
1255 1693 1328 1724 orbe
1334 1694 1520 1734 jactarentur
1528 1692 1685 1724 crimina.»
1698 1693 1807 1725 Eadem

983 1738 1126 1778 postridie
1140 1738 1260 1778 repetiit
1273 1739 1305 1770 S.
1323 1742 1438 1778 martjr
1452 1738 1482 1769 in
1495 1737 1618 1778 gratiam
1635 1747 1739 1769 eorum
1756 1737 1808 1779 qui

983 1783 1079 1823 pridie
1108 1793 1166 1814 non
1197 1783 1364 1814 adfuerant.
1392 1784 1441 1812 Καὶ
1470 1784 1500 1812 οὐ
1521 1783 1602 1821 μόνον
1624 1783 1654 1812 οὔ
1676 1784 1807 1821 μετενοή-

982 1839 1085 1860 σατεημ
1117 1827 1178 1857 ἀλλ’
1210 1830 1246 1860 ὡς
1273 1835 1415 1867 προεῖπον,
1445 1827 1538 1867 ἄνδρας
1569 1829 1807 1868 χειροτονήσαντες

983 1873 1135 1911 ἐκλεκτοὺς,
1179 1875 1215 1905 εἷς
1257 1877 1344 1902 πᾶσαν
1382 1873 1431 1907 τὴν
1469 1874 1627 1912 οἰκουμένην
1656 1873 1807 1913 ἐπέμψατε,

981 1919 1163 1958 κηρύσσοντας
1187 1919 1231 1947 ὅτι
1251 1918 1353 1958 αἵρεσις
1382 1930 1422 1950 τις
1451 1918 1527 1951 ἄθεος
1554 1920 1598 1947 καὶ
1626 1918 1724 1954 ἄνομος
1738 1920 1809 1958 ἐγή-

982 1974 1072 2003 γερται
1089 1963 1141 1991 ἀπὸ
1157 1961 1247 1997 Ἰησοῦ
1261 1974 1331 1995 τινος
1360 1962 1501 1991 Γαλιλαίου
1526 1962 1627 1992 πλάνου
1643 1971 1650 1978 ⁸
1667 1963 1697 1992 ὃν
1725 1975 1808 1992 σταυ-

981 2008 1123 2048 ρωσάντων
1144 2009 1234 2048 ἡμῶν,
1263 2009 1286 2037 οἱ
1316 2009 1431 2045 μαθηταὶ
1461 2009 1540 2037 αὑτοῦ
1561 2007 1709 2046 κλέψαντες
1731 2007 1809 2037 αὐτὸν

981 2052 1033 2080 ἀπὸ
1055 2054 1100 2080 τοῦ
1121 2053 1261 2091 μνήματος
1283 2053 1388 2092 νι.›κτί>ς⁷
1413 2053 1507 2081 ὁπόθεν
1537 2053 1666 2086 κατετέθη
1694 2052 1809 2093 ἀφηλω-

980 2098 1031 2129 θεὶς
1052 2097 1103 2126 απὸ
1123 2099 1169 2126 τοῦ
1198 2102 1320 2137 σταυροῦ,
1346 2096 1465 2126 πλανῶσι
1490 2097 1552 2128 τοὺς
1582 2097 1734 2136 ἀνθρώπους
1760 2097 1807 2125 λέ-

116 2151 202 2182 aqua;
225 2142 326 2183 inopia
354 2143 538 2180 laborantes,
564 2142 692 2182 onagris,
715 2142 765 2183 qui
788 2143 825 2174 de
855 2152 888 2183 pa

1034 2153 1072 2174 τες
1101 2142 1242 2182 ἐγηγέροκι
1269 2143 1346 2170 αὐτὸν
1373 2142 1404 2170 εκ
1433 2145 1545 2182 νεκρῶν,
1571 2143 1615 2170 καὶ
1639 2143 1676 2175 εἰς
1700 2142 1808 2182 οὐρανὸν

1034 2188 1038 2195 t
1067 2186 1076 2195 κ
1099 2190 1110 2195 λ
1120 2187 1124 2193 ¹
1340 2186 1345 2195 Ι
1448 2185 1459 2195 ἢ
1477 2185 1488 2195 ᾗ
1502 2185 1514 2195 Ἀ
1561 2186 1567 2194 ’
1628 2186 1631 2190 ‘
1682 2188 1688 2195 ι
1762 2191 1773 2195 .-

116 2196 220 2226 aquam
239 2187 357 2227 petituri
373 2187 606 2225 aestimabantur,
634 2187 793 2224 indicibus,
810 2187 939 2219 fontibus

119 2240 189 2262 uscs
197 2232 336 2270 evasisse;
349 2233 388 2264 ita
397 2233 434 2264 ob
446 2242 509 2264 eam
520 2233 641 2271 gratiam
661 2231 827 2264 consimilis
838 2232 940 2263 bestias

118 2277 306 2316 superficiem
319 2278 459 2309 a-Judazis
470 2278 538 2309 coli.
550 2277 622 2308 Inde
633 2277 761 2308 arbitror
773 2286 938 2318 praesump-

116 2324 177 2351 tum
195 2331 249 2352 nos
264 2333 392 2363 quoque,
407 2327 437 2353 ut
448 2322 577 2354 Iudaicae
587 2322 740 2361 religionis
757 2321 939 2362 propinquos

115 2366 172 2396 eid:
185 2376 211 2397 m
225 2367 383 2399 simulacro
397 2367 517 2398 initiari.
539 2379 550 2396 ιι

154 2411 179 2442 Il
196 2411 321 2448 Quinam
332 2418 468 2444 auctores
476 2412 636 2443 teterrimae
647 2411 752 2443 fabulae
761 2411 936 2453 exstiterint,

112 2461 141 2487 et
165 2467 222 2497 quo
240 2462 372 2498 tempore
389 2463 501 2489 tantum
521 2457 603 2488 nefas
628 2457 743 2496 agressi
764 2456 884 2493 fuerint,
903 2466 937 2488 ex

112 2501 227 2532 duobus
240 2503 359 2541 Dia/agi
375 2512 442 2534 cum
460 2502 622 2543 Tryphone
636 2502 708 2532 locis
728 2501 935 2542 perspicimus.

111 2546 161 2577 Sic
177 2547 255 2578 enim
267 2547 384 2579 Judzeos
396 2547 557 2588 alloquitur
571 2546 603 2578 S.
616 2552 736 2588 martyr.
754 2555 783 2578 n.
803 2548 838 2576 17
854 2556 861 2577 :
879 2548 938 2587 Οὐχ

111 2592 194 2624 οὕτως
209 2593 258 2632 γὰρ
273 2593 307 2621 τὰ
321 2593 388 2621 ἄλλα
418 2593 478 2626 ἔθνη
507 2594 544 2624 εἷς
566 2593 664 2626 ταύτην
689 2594 738 2626 τὴν
755 2591 856 2620 ἀδικίαν
886 2592 935 2625 τὴν

113 2638 148 2670 εἰς
162 2639 234 2675 ἡμᾶς
250 2639 294 2666 καί
308 2639 352 2666 τὸν
369 2639 480 2678 Χριστὸν
495 2638 646 2678 ἒνέχονται,
664 2637 726 2666 ὅσον
740 2638 828 2674 ὑμεῖς,
847 2638 876 2665 οὖ
890 2636 937 2664 κᾶ-

111 2682 207 2713 κείνοις
222 2683 269 2716 τῆς
291 2684 359 2711 κατὰ
374 2687 419 2711 τοῦ
448 2682 547 2711 δικαίου
575 2683 619 2711 καὶ
643 2684 717 2719 ἡμῶν
733 2684 786 2710 τῶν
801 2681 847 2710 ἀπ’
863 2681 934 2709 ὲκεί-

113 2739 157 2755 νου
172 2732 255 2764 κακῆς
272 2727 433 2767 προλήψεως
464 2727 547 2755 αἴτιοι
578 2727 723 2767 ὖπάρχετε.
741 2726 814 2754 Μετᾶ
835 2726 884 2766 γὰρ
906 2727 936 2754 τὸ

113 2776 260 2812 σταυρῶσαι
292 2774 361 2811 ὑμᾶς
381 2774 485 2802 εκετνον
508 2773 553 2800 τὸν
574 2773 657 2811 μάγον
692 2771 805 2810 ἄμωμον
831 2772 875 2799 καὶ
899 2770 935 2798 δί-

981 2186 1194 2221 ἀνεληλυθέναι·
1234 2186 1405 2219 κατειπόντες
1445 2185 1611 2227 δεδιδαχέναι
1628 2186 1631 2190 ’
1647 2188 1691 2215 καὶ
1727 2191 1809 2215 ταῦτα

981 2231 1048 2271 ἅπερ
1078 2233 1145 2260 κατὰ.
1166 2235 1219 2260 τῶν
1249 2231 1451 2272 ὁμολογούντων
1481 2232 1592 2271 Χριστὸν
1615 2232 1660 2260 καὶ
1680 2231 1807 2260 διδάσκα-

981 2275 1026 2304 λον
1042 2277 1085 2304 καὶ
1099 2277 1160 2304 rtem
1189 2277 1254 2304 Θεοῦ
1284 2276 1368 2316 εἶναι⁷
1394 2277 1471 2304 παντὶ
1487 2276 1557 2315 γένει
1580 2276 1723 2316 ἀνθρώπων
1746 2276 1809 2305 ἄθεα

981 2321 1024 2349 καὶ
1065 2320 1151 2359 ἄνομα
1194 2321 1237 2349 καὶ
1266 2321 1360 2349 ἀνόσια
1393 2320 1496 2360 λέγετε.
1529 2321 1598 2360 Πρὸς
1622 2321 1739 2359 τούτοις,
1764 2322 1809 2349 καὶ

980 2365 1098 2399 ἀλούσης
1127 2365 1200 2403 ὑμῶν
1226 2365 1275 2399 τῆς
1297 2364 1413 2406 πόλεως,
1436 2367 1479 2394 καὶ
1504 2366 1554 2398 τῆς
1580 2368 1630 2405 γῆς
1659 2366 1808 2405 ἐρημωθεί-

981 2421 1042 2447 σης,
1075 2410 1104 2437 οὔ
1125 2416 1293 2448 μετανοεῖτε,
1322 2409 1390 2438 ἀλλὰ
1411 2411 1456 2438 καὶ
1479 2411 1642 2448 καταρᾶσθαι
1665 2412 1744 2439 αὖτοῦ
1765 2411 1809 2439 καὶ

979 2458 1032 2483 τῶν
1060 2455 1237 2483 πιστευόντων
1273 2455 1309 2486 εἰς
1348 2456 1425 2483 αὒτὸε
1463 2455 1569 2483 πάντων
1599 2454 1728 2493 τολμᾶτε.
1760 2457 1808 2484 Καὶ

979 2501 1060 2538 ἡμεῖς
1089 2500 1157 2538 ὑμᾶς
1181 2501 1226 2528 καὶ
1256 2501 1317 2532 τοὺς
1341 2499 1374 2527 δι’
1402 2500 1470 2537 ὑμᾶς
1505 2503 1613 2528 τοιαῦτα
1640 2500 1700 2529 καθ’
1729 2501 1808 2538 ἡμῶν

978 2544 1160 2584 ὑπειληφότας
1188 2546 1217 2574 οὗ
1246 2548 1388 2583 μισοῦμεν,
1423 2543 1484 2572 ἀλλ’
1524 2545 1659 2584 εὐχόμεθα
1685 2545 1734 2573 κᾶν
1763 2549 1808 2574 νῦν

979 2591 1196 2627 μετανοήσαντας
1239 2589 1338 2621 πάντας
1374 2588 1463 2620 ἐλέους
1508 2596 1605 2629 τυχεῖν
1647 2590 1720 2629 παρὰ
1761 2593 1808 2618 τοῦ

978 2633 1164 2674 εὖσπλάγχνου
1204 2635 1248 2662 καὶ
1299 2632 1444 2662 πολυελὲου
1496 2634 1598 2674 Πατρὸς
1641 2635 1694 2662 τῶν
1736 2633 1807 2662 ὅλων

979 2683 1054 2710 Θεοῦ.
1075 2691 1089 2706 α
1102 2679 1167 2709 Non
1182 2677 1269 2709 modo
1286 2677 1490 2719 paenitentiam
1507 2687 1566 2708 non
1583 2677 1697 2718 egistis,
1711 2677 1808 2719 inquit

979 2734 1009 2754 n,
1028 2724 1096 2762 108,
1111 2723 1163 2754 sed
1180 2723 1268 2754 etiam
1285 2723 1420 2755 delectos
1443 2723 1581 2754 homines
1596 2723 1807 2763 constituistis,

977 2779 1012 2801 ac
1028 2777 1081 2810 per
1096 2777 1147 2800 eos
1161 2768 1193 2800 in
1210 2771 1305 2799 totum
1321 2767 1425 2800 orbem
1439 2772 1586 2800 terrarum
1603 2767 1713 2801 missos
1726 2777 1806 2810 prae-
