1961 3071
157 103 219 139 129

648 105 684 139 D.
706 105 856 139 MARANI
882 104 1093 143 PRIEFATIO.
1114 124 1155 130 —-
1178 106 1287 139 PARS.
1312 106 1367 139 ΙῐΙ.

1801 105 1858 140 130

157 174 283 206 dicastis
297 175 417 215 impiam
434 174 592 215 quamdam
621 178 649 205 et
677 174 810 213 exlegem
838 178 948 204 sectam
971 183 987 203 ει
998 178 1015 201 Α
1031 174 1113 213 pueri
1129 174 1268 205 carnibus
1283 177 1482 211 sumerent,et
1495 173 1653 205 tenebrosa
1663 174 1854 215 ﬁagitiaper-

160 219 251 259 plano
263 219 392 260 quodam
404 219 474 251 lesu
487 218 606 250 Galilan
621 219 773 249 excitatam
792 223 902 255 esse,et
918 228 984 248 cum

157 264 242 295 illum
257 273 274 294 a
289 263 375 294 nobis
386 264 560 295 cruciﬁxum
574 263 714 304 discipuli
731 273 766 294 ex
780 267 984 300 montum-nlo,

157 309 186 339 in
203 318 276 349 quo,
301 311 411 340 retixus
438 319 454 339 e
469 319 569 346 cruce,
596 308 748 349 depositus
773 308 878 344 fuerat,
898 312 984 338 noctu

158 352 374 391 subripuerint,
386 352 484 393 decipi
500 353 536 383 ab
552 352 612 383 illis
628 353 848 388 homines,dum
866 361 932 382 eum
949 361 985 383 ex

160 397 286 428 mortuis
309 398 509 428 resurrexisse
538 402 567 429 et
583 398 612 428 in
629 397 735 428 coelum
750 397 922 428 ascendisse
938 396 984 426 di-

159 443 274 472 ctitant.
292 441 460 478 Quinetiam
474 442 614 473 docuisse
628 443 711 473 illum
725 441 881 472 addidistis
896 441 986 481 imria

158 486 210 516 illa
223 490 254 518 et
268 487 396 518 nefanda
410 497 442 518 ac
456 487 640 518 detestabilia
655 487 864 527 facinora.qum
880 487 984 517 adver-

158 540 209 562 sus
220 531 338 572 eos,qui
353 532 437 562 illum
455 531 602 563 Christum
620 537 647 562 et
662 531 814 562 doctorem
834 536 861 562 et
879 530 984 562 Filium

160 575 215 606 Dei
232 575 420 616 proﬁtentur,
438 576 516 616 apud
532 585 620 606 omne
633 576 784 608 hominum
801 585 895 615 genus
905 585 985 614 spar-

162 619 242 658 gitis.
258 620 302 651 Ad
319 620 382 652 haec
409 625 493 660 capta
510 620 583 651 urbe
598 626 705 658 vestra,
734 625 762 651 et
777 624 855 651 terra
879 624 986 650 vastata

163 665 365 704 paenitentiam
396 674 454 697 non
467 665 573 706 agitis:
591 665 643 696 sed
660 666 744 697 illum
766 665 854 696 etiam
870 674 903 696 ac
919 674 985 695 om-

160 718 228 750 nes,
245 711 294 750 qui
310 711 341 741 in
356 711 441 741 illum
458 711 596 749 credunt,
613 711 686 742 diris
701 711 845 741 devovere
860 709 985 740 audetis.

158 753 220 785 Nos
235 759 332 786 autem
347 765 402 787 nec
415 765 468 787 vos
479 756 607 793 odimus,
625 765 681 787 nec
708 764 760 787 eos
774 755 823 796 qui
839 755 926 786 talem
949 754 987 785 de

163 798 250 829 nobis
266 800 437 840 opinionem
456 810 472 831 a
486 800 568 832 vobis
582 809 727 841 accepere
740 809 748 838 ;
761 800 813 830 sed
830 808 987 840 precamur

157 847 191 874 nt
209 853 288 876 nunc
305 845 408 876 saltem
427 845 630 886 penitentiam
659 849 792 885 agentes,
810 844 985 875 misericor-

159 887 238 919 diam
255 898 362 921 omnes
375 890 598 931 consequamini
611 899 628 920 a
638 889 819 930 perbenigno
835 894 865 920 et
877 888 985 919 mirum

162 932 191 963 in
204 933 323 964 modum
338 935 532 966 misericorde
544 935 748 966 universorum
761 937 883 974 parente
892 933 962 965 Deo.
971 946 983 961 ιο

161 976 313 1009 Habemus
325 979 354 1009 in
366 980 412 1010 his
423 979 540 1010 duobus
551 979 731 1010 testimoniis
743 978 836 1009 stultae
850 982 878 1009 et
888 978 987 1018 impiae

160 1021 268 1053 fabulae
284 1024 430 1055 evolutam
449 1024 606 1064 originem.
626 1025 656 1056 In
674 1029 798 1064 utroque
816 1025 878 1054 loco
906 1027 986 1054 secta

161 1067 397 1099 Christianorum
425 1069 498 1101 ἄθεος
529 1069 659 1104 dicitur;
689 1068 719 1099 in
749 1073 872 1105 utroque
886 1067 984 1108 Thye-

160 1115 242 1142 steas
252 1121 351 1144 coenas
382 1118 411 1145 et
436 1113 617 1154 (Edipodeos
642 1113 816 1144 concubitus
831 1113 983 1153 designant

161 1156 268 1188 acerba
280 1157 330 1189 illa
341 1163 370 1189 et
383 1158 646 1199 tenebrosa,impia
661 1162 691 1189 et
702 1159 828 1189 nefanda
840 1158 982 1194 facinora,

159 1210 226 1240 qua:
241 1201 390 1234 Christum
419 1203 516 1244 ipsum
547 1204 687 1234 docuisse
711 1203 806 1234 .lulzei
822 1202 982 1242 ﬁngebant.

160 1244 225 1276 Uno
243 1247 333 1278 verbo
348 1246 519 1279 Judworum
536 1248 676 1289 nequitia:
704 1247 834 1278 attribuit
850 1247 984 1278 Justinus

159 1290 305 1332 quidquid
318 1292 355 1323 de
370 1292 549 1324 Christianis
564 1293 736 1324 dictitabant
754 1294 784 1330 ii,
798 1291 906 1332 quibus
922 1292 983 1322 haec

158 1334 264 1374 religio
280 1337 397 1376 cognita
413 1347 470 1368 non
482 1342 556 1370 erat.

203 1379 234 1411 S.
254 1381 390 1421 martyris
406 1383 574 1414 testimonia
598 1383 754 1414 conﬁrmat
767 1381 982 1413 Tertullianus.

161 1424 212 1455 Sic
227 1425 306 1456 enim
319 1426 355 1457 de
369 1425 472 1458 Iudaeo
488 1427 629 1468 loquitur,
645 1437 662 1458 a
676 1437 733 1468 quo
750 1426 983 1458 Christianorum

1028 223 1147 258 petn-re
1176 219 1324 256 volentes,
1353 219 1454 250 lumen
1485 219 1724 258 exslinguerent.
1742 223 1853 250 etcum

1028 263 1114 295 obvia
1125 273 1243 304 quaque
1260 264 1464 304 unusquisque
1494 264 1681 294 misceretur.
1700 263 1770 300 Quae
1785 264 1853 304 qui—

1027 309 1094 339 dem
1107 309 1234 340 absurda
1244 309 1410 339 criminatio
1438 308 1507 340 olim
1530 308 1853 348 quamplurimosdeti-

1028 353 1281 389 nebat,exlraneis
1297 353 1480 393 persuadens
1491 352 1564 383 tales
1575 362 1642 383 esse
1657 353 1853 389 Christianos;

1029 408 1106 428 nunc
1119 407 1189 430 vero
1202 398 1360 429 nonnullos
1374 398 1471 429 adhuc
1482 398 1605 438 decipit,
1619 398 1762 438 ejusmodi
1775 408 1854 429 com-

1029 443 1138 473 mentis
1154 443 1320 480 deterrens,
1352 443 1513 483 quominus
1535 452 1601 473 cum
1618 442 1794 474 Christianis
1809 443 1852 474 vel

1027 488 1172 526 simplicis
1190 487 1329 528 colloquii
1345 487 1587 518 communionem
1605 487 1705 517 ineunt
1736 500 1749 514 ι

1067 533 1125 563 Sed
1139 532 1248 564 Justini
1263 532 1419 563 sententiae
1436 532 1616 572 praacipuum
1641 531 1756 572 pondus
1771 532 1853 563 addit

1029 577 1177 608 Eusebius
1193 578 1242 618 qui
1260 587 1316 607 non
1334 577 1428 607 solum
1443 576 1552 608 Justini
1570 575 1659 607 verba
1675 587 1708 608 ex
1727 577 1852 617 Diu/ago

1029 627 1168 663 excerpta
1182 622 1273 653 refert
1290 622 1368 653 Hist.
1395 621 1445 651 lih.
1474 630 1511 661 tv,
1526 631 1553 652 c.
1574 621 1620 659 18,
1640 622 1690 652 sed
1708 622 1795 652 etiam
1812 622 1850 652 il-

1029 667 1078 697 lud
1089 666 1170 698 Isaia:
1182 667 1344 707 explanans
1375 667 1434 704 Qui
1445 667 1581 697 ini/litin
1596 667 1807 698 mureobsides
1822 671 1850 698 et

1028 713 1171 753 epistolas
1182 713 1313 744 biblinns
1323 721 1415 753 super
1425 713 1622 751 uqzzam38,sic
1637 712 1780 752 loquitur:
1799 713 1849 741 Εὕ-

1028 770 1107 798 I5031.5»
1125 760 1152 786 ἐν
1175 766 1232 790 τοῖς
1249 762 1301 786 τῶν
1329 757 1450 786 παλαιων
1475 758 1688 796 συγγράμμασιν,
1713 758 1748 789 ὡς
1765 759 1787 786 οἱ
1801 759 1849 792 τὴν

999 800 1204 845 ΒἸερουσςιλὴμ
1232 805 1364 833 οἱχοῦντεξ
1394 806 1440 831 τοῦ
1461 803 1514 830 τῶν
1539 797 1667 831 Ἰουδαίων
1693 802 1778 834 ἔον-,υς
1808 804 1849 831 ἰε-

1028 854 1084 887 ρεϊς
1112 850 1155 877 καὶ
1183 847 1353 888 πρεσϐύτεροι
1382 848 1527 886 γράμματι
1569 846 1775 886 δικχιράξιντες
1811 849 1848 880 εἷς

1028 893 1113 921 πάντα
1142 892 1325 931 διεπέμψπιντο
1353 893 1385 920 τὰ
1413 891 1473 924 ἔθνη
1509 898 1567 923 τοῖς
1596 892 1752 932 ἁπαντιχοῦ
1780 892 1848 921 ἰου-

1027 936 1108 970 διίοις
1147 936 1331 969 διαϐάλλοντες
1365 937 1414 970 τὴν
1449 939 1561 975 Χριστοῦ
1600 935 1780 974 διδισκιλίαν,
1812 939 1847 970 ὡς

1028 981 1130 1019 αἵρεσιν
1160 982 1265 1018 καινὴν,
1295 983 1339 1010 iui
1366 981 1505 1020 ἀλλοτρίαν
1530 984 1576 1009 τοὺ
1598 985 1674 1021 Θεοῦ⁷
1696 983 1847 1022 παρήγγελ-

1026 1025 1072 1054 λόν
1100 1038 1128 1054 τε
1152 1026 1185 1054 δι’
1215 1026 1362 1055 ἐπιστολῶν
1392 1026 1432 1063 μὴ
1461 1025 1652 1065 πιριόεξισοιι
1683 1027 1777 1060 αὖῑὴν.
1802 1049 1809 1057 .
1837 1052 1844 1060 .

1026 1071 1052 1099 οἳ
1083 1082 1109 1100 τε
1138 1071 1282 1101 ἀπόπτολοι
1312 1072 1396 1100 αὐτῶν
1425 1070 1565 1098 ἐπιστολὰς
1587 1070 1706 1109 βιϐλίναις
1734 1074 1846 1110 κομιζό-

1025 1125 1100 1153 μενοι
1129 1117 1250 1155 ὑπεράνω
1270 1126 1298 1144 τε
1322 1115 1374 1143 τῶν
1394 1114 1494 1143 ὑδάτων
1511 1115 1709 1152 ναυτιλλὸμετοι
1731 1117 1775 1144 καὶ
1797 1118 1845 1151 τὴν

1026 1161 1159 1188 (lilium
1185 1160 1346 1198 ἐμπλέοντες
1375 1160 1531 1199 ἀπιντιχοῦ
1557 1160 1604 1193 τῆς
1630 1159 1775 1201 διέτρεχον,
1801 1163 1846 1190 τὸν

1026 1206 1084 1244 περὶ
1099 1205 1144 1233 τοῦ
1160 1209 1284 1244 Σωῖῆρος
1314 1207 1391 1241 ἡμῶν
1420 1203 1633 1236 Muttinem;
1649 1204 1740 1241 λόγον,
1760 1206 1843 1235 Ἀπο-

1025 1249 1134 1281 στόλως
1163 1249 1189 1278 δὲ
1213 1249 1292 1278 εἰσέτι
1314 1250 1358 1277 κιὶ
1380 1254 1422 1279 νῦν
1443 1249 1501 1281 ἔθος
1527 1249 1596 1277 ἐστὶν
1621 1249 1754 1282 Ἰουδαίοις
1782 1252 1845 1280 ὀνο-

1025 1295 1117 1331 μάζειν
1143 1295 1204 1326 τοὺς
1229 1294 1354 1333 ἑτι-ἔκλα
1383 1294 1528 1333 γράμματι
1557 1295 1626 1333 παρὰ
1664 1298 1716 1322 τῶν
1742 1296 1844 1335 ἀρχόν-

1026 1350 1077 1366 των
1104 1340 1188 1367 αὑτῶν
1213 1338 1460 1376 ὶπικομιζομένους.
1493 1349 1505 1365 ε
1524 1339 1556 1369 In
1581 1342 1712 1368 veterum
1728 1340 1846 1380 scriptis

1026 1384 1191 1423 reperimus
1202 1382 1619 1423 Hierosolymitanosjudaicze
1633 1383 1728 1422 gentis
1742 1393 1845 1415 sacer-

1027 1428 1110 1458 dotes
1127 1433 1155 1459 et
1168 1428 1303 1458 seniores
1315 1427 1429 1458 litteras
1443 1427 1473 1457 in
1486 1436 1590 1457 omnes
1605 1431 1708 1466 gentes
1725 1429 1845 1460 misisse

163 1469 242 1500 Dens
259 1470 376 1509 publice
392 1472 560 1511 propositus
575 1472 671 1502 fuerat
686 1481 752 1502 cum
771 1471 898 1502 auribus
909 1480 1014 1510 εστι-ε
1026 1473 1061 1503 ad
1078 1482 1182 1503 omnes
1199 1473 1308 1513 ubique
1330 1472 1458 1510 Judteos,
1476 1481 1541 1512 quae
1555 1471 1663 1502 Christi
1680 1472 1844 1504 doctrinam

161 1515 351 1555 teriorum,et
362 1517 397 1546 in
409 1521 560 1556 loga,cum
568 1516 830 1556 libro,alterop(dc
840 1516 985 1556 ungulan

160 1558 308 1599 depictus.
335 1561 485 1592 «Credidit
499 1561 604 1601 vulgus
618 1562 730 1599 Judaeo,
748 1561 842 1602 inquit
856 1560 909 1592 lib.
926 1561 986 1592 Iad

160 1603 359 1645 Nut.,cap.l4
373 1616 380 1636 :
395 1606 478 1643 Quod
492 1607 570 1637 enim
589 1607 667 1638 aliud
684 1616 776 1646 genus
791 1607 984 1638 seminarium

163 1653 210 1680 est
224 1649 353 1688 infamiae
364 1655 483 1683 nostros!
503 1665 516 1680 ι
536 1652 617 1683 Idem
633 1653 723 1683 docet
739 1651 792 1684 lib.
807 1661 837 1683 Ill
853 1653 884 1683 in
902 1653 984 1683 Illar-

163 1695 424 1736 cionem,cap.23:
444 1697 575 1728 uDehinc
586 1706 654 1728 cum
666 1706 701 1727 ex
709 1697 927 1737 perseverantia
942 1697 989 1727 fu—

163 1738 243 1770 roris
258 1745 287 1771 et
312 1750 421 1772 nomen
435 1740 551 1772 Domini
565 1750 618 1781 per
643 1741 723 1782 ipsos
735 1740 991 1782 ldasphemaretur

163 1783 243 1814 sicut
252 1784 396 1825 scriptum
408 1790 455 1817 est
467 1797 474 1815 :
485 1786 615 1826 Propter
624 1795 676 1817 vos
695 1795 801 1817 nomen
812 1795 912 1817 ineunt
925 1786 989 1817 bla-

163 1827 341 1869 sphematur
352 1839 385 1862 ιη
396 1829 648 1863 ηαιίοηίόιιεδπιθι)
660 1831 718 1862 illis
729 1831 809 1862 enim
820 1831 909 1871 ccepit
919 1831 992 1862 infa-

165 1873 236 1911 mia)
251 1878 282 1905 et
295 1877 415 1915 tempus
431 1875 562 1907 medium
576 1884 594 1906 a
608 1874 730 1906 Tiberio
755 1884 849 1916 usque
863 1875 899 1906 ad
916 1876 990 1906 Ves-

165 1919 333 1958 pasianum,
359 1929 419 1951 non
445 1920 647 1960 ptenitentiam
673 1919 900 1957 intellexissent,
916 1920 991 1951 facta

164 1967 246 1994 terra
258 1973 361 1995 eorum
377 1964 504 1996 deserta.
522 1977 537 1993 ι

206 2007 255 2040 Sic
266 2009 356 2040 etiam
365 2009 613 2050 Origenes,lib.v1
627 2014 736 2042 contra
746 2009 875 2047 Celsum,
891 2019 920 2041 n.
939 2009 990 2041 27:

168 2054 219 2082 Καὶ
253 2053 330 2083 δοκεῖ
357 2067 403 2093 μοι
426 2055 615 2095 παραπλήσιον
644 2055 782 2088 Ἰουδαίοις
816 2057 991 2090 πεποιηκέναι

1027 1517 1225 1554 traducerent,
1245 1523 1275 1548 ut
1298 1527 1402 1548 novam
1430 1524 1460 1547 et
1475 1517 1624 1548 inimicam
1643 1517 1704 1548 Deo
1720 1523 1844 1559 sectam,

1027 1573 1060 1594 ac
1076 1563 1207 1604 epistolis
1232 1562 1385 1593 monuisse
1414 1571 1451 1592 ne
1466 1561 1546 1592 illam
1563 1561 1744 1602 reciperent.
1762 1587 1769 1594 .
1785 1585 1794 1594 .
1813 1588 1820 1595 .
1836 1586 1846 1594 .

1027 1608 1210 1649 apostolique
1226 1617 1327 1638 eorum
1342 1607 1483 1647 epistolas
1497 1605 1624 1638 biblinas
1635 1607 1802 1638 deterentes
1813 1616 1848 1639 ac

1031 1662 1119 1693 supra
1133 1653 1255 1693 dorsum
1269 1662 1412 1693 aquarum
1422 1656 1450 1682 et
1459 1652 1488 1682 in
1501 1651 1575 1682 mari
1588 1651 1768 1693 navigantes,
1786 1652 1855 1684 ubi-

1032 1707 1088 1738 que
1101 1702 1246 1728 terrarum
1263 1696 1482 1734 discurrebant,
1494 1696 1602 1727 famam
1620 1696 1783 1727 Servatoris
1799 1706 1854 1728 no-

1032 1742 1100 1772 stris
1121 1742 1278 1773 calumniis
1303 1741 1486 1773 vellicantes.
1502 1740 1659 1781 Apostolus
1681 1750 1749 1772 vero
1765 1742 1853 1773 etiam

1033 1797 1111 1817 nulic
1126 1787 1221 1818 Judmi
1238 1795 1411 1827 nuncupare
1428 1786 1526 1816 solent
1542 1795 1604 1825 eos,
1630 1785 1680 1825 qui
1695 1785 1856 1817 circnlares

1033 1831 1200 1872 principum
1216 1841 1338 1863 suorum
1357 1831 1472 1862 litteras
1498 1831 1730 1871 circumquaque
1746 1831 1855 1871 depor-

1033 1880 1103 1907 tant.
1123 1890 1136 1905 ii

1071 1920 1124 1953 ΙΙΙ.
1136 1921 1253 1952 Eusebii
1271 1921 1472 1952 testimonium
1499 1929 1534 1951 eo
1548 1919 1670 1960 majoris
1684 1925 1729 1951 est
1740 1919 1855 1960 ponde.

1032 1966 1084 2002 ris,
1103 1966 1181 2007 quod
1198 1966 1333 1997 eamdem
1354 1965 1508 1996 historiam
1539 1974 1597 1995 non
1612 1964 1689 2005 apud
1708 1962 1855 1995 .lustinum

1034 2015 1146 2042 tantum
1172 2011 1279 2051 legisse
1303 2010 1448 2047 videatur,
1482 2009 1535 2040 sed
1562 2009 1650 2040 etiam
1678 2009 1754 2050 apud
1784 2009 1855 2039 alios

1033 2056 1226 2096 scriptores,a
1236 2055 1344 2097 quibus
1354 2054 1469 2095 accepit
1484 2054 1525 2089 id,
1539 2054 1618 2094 quod
1634 2063 1651 2084 a
1664 2053 1778 2085 .lustino
1795 2063 1856 2084 non

166 2106 228 2131 τοῖς
258 2100 326 2128 κατὰ
347 2100 396 2134 τὴν
424 2101 511 2140 ἀρχὴν
545 2100 598 2134 πῆς
627 2106 674 2130 τοῦ
714 2104 920 2141 Χριστιανιαμοῦ
948 2100 986 2129 δι-

1072 2105 1228 2138 amoratur,
1252 2099 1372 2132 Judaeos
1396 2099 1508 2131 litteras
1537 2098 1576 2130 iis
1589 2098 1718 2136 dedisse,
1732 2108 1806 2139 quos
1824 2098 1854 2129 in

167 2142 313 2176 δισχιλίας
334 2144 543 2173 τατασκεδᾶσασι
571 2143 719 2186 δυσφημίαν
748 2146 795 2173 τοῦ
815 2144 895 2185 λόγου
912 2155 918 2162 ·
955 2147 992 2178 ὡς

167 2187 218 2226 ἄρα
259 2189 451 2221 καταθύοντες
497 2188 601 2218 παιδίον
641 2188 886 2228 μεταλαμϐάνωσιν
915 2191 993 2219 αὐτοῦ

169 2233 222 2261 τῶν
251 2236 355 2273 σαρκῶν
372 2241 379 2248 ·
404 2235 448 2262 xxi.
469 2233 550 2262 πέλω
571 2233 612 2262 ὅτι
634 2235 658 2262 οὶ
673 2234 726 2263 ἀπὸ
739 2238 785 2263 τοῦ
799 2234 880 2274 λόγου
894 2235 927 2263 τὰ.
947 2240 993 2265 τοῦ

167 2278 281 2309 σιότους
309 2278 433 2318 τράττειν
453 2278 611 2317 βουλόμενοι
640 2278 789 2308 σὸεννύουσι
814 2280 864 2317 μὲν
878 2281 908 2308 τὸ
924 2283 992 2320 φῶς,

167 2322 280 2354 ἕκαστος
308 2321 335 2350 δὲ
357 2326 391 2361 τῇ
417 2324 608 2364 παραιυχούτῃ
638 2324 771 2364 μίγνυται.
788 2320 874 2357 "Huc
896 2324 995 2365 δυσφη-

169 2368 218 2406 μίαι
246 2367 405 2407 πειραλόγως
434 2367 517 2399 πάλαι
554 2369 602 2407 μὲν
630 2368 760 2397 πλείστων
789 2368 857 2399 ’ὅσων
892 2369 993 2409 ἐκράτει

167 2412 295 2442 πείθουσα
324 2413 384 2444 τοὺς
424 2412 577 2452 ἀλλοτρίους
605 2418 651 2443 τοῦ
680 2412 771 2453 λόγου,
802 2414 842 2442 ὅτι
881 2415 995 2443 τοιοῦτοί

169 2458 219 2486 εἰσι
247 2459 399 2497 Χριστιανοί
415 2466 422 2474 ·
453 2459 497 2486 καὶ
527 2459 571 2486 νῦν
599 2457 625 2486 δὲ
650 2458 688 2486 ἔτι
714 2459 802 2494 ἀπιτᾷ
828 2469 913 2496 τινας,
931 2459 993 2487 ἁπο-

166 2503 345 2543 τριπομένους
373 2502 418 2531 διὰ
440 2503 473 2531 τὰ
498 2507 607 2531 τοιαῦτα
623 2503 671 2531 κᾶν
687 2504 723 2536 εἰς
738 2504 876 2532 κοινωνίαν
892 2503 996 2533 ἁπλου-

169 2547 265 2588 στέραν
293 2547 381 2587 λόγων
409 2547 484 2582 ἥκειν
510 2549 576 2588 πρὸς
616 2549 799 2588 Χριστιανούς.
835 2559 846 2576 α
874 2547 997 2580 Videtur

173 2593 247 2624 mihi
255 2592 360 2624 Celsus
376 2592 455 2624 idem
471 2593 579 2624 fecisse
592 2602 627 2624 ac
642 2593 802 2634 Judaei,qui
812 2593 896 2624 initio
908 2593 997 2625 Chri—

172 2639 279 2672 stianae
294 2637 512 2679 praedicationis
525 2638 621 2670 malos
647 2647 786 2674 rumores
802 2639 840 2671 de
854 2639 996 2671 Christia-

170 2693 278 2716 norum
303 2683 440 2718 doctrina
469 2687 653 2724 sparserunt,
684 2683 767 2724 quasi
793 2683 831 2715 do
855 2683 1001 2717 immolati

211 2768 236 2791 ⁵⁷
253 2768 312 2801 lsa.
325 2776 378 2810 ιιι,
391 2769 422 2801 ὕ.
466 2766 494 2789 ³⁸
507 2767 565 2800 Isa.
575 2768 702 2809 “111,2.

1034 2145 1205 2176 universum
1220 2145 1323 2176 orbem
1340 2143 1505 2175 mittebant.
1529 2142 1586 2174 Sed
1601 2143 1734 2183 quamvis
1751 2152 1865 2187 magna

1034 2191 1072 2221 sit
1086 2190 1174 2230 hujus
1190 2190 1319 2221 historia
1335 2189 1506 2227 auctoritas;
1520 2188 1588 2228 quia
1606 2192 1703 2219 tamen
1720 2197 1780 2219 non
1804 2188 1855 2219 de-

1034 2242 1103 2266 sunt
1117 2236 1280 2274 Scriptores
1295 2233 1411 2275 antiqui
1426 2243 1460 2264 ac
1475 2237 1624 2270 recentes,
1634 2233 1685 2273 qui
1701 2232 1808 2274 triplex
1821 2232 1857 2264 il-

1035 2281 1084 2312 lud
1100 2280 1215 2311 crimen
1230 2290 1289 2310 non
1315 2289 1332 2310 a
1349 2277 1518 2319 primordiis
1544 2277 1707 2316 religionis,
1731 2278 1784 2309 sed
1800 2277 1856 2309 sub

1034 2325 1165 2357 Adriano
1181 2329 1293 2364 natum,
1306 2328 1394 2364 atque
1410 2333 1445 2354 ex
1461 2323 1557 2363 pravis
1572 2322 1778 2353 hareticorum
1791 2332 1858 2353 mo-

1036 2370 1130 2407 ribus,
1147 2369 1198 2410 qui
1209 2369 1264 2400 sub
1275 2369 1332 2400 hoc
1349 2371 1531 2408 imperatore
1548 2367 1733 2407 prodierunt,
1746 2367 1775 2398 in
1793 2367 1857 2398 uni-

1036 2424 1137 2446 versos
1151 2414 1334 2446 Christianos
1349 2412 1534 2444 redundasse
1546 2412 1637 2442 velint
1651 2423 1659 2450 ;
1675 2412 1760 2452 paulo
1771 2421 1859 2444 accu-

1037 2460 1130 2491 ratius
1145 2459 1341 2490 examinanda
1356 2467 1404 2488 res
1419 2461 1475 2489 est.

1079 2504 1236 2544 Conceptis
1256 2503 1353 2535 verbis
1381 2502 1517 2533 declarat
1532 2501 1691 2539 Eusebius,
1708 2502 1760 2535 lib.
1775 2511 1814 2539 tv,
1830 2511 1858 2534 ο.

1038 2548 1201 2590 7,nefarios
1213 2548 1377 2585 haereticos,
1391 2545 1771 2588 Basilidem,Saturninum,
1785 2548 1859 2578 Car-

1040 2599 1190 2636 pocralem
1204 2594 1312 2624 etalios
1322 2592 1468 2633 ejusmodi
1479 2591 1613 2632 amplum
1635 2591 1822 2623 obtrectandi
1832 2594 1861 2623 et

1039 2639 1136 2677 calum
1143 2639 1253 2671 niamli
1263 2638 1426 2678 Evangelii
1442 2637 1606 2667 materiam
1617 2636 1863 2668 subministras“

1041 2689 1131 2725 atque
1138 2685 1210 2717 hinc
1217 2685 1329 2723 factum
1341 2680 1403 2716 esse
1409 2684 1441 2713 ut
1451 2681 1581 2714 absurda
1588 2682 1724 2724 quadam
1730 2685 1756 2712 et
1763 2680 1861 2722 impia
