1974 3069
273 101 332 136 143

276 169 415 211 potuerit.
446 168 698 201 ConsecraVerant
724 170 879 200 Simonem
919 168 1125 207 Samaritw,A

275 225 438 256 eorumque
453 215 591 255 suﬁ‘ragio
607 217 731 247 Romam
757 216 830 246 deus
852 216 1024 254 advenerat,
1041 223 1096 244 nec

275 262 384 291 mirum
399 265 453 296 est,
472 261 496 290 si
512 260 553 290 ibi
570 260 691 291 eosdem
704 261 833 291 honores
845 263 1022 291 consecutus
1037 263 1094 295 est,

273 309 381 346 quo,ut
397 306 438 336 ait
453 305 621 342 Tacitus“,
639 308 749 336 cuncta
769 305 907 345 undique
921 305 1035 335 atrocia
1045 307 1097 334 aut

271 351 415 391 pudenda
431 350 586 389 conﬂuunt
595 348 1030 389 celebranturqueSanctorum
1042 358 1096 388 ap-

274 395 463 436 pellationem
487 394 546 425 diis
570 394 709 425 tributam
733 394 824 424 fuisse
849 394 988 424 observat
1002 392 1097 423 Tille-

275 440 405 471 montius
418 439 448 470 in
467 439 599 480 pluribus
614 439 692 479 apud
718 440 877 471 Gruterum
890 437 1095 478 inscriptioni-

274 485 338 516 bus.
352 483 430 515 Nihil
447 489 493 515 est
509 493 578 522 ergo
591 483 669 523 quod
684 483 833 515 Justinum
851 492 988 523 premere
1003 482 1098 523 possit

274 534 383 570 praatcr
392 528 595 569 inscriptionis
611 527 648 558 ab
664 537 699 559 eo
713 532 883 559 memorata;
899 537 965 558 cum
982 535 1096 567 ea,qute

273 574 373 605 multis
389 579 453 614 post
465 573 580 603 saeculis
590 578 710 612 reperta
722 576 778 608 est,
792 572 1031 603 similitudinem.
1056 570 1095 602 At

272 623 399 659 utraque
413 618 444 648 in
461 617 560 647 multis
576 617 702 648 diversa.
716 617 813 648 Potuit
827 616 948 657 quidem
963 616 1095 646 Simonis

273 673 382 695 nomen
399 672 466 694 cum
482 664 610 693 Semone
624 662 766 693 confundi
783 670 790 693 :
807 666 836 692 at
862 671 959 701 neque
984 660 1093 692 Semon

272 709 472 748 Sangusljeus
488 707 590 738 Fidius
606 716 658 747 pro
675 706 796 738 Simone
808 706 864 737 deo
880 709 981 737 sancto
994 705 1030 736 ab
1043 706 1094 736 ho-

272 753 354 784 mine
378 752 496 791 legendi
518 752 613 791 perito
635 751 713 782 sumi
729 751 833 791 potuit,
849 760 906 782 nec
921 750 956 782 ab
973 750 1095 781 homine

273 805 344 829 sano
363 798 432 829 Sex.
449 796 610 835 Pompeius
624 795 662 826 Sr
677 797 707 827 P.
720 795 768 833 E.,
781 795 1092 835 col.Mussianus,etc.,

273 851 325 882 pro
342 841 520 882 imperatore
535 845 567 871 et
582 844 758 878 senatu,nec
769 841 865 879 imago
876 839 925 871 dei
941 838 1030 878 Sangi
1042 848 1094 879 pro
1105 846 1126 873 Β

272 887 401 927 imagine
416 886 545 918 Simonis
560 885 596 916 ab
623 895 670 923 eo,
687 885 738 926 qni
762 885 839 916 hanc
864 888 1045 925 postremam
1062 885 1092 915 in

273 931 406 965 Samaria
420 931 545 963 viderat.

312 999 461 1030 Praeterea
476 996 693 1028 observandum
709 1000 754 1027 est
765 1004 821 1026 nec
834 999 946 1026 temere
953 1000 984 1026 et
996 996 1099 1026 incon-

272 1043 402 1074 siderate
429 1042 576 1073 Justinum
605 1041 771 1081 postulasse
794 1040 830 1071 ab
856 1041 1046 1080 imperatore,
1063 1044 1095 1071 ut

272 1089 347 1120 hanc
363 1088 493 1120 Simonis
507 1086 581 1127 Magi
598 1091 722 1117 statuam
739 1086 941 1118 tolleretJiaec
955 1086 1035 1117 enim
1045 1095 1096 1127 pe-

271 1134 345 1165 tenti
361 1141 498 1173 magnum
514 1131 681 1173 periculum
697 1131 872 1162 imminebat
892 1141 909 1161 a
932 1130 1094 1162 Samarita-

272 1178 330 1217 nis,
343 1187 376 1209 ac
391 1178 454 1218 ipse
468 1177 498 1207 in
515 1178 798 1217 Dialogo,u.t20,nt
814 1175 918 1216 probet
933 1175 1006 1207 nihil
1015 1175 1093 1206 aliud

271 1222 329 1254 sibi
345 1231 424 1253 curae
439 1231 505 1253 esse
520 1221 576 1252 nisi
592 1225 624 1252 ut
640 1230 741 1252 verum
758 1221 947 1258 dica,etamsi
961 1230 977 1252 e
1000 1222 1092 1252 vesti-

271 1268 323 1308 gio
333 1268 465 1307 discerpi
481 1269 630 1307 oporteat;
642 1265 811 1306 exemplum
825 1265 915 1296 animi
932 1275 991 1296 non
1001 1265 1094 1296 timidi

271 1322 288 1344 a
315 1322 347 1344 se
371 1313 482 1343 editum
510 1311 636 1351 profert,
653 1320 720 1341 cum
737 1312 882 1342 Caesarem
909 1310 1042 1351 deposito
1057 1310 1093 1341 ad

271 1358 349 1389 Acta
360 1357 471 1396 scripto
487 1355 671 1396 compellans
685 1354 759 1386 dixit
773 1354 975 1386 Samaritanos
993 1363 1095 1386 errore

270 1402 379 1442 decipi,
398 1405 426 1433 at
440 1401 490 1440 qui
505 1400 625 1432 Simoni
640 1401 736 1439 gentis
748 1408 812 1430 sua:
826 1401 914 1440 Mago
928 1399 1021 1439 ﬁdem
1036 1399 1093 1430 ha—

272 1447 370 1483 beant,
386 1455 471 1485 quem
491 1446 582 1476 deum
596 1453 690 1484 supra
710 1453 827 1475 omnem
841 1445 1050 1484 principatum
1066 1448 1095 1475 et

270 1495 448 1532 potestatem
464 1493 491 1520 et
508 1490 650 1520 virtutem
667 1498 729 1519 esse
739 1489 854 1520 dicunt.
867 1488 898 1519 Si
918 1488 946 1519 id
961 1489 1094 1520 Justinus

272 1531 332 1566 non
347 1533 576 1574 aggressus,nisi
593 1533 779 1564 considerato
789 1537 818 1564 et
833 1537 971 1573 pespecto
981 1531 1126 1573 pericu-0

271 1580 312 1617 lo,
324 1579 402 1620 quod
415 1584 444 1610 et
466 1577 660 1609 Samaritanis
675 1578 868 1609 metuendum
881 1582 956 1615 erat;
973 1578 1021 1608 vix
1037 1578 1093 1608 du-

272 1624 354 1655 bium
372 1625 442 1663 quin
459 1627 540 1653 certa
554 1622 597 1653 illi
621 1622 812 1663 etexplorata
822 1632 871 1654 res
885 1623 983 1654 fuerit.
1001 1622 1095 1659 Quin-

272 1669 358 1700 etiam
375 1668 586 1708 imperatorem
602 1671 695 1706 rogat,
710 1671 741 1697 ut
756 1671 891 1698 senatum
910 1672 938 1698 et
953 1667 1093 1708 populum

273 1713 361 1754 hujus
380 1713 425 1744 rei
440 1712 608 1752 cogniti-res
621 1712 745 1742 asciscat
758 1716 787 1742 et
804 1716 928 1743 statuam
939 1711 1091 1752 dejiciant.

272 1757 420 1789 Videntur
434 1757 492 1796 ipsi
507 1756 684 1788 Samaritani
700 1761 824 1787 statuam
842 1757 961 1788 novisse
975 1760 1004 1787 et
1028 1766 1093 1787 ma-

272 1803 321 1843 gni
348 1802 466 1833 fecisse.
484 1803 517 1833 In
534 1802 590 1832 hoc
607 1802 686 1831 enim
718 1801 896 1832 metuendus
919 1801 972 1832 fuit
989 1810 1092 1832 eorum

271 1847 364 1884 furor,
382 1846 460 1887 quod
475 1846 542 1876 illos
553 1850 655 1876 statuas
670 1845 798 1886 dejectio
810 1846 904 1877 latere
916 1855 974 1876 non
985 1845 1094 1886 potuis-

272 1896 327 1932 set,
341 1891 366 1922 si
380 1892 568 1931 impetrasset
577 1889 711 1921 Justinus
727 1894 758 1921 ut
773 1890 966 1930 dejiceretur.
979 1893 1018 1922 At
1033 1890 1092 1922 dif-

273 1937 350 1967 ﬁci‘e
367 1936 429 1973 fuit,
445 1940 475 1966 ut
490 1945 553 1975 qua:
567 1935 698 1966 Justinus
714 1935 751 1966 de
767 1934 890 1966 Simone
906 1935 1003 1967 obiter
1017 1935 1093 1966 scri-

273 1980 374 2019 bebat,
391 1990 426 2011 ea
436 1980 471 2010 ad
483 1980 601 2010 illorum
618 1979 814 2019 cognitionem
833 1979 1033 2020 pervenirent.

313 2044 348 2075 V.
366 2043 487 2074 Etiamsi
513 2048 643 2074 errasset
657 2043 714 2073 hac
730 2043 760 2073 in
776 2052 809 2073 re
819 2042 974 2080 Justenus,
991 2044 1094 2074 saltem

273 2092 403 2120 erratum
419 2097 582 2127 agnoscere
597 2087 759 2124 debuit,vel
775 2097 827 2118 sua
840 2092 945 2128 sponte
960 2088 1030 2119 dum
1043 2098 1096 2128 per

273 2133 377 2164 urbem
390 2133 534 2163 incedens
543 2133 644 2172 plures
653 2132 726 2162 alias
737 2131 874 2164 Semonis
885 2131 974 2171 Sangi
985 2137 1095 2164 statuas

273 2178 386 2219 reperit
398 2178 512 2218 (plures
524 2178 603 2207 enim
621 2177 722 2208 Romae
735 2177 881 2208 exstitisse
898 2182 1037 2218 constat),
1050 2178 1094 2208 vel

273 2223 404 2253 monitus
418 2223 454 2253 ab
466 2221 580 2258 amicis,
594 2222 639 2252 vel
655 2222 691 2252 ab
706 2222 835 2253 inimicis
844 2223 1010 2262 castigatus.
1028 2222 1092 2253 Pri-
1106 2225 1127 2251 D

274 2277 322 2299 ma
340 2267 416 2298 illius
432 2267 577 2307 Apologia
592 2267 700 2297 famam
716 2271 744 2297 et
758 2266 961 2298 celebritatem
979 2266 1094 2298 habuit.

274 2312 427 2348 Quomodo
444 2321 517 2351 ergo
538 2316 594 2342 tam
626 2311 742 2351 insigne
763 2317 894 2342 erratum
917 2316 1036 2352 tamque
1058 2312 1094 2342 ad

273 2356 428 2388 feriendos
438 2356 540 2387 oculos
553 2356 692 2387 idoneum
711 2357 750 2387 ita
767 2356 859 2393 latuit,
877 2361 908 2386 ut
923 2357 954 2387 in
973 2357 1095 2396 Dialogo

274 2406 303 2433 et
318 2401 348 2432 in
359 2401 504 2441 Apologia
519 2401 538 2431 2
554 2401 649 2431 ﬁdens
672 2405 700 2431 et
716 2405 794 2432 tutus
809 2402 965 2432 conﬁrmet
976 2401 1093 2442 quodin

274 2446 369 2487 prima
384 2445 513 2476 dixerat?
526 2447 599 2476 Cum
616 2446 740 2476 eruditis
755 2446 823 2476 viris
851 2455 903 2486 pro
930 2446 1096 2477 Christiana

275 2491 420 2529 religione
432 2500 564 2531 pugnare
579 2490 684 2522 solitus
697 2495 772 2521 erat.
787 2490 846 2522 Cur
867 2499 937 2530 ergo
961 2497 1097 2531 acceptas

272 2537 309 2567 ab
323 2546 358 2567 eo
377 2536 476 2576 plagas
492 2545 580 2567 nemo
596 2536 674 2566 ultus
684 2540 777 2573 est,ec
789 2546 826 2567 ne
837 2537 887 2568 ille
897 2537 1017 2577 quidem
1029 2537 1096 2568 Cre-

271 2591 359 2612 scens
388 2591 476 2622 quem
492 2591 508 2612 a
525 2590 557 2611 se
581 2581 702 2613 fractum
724 2586 753 2612 et
768 2582 933 2613 convictum
949 2582 1090 2620 declarat,

272 2627 360 2666 Apol.
372 2626 401 2663 9,
420 2636 501 2656 num.
518 2626 547 2657 3.
563 2626 717 2662 Quomodo
733 2631 861 2657 erratum
887 2627 1008 2658 minime
1018 2627 1092 2658 sub—

272 2671 385 2702 odorati
402 2675 444 2701 tot
459 2671 619 2702 veuerandi
631 2671 858 2712 scriptores,qui
873 2671 950 2702 idem
961 2681 994 2703 ac
1005 2672 1091 2703 Justi«

272 2725 329 2746 nus
343 2715 462 2746 dixere?
478 2715 660 2756 Quinetiam,
676 2722 709 2747 ut
723 2715 859 2747 observat
874 2715 1091 2756 Tillemontius,

310 2796 340 2822 4⁷
355 2796 474 2838 Annal.,
489 2795 542 2829 lib.
559 2804 609 2832 xv.

733 103 764 135 8.
785 103 970 135 IUSTINUS
990 98 1252 134 PHILOSOPHUS
1274 99 1322 131 ET
1344 100 1518 132 MARTYR.

1895 98 1943 133 144

1137 175 1172 198 ea
1186 167 1217 198 S.
1236 166 1419 206 Augustinus
1441 170 1470 198 et
1495 166 1700 199 Theodoretus
1725 168 1762 200 de
1787 169 1841 200 hac
1863 172 1946 199 statua

1137 210 1247 247 dixere,
1267 221 1392 251 quorum
1411 211 1469 242 illis
1480 216 1584 242 auctor
1597 221 1656 243 non
1674 212 1728 243 fuit
1741 213 1944 244 Justinus.Pri-

1140 265 1205 286 mus
1220 256 1300 286 enim
1317 255 1431 287 Simoni
1444 261 1473 286 et
1486 256 1607 287 Helena
1624 261 1753 288 erectam
1766 257 1868 297 fuisse,
1883 258 1947 288 alter

1139 309 1244 331 aeream
1261 300 1351 331 fuisse
1366 305 1631 341 testatur,quorum
1642 305 1778 332 neutrum
1790 302 1946 333 (lixeratJu-

1139 344 1243 376 stinus.
1262 344 1313 375 Hae
1326 345 1545 385 rationes,quas
1557 354 1661 385 magna
1678 356 1711 376 ex
1724 351 1806 386 parte
1818 347 1946 378 Baronius

1138 394 1166 419 et
1179 388 1387 420 Tillemontius
1402 390 1777 430 suppeditarunt,detineut
1789 400 1834 421 me
1844 393 1947 431 quomi-

1138 443 1194 464 nus
1209 434 1237 464 id
1255 433 1332 473 quod
1349 434 1398 464 alii
1414 434 1523 465 eruditi
1537 433 1591 464 viri
1606 442 1815 466 asseveranter
1828 444 1944 475 pronun-

1139 478 1258 515 tiarunt,
1276 478 1368 518 pluris
1390 488 1456 510 esse
1481 488 1568 518 quam
1595 481 1796 520 conjecturam
1812 480 1945 511 incertam

1137 522 1316 554 existimem.

1440 570 1562 603 CAPUT
1584 572 1648 603 VII.

1317 617 1360 648 De
1376 617 1507 658 Dialogo
1521 626 1588 649 cum
1608 618 1777 658 Tryphone.

1135 662 1158 691 l.
1172 661 1215 703 9e
1225 663 1319 703 Julstini
1334 664 1584 703 peregrinationibus.
1601 664 1624 693 ll
1641 665 1735 700 Dialogi
1759 667 1866 701 occasio,
1881 677 1949 703 quem

1171 697 1341 738 _Ep‘hes_i__per_
1352 697 1456 738 biduum
1471 708 1527 728 cum
1544 700 1678 736 Tryphone
1692 697 1796 737 ejusque
1818 697 1895 730 sociis.
1912 704 1949 730 lli]-

1170 733 1234 772 buit.
1251 733 1293 762 lll'
1314 734 1370 768 Quo
1391 736 1415 762 id
1434 741 1543 771 tempore
1554 733 1688 772 contigerit
1701 733 1844 772 inquiritur.
1861 738 1903 766 ιν.
1921 739 1950 766 De

1170 769 1304 809 Tryphone
1317 771 1422 809 ejusque
1436 769 1522 809 sociis,
1539 780 1569 809 ac
1582 769 1684 809 Jus'tirii,
1696 769 1838 809 disputandi
1863 775 1951 802 ratione

1170 807 1299 845 nonnullae
1324 807 1522 845 observationes.
1540 807 1568 845 νς
1593 810 1636 845 An
1657 807 1774 844 Dialogus
1797 809 1884 845 primae
1909 811 1951 839 diei

1172 840 1222 868 ﬁne
1237 846 1263 869 et
1275 842 1391 870 secundae
1406 843 1478 870 initio
1497 843 1602 870 mutilus
1617 844 1648 870 sit
1664 840 1830 873 exaniiuattir.
1957 843 1958 853 ‘

1175 882 1199 916 l.
1216 883 1300 945 Ωιιξὰ
1325 885 1546 945 stiti-Eusebius,
1569 885 1622 916 lib.
1639 895 1680 926 IV,
1699 896 1726 937 c.
1745 875 1958 945 11,.Justiqumj

1136 926 1239 959 Roma:
1253 928 1438 961 domicilium
1454 930 1605 970 habuisse,
1621 940 1681 961 non
1697 931 1737 962 ita
1752 933 1952 972 accipiendum

1139 976 1194 1013 est,
1212 973 1295 1013 quasi
1310 973 1444 1005 Justinus
1458 974 1545 1005 vitam
1562 984 1645 1006 suam
1662 975 1715 1006 hac
1728 976 1759 1006 in
1774 977 1847 1008 urbe
1858 978 1954 1008 tradu-

1141 1017 1229 1048 xerit.
1245 1019 1303 1050 Diu
1318 1018 1398 1049 enim
1409 1018 1540 1049 abfuisse
1555 1023 1620 1059 post
1635 1019 1763 1051 oblatam
1788 1022 1954 1062 imperatori

1136 1063 1316 1104 Apologiam
1333 1068 1363 1095 et
1380 1064 1411 1095 in
1427 1063 1493 1095 aliis
1514 1063 1687 1103 regionibus
1709 1072 1954 1097 commemoratus

1136 1108 1261 1139 videtur.
1279 1108 1328 1139 Ait
1343 1108 1420 1139 enim
1437 1109 1467 1139 in
1481 1108 1567 1139 Actis
1581 1110 1725 1148 martyrii
1739 1119 1749 1141 :
1772 1110 1844 1142 Veni
1857 1115 1954 1142 autem

1136 1153 1171 1183 in
1185 1152 1291 1183 urbem
1304 1152 1431 1184 Romam
1456 1152 1586 1184 secundo
1603 1162 1613 1184 :
1628 1153 1785 1192 ἐπεδήμησα
1801 1157 1827 1184 δὲ
1841 1159 1875 1194 τῇ
1892 1152 1953 1186 Ῥω.

1136 1199 1221 1236 μαίων
1238 1198 1314 1227 πόλει
1330 1202 1407 1228 τοῦτο
1429 1198 1558 1238 δεύτερον.
1576 1197 1688 1235 Quibus
1712 1200 1809 1231 verbis
1832 1201 1958 1238 rediisset

1136 1251 1168 1272 se
1183 1242 1270 1283 longo
1286 1243 1442 1274 intervallo
1472 1243 1638 1283 signiﬁcat;
1664 1253 1760 1284 neque
1775 1245 1866 1282 enim,
1882 1246 1909 1276 si
1924 1246 1953 1277 ad

1136 1286 1228 1318 breve
1245 1293 1363 1328 tempus
1379 1288 1577 1327 discessisset,
1594 1287 1761 1329 interrupta
1775 1291 1953 1330 perpetuitas

1136 1332 1378 1363 commorationis
1417 1333 1530 1363 tuisset.
1562 1332 1703 1369 Quaenam
1739 1338 1836 1365 autem
1862 1344 1954 1365 causa

1136 1375 1156 1407 S
1185 1381 1342 1417 martyrem
1358 1377 1388 1406 iu
1407 1377 1573 1416 provincias
1591 1379 1743 1416 traxerint,
1768 1382 1798 1409 et
1817 1379 1887 1420 quid
1904 1380 1954 1410 ab-

1136 1429 1205 1451 sens
1221 1421 1325 1460 egerit,
1346 1430 1377 1451 ex
1397 1421 1475 1451 illius
1490 1421 1519 1451 in
1536 1421 1598 1462 ipsa
1614 1422 1689 1453 urbe
1714 1424 1958 1464 occupationibus

1136 1459 1300 1504 dijudicare
1317 1474 1486 1505 possumus.
1546 1459 1554 1462 ’
1790 1459 1798 1464 ”
1957 1459 1958 1472 ¹

1176 1508 1330 1539 Existimat
1345 1508 1552 1540 Tillemontius
1567 1508 1715 1541 Justinum
1731 1510 1876 1543 imitatum
1893 1522 1958 1544 esse.

1137 1553 1263 1584 eximios
1275 1553 1341 1584 illos
1355 1553 1555 1593 apostolorum
1580 1553 1753 1595 discipulos,
1770 1565 1845 1596 quos
1860 1563 1956 1589 narrat

1136 1597 1285 1629 Eusebius
1296 1597 1545 1638 evangelistarum
1566 1607 1674 1630 munus
1687 1600 1776 1630 variis
1786 1601 1814 1632 in
1825 1601 1955 1640 regioni-

1136 1642 1192 1674 bus
1204 1642 1325 1680 obiisse,
1344 1642 1450 1683 partim
1467 1642 1627 1682 Evangelio
1643 1644 1699 1680 his,
1716 1644 1767 1684 qui
1783 1645 1918 1676 nondum
1931 1647 1958 1677 il-i

1136 1687 1186 1718 lud
1199 1687 1366 1725 audierant,
1383 1687 1584 1728 praedicando;
1601 1688 1708 1728 partim
1721 1687 1875 1727 Ecclesiis,
1886 1700 1958 1731 quas

1135 1733 1261 1772 apostoli
1276 1732 1481 1770 fundaverant,
1495 1732 1671 1772 invisendisI
1688 1737 1720 1764 ut
1734 1743 1784 1764 eas
1805 1735 1834 1765 in
1850 1735 1910 1766 ﬁde
1928 1745 1958 1768 ac

1134 1778 1257 1808 veritate
1272 1777 1497 1809 conﬁrmarent.
1515 1777 1667 1808 Enituerat
1682 1782 1750 1808 ante
1764 1779 1913 1810 Justinum
1932 1782 1958 1811 in

1135 1821 1192 1853 hoc
1207 1821 1302 1852 laudis
1317 1821 1675 1862 genereQuadratus;post
1685 1822 1836 1854 Justinum
1847 1829 1958 1866 autem,

1135 1870 1210 1897 teste
1224 1865 1364 1907 Eusebio,
1380 1866 1433 1898 lib.
1450 1876 1477 1904 v,
1491 1867 1699 1906 cap.10,multi
1713 1867 1958 1907 ejusmodievan-

1135 1910 1247 1950 gelistae
1263 1910 1526 1951 prodierunt,quos
1541 1911 1621 1942 inter
1634 1911 1764 1950 insignes
1777 1912 1863 1944 fuere
1878 1914 1958 1945 Pan-

1136 1959 1229 1986 taanus
1244 1959 1273 1986 et
1283 1954 1390 1985 saeculo
1407 1955 1492 1985 tertio
1512 1954 1635 1986 ineunte
1650 1956 1748 1993 Caius,
1765 1966 1854 1997 quem
1879 1960 1887 1988 l
1903 1958 1958 1990 ho-

1138 2000 1196 2030 tius
1209 1999 1341 2039 gentium
1354 1999 1528 2039 episcopum
1540 1999 1707 2031 ordinatum
1719 2000 1810 2032 fuisse
1823 2005 1958 2034 testatur.

1137 2043 1200 2074 Hoc
1216 2043 1402 2083 evangelista;
1416 2051 1541 2074 munere
1565 2044 1713 2075 Justinum
1735 2045 1815 2076 idem
1831 2046 1958 2079 eximius

1136 2088 1265 2128 scriptor
1279 2088 1463 2128 perfunctum
1481 2087 1573 2120 fuisse
1588 2093 1689 2119 censet
1702 2089 1732 2120 in
1748 2089 1912 2130 Campania
1936 2092 1958 2130 et

1136 2133 1272 2173 1Egypto,
1288 2141 1360 2178 quas
1374 2132 1512 2178 regiones
1528 2141 1702 2178 peregrasse
1716 2143 1749 2164 se
1762 2135 1896 2166 Justinus
1911 2135 1958 2178 ίμέ

1136 2186 1168 2208 se
1185 2181 1305 2207 testatur
1320 2177 1350 2207 in
1369 2177 1492 2208 Cohort.
1518 2177 1558 2208 ad
1580 2178 1711 2215 Grazcos;
1736 2182 1796 2209 tum
1816 2180 1905 2212 etiam
1927 2177 1956 2213 Sir

1136 2222 1216 2259 Asia,
1227 2221 1276 2252 ubi
1292 2230 1360 2266 eum
1372 2225 1521 2266 versatum
1529 2222 1620 2253 fuisse
1631 2226 1660 2253 et
1672 2222 1783 2263 Ephesi
1797 2222 1955 2266 Dialogun

1135 2275 1202 2297 cum
1221 2265 1378 2306 Tryphone
1389 2270 1418 2296 et
1431 2266 1496 2297 aliis
1505 2265 1617 2298 Judaeis
1627 2266 1768 2299 habuisse
1784 2265 1895 2300 narrat
1903 2270 1957 2303 Ευ-

1134 2311 1246 2341 sebius.
1259 2312 1301 2341 Ad
1302 2310 1386 2350 juvat
1397 2310 1473 2342 hanc
1484 2311 1658 2352 opinionem
1673 2313 1805 2354 episcopi
1815 2319 1867 2344 aut
1878 2324 1958 2355 pres.

1136 2355 1230 2396 byteri
1246 2356 1385 2396 dignitas,
1397 2365 1454 2396 qua
1465 2355 1614 2388 Justinum
1625 2362 1762 2388 ornatum
1779 2359 1871 2390 fuisse
1886 2370 1958 2393 com

1132 2401 1199 2441 jicit
1214 2400 1292 2431 idem
1308 2399 1527 2432 Tillemontius.
1545 2401 1622 2432 Nihil
1653 2411 1714 2442 prae
1735 2411 1767 2432 se
1790 2403 1891 2434 ferunt
1916 2406 1958 2438 ha

1137 2445 1316 2485 conjecturae
1331 2446 1410 2488 quod
1426 2449 1581 2486 repugnet,
1599 2446 1671 2477 nihil
1688 2446 1764 2487 quod
1778 2456 1836 2478 non
1846 2453 1918 2489 apte
1935 2456 1958 2483 el

1137 2490 1295 2521 commode
1309 2490 1466 2530 cogitatum
1483 2491 1628 2528 videatur;
1642 2491 1694 2521 sed
1708 2495 1805 2522 tamen
1821 2501 1882 2524 non
1895 2496 1958 2528 sint

1139 2536 1236 2575 aliquo
1252 2535 1369 2566 delectu
1383 2535 1568 2575 adoptandae.

1179 2582 1206 2611 l°
1221 2580 1319 2611 Minus
1347 2584 1485 2610 accurate
1499 2579 1706 2611 Tillemontius
1722 2580 1916 2622 Campaniam
1936 2590 1958 2617 el

1133 2626 1293 2665 JEgyptum
1313 2634 1330 2654 a
1358 2623 1474 2655 Justino
1496 2623 1646 2664 Evangelii
1674 2626 1855 2665 pudicandi
1871 2638 1958 2662 causa

1135 2674 1302 2712 peragratas
1316 2669 1408 2700 fuisse
1423 2672 1516 2709 putat.
1530 2667 1632 2710 Neque
1649 2670 1730 2701 enim
1759 2671 1958 2711 improbabile

1135 2719 1181 2747 est
1195 2724 1262 2746 eum
1279 2714 1309 2745 in
1326 2714 1392 2755 ipsa
1407 2713 1530 2754 [Egypto
1557 2715 1753 2747 Christianam
1781 2716 1958 2759 religionem
