1974 3069
258 100 314 132 147

708 101 737 132 S.
761 101 945 134 JUSTINUS
967 102 1229 134 PHILOSOPHUS
1249 103 1298 134 ET
1321 105 1494 136 MARTYB.

1885 100 1945 131 148

254 174 292 199 ex
305 167 482 207 ‘bello,quod
499 166 553 198 sub
567 167 701 199 Adriano
712 168 837 206 {gestum
854 168 960 206 fuerat,
977 167 1081 209 profn-
1092 173 1112 196 A
1124 174 1397 210 commemorasset,
1414 170 1550 202 num.70.
1564 169 1621 201 Sed
1634 173 1731 200 tamen
1741 168 1818 200 inter
1833 167 1944 200 socios.

256 221 321 251 gus,
341 212 369 242 in
395 210 538 243 Graeciam
572 216 704 244 venerat.
722 212 809 252 Argis
822 213 959 244 audierat
973 213 1078 245 Corin-

258 257 341 287 thum
358 255 555 290 Socraticum,
572 265 606 287 ac
620 256 650 286 in
666 256 780 288 Graecia
795 261 824 288 et
838 257 970 288 Corinthi
985 267 1018 288 ex
1032 258 1082 288 illo

257 305 392 341 tempore
406 301 514 340 degere
530 300 654 332 solebat.
671 302 769 333 Minus
784 301 862 332 belle
875 301 1082 333 Tillemontius

257 345 321 376 hate
337 345 502 386 Tryphonis
523 345 622 383 verba,
646 347 735 386 φυγὼν
750 347 795 375 τὸν
811 351 853 375 νῦν
869 348 1011 386 γενόμενον
1026 349 1079 375 πό-

258 390 395 430 λεμον,ιιθ
405 390 482 421 bello
495 390 636 431 quodam,
648 391 727 431 quod
743 392 907 422 Antoninus
928 393 998 423 Pius
1014 401 1080 422 cum

258 433 369 475 Iudaeis
384 434 500 475 habuit,
514 435 728 475 interpretatus
745 439 800 466 est.
814 435 852 467 Ut
864 436 996 466 omittam
1009 436 1080 466 illud

259 478 370 510 bellum
393 479 550 510 obscuram
579 483 608 510 et
631 480 724 511 leVem
742 480 832 511 fuisse
848 480 1081 521 expeditionem,

259 533 315 555 nec
337 524 390 555 sub
407 523 469 559 Pio.
488 524 539 555 sed
566 524 621 555 sub
650 525 783 556 Adriano
805 525 924 556 Judaeos
944 525 974 556 in
993 526 1084 556 varias

259 572 358 609 partes
373 569 524 609 dispersos
552 569 664 606 fuisse;
693 570 837 609 signiﬁcat
862 570 977 610 Trypho
994 569 1030 600 ab
1047 580 1082 600 eo

260 613 352 652 bello,
368 623 401 644 ex
419 623 476 654 quo
493 615 632 654 profugus
662 619 735 655 erat,
767 615 887 654 longum
906 620 1022 655 tempus
1038 615 1082 646 ef-

260 658 380 690 ﬂuxisse
395 659 437 690 Ex
449 669 506 699 quo
517 660 597 690 enim
611 660 735 700 patriam
750 660 874 699 fugerat,
888 660 1082 700 philosophiae

259 713 382 745 operam
399 704 568 742 dederat,et
579 705 609 735 in
622 705 735 736 Graecia
745 713 780 735 ac
796 704 930 736 Corinthi
945 708 976 734 ut
992 704 1082 744 pluri-

260 757 342 778 mum
357 748 493 788 degebat:
512 748 591 789 quod
603 753 778 788 argumento
790 753 833 780 est
849 758 915 779 eum
933 758 991 779 non
1006 759 1082 780 sem-

261 801 315 833 per
329 793 360 823 in
371 793 427 824 hac
444 793 519 825 urbe
549 798 773 825 commoratum.
793 794 857 825 Non
875 799 996 834 possunt
1011 804 1080 834 ergo
1093 813 1112 838 Β

1124 213 1172 253 qui
1190 223 1256 244 cum
1275 223 1310 244 eo
1325 215 1471 245 Justinum
1488 215 1656 254 audierunt,
1673 215 1734 254 jam
1754 218 1814 244 tum
1839 217 1946 244 aucto—

1123 257 1210 288 ritate
1225 263 1253 289 et
1267 259 1390 290 scientia
1410 259 1570 296 eminebat,
1588 268 1643 290 nec
1674 258 1872 298 improbabile
1899 260 1947 287 est

1124 312 1190 333 eum
1211 308 1311 343 postea
1326 312 1433 335 nomen
1451 308 1479 334 et
1494 304 1599 334 famam
1624 302 1740 334 rabbini
1762 307 1946 333 assecutum.

1124 348 1323 388 Philosophiae
1333 358 1453 389 operam
1470 349 1591 379 dederat
1606 348 1660 379 sub
1671 348 1809 387 magistro
1821 347 1946 386 gentilii,

1124 397 1152 422 et
1176 393 1252 432 quod
1282 403 1349 424 eum
1379 393 1513 424 discendi
1541 393 1704 423 studiosum
1721 393 1812 422 fuisse
1830 393 1946 432 prohat,

1125 446 1225 468 sacros
1252 437 1485 469 Christianorum
1503 437 1594 469 libros
1619 437 1726 477 legisse
1751 447 1783 468 se
1810 442 1947 476 testatur,

1125 483 1258 523 Dialog.,
1273 494 1301 513 η.
1317 483 1365 515 10.

1166 529 1230 559 Nec
1238 527 1372 567 probitas
1383 528 1487 558 deerat
1497 527 1646 568 Tryphoni
1659 537 1713 558 nec
1725 526 1854 557 veritatis
1864 535 1950 556 amur

1125 571 1311 611 quidam,sed
1325 573 1552 603 immoderatum
1566 573 1639 610 legis
1651 572 1779 603 studium
1792 572 1908 601 videtur
1920 571 1949 600 ei

1124 616 1237 647 fructus
1254 617 1454 657 prmripuisse,
1474 627 1548 658 quos
1563 622 1592 648 et
1606 616 1870 656 .lustinicollotuio
1883 625 1949 656 per-

1123 661 1224 701 cipere
1241 662 1393 701 potuisset.
1411 663 1477 693 Non
1492 662 1709 702 credebatqnae
1724 662 1761 692 de
1772 660 1950 692 Christianis

1123 707 1213 737 falsus
1228 716 1329 738 rumor
1344 708 1372 738 in
1384 708 1485 748 vulgus
1499 712 1659 747 sparserat;
1676 707 1734 737 ﬁde
1759 707 1881 746 indigna
1894 706 1948 746 ju-

1123 751 1250 787 dicabat,
1281 761 1310 781 n.
1332 752 1377 792 IO;
1408 752 1464 782 hoc
1488 756 1600 782 tantum
1629 753 1658 782 in
1684 752 1725 782 eis
1747 751 1946 791 vituperabat,

1123 796 1200 835 quod
1217 805 1283 826 cum
1301 805 1446 826 summam
1464 806 1523 836 prae
1539 806 1570 827 se
1587 797 1722 836 pietatem
1749 796 1873 830 ferrent,
1894 805 1948 826 nec

261 837 324 868 haec
339 837 442 875 verba,
459 839 504 866 τὸν
518 843 561 867 νὺν
578 839 719 878 γενόμενον
734 838 903 878 musam,“
918 838 997 869 bello
1013 846 1082 869 tunc
1095 837 1104 838 ί
1126 841 1216 870 festos
1232 840 1367 880 dies,nec
1383 841 1573 873 sabbatanec
1587 841 1842 872 circumcisionem
1861 845 1947 871 tene--

261 884 404 923 temporis
418 883 564 924 ﬂagrante
589 884 728 924 intelligi.
757 883 822 915 Jam
838 884 992 915 observavi
1008 885 1080 915 illud
1124 889 1201 921 rent,
1214 889 1242 916 et
1257 894 1340 925 spem
1351 885 1382 916 in
1396 886 1517 916 homine
1531 886 1671 916 cruciﬁxo
1689 891 1844 925 ponerent,
1865 886 1947 916 Post-

261 932 304 957 νῦν
319 928 358 958 de
372 928 461 960 rebus
472 933 541 960 ante
559 930 665 960 multos
680 938 775 960 annos
790 929 917 969 peractis
933 929 1081 970 usurpari,
1125 939 1211 970 quam
1237 930 1302 969 ejus
1322 934 1424 968 rogatu
1442 930 1576 961 Justinus
1598 930 1730 970 probavit
1752 929 1868 960 eximiis
1897 939 1947 959 ar-

260 982 316 1004 nec
333 973 441 1004 mirum
455 973 547 1004 videri
563 974 654 1004 debet
667 974 692 1004 si
717 983 734 1004 a
757 973 918 1014 Tryphone
943 974 980 1005 de
1005 975 1082 1005 bello
1124 976 1273 1014 gumentis
1296 975 1390 1014 legem
1408 975 1502 1005 datam
1521 985 1587 1005 esse
1602 985 1659 1005 non
1678 974 1947 1014 adjustitiaiu,sed

261 1022 328 1049 ante
340 1027 432 1048 annos
447 1018 522 1050 forte
537 1018 639 1058 viginti
655 1018 788 1049 confecto
811 1023 981 1059 usurpetur.

301 1061 489 1102 Tryphonem
515 1063 661 1094 Eusebius
686 1064 817 1094 omnium
846 1067 915 1094 tunc
940 1063 1085 1104 temporis

261 1106 453 1138 Hebraeorum
466 1107 695 1139 celeberrimum
704 1108 796 1139 fuisse
809 1109 995 1140 testatur.Sic
1004 1108 1083 1139 enim

261 1152 299 1183 de
311 1151 419 1184 Justini
436 1152 566 1193 Dialogo
592 1153 723 1193 loquitur
748 1152 800 1184 lib.
818 1161 848 1183 ιν
862 1152 956 1187 Ηίθί..
974 1163 1001 1184 c.
1024 1153 1058 1184 t8
1074 1162 1081 1184 :

264 1198 311 1226 Καὶ
326 1196 447 1236 διάλογον
475 1197 502 1225 δὲ
524 1199 588 1237 πρὸς
606 1197 745 1229 Ἰουδαίους
765 1197 911 1233 συνέταξεν,
936 1199 964 1226 ὃν
979 1199 1021 1226 ἒπὶ
1035 1201 1083 1232 τῆς

263 1241 373 1281 Ἐφέσου
395 1242 497 1275 πόλεως
524 1244 590 1282 πρὸς
620 1243 746 1282 Τρύφωνα
785 1243 837 1271 τῶν
868 1243 927 1271 τότε
957 1242 1085 1282 Ἐϐραίων

260 1286 459 1322 ὲπισημότιτον
475 1288 628 1320 πεποίηται.
650 1299 660 1314 ε
680 1286 852 1327 Composuit
869 1288 958 1318 etiam
975 1287 1083 1318 Dialo-

259 1339 330 1371 gam
346 1326 487 1362 adversus
502 1331 631 1369 Iudaeos,
648 1341 737 1372 quem
756 1326 844 1372 apud
861 1332 1010 1372 Ephesum
1028 1332 1083 1363 ha-

260 1375 326 1406 buit
338 1384 406 1408 cum
423 1376 584 1416 Tryphone
594 1376 785 1407 Hebraeorum
799 1382 867 1407 tunc
879 1377 1020 1416 temporis
1036 1387 1080 1407 ce

260 1419 452 1452 leberrimo.»
471 1420 524 1452 His
538 1421 659 1452 Eusebii
672 1421 771 1452 verbis
786 1421 956 1452 conﬁrmari
973 1422 1080 1452 existi-

261 1470 322 1495 mat
333 1464 460 1497 Grabius
471 1465 673 1505 conjecturam
685 1465 837 1506 Cavei,qui
851 1467 928 1497 hunc
945 1465 1085 1506 Trypho-

261 1519 330 1540 nem
344 1510 484 1541 eumdem
501 1519 567 1541 esse
584 1515 664 1550 putat
675 1519 710 1541 ac
721 1510 804 1541 rabbi
816 1510 1005 1550 Tarphonem
1024 1520 1083 1541 ma-

260 1554 310 1593 gni
322 1554 399 1593 apud
414 1554 531 1585 Judaeos
543 1555 683 1593 nominis,
700 1559 728 1586 et
743 1555 828 1594 vulgo
839 1562 948 1588 annm
964 1562 1020 1598 ’τι-ιι
1032 1564 1085 1586 sa—
1095 1572 1114 1597 ο

260 1599 410 1630 cerdotem
422 1599 543 1630 divitem
559 1599 749 1639 appellatum.
762 1599 820 1630 Sed
837 1601 860 1630 si
876 1599 990 1639 Trypho
1007 1599 1085 1630 inter

260 1642 403 1674 rabbinos
418 1647 592 1675 numeratus
618 1644 686 1682 fuit,
717 1644 753 1674 ad
769 1644 848 1675 hunc
864 1644 1007 1674 honorem
1025 1653 1083 1674 non

258 1688 397 1729 pervenit
423 1688 481 1720 nisi
508 1693 573 1728 post
596 1689 676 1719 hunc
691 1699 758 1720 cum
780 1689 896 1720 Justino
911 1688 1081 1728 Dialogum.

260 1733 335 1764 Nam
351 1733 437 1764 initio
460 1733 611 1774 colloquii,
636 1743 702 1764 cum
731 1734 854 1765 dixisset
869 1733 985 1774 Trypho
997 1735 1084 1766 Chri-

260 1781 349 1815 stum,
368 1778 391 1808 si
405 1778 466 1817 jam
483 1781 569 1809 natus
584 1783 629 1810 est
652 1782 681 1810 et
707 1779 814 1810 alicubi
831 1783 936 1816 exstat,
953 1780 1084 1819 ignotum

261 1832 381 1865 prorsus
395 1832 462 1854 esse
477 1832 510 1854 ac
528 1831 568 1854 ne
585 1823 641 1854 sibi
653 1823 775 1863 quidem
788 1824 844 1863 ipsi
857 1824 1018 1863 cognitum,
1036 1825 1084 1855 aut

261 1869 320 1900 ulla
335 1871 483 1908 potestate
499 1868 667 1908 praeditum,
686 1868 781 1899 donec
804 1868 902 1899 veniat
918 1869 1007 1906 Elias,
1034 1871 1084 1909 qui

259 1914 343 1945 illum
356 1917 448 1952 ungat
462 1917 491 1944 et
503 1913 642 1944 omnibus
657 1913 804 1952 ostendat;
830 1914 976 1953 signiﬁcat
991 1915 1084 1945 lusti-

1126 1024 1246 1059 propter
1273 1024 1404 1059 peccata;
1434 1030 1491 1051 non
1522 1021 1633 1051 idcirco
1664 1024 1808 1056 movetur,
1841 1029 1870 1049 η.
1896 1022 1946 1050 ibi

1125 1063 1215 1103 Urget
1240 1064 1346 1095 iterum
1372 1064 1504 1096 Justinus
1520 1069 1547 1095 et
1564 1065 1668 1105 quaerit
1692 1074 1744 1096 cur
1765 1064 1855 1104 justis
1879 1072 1948 1094 ante

1125 1108 1273 1139 Abraham
1298 1113 1327 1139 et
1348 1111 1459 1140 Mosem
1485 1109 1744 1140 circumcisionem
1776 1114 1804 1139 et
1824 1108 1947 1139 saliba‘o

1127 1154 1204 1184 Deus
1217 1163 1274 1183 non
1290 1153 1476 1193 imposuerit;
1494 1159 1553 1184 tum
1577 1163 1644 1184 vero
1672 1153 1790 1194 Trypho
1817 1154 1948 1192 ingenue

1127 1197 1344 1235 ignorationem
1362 1207 1444 1228 suam
1461 1199 1630 1234 conﬁtetur,
1649 1208 1678 1230 n.
1693 1200 1741 1229 ‘28.
1754 1198 1860 1228 Animo
1875 1199 1947 1228 hor-

1125 1251 1244 1273 rescere
1273 1243 1398 1280 videtur,
1416 1253 1445 1274 η.
1468 1243 1518 1283 38,
1539 1243 1590 1274 ubi
1612 1243 1758 1275 Christum
1777 1243 1858 1272 audit
1879 1252 1947 1272 eum

1126 1296 1193 1317 esse
1208 1287 1258 1327 qni
1273 1297 1338 1318 cum
1355 1289 1436 1318 Mose
1452 1292 1480 1318 et
1492 1288 1588 1319 Aaron
1603 1289 1631 1318 in
1647 1288 1786 1319 columna
1802 1287 1890 1317 nubis
1908 1288 1949 1317 lo-

1125 1335 1210 1362 cutus
1223 1336 1279 1369 est;
1295 1332 1454 1372 aequiorem
1469 1342 1500 1362 se
1516 1337 1632 1372 praestat
1653 1331 1836 1372 argumentis
1851 1341 1866 1361 a
1882 1333 1950 1363 Jus-

1124 1376 1199 1406 stino
1215 1377 1332 1416 alllatis,
1351 1381 1381 1406 ut
1397 1376 1502 1407 Filium
1519 1387 1535 1406 ιι
1549 1378 1609 1408 Deo
1619 1382 1688 1407 ante
1700 1377 1809 1407 saecula
1819 1376 1950 1415 grniluin

1128 1420 1245 1461 probet;
1262 1431 1323 1451 rem
1350 1422 1467 1460 egregie
1484 1422 1715 1453 demonstratam
1733 1421 1850 1456 fatetur,
1869 1431 1898 1451 ιι.
1913 1423 1949 1453 57

1129 1470 1157 1495 et
1171 1465 1284 1503 63,hoc
1300 1470 1408 1496 tantum
1428 1466 1498 1505 petit
1513 1475 1527 1496 a
1552 1467 1678 1506 Justino,
1692 1470 1723 1496 ut
1740 1466 1817 1496 hunc
1834 1465 1886 1496 Dei
1901 1467 1951 1495 Fi—

1128 1510 1197 1540 lium
1217 1510 1296 1540 nasci
1313 1515 1341 1540 et
1356 1510 1488 1548 cruoiﬁgi
1511 1511 1636 1540 voluisse
1653 1521 1685 1541 ac
1701 1511 1900 1541 resurrexisse
1925 1516 1952 1540 et

1128 1554 1156 1584 in
1173 1554 1278 1585 coelum
1291 1554 1460 1585 ascendis‘Se
1478 1555 1592 1594 probet.
1604 1555 1682 1586 Pene
1694 1556 1802 1586 victum
1833 1555 1952 1585 diceres

1127 1599 1330 1639 Tryphonem,
1349 1609 1378 1629 n.
1397 1600 1446 1640 89,
1464 1600 1514 1630 ubi
1530 1601 1637 1630 fatetur
1655 1600 1772 1631 Christo
1785 1609 1951 1638 congruere

1126 1644 1270 1684 quidquid
1289 1644 1524 1674 testimoniorum
1541 1645 1700 1685 Scriptura:
1716 1654 1731 1674 a
1746 1645 1859 1675 Justino
1882 1644 1950 1674 lau-

1126 1689 1226 1719 datum
1246 1692 1339 1719 luerat
1361 1697 1366 1719 :
1385 1698 1442 1719 una
1458 1698 1505 1719 res
1521 1698 1587 1719 eum
1605 1690 1746 1729 deterret,
1765 1689 1949 1729 suppliciuin

1128 1733 1287 1769 crucis,cui
1304 1733 1346 1763 lex
1364 1733 1601 1764 maledictionem
1615 1733 1951 1764 inﬁixitJustinusmul-

1129 1782 1156 1808 ta
1174 1778 1313 1817 prwclare
1334 1783 1470 1817 congerit
1493 1779 1528 1808 ad
1546 1779 1634 1818 hujus
1650 1779 1693 1808 rei
1709 1778 1950 1819 explicationem,

1127 1824 1177 1853 sed
1191 1828 1288 1854 tamen
1300 1824 1389 1853 corda
1412 1823 1581 1854 .lndzeorum
1605 1833 1762 1863 superasse
1785 1833 1841 1853 non
1866 1823 1950 1854 vide-

1128 1875 1186 1904 tur,
1201 1869 1334 1908 quamvis
1349 1877 1400 1898 eos
1424 1868 1574 1899 interdum
1598 1867 1731 1898 videatur
1755 1869 1950 1908 permovisse,

1130 1912 1202 1943 Nam
1220 1917 1285 1952 post
1299 1917 1341 1942 tot
1358 1921 1390 1942 ac
1407 1917 1485 1943 tanta
1505 1912 1657 1952 religionis
1681 1917 1863 1950 argumenta,
1882 1923 1951 1943 cum

260 1968 315 1990 nus
331 1958 468 1989 misereri
483 1967 516 1989 se
532 1958 702 1998 Tryphonis
717 1968 734 1989 a
747 1958 883 1989 rabbinis
896 1959 1039 1999 quidquid
1057 1961 1087 1990 in
1131 1957 1322 1997 pertenderet
1349 1957 1483 1987 Justinus
1511 1957 1608 1987 locum
1633 1957 1789 1997 quemdam
1817 1957 1899 1988 Isaia:
1916 1958 1952 1987 de

259 2007 389 2035 mentem
402 2003 698 2034 venitetl‘utientibus
714 2003 882 2043 deceptiln
894 2008 952 2034 toto
965 2004 1088 2045 Dialogi
1128 2003 1245 2033 Christo
1263 2007 1291 2033 et
1305 2003 1480 2033 illuminatis
1495 2003 1531 2032 ab
1548 2012 1582 2033 eo
1610 2002 1748 2041 gentibus
1771 2001 1866 2041 accipi
1894 2002 1951 2032 de-

258 2049 387 2080 decursu
402 2048 442 2078 ita
465 2057 532 2078 cum
547 2047 707 2087 Tryphone
723 2052 753 2079 et
767 2048 857 2079 sociis
884 2048 955 2087 agit,
972 2053 1001 2079 ut
1019 2059 1084 2079 cum
1130 2048 1360 2087 bere,nonnulli
1373 2057 1486 2080 eorum,
1505 2047 1556 2086 qui
1579 2047 1720 2086 postridie
1737 2051 1887 2079 venerant,
1909 2048 1953 2078 iu-

259 2092 431 2125 hominibus
442 2092 687 2123 rabbinosduces
697 2101 778 2123 more
793 2102 939 2123 caecorum
956 2103 1082 2133 sequen-
1124 2093 1242 2123 condite
1257 2092 1328 2123 utin
1346 2092 1459 2122 theatro
1477 2092 1636 2122 clamorem
1653 2092 1859 2131 ediderunt,n.
1882 2093 1950 2122 1'32.

259 2137 349 2176 tibus;
366 2141 395 2167 et
423 2137 580 2168 discedens
594 2136 630 2167 ab
655 2137 698 2167 eis
723 2137 868 2174 hortatur,
886 2142 915 2167 ut
934 2138 1080 2169 Christum
1164 2138 1286 2168 Videtur
1301 2137 1433 2168 Justinus
1447 2137 1598 2167 interdum
1614 2147 1630 2166 ει
1645 2147 1697 2166 sua
1711 2137 1829 2167 lenitate
1846 2147 1874 2166 ιιι
1893 2140 1950 2168 do-

257 2183 392 2214 rabbinis
404 2185 598 2223 anteponant.
629 2183 695 2222 lpse
719 2182 839 2223 Trypho
855 2182 988 2214 rabbinis
1009 2183 1082 2214 sub-
1123 2183 1225 2213 cendis
1240 2182 1348 2213 ludatis
1365 2182 1531 2217 discedere,
1549 2191 1659 2221 eosque
1682 2182 1816 2211 maximis
1833 2182 1951 2221 probris

258 2229 380 2260 missum
397 2237 430 2258 se
445 2234 511 2258 esse
525 2227 671 2267 signiﬁcat
687 2237 753 2258 cum
770 2227 819 2263 ait,
837 2237 866 2258 n.
882 2227 921 2259 38
938 2237 944 2257 :
966 2241 978 2256 σ
1000 2229 1080 2259 ΡΓῖρ-
1095 2237 1202 2268 “sape
1214 2227 1416 2258 onerare.Sed
1433 2232 1531 2257 tamen
1545 2226 1775 2257 ubiduriorihus
1784 2227 1881 2257 verbis
1895 2230 1950 2257 uti-

258 2273 338 2305 clare
360 2273 539 2312 faceremus,
555 2272 581 2302 si
605 2271 756 2312 magistris
772 2273 881 2303 nostris
898 2282 1011 2304 morem
1021 2283 1079 2312 ge-
1093 2271 1115 2282 "
1126 2278 1183 2312 tur,
1201 2282 1260 2303 non
1276 2277 1332 2302 tam
1349 2281 1400 2302 eos
1414 2272 1463 2311 qui
1480 2271 1651 2305 audiebant,
1670 2281 1756 2311 quam
1773 2272 1951 2302 obstinatam

257 2318 427 2358 rentes,qui
442 2321 570 2348 vestrum
583 2316 722 2357 cuiquam
739 2318 839 2348 venire
850 2317 880 2348 in
899 2317 1079 2358 colloquium

258 2363 324 2403 lege
339 2366 550 2402 vetuerunt,ne
566 2363 673 2393 horum
691 2362 812 2402 quidem
828 2372 1001 2393 sermonum
1014 2372 1079 2393 com

259 2407 432 2439 munionem
448 2412 546 2438 tecum
562 2407 750 2438 haberemus.
774 2420 784 2435 ι
816 2407 1012 2447 lnterroganti
1024 2408 1079 2439 Ju-

258 2453 348 2488 stino,
365 2461 396 2483 n.
412 2453 464 2492 56,
484 2461 521 2483 an
538 2451 674 2492 cuiquam
692 2452 896 2483 existimarent
911 2452 964 2484 Dei
977 2457 1006 2483 et
1017 2452 1078 2483 Do—

1123 2318 1152 2348 in
1168 2318 1248 2348 omni
1264 2317 1378 2348 scelere
1393 2321 1511 2355 gentem
1535 2317 1706 2356 compedat,
1725 2318 1803 2346 velut
1817 2326 1884 2346 cum
1912 2319 1952 2346 nil

1123 2372 1205 2394 nutri.
1222 2363 1279 2393 93:
1296 2374 1308 2389 α
1326 2361 1398 2392 Nam
1416 2371 1482 2391 cum
1499 2370 1534 2391 ex
1551 2361 1646 2400 signis
1661 2370 1676 2390 a
1696 2361 1774 2391 Mose
1798 2361 1884 2391 factis
1903 2363 1951 2392 in-

1123 2407 1273 2446 telligendi
1286 2407 1400 2447 copiam
1413 2405 1545 2437 habeatis
1557 2406 1633 2435 hunc
1647 2414 1712 2435 esse
1721 2405 1951 2443 Christnmmon

1122 2453 1210 2482 [nodo
1227 2461 1284 2482 non
1299 2451 1396 2487 vultis.
1411 2450 1462 2481 sed
1475 2451 1563 2482 etiam
1587 2450 1613 2480 in
1635 2449 1787 2487 angustias
1804 2460 1857 2480 nos
1874 2461 1950 2481 ςωιιυ

259 2497 332 2528 mini
344 2505 464 2533 nomen,
490 2496 546 2528 nisi
575 2497 637 2528 Deo
652 2497 733 2528 Patri
749 2503 778 2528 et
793 2497 922 2538 Christo,
937 2497 1048 2528 deferri
1063 2507 1080 2528 a
1117 2497 1169 2537 jici
1186 2506 1270 2537 posse
1288 2496 1501 2531 existimantes,
1534 2493 1712 2533 quaestiones
1743 2495 1848 2534 ponitis
1865 2506 1951 2535 quiu—

259 2541 371 2582 Spiritu
383 2541 663 2582 sancto,respondet
677 2541 793 2582 Trypho
805 2542 930 2573 aliorum
944 2543 1077 2582 nomine,

258 2587 420 2627 imperatos
433 2596 465 2618 se
480 2595 546 2617 esse
558 2585 594 2617 ad
613 2591 671 2616 tam
687 2586 871 2626 periculosas
886 2588 1078 2628 quaestiones,

259 2640 314 2662 nec
329 2641 459 2671 unquam
474 2641 491 2662 a
506 2640 539 2662 se
553 2631 686 2662 auditum
702 2641 879 2672 quemquam
907 2633 957 2672 qui
973 2632 1019 2662 his
1042 2631 1079 2663 de

258 2676 349 2708 rebus
364 2677 536 2708 dissereret.
554 2675 656 2707 Videri
678 2676 766 2707 etiam
797 2677 889 2717 possit
902 2677 1076 2717 simplicior,

256 2731 324 2753 cu'n
338 2721 479 2753 irascitur
505 2725 534 2752 et
562 2721 756 2762 blasphemiae
769 2722 918 2754 Justinum
947 2726 1076 2760 accusat,

256 2767 335 2808 quod
351 2767 376 2798 ls
403 2765 494 2798 malas
513 2765 648 2804 virtutes,
677 2776 743 2807 qua;
766 2776 782 2798 a
802 2767 872 2798 ‘Deo
888 2767 1078 2807 defecerunt,

1121 2551 1240 2582 cunque
1256 2541 1286 2572 in
1304 2541 1433 2571 medium
1446 2541 1640 2573 veniunt,nec
1652 2542 1749 2569 tamen
1764 2540 1819 2579 ipsi
1834 2540 1951 2571 habetis

1121 2586 1191 2627 quid
1211 2585 1327 2625 dicatis,
1344 2585 1368 2615 si
1391 2593 1480 2623 quem
1499 2582 1660 2612 ﬁrmiorem
1687 2582 1885 2613 Christianum
1904 2586 1951 2615 of-

1122 2630 1287 2662 fenderitis.
1305 2642 1315 2657 ι
1334 2629 1375 2660 Ad
1392 2629 1447 2658 hoc
1465 2626 1632 2666 exemplum
1645 2627 1807 2658 existimari
1824 2635 1951 2668 possunt

1122 2676 1250 2717 plurima
1273 2675 1342 2711 alia,
1369 2672 1477 2717 quibus
1500 2672 1634 2717 lustinus
1659 2673 1810 2704 Juu'aicaui
1826 2681 1948 2711 gentem

1121 2716 1303 2761 perstringit,
1337 2722 1367 2748 ut
1395 2716 1513 2748 Judaeos
1553 2716 1707 2747 audientes
1730 2727 1747 2747 a
1775 2718 1951 2749 stultissima

1120 2766 1362 2806 opinione,quam
1375 2762 1411 2793 de
1425 2766 1513 2801 gente
1529 2770 1582 2792 sua
1598 2765 1627 2792 et
1642 2762 1803 2802 Synagogis
1816 2763 1878 2793 suis
1894 2764 1950 2795 ha-
