1974 3069
104 83 161 115 155

555 81 584 110 s.
606 79 790 119 msrnvus
808 73 1070 108 PHILOSOPHUS
1091 73 1139 106 nr
1163 73 1337 108 murra.

1731 66 1790 98 156

103 151 125 182 Α
131 150 254 189 pologiu
266 150 360 190 prima
368 150 399 181 in
408 149 563 181 silentio-et
571 147 720 179 oblivione
731 155 788 178 non
794 143 926 185 jacebal,
935 143 949 168 '1

993 138 1337 190 MlanLul-S'lbipt'i‘ﬂ‘
1346 137 1452 174 domin
1462 146 1525 190 suae
1535 135 1707 190 prgspicgrg
1717 133 1789 184 lice-

102 195 154 226 sed
167 195 196 226 in
213 195 359 226 taburalis
372 195 498 235 publicis
509 194 642 234 deposita
652 196 714 223 erat
724 200 760 223 ac
770 190 922 235 hominum

104 240 252 271 mentibus
267 232 406 277 haerebat,
432 232 597 278 praesertim
622 235 809 278 imperatoris
834 232 925 278 Marci

102 284 320 325 Aurelii,quem
332 285 424 316 latere
433 277 494 315 non
508 287 622 323 poterat
633 277 764 314 Antonio
771 289 818 325 um
830 280 843 309 J
849 277 924 310 usti—

103 339 141 360 no
153 329 283 369 benigne
293 333 321 360 et
333 329 495 360 liberaliter
502 328 652 359 annuisse.
667 326 778 358 Eadem
789 324 828 356 de
837 331 926 369 causa

104 383 213 405 nomen
225 366 314 404 suam
327 373 407 405 brevi
421 373 577 414 Apologia
585 382 644 403 non
653 370 886 411 inscripsit,cum
895 366 923 397 id

103 419 133 449 in
149 419 262 459 majore
275 428 334 449 non
350 419 497 450 omissisel
513 427 521 455 ;
547 417 615 458 quia
637 416 751 449 scilicet
763 418 848 445 notus
862 416 924 443 erat

103 468 163 494 tum
177 472 212 495 ex
229 464 291 503 ipso
308 463 357 494 illo
371 473 473 504 opere,
491 462 570 504 quod
583 467 640 494 tam
653 464 768 501 optatos
779 458 926 504 habuerat.

104 502 271 546 successus,
288 512 349 538 tum
364 502 400 539 ei
415 502 508 544 fama,
520 517 607 547 quam
620 508 684 547 ipse
694 504 751 536 sibi
762 504 839 535 inter
856 502 922 543 phi-

103 552 242 592 losophos
256 553 379 585 eruditis
394 552 642 593 disputationibus
654 552 818 591 pepererat.

143 597 176 627 2°
200 597 271 628 Cum
302 597 421 629 brevem
443 592 628 638 iApologiam
643 596 763 627 offerret
776 592 922 638 Justinus,

101 642 162 682 jam
178 646 237 672 tum
250 641 417 674 Crescentis
432 642 462 673 in
478 637 631 673 enmodia
646 640 801 671 fervebant
819 647 826 676 ;
842 637 921 668 diem

104 696 137 717 ex
151 686 201 717 die
216 687 414 728 exspectabat,
427 692 458 718 ut
473 696 489 717 a
503 688 662 717 Crescente
678 685 707 716 in
718 683 865 724 judicium
877 691 925 712 ca-

106 732 173 771 pitis
188 736 351 771 vocaretur,
369 733 492 769 u.3,nec
507 741 561 763 sua
576 731 659 762 illum
675 728 794 769 decepit
801 735 926 767 exspec-

106 777 186 813 tatio,
204 781 277 808 teste
291 777 431 814 Eusebio,
449 777 500 808 lib.
518 786 558 810 tv.
577 786 602 807 ε.
622 776 669 807 16.
687 774 784 811 Quare
805 772 841 804 ab
871 771 925 802 hac

105 822 256 861 Apologia
270 821 305 852 ad
315 821 422 853 Justini
434 825 560 853 mortem
573 830 631 851 non
645 824 755 850 tantum
771 815 923 866 temporisz
938 841 956 866 Β

105 869 246 906 quantum
268 876 286 897 a
302 866 406 907 prima,
423 876 509 907 quam
526 865 627 897 multa;
644 874 695 896 res
715 867 805 904 gesta;
816 861 925 894 Justini

105 914 272 942 consecuta
287 916 367 949 sunt,
384 912 506 943 efﬂuere
521 911 626 952 potuit.

144 954 177 985 3"
192 954 223 987 Si
239 960 362 997 utraque
376 956 523 997 Apologia
536 955 706 986 distinctum
722 962 757 984 ac
774 952 926 983 diversum

106 1007 193 1041 opus,
210 1005 241 1031 ut
255 1010 290 1032 ex
302 1001 400 1032 allatis
409 1002 556 1032 rationum
573 999 732 1031 momentis
756 1001 845 1038 patet,
872 1005 927 1029 ne-

107 1054 190 1075 cesse
204 1050 249 1076 est
262 1046 384 1077 alteram
399 1046 454 1077 sub
479 1045 638 1085 Antonino,
655 1045 777 1075 alteram
804 1041 861 1073 sub
886 1041 925 1072 M.

106 1089 225 1121 Aurelio
241 1092 380 1131 scriptam
393 1091 548 1122 fateamur.
558 1090 660 1130 Neque
676 1088 754 1119 enim
764 1085 927 1118 verisimile

106 1134 137 1165 ﬁt
148 1134 270 1166 missum
278 1130 317 1166 ab
326 1136 477 1167 Antonino
487 1136 516 1166 in
529 1143 634 1166 omnes
645 1132 809 1174 provincias
822 1130 928 1171 aequis-

105 1178 213 1211 simum
230 1180 358 1212 edictum
375 1181 413 1211 ita
426 1182 528 1212 Romae
540 1178 745 1219 subzejusdem
763 1176 928 1217 imperato-

107 1224 148 1254 ris
163 1224 258 1256 oculis
270 1229 403 1265 spretum
419 1229 449 1256 et
463 1225 602 1256 violatum
630 1223 734 1259 fuisse,
765 1225 798 1252 ut
819 1229 927 1252 novam

110 1269 282 1309 Apologiam
296 1270 430 1302 Justinus
446 1271 551 1302 otl‘erre
566 1272 735 1309 cogeretur.

151 1314 183 1344 4°
196 1313 382 1346 Manifestum
398 1319 442 1346 est
451 1315 529 1346 inter
543 1319 699 1355 utramque
711 1311 886 1354 Apologiam
898 1313 928 1340 ut

110 1359 294 1400 materiteﬁla
309 1361 396 1391 etiam
408 1365 576 1401 temporum
588 1354 835 1390 discrimeo.Plus
849 1354 928 1386 enim

109 1402 221 1453 doloris
229 1409 257 1435 et
266 1404 491 1453 animiJustinns
500 1404 672 1453 insecunda
680 1403 929 1442 signiﬁcat,quam

110 1447 138 1478 in
156 1448 294 1488 prima,id
310 1450 388 1490 quod
400 1459 435 1481 ex
451 1449 605 1489 utriusque
613 1448 735 1480 exardio
751 1447 821 1477 satis
834 1453 928 1490 appa—

111 1497 165 1524 ret.
183 1488 357 1526 Crudeliora
373 1488 587 1526 commemorat
603 1493 635 1524 in
656 1491 839 1524 Christianos
854 1488 928 1520 faoi-

111 1546 194 1573 nora;
208 1541 239 1570 et
253 1548 319 1569 cum
337 1539 366 1569 in
383 1539 518 1579 prima59
533 1536 783 1575 dixisset,nullum
796 1543 830 1565 ea
841 1532 930 1564 Chri-

113 1582 216 1613 stianis
227 1577 396 1615 confessum
413 1593 478 1615 esse
494 1584 530 1615 de
543 1582 720 1614 criminibus
733 1580 801 1611 huic
818 1577 931 1609 nomini

112 1627 230 1664 efﬁctis,
247 1629 300 1659 sed
316 1629 340 1660 si
357 1629 424 1669 quis
438 1628 475 1660 ob
491 1629 589 1660 scelus
604 1624 886 1660 damuatus'sit,non
901 1625 933 1652 ut

112 1673 310 1704 Christianum
328 1674 556 1705 condemnatum
569 1681 646 1712 esse;
665 1675 762 1702 narrat
776 1670 806 1699 in
823 1676 933 1699 secun-

113 1717 150 1748 da
160 1716 192 1743 60
203 1718 328 1758 gentiles
344 1723 423 1750 tanto
446 1718 545 1749 furore
558 1717 681 1753 arsisse,
699 1719 732 1747 ut
747 1713 926 1758 Christiano—

114 1772 179 1793 rum
194 1756 296 1793 servos
309 1767 358 1793 aut
369 1772 477 1803 pueros
488 1767 539 1794 aut
549 1761 739 1793 mulierculas
751 1756 933 1798 gravissimis

113 1807 292 1839 cruciatibus
302 1808 436 1839 fabulosa
447 1808 497 1838 illa
511 1807 636 1839 crimina
647 1808 790 1845 cogerent
803 1803 930 1834 conﬁte-

114 1854 150 1883 ri.
176 1851 247 1883 Tam
263 1853 384 1884 inimica
394 1853 570 1885 Christianis
583 1857 716 1892 tempora
724 1859 783 1880 non
792 1846 933 1880 Antonini

115 1896 165 1936 qui
177 1897 234 1928 illis
250 1898 329 1937 favit,
356 1898 408 1930 sed
426 1899 465 1930 Μ.
483 1897 596 1929 Aurelii
612 1895 771 1936 imperium
785 1892 931 1924 redolent.

114 1942 167 1982 qui
196 1951 233 1972 ne
261 1943 388 1975 maximo
416 1943 537 1984 quidem
583 1939 727 1973 benelicio
761 1941 936 1979 provocatus

114 1996 231 2027 aequum
248 1996 280 2019 se
290 1988 348 2019 illis
360 1988 501 2028 .prwbnit.

158 2032 265 2063 Lucius
278 2031 547 2072 imperator,Marci
557 2031 683 2070 collega,
691 2029 797 2060 eodem
810 2027 897 2059 modo
908 2027 936 2057 in

118 2077 173 2108 hac
189 2078 334 2117 Apologia
346 2077 518 2117 designatur
533 2087 567 2108 ac
582 2077 612 2107 in
642 2076 750 2116 prima.
777 2074 826 2105 Sic
857 2072 936 2103 enim

119 2121 228 2154 Lucius
240 2128 348 2163 martyr
359 2123 518 2163 alloquitur
533 2121 686 2154 Urbicum:
706 2132 719 2147 α
734 2119 797 2150 Non
808 2122 841 2148 ut
853 2117 940 2163 decet

119 2167 204 2198 Pium
222 2161 444 2208 imperatorem;
468 2177 527 2198 non
544 2171 575 2197 ut
590 2165 800 2207 philosophum
816 2161 940 2208 Caesaris

121 2212 226 2249 filium,
242 2223 303 2243 non
331 2217 362 2243 ut
392 2212 614 2244 sacrosanctum
640 2214 786 2246 senatum,
809 2207 939 2247 judicas.

120 2257 241 2290 Urbice.
264 2269 275 2285 ι
293 2257 322 2289 Si
338 2258 384 2289 his
405 2259 435 2288 in
451 2257 550 2288 verbis
566 2265 624 2287 non
642 2263 798 2296 possumus
818 2251 938 2284 Lucium

122 2313 181 2334 non
198 2311 358 2342 agnoscere
371 2315 379 2340 ς
394 2303 426 2333 in
439 2302 522 2333 titulo
538 2301 592 2338 Pii,
610 2300 660 2341 qui
669 2299 755 2330 alteri
770 2296 941 2342 imperatori

122 2340 270 2384 tribuitur,
301 2357 359 2379 non
391 2347 557 2378 Antoninus
579 2340 786 2385 agnoscendus
814 2346 870 2378 est,
886 2340 940 2385 sed

122 2391 249 2424 Marcus,
264 2381 310 2418 cui
324 2388 380 2419 etsi
395 2387 526 2418 nondum
543 2381 665 2417 senatus
695 2384 782 2424 hujus
813 2381 942 2413 nominis

123 2435 268 2465 honorem
286 2433 469 2466 decreverat.
488 2432 595 2462 mirum
626 2435 722 2461 tamen
748 2433 797 2459 aut
826 2427 941 2458 incom-

125 2478 244 2509 modum
262 2477 354 2508 videri
367 2487 424 2509 non
446 2476 546 2514 debet,
562 2477 584 2506 si
602 2476 628 2507 ei
643 2485 660 2506 a
676 2474 794 2516 privatis
812 2471 943 2504 homini-

125 2523 192 2559 bus,
209 2522 313 2562 quales
330 2526 414 2553 erant
430 2522 536 2553 Lucius
551 2525 580 2552 et
593 2519 738 2556 Justinus,
759 2517 903 2549 defertur.

165 2560 248 2599 Unus
263 2566 459 2606 courprllatur
473 2566 634 2606 imperator
646 2565 677 2596 in
695 2564 749 2595 hac
773 2563 878 2603 Apol.,
895 2560 944 2591 ubi

125 2613 163 2644 de
180 2611 306 2643 muliere
322 2611 352 2642 in
366 2611 513 2652 judicium
530 2619 547 2641 a
560 2611 666 2641 marito
687 2611 789 2640 vocata
815 2606 944 2643 dicitur;

130 2670 140 2687 α
158 2657 254 2697 Atque
269 2656 320 2688 illa
334 2650 571 2697 quidemlibello
587 2655 652 2693 tibi,
668 2650 946 2694 imperator,oblato

964 178 1048 215 ret...
1066 185 1162 225 Atque
1176 184 1207 215 id
1235 178 1355 224 quidem
1380 181 1521 215 annuisti.
1535 193 1547 213 ο
1565 179 1638 217 Inde
1651 178 1788 213 Valesius

966 229 1042 260 hanc
1050 224 1225 269 Apologtam
1232 228 1382 261 Antonino
1394 227 1520 260 oblatam
1533 224 1689 266 colligihat
1701 233 1787 263 pror-

965 283 1016 305 sus
1026 273 1265 306 immerito.Nam
1279 273 1427 313 Justinus,
1443 282 1473 303 n.
1489 271 1518 312 3,
1535 271 1569 303 14
1582 274 1611 302 et
1622 270 1669 304 15,
1687 269 1788 310 plures

966 319 1124 359 compellat
1141 322 1171 350 ut
1186 318 1266 358 regia
1280 321 1424 358 potestate
1436 314 1641 357 praeditosSic
1658 314 1745 346 etiam
1758 313 1786 345 in

965 365 1048 395 Actis
1071 364 1106 396 S.
1133 363 1251 395 Justini
1279 363 1433 401 praefectus
1455 361 1526 392 dicit
1547 360 1675 396 Justino,
1698 368 1729 391 n.
1747 360 1759 393 l
1779 368 1785 388 :

969 420 982 436 α
998 409 1095 440 Primo
1105 408 1161 440 diis
1168 409 1257 441 crede
1270 406 1539 447 etimperatoribus
1551 403 1789 446 obsequereaAt

967 452 1044 484 idem
1062 462 1152 484 unum
1161 456 1387 489 commemorat,
1403 451 1474 483 dum
1485 450 1661 485 sententiam
1675 447 1787 491 capita-

967 497 1024 528 lem
1041 498 1170 538 profert:
1192 510 1205 527 α
1222 497 1278 534 Qui
1293 497 1351 531 diis
1375 496 1544 529 sacriﬁcare
1559 498 1589 527 et
1602 492 1789 538 imperatoris

968 537 1113 583 praerepto
1124 552 1227 582 parrre
1237 542 1407 579 noluerunt,
1417 540 1535 580 ﬂagello
1547 538 1615 575 caesi
1627 537 1663 570 ad
1676 537 1787 577 capita—

966 586 1023 618 lem
1042 596 1157 626 poenam
1173 587 1367 618 abducantur.
1401 598 1414 614 ι
1435 585 1580 616 Videntur
1611 592 1682 623 ergo
1710 590 1789 618 nunc

966 641 1053 668 unus,
1071 641 1149 663 nunc
1178 631 1279 672 plures
1307 630 1458 662 nominari
1486 630 1682 670 imperatores
1710 626 1789 658 soliti

967 675 1075 717 fuisse;
1094 686 1150 708 nec
1165 670 1292 717 proinde
1307 684 1434 707 necesse
1447 679 1492 706 est
1515 683 1584 707 cum
1600 670 1788 717 Tilletnontio

966 721 1042 752 hanc
1057 715 1232 762 Apologiam
1245 725 1296 752 aut
1307 724 1375 754 ante
1390 719 1471 752 Lucii
1484 718 1615 753 reditum
1626 726 1661 752 es
1669 715 1790 752 Oriente

966 770 1014 796 aut
1025 770 1089 806 post
1104 766 1186 797 illius
1201 770 1326 797 mortem
1343 765 1471 797 oblatam
1489 762 1645 804 suspicari,

1007 804 1095 842 Aliud
1118 815 1324 851 argumentum
1349 810 1459 851 repetit
1482 809 1621 840 Valesius
1636 816 1671 838 ex
1689 804 1788 851 Urbici

968 857 1098 896 nomine,
1108 849 1196 897 quem
1207 855 1261 888 sub
1268 849 1419 888 Antonino
1430 849 1791 897 praefsctumllrbisfuisse

968 910 1003 932 ex
1018 894 1165 942 Apologia
1172 900 1290 941 Apuleii
1298 900 1450 936 Antonino
1464 898 1563 930 oblata
1574 895 1737 942 contendit.
1750 894 1789 942 At

970 936 1164 986 praeterquam
1175 936 1252 986 quod
1264 945 1354 985 is,qui
1368 941 1665 978 memoratosJustini
1678 936 1791 982 Apolo-

968 990 1020 1031 gia
1039 995 1187 1030 martjres
1201 990 1361 1026 damnavit,
1380 988 1510 1029 praetorii
1540 986 1712 1031 prafectus‘
1725 992 1790 1031 esse

969 1028 1075 1075 potuit;
1090 1028 1166 1069 nihil
1178 1039 1258 1068 vetat
1272 1028 1410 1068 eumdem
1420 1033 1508 1067 Urbis
1517 1031 1686 1074 praefectum
1699 1028 1791 1075 fuisse

969 1071 1023 1115 sub
1039 1071 1188 1112 Antonino
1205 1085 1233 1111 et
1253 1080 1361 1111 Marco.
1378 1071 1526 1118 Apologld
1541 1075 1671 1117 Apuleii,
1689 1078 1720 1109 ul
1732 1071 1790 1108 oh-

970 1123 1352 1161 servatTillemontius,sub
1365 1124 1462 1157 Marco
1472 1119 1688 1163 potiusscripta
1702 1126 1790 1159 quam

970 1168 1024 1202 sub
1037 1169 1198 1206 Antonino,
1215 1177 1304 1210 quem
1316 1168 1421 1201 divum
1435 1166 1575 1208 appellat.

1283 1218 1404 1253 CAPUT
1423 1218 1477 1251 IX.

1207 1269 1251 1300 De
1264 1269 1380 1301 Justini
1394 1269 1559 1309 martyrio.

969 1316 991 1344 ιι
1007 1315 1044 1355 De
1059 1315 1152 1355 testim
1174 1313 1388 1355 ίιιρργυεπξριιάίε
1399 1306 1558 1355 vitiosi)th
1576 1306 1788 1355 .909.¥tt.“_t;ﬂ'

1005 1351 1124 1380 Przedicit
1137 1360 1182 1378 eos
1192 1345 1239 1381 sibi
1247 1345 1419 1382 insidiaturos',
1428 1345 1603 1385 idque-evenit.
1613 1346 1660 1376 Ill.
1677 1345 1714 1374 De
1725 1347 1792 1376 tam-

1005 1395 1065 1423 pore
1079 1390 1104 1414 et
1117 1387 1189 1416 Actis
1209 1386 1330 1422 martyrii,

1012 1429 1035 1460 Ι.
1051 1429 1132 1460 Nihil
1146 1429 1260 1459 Justino
1273 1418 1405 1468 optatius
1418 1425 1536 1462 evenire
1558 1426 1684 1465 poterat,
1704 1418 1791 1468 quam

939 1481 959 1506 (Ξ
972 1478 1038 1514 post
1053 1478 1097 1505 tot
1111 1473 1228 1505 labores
1242 1477 1271 1503 et
1282 1465 1418 1513 pericula
1431 1470 1521 1506 vitam
1524 1470 1621 1514 ipsam
1639 1477 1692 1509 pro
1709 1465 1793 1514 Chri-

972 1510 1016 1549 sto
1033 1518 1224 1559 profundere.
1239 1510 1324 1551 Illdm
1337 1514 1503 1547 constantia
1515 1511 1749 1549 Christianorum
1761 1510 1791 1540 in

973 1562 1154 1595 cruciatibus
1171 1562 1355 1603 perferendis
1367 1569 1471 1600 magna
1486 1562 1618 1600 ex-parte
1635 1564 1792 1597 permove-

973 1613 1017 1639 rat
1033 1608 1068 1639 ad
1084 1601 1320 1648 amplectendam
1336 1606 1510 1647 religionem
1527 1603 1734 1639 Christianam,
1752 1601 1793 1631 ei-

974 1666 1031 1696 que
1048 1645 1234 1695 persuaserat
1250 1662 1300 1683 eos
1316 1645 1450 1696 insontes
1465 1654 1495 1681 et
1510 1658 1598 1689 puros
1609 1656 1675 1679 esse
1690 1656 1717 1696 a-
1731 1645 1791 1680 cri-

975 1690 1117 1736 minibus,
1127 1708 1193 1740 quae
1203 1695 1492 1736 illisafﬁngebantur.
1504 1694 1538 1727 In
1549 1690 1737 1740 defendenda
1748 1699 1792 1735 re-

975 1745 1083 1785 ligione
1097 1744 1124 1768 ⁶¹
1136 1738 1302 1783 ἑωρίδείωθ
1312 1742 1368 1773 hoc
1382 1743 1554 1780 argumento
1571 1738 1673 1785 utitur,
1686 1743 1794 1776 nempe

974 1782 1209 1822 Christianorum
1221 1787 1251 1818 in
1263 1785 1443 1818 cruciatibus
1455 1782 1642 1825 perferendis
1651 1784 1794 1825 constan-

978 1835 1027 1873 tia,
1045 1839 1076 1865 ut
1091 1833 1252 1865 discrimen
1268 1839 1349 1863 nova
1371 1840 1405 1861 ac
1420 1824 1530 1863 veteris
1546 1827 1621 1873 legis
1647 1824 1794 1873 ostendat,

976 1884 1006 1911 et
1018 1870 1238 1913 testamentum,
1255 1875 1333 1916 quod
1347 1875 1417 1906 olim
1432 1874 1511 1905 Deus
1524 1872 1710 1916 promiserat,
1730 1870 1795 1901 im-

979 1925 1090 1966 pletum
1108 1927 1137 1954 et
1152 1914 1502 1966 omnibusconspicuum
1519 1927 1584 1950 esse
1600 1914 1794 1966 demonstret.

980 1961 1041 2001 Uno
1056 1968 1145 2000 verbo
1160 1971 1220 1998 tota
1230 1964 1336 1998 Justini
1352 1964 1411 1996 vita
1425 1963 1576 1996 meditatio
1594 1961 1726 2002 quaedam
1744 1969 1797 1990 ex-

978 2015 1048 2046 stitit
1063 2012 1205 2053 martyrii.
1221 2011 1340 2043 Nullam
1355 2008 1498 2043 dorendaa
1517 2007 1647 2053 veritatis
1661 2004 1800 2040 occasio-

979 2069 1047 2091 nem
1073 2051 1325 2099 praetermittebat,
1353 2062 1472 2094 semper
1483 2061 1610 2099 sperans
1635 2051 1742 2087 bonam
1767 2057 1801 2099 se

981 2095 1088 2136 terram
1105 2103 1310 2141 inventurum,
1325 2109 1359 2130 ac
1376 2097 1586 2138 Deijudicium
1608 2100 1757 2129 metuens.
1776 2095 1802 2126 si

951 2150 973 2175 D
983 2160 1035 2191 per
1049 2149 1145 2189 ipsum
1163 2139 1311 2191 stetisset,"
1321 2145 1481 2191 quominus
1495 2142 1603 2182 aliquis
1618 2141 1656 2172 ad
1670 2139 1802 2172 veritatis

982 2186 1180 2234 cognitionem
1194 2188 1532 2232 perveniret.Neminem
1545 2186 1802 2222 reveritus.eliam-
1850 2198 1852 2200 -

982 2241 1006 2271 si
1018 2230 1038 2270 ἓ
1054 2238 1176 2277 vestigio
1192 2230 1320 2275 discerpi
1335 2233 1529 2274 oportuisset,
1546 2230 1688 2277 unum_id
1700 2230 1802 2265 studio

983 2283 1121 2318 habebat,
1132 2275 1170 2313 ut
1184 2289 1285 2311 verum
1302 2279 1332 2309 in
1347 2277 1487 2309 omnibus
1502 2277 1624 2309 diceret.
1638 2275 1709 2311 Cum
1721 2276 1803 2316 Apo-

983 2330 1096 2369 logiam
1105 2328 1224 2358 offerret
1236 2334 1288 2365 pro
1299 2323 1452 2358 fratribus,
1465 2327 1553 2363 atque
1567 2319 1804 2369 audacterp'ete-

984 2365 1029 2406 ret
1057 2377 1088 2404 ut
1115 2372 1152 2403 ad
1167 2371 1246 2402 Acta.
1261 2369 1465 2409 deponeretur
1481 2379 1489 2404 :,
1504 2370 1611 2407 praeter
1625 2365 1803 2407 periculum,

984 2419 1061 2460 quod
1092 2417 1133 2448 illi
1151 2416 1186 2447 ab
1212 2415 1267 2446 hac
1289 2413 1407 2460 egregia
1426 2412 1550 2460 actione
1572 2410 1759 2446 imminebat,
1774 2409 1805 2439 in

985 2456 1065 2497 aliud
1082 2471 1114 2493 se
1130 2461 1194 2502 ipse
1217 2458 1407 2499 conjiciebat,
1424 2456 1637 2492 Samaritanos,
1656 2464 1723 2502 quia
1733 2463 1808 2499 gens

986 2494 1122 2550 improba
1138 2494 1202 2538 erat
1217 2509 1246 2550 et
1255 2494 1292 2535 ad
1308 2494 1404 2550 omne
1412 2503 1526 2550 facinus
1537 2504 1650 2542 parata,
1665 2494 1808 2550 palamﬁet

987 2543 1088 2595 aperte
1104 2549 1280 2586 incusanda,
1299 2548 1377 2595 quod
1394 2546 1512 2595 homini
1524 2554 1608 2584 mago
1628 2544 1738 2576 summi
1754 2543 1809 2575 Dei

989 2590 1104 2634 titulum
1122 2602 1150 2628 et
1164 2596 1308 2627 honorem
1322 2590 1524 2626 deferrent”.

1030 2644 1089 2678 Sed
1101 2641 1178 2675 haud
1192 2640 1252 2674 scio
1263 2648 1301 2673 an
1313 2636 1452 2678 impavidi
1462 2634 1724 2670 animimaximum
1738 2642 1808 2674 spe-

167 2732 199 2759 59
212 2731 248 2764 N.
264 2731 295 2768 2,
314 2731 342 2770 Ἰ,
359 2731 389 2762 8.
430 2730 462 2756 θο
476 2729 511 2763 Ν.
531 2729 579 2764 12.
595 2729 642 2761 96ί
658 2729 746 2770 Apol.
764 2737 816 2768 ,n.
833 2727 882 2758 l9.
925 2724 949 2750 θῗ

993 2721 1084 2760 κίειΙος.
1097 2728 1127 2749 n.
1144 2715 1214 2747 120.
1229 2749 1234 2754 _
