1974 3069
76 96 130 128 159

73 162 122 202 qui
148 162 177 193 in
192 167 361 194 contextum
377 164 515 195 omnibus
531 165 593 196 suis
609 165 739 205 partibus
753 167 896 207 praeclare
907 171 926 196 Α

72 207 241 239 absolutum
270 208 472 248 ineptissimos
489 209 556 240 illos
580 219 682 241 versus
709 211 848 249 inseruit,
864 215 894 242 et

71 252 314 290 splendidissimo
322 252 432 284 Justiui
442 253 583 294 martyrio
596 254 737 295 probrum
746 266 838 287 ausus
849 260 894 287 est

72 306 241 336 aspergere.
255 296 327 328 Nam
344 297 485 339 quidquid
506 299 535 329 in
565 300 679 331 Menaao
714 300 752 332 de
778 301 893 333 Justino

71 341 301 386 ejusquesociis
314 340 566 378 dicitur,miritice
579 344 734 376 cumActis
748 346 895 386 martyrii

72 385 366 426 consentit,exceptis
377 386 438 417 illis
445 386 591 419 versibus.
603 387 719 420 Justino
725 394 822 421 autem
836 400 894 421 non

65 430 127 469 jam
144 431 240 461 honor
254 430 408 462 habendus
421 435 546 468 esset,ut
562 433 692 474 martyri,
706 434 730 465 si
746 443 893 466 venenum

70 478 176 514 sponte
187 475 372 515 sumpsisset,
388 475 440 506 Sed
456 480 488 506 ut
502 476 548 506 sui
577 477 734 509 homicidae
764 478 894 510 dedecus

71 519 249 550 inurendum
263 524 343 551 esset
359 530 366 560 ;
383 524 432 550 aut
443 520 468 550 si
483 521 559 551 clam
578 531 691 553 veneno
708 522 841 554 sublatus
854 523 893 554 fo~

69 567 116 594 ret
135 574 141 594 :
159 573 218 594 non
243 568 355 595 tantum
369 564 523 596 habuisset
541 567 677 605 martyrii
690 567 893 607 splendorem,

72 612 216 648 quantum
228 612 288 639 tota
302 608 462 649 antiquitas
478 610 657 650 pradicavit.
674 611 758 643 Haud
771 612 893 643 dubium

521 100 551 131 S.
573 101 757 132 JUSTINUS
778 99 1043 133 PHILOSOPHUS
1065 102 1113 134 ET
1136 102 1310 134 MARTYR.

1705 101 1765 135 £60

937 213 980 244 De
995 213 1123 245 Tatiano
1133 222 1169 245 ac
1181 168 1455 262 primEoAildIei'i‘ltit‘ts
1466 215 1576 246 studiis
1589 214 1764 246 litterarum

1228 259 1255 285 et
1271 259 1478 287 conversione.

935 305 956 334 l.
974 306 1101 346 :l'atianus
1115 308 1234 346 omnibus
1246 308 1384 346 disciphnis
1396 310 1438 346 dat
1452 309 1613 346 operam.rll.
1629 309 1760 344 Quomodo

971 341 1051 406 frigus
1067 343 1238 372 Christianus.
1260 341 1386 381 lllejus
1406 341 1487 373 fervor
1503 345 1550 373 sub
1563 341 1665 373 iustitio
1679 346 1761 381 magi-

972 386 1037 406 διε-ο.

976 430 999 463 l.
1017 430 1158 463 Tatianus
1174 432 1205 463 in
1218 433 1407 473 Assyriorum
1426 438 1504 465 terra
1521 437 1621 464 natum
1645 443 1677 464 se
1693 443 1760 465 esse

938 479 1073 507 testatur:
1098 477 1203 517 Syrum
1231 483 1314 508 vocat
1329 477 1523 518 Epiphanius,
1540 479 1646 510 haeres.
1664 479 1714 518 46,
1731 483 1760 509 et

937 520 966 550 in
979 519 1250 562 indiculo,pag.‘23t
1258 531 1285 560 ,θ
1294 523 1514 563 Mesopotamia
1525 523 1690 555 oriundum
1698 532 1761 555 esse

936 564 1022 596 dicit.
1036 566 1140 605 Syrum
1154 567 1243 597 etiam
1255 567 1415 607 appellavit
1427 567 1580 598 Tatianum
1589 567 1763 599 Theodore-

937 613 984 639 tus
994 609 1033 641 Ἡ.
1051 609 1114 642 Non
1130 611 1300 642 inusitatum
1317 616 1379 643 erat
1395 616 1425 643 ut
1447 611 1561 652 Assyrii
1587 617 1762 644 vocarentur

72 661 142 692 ergo
157 652 228 693 quin
251 657 310 684 tres
326 653 368 684 illi
387 662 488 685 versus
501 655 630 686 hominis
642 655 766 687 absurdi
779 657 894 688 facinus
936 654 987 694 qui
1004 653 1192 687 Ρδιωειὶηᾶῐη
1208 656 1380 687 ἱυοοιθιηιηι
1395 668 1403 693 ς
1420 657 1508 697 cujus
1523 657 1568 688 ι’θί
1589 657 1759 697 exemplum

73 697 248 728 exstiterint.
936 699 1106 739 suppeditat
1120 700 1303 732 Themistius
1318 701 1347 732 in
1365 701 1452 733 Orat.
1469 702 1496 736 '7.
1513 701 1563 733 ubi
1577 701 1651 732 illud
1677 701 1760 733 Scri-

112 743 241 773 Conatus
253 747 299 773 est
313 743 384 775 huic
400 743 567 776 icommodo
582 746 694 777 mederi
718 746 892 779 Halloixius.
937 748 1030 783 Pium
1044 754 1050 776 ἱ
1072 745 1133 776 σοι·
1146 746 1226 786 regis
1241 746 1275 777 ίη
1290 755 1383 777 manu
1394 747 1447 778 θεέ
1458 746 1500 784 ⁷2,
1523 755 1557 777 εἰ
1574 745 1760 787 Assyriorum

71 798 105 818 ac
121 787 259 825 cicutam,
273 797 338 828 qum
353 788 500 820 Justinum
519 791 647 828 sustulit,
660 801 807 822 venenum
822 791 895 822 iuvi~
907 816 925 831 ι,
937 788 1020 820 libris
1030 790 1241 831 depromptum
1257 801 1324 822 esse
1341 792 1458 824 asserit.
1486 792 1580 824 Statui
1600 800 1670 829 ergo
1701 800 1761 821 non

73 832 131 863 (liae
145 841 211 862 esse
231 832 418 877 cristimavit,
438 843 503 874 quae
518 834 708 866 Crescentem
735 836 770 867 ad
789 845 892 867 necem
906 832 926 842 ¹’
938 839 1141 874 ροιθδιυιτυιη
1154 836 1184 866 in
1201 835 1296 876 Syria.
1313 845 1349 866 an
1366 836 1395 866 in
1410 835 1529 877 Assyria
1540 835 1659 876 Proprie
1672 835 1759 871 (“Cla-

73 876 189 908 Justino
200 876 379 908 moliendani
392 878 510 918 impulit
523 879 581 910 Sed
595 880 671 911 hanc
683 880 895 920 interpretato—
937 883 996 913 aut.
1010 884 1041 909 ut
1056 880 1184 911 credidit
1197 880 1395 921 Epiphanius,
1411 881 1442 912 in
1453 880 1666 921 Mesopotamia
1677 884 1763 911 natus

76 931 142 953 nem
155 931 213 953 non
230 921 339 961 patitur
353 931 455 954 versus
469 923 519 955 ille
537 925 687 956 secundus
698 926 772 957 2031'
783 926 896 957 ebibis-
937 923 975 954 sit
989 923 1142 962 Tatianus,
1162 935 1228 956 cum
1245 926 1356 966 Assyrii
1372 935 1481 956 nomen
1505 925 1580 966 ipsis
1594 925 1684 956 etiam
1699 923 1762 956 He-

74 970 151 1004 sent,
175 967 229 1007 qui
242 967 453 1008 prwbuerunt,
465 969 573 1008 prius!
938 967 1027 999 bracis
1043 969 1203 1002 tribuatur.

113 1012 156 1043 Ex
169 1011 224 1043 hoc
237 1012 274 1042 de
288 1011 507 1044 Justinivmorte
522 1019 690 1046 commento
702 1020 770 1046 nata
786 1020 831 1046 est
841 1025 894 1046 oc-
977 1012 1108 1044 Primum
1119 1014 1235 1045 Taliani
1246 1014 1409 1046 institutum
1426 1013 1658 1055 superstitiofuit
1669 1017 1699 1045 et
1708 1021 1760 1043 ve-

73 1056 155 1087 cusio
166 1056 240 1087 duos
249 1057 381 1088 Justinos
390 1057 531 1098 ﬁngendi,
544 1059 670 1090 alterum
686 1059 895 1100 philosophum
937 1057 1060 1088 hemens
1077 1059 1175 1089 omnis
1190 1058 1363 1090 litteraturae
1382 1059 1524 1091 studium.
1541 1059 1633 1090 Docet
1647 1058 1712 1099 ipse
1728 1058 1758 1082 75

72 1106 102 1132 et
114 1101 254 1131 eximium
263 1101 451 1142 scriptorem,
465 1113 594 1144 eumque
609 1113 721 1135 veneno
746 1105 892 1135 sublatum
937 1107 1016 1133 tanta
1030 1112 1064 1133 se
1080 1104 1294 1144 superstitione
1310 1104 1472 1141 laborasse,
1490 1108 1522 1135 ut
1532 1104 1627 1135 variis
1643 1104 1677 1134 in
1687 1103 1759 1134 locis

72 1146 196 1177 alterum
208 1155 275 1177 cum
297 1147 387 1177 sociis
409 1146 580 1184 Charitone,
596 1149 760 1186 Cliaritina,
775 1150 893 1189 Paeone,
937 1149 1148 1187 mysteriorum
1162 1152 1317 1190 particeps
1328 1149 1412 1189 ﬁeret
1422 1158 1456 1180 ac
1467 1149 1577 1189 ubique
1589 1149 1757 1189 religiones

73 1190 228 1222 Liberiano
241 1191 360 1230 (legitur
375 1192 532 1223 Valeriano
547 1193 577 1223 in
595 1193 730 1233 Menaeo),
748 1193 894 1234 Evelpisto
935 1192 1109 1233 exploraret
1124 1192 1185 1224 Nec
1193 1198 1290 1225 tamen
1300 1194 1486 1233 totregiones
1494 1193 1617 1225 obeunti
1625 1193 1654 1224 id
1665 1192 1760 1223 solum

72 1239 101 1266 et
121 1235 247 1267 Hierace
260 1245 389 1276 passum.
405 1237 464 1268 Sed
482 1238 551 1268 huic
566 1238 700 1278 opinioni
726 1239 788 1279 ipsa
805 1240 893 1279 Acta,
936 1238 1119 1278 propositum
1136 1242 1247 1275 erat,ut
1258 1238 1410 1278 mysteriis
1423 1238 1601 1279 initiaretur,
1618 1237 1671 1268 sed
1687 1236 1760 1268 illud

72 1280 102 1311 in
119 1280 226 1321 quibus
241 1280 374 1312 Justinus
390 1281 419 1312 in
436 1281 517 1312 omni
540 1282 767 1323 disciplinarum
783 1291 894 1322 genere
936 1281 1022 1313 etiam
1035 1283 1208 1323 maxime,ut
1221 1283 1415 1324 multiplicem
1427 1283 1626 1314 eruditionem
1638 1281 1761 1321 collige-

71 1325 248 1356 exercitatus
259 1326 363 1363 fuisse,
377 1326 539 1367 discipulos
557 1327 678 1368 habere,
697 1337 765 1359 cum
792 1327 892 1358 omni-
935 1330 991 1358 ret.
1008 1326 1055 1357 Sic
1071 1326 1151 1358 enim
1163 1327 1292 1368 loquitur
1306 1328 1388 1358 deiis
1398 1337 1464 1368 quae
1475 1326 1693 1367 peregrinando
1705 1335 1758 1356 co-

71 1369 126 1400 bus
141 1369 319 1402 adeuntibus
334 1371 500 1402 doctrinam
511 1371 644 1403 veritatis
659 1371 891 1413 communicare,
935 1376 1085 1410 gnoverat,

976 1376 1085 1410 overat,
1104 1382 1134 1404 ll.
1153 1371 1213 1404 35:
1230 1377 1317 1401 Ταῦτα
1339 1374 1387 1411 μὲν
1417 1375 1446 1402 οὔ
1470 1368 1533 1412 παρ’
1559 1371 1641 1400 ἄλλου
1670 1371 1759 1409 μαθὼν

70 1423 103 1445 ac
113 1414 157 1445 bis
166 1414 290 1446 Romam
307 1415 423 1447 venisse
434 1416 596 1456 dicitur,ita
608 1417 816 1454 reclamant,ul
828 1426 893 1448 eam
935 1415 1072 1453 ἐξεθέμην,

973 1416 1072 1453 ηθέμην,
1105 1416 1210 1450 πολλὴν
1237 1417 1411 1457 ἐπιφοιτήσας
1446 1420 1509 1457 γῆν,
1538 1417 1583 1445 καιὶ
1608 1421 1685 1446 τοῦτο
1712 1415 1760 1451 μὲν

71 1469 128 1490 non
148 1460 242 1509 magis
258 1460 350 1492 libeat
362 1461 427 1492 data
436 1470 533 1509 _opera
548 1461 697 1509 refellere,
716 1472 802 1502 quam
815 1461 892 1502 quod
902 1483 923 1509 ο
936 1462 1098 1509 castoreum

973 1462 1108 1500 ῃιστεύπας
1137 1462 1170 1490 τὰ
1195 1462 1318 1501 ὑμετέρα,
1336 1467 1415 1491 τοῦτο
1450 1461 1477 1490 δὲ
1499 1462 1608 1501 τέχναις
1624 1462 1667 1489 καὶ
1698 1461 1760 1489 ἑπι-

69 1505 202 1544 Aponius
215 1506 342 1546 Scriptor
354 1505 454 1536 saeculi
464 1505 583 1546 septimi
592 1505 753 1538 deJustino
766 1506 840 1537 dixit
850 1506 892 1546 το,
905 1504 923 1509 “’
935 1504 1017 1536 volam
1033 1504 1098 1533 Eum

973 1505 1017 1536 ἷαιις
1033 1504 1194 1544 ἐπιχυρήσας
1211 1505 1338 1537 πολλαῖς.
1359 1517 1372 1533 ε
1389 1505 1458 1536 Haec
1474 1515 1534 1536 non
1549 1504 1585 1536 ab
1599 1504 1658 1535 alio
1672 1513 1759 1536 acce-

69 1559 136 1581 eutn
153 1560 170 1581 a
185 1551 372 1591 philosophis
387 1551 724 1588 occisum,cumcutlide
739 1552 893 1582 inaecreto
936 1552 984 1588 pla
998 1549 1191 1590 exposui,qui
1208 1549 1316 1580 multas
1331 1550 1420 1581 invisi
1434 1550 1586 1590 regiones,
1602 1559 1636 1580 ac
1651 1549 1756 1589 partim

69 1598 188 1627 vocatus
202 1595 238 1626 ab
255 1596 298 1626 cis
315 1595 428 1626 fuisset.
935 1593 1039 1624 vestris
1054 1593 1085 1624 in
1107 1594 1276 1634 discipiinis
1305 1594 1487 1625 exercitatus
1510 1603 1587 1631 sum,
1605 1593 1711 1634 partim
1728 1593 1758 1624 in

109 1641 214 1679 Magna
222 1641 284 1680 jam
301 1649 338 1671 ex
354 1645 436 1681 parte
448 1641 629 1680 explicataet
640 1640 735 1671 soluta
745 1640 891 1677 videntur,
933 1642 1011 1668 artes
1027 1642 1056 1668 et
1073 1638 1193 1669 inventa
1205 1639 1299 1670 multa
1312 1638 1415 1671 incidi.
1433 1650 1445 1669 ι
1459 1638 1543 1676 Quod
1558 1638 1601 1670 ait
1615 1638 1756 1670 Tatianus

67 1694 134 1725 quae
147 1685 289 1716 adversus
305 1686 366 1716 haec
383 1686 461 1716 Acta
477 1685 565 1725 objici
596 1685 722 1726 possint.
750 1685 891 1716 nimirum
934 1690 967 1713 Se
979 1681 1010 1713 in
1026 1682 1196 1714 Graecorum
1212 1683 1378 1724 disciplinis
1392 1684 1586 1715 exercitatum
1608 1683 1709 1721 fuisse,
1726 1682 1757 1713 id

68 1729 145 1770 quod
154 1739 230 1761 unus
239 1735 422 1762 memoratur
435 1730 744 1770 imperator,quamvis
758 1730 818 1761 duo
830 1730 892 1761 Bo-
934 1726 1079 1758 Eusebius
1110 1728 1147 1758 de
1179 1728 1301 1759 Tatiano
1313 1737 1405 1768 agens
1420 1728 1584 1759 imitatione
1600 1727 1755 1768 expressit.

68 1775 352 1816 manumimperium
366 1779 435 1806 tunc
444 1781 584 1814 regerent
601 1775 700 1815 ;quod
717 1775 848 1805 edictum
862 1774 893 1805 in
934 1775 1072 1809 Tan-ambs.

973 1775 1072 1809 τιαινὸς,
1101 1774 1198 1815 inquit
1232 1774 1275 1812 π,
1304 1775 1371 1814 ἆνῦρ
1392 1776 1437 1803 τὸν
1466 1779 1571 1814 πρῶτον
1601 1774 1679 1803 αἰντοῦ
1701 1774 1757 1811 βίον

67 1818 250 1850 Christianos
258 1819 376 1851 dedisse
383 1819 642 1860 dicitur.quamvis
654 1819 767 1851 nullum
777 1821 890 1850 Marcus
933 1819 1098 1858 σοφιστεύσας

973 1819 1105 1858 praecone
1129 1820 1157 1847 iw
1171 1826 1231 1852 τοῖς
1248 1815 1385 1855 Ἑλλήνων
1401 1821 1549 1857 μαθήμασι.
1571 1829 1583 1846 ι
1600 1817 1755 1855 Tatianus,

68 1864 170 1895 tulisse
186 1865 389 1904 perhibeatur;
401 1865 479 1906 quod
495 1864 627 1897 Iconium
644 1863 673 1894 in
692 1864 815 1904 Phrygia
831 1863 890 1895 col-
931 1862 975 1892 vir
985 1862 1080 1903 primo
1092 1864 1156 1894 vita!
1168 1874 1229 1895 suae
1242 1864 1376 1895 instituto
1392 1865 1422 1895 in
1435 1865 1608 1896 Graecorum
1625 1862 1757 1902 discipli-

66 1907 190 1941 locatur.
208 1909 328 1940 Duabus
339 1909 442 1950 primis
454 1908 677 1940 difficultatibus
686 1910 747 1948 jam
760 1907 888 1939 occurri.
932 1907 978 1938 nis
993 1908 1184 1940 exercitatus.
1204 1922 1217 1937 ι
1233 1909 1370 1940 Ruftinus
1394 1909 1466 1940 illud
1487 1909 1660 1949 σοφιστεύσας
1686 1916 1755 1938 ma-

66 1954 150 1990 Quod
162 1954 316 1993 spectatad
329 1954 455 1991 tertiam,
473 1963 532 1984 non
549 1953 657 1984 desunt
668 1953 718 1997 qui
730 1962 782 1994 pro
797 1953 889 1993 Phry-
927 1952 1055 1997 gistmm
1071 1953 1250 1994 eloquentiae
1262 1955 1359 1985 vertit:
1378 1954 1445 1984 hinc
1457 1953 1545 1984 etiam
1558 1952 1756 1992 Hieronymus

64 1999 111 2037 gia
126 1998 264 2029 Pisidiam
278 1999 333 2039 (sic
345 1999 425 2030 enim
438 1999 514 2039 apud
527 1998 679 2031 Basilium.
693 1998 889 2038 ep.l38,lco-
931 1996 1085 2029 Tatianum
1102 1999 1235 2038 primum
1246 2000 1414 2030 oratoriam
1427 1999 1581 2030 docentem
1603 2006 1663 2028 non
1680 2005 1755 2037 par-

66 2043 144 2073 nium
164 2043 279 2074 Pisidiae
290 2044 390 2074 civitas
399 2043 518 2083 dicitur)
526 2047 585 2082 ,aut
599 2052 650 2083 pro
662 2042 762 2073 Iconio
776 2044 889 2082 Lycao-
930 2050 997 2072 vam
1003 2043 1061 2073 sibi
1066 2052 1105 2074 ea:
1111 2047 1178 2075 arte
1184 2043 1337 2075 rhetorica
1344 2040 1757 2084 gtoriamcomparassc,The-

65 2088 143 2119 niam
161 2095 315 2128 reponant.
335 2090 432 2129 Atque
447 2089 508 2119 haec
520 2087 676 2127 responsio
687 2087 779 2128 aequis
789 2096 888 2117 rerum
900 2123 918 2129 _
931 2086 1070 2119 odoretus
1082 2089 1244 2128 sopliistam
1257 2088 1350 2120 fuisse
1361 2088 1445 2119 dicit.
1463 2089 1521 2120 Sed
1540 2087 1685 2127 Valesius,
1704 2086 1756 2128 qui

63 2123 291 2164 aestimatoribus
319 2123 489 2164 satisfacere
517 2123 652 2169 deberet,
683 2123 797 2162 etiamsi
829 2141 888 2162 non
900 2123 985 2162 Dllos
995 2132 1084 2164 duces
1095 2123 1126 2163 iii
1142 2133 1269 2164 Eusebio
1286 2133 1376 2164 latine
1390 2133 1545 2164 reddendo
1559 2123 1755 2163 secutus'fu'e-

63 2178 183 2208 aliunde
198 2183 348 2209 constaret
359 2177 507 2218 ejusmodi
523 2177 553 2208 in
568 2176 754 2217 designando
769 2176 887 2208 urbium

64 2223 120 2253 situ
137 2228 232 2254 errata
248 2233 326 2263 saepe
342 2232 377 2253 ex
394 2222 471 2253 notis
487 2221 763 2262 marginiappositis
779 2222 808 2252 in
819 2231 889 2252 con-

64 2272 173 2298 textum
190 2268 374 2308 Obrepsisse.

104 2312 157 2344 His
163 2322 228 2352 qua
239 2312 269 2343 in
281 2313 454 2345 Graecorum
468 2313 612 2343 Actorum
625 2311 725 2342 Latina
737 2311 887 2351 interpre-

65 2358 179 2388 tatione
195 2357 359 2394 emendavi,
377 2366 467 2388 unum
484 2361 528 2388 est
544 2357 622 2397 quod
637 2356 771 2396 adjicere
782 2355 886 2387 libeat.

65 2402 221 2433 Praefectus
236 2402 307 2433 dicit
321 2402 449 2438 Justino,
467 2412 496 2433 n.
512 2402 541 2434 4:
559 2402 667 2430 "Amos
696 2403 709 2429 ὁ
742 2401 887 2440 λεγόμινσς

63 2446 266 2486 λόγιοςάΑωὶ
277 2451 305 2477 tu
316 2446 366 2487 qui
379 2446 522 2487 eloquens
537 2456 605 2477 esse
621 2445 759 2477 dicerisu
776 2445 886 2483 Malim,

68 2502 80 2522 ‹
98 2492 147 2532 qui
163 2491 267 2522 doctus
283 2491 405 2523 diceris.
421 2504 435 2518 ι

929 2177 1024 2217 rat,ab
1034 2177 1077 2208 eis
1084 2178 1211 2209 discedit
1221 2178 1250 2208 in
1258 2178 1320 2208 suis
1326 2177 1620 2215 adnotationibus,ac
1627 2176 1701 2207 illud
1711 2187 1755 2204 σο-

930 2222 1146 2260 φιστεύσαςιιίιιίι
1155 2224 1193 2254 ad
1201 2222 1398 2263 eloquentiam
1408 2221 1628 2262 pertinere,sed
1634 2229 1753 2252 omnem

930 2265 1099 2298 Graecorum
1109 2267 1282 2307 sapientiam
1295 2272 1324 2298 et
1334 2267 1475 2298 liberales
1486 2266 1659 2305 disciplinas
1670 2274 1754 2296 com-

931 2310 1018 2350 plecti
1034 2310 1274 2343 observat.Addit
1287 2312 1445 2342 Tatianum
1457 2320 1491 2341 ex
1504 2309 1753 2352 peregrinationi-

931 2354 984 2385 bus
998 2355 1209 2396 philosophum
1229 2356 1334 2396 mogis,
1352 2365 1441 2396 quam
1467 2355 1665 2396 profeswrem
1688 2354 1754 2386 elo-

929 2400 1107 2439 quentiam:
1119 2410 1154 2431 eo
1165 2406 1264 2431 autem
1277 2401 1356 2441 quod
1369 2400 1434 2431 sine
1447 2400 1552 2431 ordine
1560 2409 1594 2430 ac
1612 2399 1753 2430 methodo

929 2445 1094 2486 scripserit,
1114 2455 1217 2486 parum
1233 2445 1263 2475 in
1289 2445 1415 2476 dicendo
1439 2445 1631 2476 exercitatum
1655 2445 1752 2483 argui.

929 2492 1040 2520 Auctor
1054 2490 1272 2521 dissertationis
1289 2491 1319 2521 in
1333 2490 1501 2526 Tatianum,
1519 2498 1583 2530 qua:
1592 2492 1658 2529 post
1669 2488 1752 2520 Ora-

928 2538 1042 2566 tionem
1053 2535 1166 2566 Tatiani
1179 2536 1287 2567 editam
1299 2535 1403 2567 Oxonii
1420 2534 1527 2574 legitur
1541 2534 1581 2574 (is
1595 2538 1694 2565 autem
1707 2536 1756 2566 est

925 2580 1115 2612 doctissimus
1130 2580 1221 2612 abbas
1235 2581 1273 2611 ile
1289 2581 1473 2619 Longuerue)
1486 2579 1647 2611 assentitur
1662 2579 1753 2611 Vale-

924 2625 979 2665 sio,
991 2625 1115 2665 ejusque
1125 2624 1303 2656 sententiam
1319 2624 1476 2655 confirmat
1490 2623 1538 2655 his
1548 2623 1668 2655 Tatiani
1683 2632 1752 2655 ver—

925 2669 971 2701 bis
981 2669 1022 2698 75:
1042 2665 1070 2699 ’0
1086 2670 1145 2698 κατ’
1161 2669 1315 2708 Ἐπίκουρον
1344 2669 1516 2710 σοφιστεύων,
1537 2681 1548 2698 ε
1567 2667 1619 2709 qui
1634 2667 1753 2710 Epicuri

103 2742 133 2767 ⁷ο
145 2740 286 2774 Biblioth.
303 2743 394 2783 Patr.,
412 2747 432 2773 t.
450 2743 473 2779 l,
486 2751 514 2784 p.
534 2742 605 2775 279.
618 2741 644 2767 τί
662 2741 759 2774 Ν.42.
779 2742 810 2768 7³
823 2744 911 2776 Prov.
927 2753 988 2786 xxx,
1004 2745 1031 2776 t.
1046 2743 1098 2776 731‘

973 2743 1074 2786 [,1.τ⁸
1087 2745 1120 2776 Ν.
1137 2744 1188 2776 29.
1204 2743 1231 2766 τι
1244 2742 1319 2775 Hist.
1337 2752 1376 2781 IV,
1394 2743 1442 2775 16.
1459 2743 1491 2769 75
1504 2743 1542 2775 Ν.
1560 2742 1608 2774 l5.
