1974 3069
214 107 268 143 161

716 113 750 144 D.
774 112 926 144 MARANI
950 108 1161 142 PREFATIO.
1177 126 1215 132 —
1231 110 1328 142 PARS
1343 110 1396 141 IlI.
1426 135 1429 139 .

1851 108 1909 142 162

211 177 429 217 philosophiam
446 182 586 210 sectatur.
605 190 617 205 κ
635 177 699 209 Non
713 177 860 208 immerito
876 186 947 208 sane
963 176 1036 217 reji-
1049 179 1066 203 Α
1080 175 1180 207 torica:
1196 176 1412 216 professionem
1424 176 1648 214 aﬂinxerunt,et
1663 176 1714 217 qui
1731 176 1823 208 solam
1844 175 1893 216 plii

213 221 296 252 ciunt
311 222 419 253 eruditi
437 222 480 253 illi
495 223 546 253 viri
563 223 640 262 quod
666 223 819 253 Tatianum
846 221 1042 262 Hieronymus

212 271 242 297 et
254 267 391 297 Bullinus
406 267 585 298 rhetoricam
598 268 750 303 docuisse.
768 267 975 298 Thendorelus
992 275 1043 296 so-

216 311 342 350 phistam
368 312 461 342 fuisse
490 321 593 352 parum
621 311 701 343 belle
724 312 869 343 dixerant.
891 311 963 342 Nam
981 312 1043 351 ipse

212 356 352 386 Tatianus
368 365 427 386 non
445 357 573 387 obscure
603 357 812 396 philosophum
838 365 870 388 se
885 361 1041 396 antequam

217 400 419 432 Christianum
436 401 527 432 fuisse
544 400 738 432 declarat.Sic
753 401 832 432 enim
850 400 1043 441 philosophos

213 445 385 486 alloquitur,
418 455 448 477 n.
478 445 539 477 262
575 447 695 484 Δημοσίᾳ
724 447 773 483 μὲν
800 447 849 485 γὰρ
878 447 1040 484 πομπεύετε,

214 491 275 522 τοὺς
303 489 330 518 δὲ
358 490 454 529 λόγους
487 490 528 519 ἐπὶ
559 491 656 529 γωνίας
680 491 873 530 ἀποχρύπτετε,
904 491 1040 520 Totoutw:

212 536 282 572 ὒμᾶς
312 535 466 574 ἐπιγνοντες
493 535 725 573 καταλελοίπαμεν
756 537 799 564 καὶ
834 540 886 563 τῶν
908 535 1040 574 ὑμετέρων

216 579 302 608 οὐκέτι
323 580 454 617 ψιύομεν,
472 584 538 608 Θεοῦ
554 580 580 607 δὲ
610 579 682 619 λόγῳ
698 580 955 618 κατακνλωθοῦμεν.
977 592 990 606 ι
1009 579 1040 609 lu

216 623 336 664 publico
346 632 470 663 pompas
479 624 586 663 agitis;
604 633 760 654 sermones
771 629 868 654 autem
879 623 909 654 in
926 623 1042 662 angulis

213 667 490 699 occultatis.Missos
504 677 554 699 vos
565 669 771 706 fecimus,cum
789 669 861 699 tales
876 677 1040 707 cognosce--

1086 220 1231 259 lorophiar.
1245 221 1364 251 laudem
1382 220 1564 251 detulerunt.

1127 264 1223 296 ll.Scd
1237 266 1298 296 haec
1310 266 1410 296 omnia
1421 265 1608 296 ethnicorum
1632 265 1767 296 instituta
1775 265 1907 296 animum

1085 308 1202 340 Tatiani
1219 309 1359 340 inanibus
1375 310 1482 341 studiis
1493 309 1667 340 demulcere
1682 310 1911 350 poterant,cupi-

1085 354 1206 385 ditatem
1235 354 1295 384 vrri
1323 354 1525 393 cognoscendi
1549 355 1660 385 satiare
1686 364 1744 384 non
1760 359 1907 394 poterant.

1085 397 1239 429 Fastidivit
1253 398 1424 430 Graecorum
1440 399 1612 438 religiones.
1627 403 1783 439 postquam
1801 408 1862 434 eas.
1879 404 1910 429 ut

1086 444 1150 483 ipse
1166 449 1267 474 narrat
1281 444 1323 479 75.
1339 444 1376 474 ab
1388 443 1568 474 eﬂ'eminatis
1579 450 1609 474 et
1621 443 1743 474 cinaedis
1758 443 1910 483 procurari

1086 489 1170 524 vidit,
1188 493 1216 518 et
1230 488 1332 520 Jovem
1350 488 1491 518 latiarem
1511 487 1587 529 apud
1605 488 1754 518 Romanos
1767 488 1911 527 sanguine

1084 532 1212 562 humano
1229 533 1384 570 delectari,
1395 542 1428 563 ac
1442 531 1564 563 Dianam
1583 542 1641 563 non
1659 532 1761 572 procul
1777 533 1905 572 Megalo-

1083 577 1153 616 poli.
1171 582 1200 608 et
1223 577 1298 608 alios
1310 577 1382 608 alibi
1398 578 1549 608 daemones
1572 577 1720 616 ejusmodi
1743 577 1906 608 sceleribus

1084 621 1192 661 placari
1209 622 1345 661 cognovit
1360 621 1434 662 ipsae
1443 623 1534 653 etiam
1551 622 1716 662 disciplinae
1731 622 1848 652 ttedium
1864 622 1905 653 illi

1084 674 1252 705 moverunt,
1271 668 1361 708 stylus
1376 669 1504 707 Atticus,
1523 668 1768 708 philosophorum
1784 670 1901 705 sorites,

215 721 338 749 remus;
356 721 411 743 nec
422 713 484 752 jam
500 713 538 744 de
553 713 642 744 rebus
659 713 764 744 vestris
778 713 937 753 quidquam
953 713 1039 744 attin-
1081 713 1452 751 geometria,astronomia,
1465 715 1544 752 leges
1559 713 1588 742 in
1606 712 1733 753 publicis
1745 711 1834 743 rebus
1848 712 1903 742 ad-

215 757 324 796 gimus,
354 757 405 787 sed
435 757 557 788 verbum
579 757 631 789 Dei
661 762 820 790 sectamur.
841 770 854 785 ι
871 758 1038 794 Quinetiam
1081 757 1285 788 ministrandis
1298 758 1418 789 sancitai
1429 758 1470 789 7⁷.
1485 757 1616 788 Tandem
1628 757 1728 788 divino
1743 756 1902 792 beneﬁcio,

213 800 426 849 Tatianusﬁtsi
438 802 483 849 his
491 802 590 849 verbis
599 812 633 849 se
642 801 810 834 Graecorum
822 802 1036 849 philosophiam
1051 825 1068 849 Β
1080 802 1127 849 cui
1140 807 1236 849 tamen
1248 803 1396 849 ingratum
1413 806 1489 849 seret
1504 802 1684 849 degenerem
1702 801 1901 849 exhibuit,\_'e-

213 846 333 876 missam
344 846 451 877 fecisse
462 846 583 882 indicat.
603 847 721 878 videtur
732 842 829 878 tamen
842 847 871 877 in
885 849 947 887 ipsa
963 847 1036 878 reli-
1051 842 1068 850 “’
1080 846 1151 877 ritas
1165 847 1201 878 ad
1219 848 1282 886 ejus
1301 847 1580 884 fulsitoculos,dum
1596 847 1627 877 in
1641 854 1740 877 sacras
1755 846 1900 878 Christia-

211 890 300 929 gione
315 889 610 928 Christiana,Justini
629 892 760 931 magistri
776 892 1035 932 exemplo,nomen
1079 901 1184 922 norum
1198 893 1366 932 Scripturas
1382 892 1498 924 incidit.
1522 891 1572 924 Sic
1589 893 1654 932 ipse
1670 901 1733 922 rem
1749 891 1899 932 edisserit,

211 935 381 975 philosophi
388 945 423 966 ac
431 936 495 976 ipsa
501 936 590 966 etiam
596 936 722 968 fortasse
732 936 1034 976 insigniaretiuuisse.

1096 960 1108 965 η.
1126 937 1165 967 ἓξ)
1182 946 1189 968 2
1216 937 1284 967 Kn'
1313 937 1428 975 ἐμαυτὸν
1455 938 1596 976 γενόμενος
1622 937 1731 972 ἐζήτουν
1746 936 1799 973 ὅτῳ
1812 937 1902 976 τρόπῳ

211 978 284 1010 Nam
300 988 370 1010 sese
379 990 446 1011 cum
456 980 571 1012 Justino
582 981 660 1012 inter
679 981 870 1022 philosophos
886 986 1033 1018 numerat,

1096 981 1191 1015 ἀληθὲς
1234 982 1348 1021 ἐξευρεῖν
1381 982 1504 1020 δύναμαι.
1534 986 1699 1021 Περινοοῦντι
1739 981 1766 1010 δέ
1795 992 1839 1018 μοι
1869 982 1900 1008 τὰ

211 1032 280 1054 cum
291 1025 328 1054 de
337 1024 456 1055 structis
467 1024 583 1065 utrique
594 1034 611 1055 a
621 1024 780 1056 Crescente
797 1025 905 1065 Cynico
918 1025 1035 1057 insidiis

1096 1026 1209 1055 πουδιῖι
1230 1026 1327 1060 συνέϐη
1355 1034 1471 1066 γραφαῖς
1508 1038 1574 1056 τισιν
1611 1026 1734 1066 ἐντυχεῖν
1771 1024 1899 1065 βιρόαρι-

211 1068 255 1098 sic
270 1068 411 1108 loquitur,
429 1069 538 1101 [1.19:
570 1071 647 1102 Τίνας
677 1069 704 1098 δὲ
736 1070 766 1098 ἂν
792 1072 835 1099 καὶ
862 1069 951 1103 διῶξαι
980 1074 1034 1100 τῶν

1096 1078 1150 1111 atq,
1180 1070 1366 1111 πρεσϐυτέραι)
1389 1072 1437 1108 μὲν
1457 1073 1494 1104 ὼς
1521 1073 1586 1110 πρὸς
1620 1073 1653 1100 τὰ
1681 1070 1818 1106 Ἑλλήνων
1846 1070 1893 1098 δό-

211 1113 366 1154 φιλοσόορων
395 1114 418 1141 εἰ
442 1115 480 1152 μὴ
508 1114 603 1150 μόνου(
633 1116 704 1152 ἡμᾶς
721 1114 838 1151 εἴηιθινς
858 1125 870 1143 ι
884 1113 1034 1150 Quasnam
1075 1126 1174 1155 γματα,
1205 1116 1349 1155 Θειοτέριις
1377 1115 1404 1144 δέ
1426 1118 1463 1148 ὡς
1484 1118 1549 1156 πρὸς
1575 1117 1623 1150 τὴν
1645 1116 1750 1144 ἐκείνων
1778 1115 1893 1148 πλάνην.

213 1161 313 1188 autem
328 1157 575 1198 philosophorum
592 1159 650 1190 nisi
666 1169 720 1190 nos
736 1159 815 1190 solos
833 1159 970 1191 insectari
984 1169 1035 1190 so-

213 1201 318 1232 lebat?
334 1215 348 1230 ι

254 1245 294 1277 Ex
305 1247 353 1278 his
365 1252 444 1288 patet
461 1247 671 1288 philosophum
688 1248 779 1279 fuisse
793 1248 947 1279 Tatianum
960 1259 967 1289 ;
986 1249 1037 1280 sed

219 1294 318 1322 tamen
333 1291 374 1322 ita
390 1291 584 1333 philosophiae
596 1293 714 1323 deditus
733 1293 798 1330 fuit,
819 1298 850 1323 ut
864 1302 923 1324 non
941 1294 1038 1324 minus

216 1345 316 1376 operae
326 1340 355 1367 et
365 1337 456 1368 studii
466 1338 494 1367 in
503 1340 597 1377 poetis
609 1343 638 1368 et
653 1338 823 1369 oratoribus
837 1338 1037 1379 perlegendis,

213 1389 248 1412 ac
260 1381 343 1412 omni
353 1381 529 1422 antiquitate
538 1381 741 1422 investiganda
751 1384 885 1423 posuisse
892 1383 1036 1416 videatur.

214 1423 317 1465 Neque
333 1426 415 1457 enim
425 1427 564 1457 assentiri
574 1436 692 1467 possum
705 1428 831 1458 eruditis
842 1428 911 1458 viris
919 1427 1037 1459 Eusebii

213 1469 311 1500 locum
341 1470 381 1501 ita
395 1470 432 1502 ad
449 1471 666 1512 philosophiam
690 1471 900 1512 referentibus,
917 1478 950 1503 ut
977 1482 1036 1503 non

1079 1161 1127 1189 Καί
1143 1171 1188 1198 μοι
1217 1162 1356 1194 πεισθῆνιιι
1385 1161 1493 1193 ταύταις
1522 1160 1618 1194 συνέϐη
1640 1160 1681 1188 διά
1696 1171 1724 1188 τε
1739 1163 1792 1188 τῶν
1807 1159 1901 1192 λέξεων

1079 1206 1109 1232 τὸ
1139 1205 1247 1244 ἄτυφον,
1277 1208 1321 1233 καὶ
1349 1209 1401 1234 τῶν
1426 1206 1555 1234 εἰπόντων
1569 1207 1600 1234 τὸ
1615 1205 1830 1244 ἀνεπιτήδευτον,
1859 1206 1901 1232 καὶ

1080 1251 1128 1282 τὴς
1150 1252 1196 1278 to}
1218 1252 1316 1281 παντὸ,
1349 1251 1480 1285 ποιήσεως
1506 1251 1537 1278 τὶ)
1563 1249 1775 1289 εὖκτιτάληπτον,
1789 1251 1833 1277 χαὶ
1849 1251 1902 1276 τών

1080 1294 1232 1332 μελλόντων
1275 1296 1305 1322 τὸ
1347 1296 1557 1334 προγνωστικὸν,
1587 1296 1632 1322 sui
1663 1298 1715 1322 τῶν
1744 1294 1900 1333 παραγγελ-

1079 1340 1171 1376 μάτων
1193 1340 1223 1366 τὸ
1252 1338 1375 1374 ἐξαίσιον,
1412 1339 1456 1366 sui
1482 1342 1534 1366 τὼν
1563 1338 1632 1366 ὅλων
1661 1339 1692 1366 τὸ
1722 1338 1898 1377 μονιρχικόι.

1082 1395 1095 1410 ε
1109 1382 1181 1416 Cum
1199 1392 1246 1413 me
1262 1383 1328 1418 ipse
1343 1381 1696 1422 collegissem,quomodo
1710 1391 1809 1412 verum
1821 1383 1899 1412 inve-

1079 1428 1145 1458 nire
1156 1437 1273 1468 possem
1283 1427 1612 1468 inquirebam,cumque
1619 1427 1752 1457 animum
1765 1436 1818 1466 per
1827 1426 1900 1466 opti-

1079 1481 1126 1502 ma
1137 1481 1262 1512 quaeque
1272 1472 1569 1509 institutaversarem,
1588 1471 1617 1502 in
1631 1471 1776 1510 quosdam
1791 1471 1898 1501 barba-

213 1514 311 1545 solum
328 1516 485 1546 rhetoricze
495 1516 777 1556 professionem,sed
794 1517 880 1548 etiam
893 1517 1034 1557 eloquen-
1046 1518 1064 1543 C
1077 1517 1155 1547 ricos
1170 1517 1261 1548 libros
1277 1516 1379 1553 incidi,
1397 1517 1580 1557 antiquiores
1595 1524 1680 1558 quam
1693 1520 1724 1547 ut
1738 1525 1805 1551 cum
1822 1515 1900 1547 Grae-

215 1557 263 1590 tiie
277 1559 394 1590 laudem
412 1559 534 1591 Taliano
556 1560 741 1600 abjudicent.
759 1561 841 1592 illius
856 1562 1037 1602 antiquitatis

212 1604 415 1643 cognitionem
432 1605 564 1636 declarat
580 1606 685 1637 Oratio
692 1606 837 1638 adversus
853 1606 976 1638 Graecos
986 1616 1036 1638 re-

213 1649 333 1679 condita
346 1650 516 1681 eruditione
524 1650 692 1687 abundans;
703 1650 867 1682 studiosum
881 1656 1034 1691 poetarum

213 1697 243 1724 et
253 1698 404 1725 oratorum
416 1695 507 1726 fuisse
517 1695 700 1726 demonstrat
714 1696 833 1726 dicendi
843 1705 938 1736 genus
947 1696 1035 1728 lima—

213 1737 334 1769 tissimis
342 1739 464 1780 picturis
476 1744 505 1772 et
513 1740 638 1780 poeticis
650 1741 850 1771 venustatibus
859 1741 1034 1778 coloratum,

213 1791 246 1813 ac
263 1783 420 1814 verborum
437 1784 601 1815 luminibus
613 1789 642 1815 et
652 1785 838 1816 ornamentis
849 1785 1034 1817 distinctum.

213 1826 381 1862 Quinetiam
399 1828 573 1869 disciplinas
581 1828 761 1867 Grecorum,
775 1829 804 1860 in
814 1829 922 1870 quibus
937 1829 1036 1861 Tatia-

213 1881 284 1902 num
294 1873 484 1904 exercitatum
503 1873 595 1904 fuisse
617 1882 652 1904 ex
663 1874 792 1905 Eusebio
803 1879 891 1914 atque
900 1874 987 1904 etiam
1003 1884 1039 1905 ex

212 1916 277 1957 ipso
293 1916 416 1948 Tatiano
431 1918 586 1956 discimus,
602 1927 662 1949 non
694 1918 912 1959 philosophiam
929 1919 1037 1959 solum,

213 1961 265 1992 sed
276 1961 350 1993 alias
360 1963 449 1993 etiam
463 1967 542 1994 artes
552 1962 678 2002 intelligi
689 1967 827 2003 oportere
844 1964 1040 2004 perspicimus

213 2015 248 2036 ex
260 2006 344 2038 initio
356 2007 515 2039 Orationis
525 2008 670 2039 adversus
689 2008 821 2046 Graecos,
833 2008 883 2040 ubi
899 2008 1040 2040 Tatianus

213 2050 258 2081 sic
272 2050 412 2091 loquitur,
431 2057 487 2084 n.l
508 2062 515 2084 2
543 2052 744 2090 Ἀπεταξάμεθα
765 2056 800 2091 τῇ
821 2054 882 2093 παρ’
904 2055 967 2091 ὑμῖν
989 2065 1039 2083 σο-

212 2096 269 2136 φίᾳ,
285 2095 334 2124 κᾶν
357 2097 379 2124 εἰ
407 2097 476 2125 πάνυ
504 2097 600 2135 σεμνός
625 2108 665 2130 τις
690 2097 765 2135 ᾒνέν
779 2100 885 2136 αὐτῇ...
911 2094 1036 2136 Ῥητορι-

1079 1570 1180 1592 corum
1199 1563 1375 1602 disciplinis,
1392 1562 1551 1592 diviniores
1565 1571 1652 1602 quam
1669 1566 1701 1592 ut
1716 1571 1782 1592 cum
1796 1570 1900 1592 eorum

1079 1606 1230 1638 erroribus
1241 1606 1505 1639 conferantur.Usu
1516 1607 1588 1638 mihi
1600 1607 1698 1638 evenit
1710 1611 1742 1637 ut
1757 1607 1802 1636 his
1811 1606 1899 1637 ﬁdem

1077 1650 1220 1682 haberem
1237 1656 1359 1692 propter
1373 1652 1493 1683 dicendi
1503 1661 1597 1692 genus
1610 1652 1732 1682 minime
1746 1660 1897 1690 arrogans,

1078 1699 1256 1736 scriptorum
1267 1697 1417 1736 ingenium
1428 1696 1543 1727 artificii
1554 1696 1807 1737 expers,universi
1819 1705 1901 1727 crea-

1078 1741 1167 1772 tionis
1178 1742 1406 1782 explicationem
1418 1747 1504 1782 captu
1515 1742 1813 1779 t‘acilem,l‘uturorum
1824 1750 1900 1782 prse-

1079 1785 1508 1827 cognitionem,praaceptorum
1522 1786 1780 1824 excellentiam,ac
1795 1787 1899 1826 singu-

1079 1829 1171 1860 larem
1189 1832 1394 1862 universorum
1413 1832 1624 1871 principatum.
1644 1842 1659 1861 ›

1121 1875 1197 1906 lllud
1227 1876 1316 1906 etiam
1343 1875 1497 1907 Tatianum
1531 1876 1657 1907 maxime
1679 1875 1854 1914 adducebat,
1872 1881 1903 1906 ut.

1081 1919 1278 1951 Christianam
1295 1921 1470 1960 religionem
1488 1921 1657 1959 miraretur,
1674 1921 1751 1961 quod
1769 1930 1822 1961 per
1836 1929 1901 1952 eam

1080 1964 1232 1996 hominem
1247 1974 1282 1996 ex
1293 1966 1436 1996 servitute
1447 1966 1613 2003 liberari,et
1624 1965 1653 1996 in
1668 1966 1824 2006 pristinum
1840 1970 1900 1996 sta-

1082 2013 1193 2040 tumex
1206 2020 1265 2050 quo
1281 2011 1389 2042 misere
1401 2011 1578 2049 decidimus,
1592 2010 1736 2042 vindicari
1750 2010 1900 2050 intellige-

1079 2059 1136 2085 ret.
1155 2054 1205 2086 Sic
1231 2057 1310 2086 enim
1338 2056 1444 2096 pergit,
1463 2055 1536 2087 ibid.
1557 2065 1563 2085 :
1594 2055 1766 2084 Θεοειδάχτου
1794 2055 1822 2083 δέ
1851 2067 1900 2092 μου

1077 2100 1222 2139 γινομένης
1251 2103 1300 2134 τῆς
1327 2101 1418 2141 ψυχῆς
1446 2103 1558 2137 συνῆκα,
1576 2100 1619 2129 ὅτι
1634 2102 1667 2128 τὰ
1689 2100 1738 2138 μὲν
1753 2100 1898 2134 καταδίκης

212 2141 262 2174 κήν
287 2141 336 2178 μὲν
365 2142 415 2181 γὰρ
442 2141 486 2169 ἐπ’
515 2141 601 2178 ἀδικίᾳ
629 2143 673 2170 καὶ
708 2144 868 2182 συκοφαντίᾳ
905 2145 1138 2190 συνεστή-οὲχει
1154 2146 1263 2183 τρόπον,
1292 2146 1324 2174 τὰ
1352 2145 1380 2174 δὲ
1397 2146 1439 2175 ὅτι
1470 2146 1525 2174 λύει
1549 2146 1599 2180 τὴν
1613 2146 1640 2174 ἐν
1655 2147 1749 2184 κόσμῳ
1770 2145 1898 2182 δουλείαν,

212 2186 346 2216 ποθι...
370 2187 516 2220 ποιητικὴν
545 2186 572 2215 δὲ
604 2187 696 2227 μᾶχας
723 2187 770 2215 ’ἱνα
805 2189 967 2222 ουντάσσητε
995 2190 1040 2219 καὶ

212 2231 278 2258 θεῶν
308 2230 408 2270 ἔρωτας
431 2232 474 2273 κειὶ
497 2233 591 2271 ψυχῆς
628 2231 778 2272 διαφθοράν.
809 2232 838 2261 Τί
865 2234 915 2273 γὰρ
943 2235 1041 2272 σεμνὸν

212 2273 416 2315 φιλοσοφοῦντες
450 2275 633 2316 ἓξηνέγκατε;
662 2277 702 2309 τίς
732 2276 758 2305 δὲ
781 2280 835 2305 τῶν
866 2278 935 2306 πάνυ
957 2289 1041 2307 σπου-

213 2317 293 2346 δαίων
308 2319 462 2356 ἂλαζονείας
485 2321 534 2354 ’ἐξω
562 2320 725 2354 καθέστηκεν
743 2334 750 2361 ,
785 2332 796 2349 ι
816 2321 976 2361 Sapientia;
993 2332 1038 2354 ve-

212 2367 282 2393 strae
297 2365 433 2395 nuntium
449 2364 631 2402 remisimus,
648 2365 765 2396 etiamsi
781 2366 860 2406 pluit
875 2375 943 2398 num
956 2367 985 2398 in
1006 2377 1041 2398 ea

212 2408 361 2439 excellere
377 2409 599 2441 videremur....
617 2410 690 2440 Nam
707 2415 737 2441 et
748 2411 928 2442 rhetoricam
945 2412 981 2443 ad
997 2413 1042 2443 in-

208 2452 357 2491 justitiam
367 2458 397 2484 et
406 2454 586 2485 calumniam
596 2453 964 2496 instituistis....poeticam
971 2466 1040 2488 vero

212 2502 244 2528 ut
262 2507 374 2538 pugnas
389 2498 601 2531 describeretis
617 2503 645 2529 et
663 2499 788 2530 deorum
802 2506 962 2536 amores,et
978 2501 1042 2532 ani-

212 2543 565 2583 marcorruptelamﬂuid
575 2543 655 2574 enim
664 2544 901 2585 philosophaudu
908 2546 1040 2586 praeclari

213 2587 393 2626 protulistis,
412 2594 464 2619 aut
479 2588 546 2629 quis
561 2597 597 2618 ex
612 2588 660 2626 iis,
673 2589 724 2629 qui
740 2590 976 2629 praestantissimi
992 2592 1039 2622 ha-

212 2630 268 2663 bili
285 2637 365 2670 sunt,
383 2638 466 2664 extra
494 2634 692 2673 arrogantiam
722 2634 901 2666 constitutus
926 2635 1008 2666 fuit?
1028 2648 1038 2664 ι

210 2674 361 2709 Videntur
376 2687 446 2718 ergo
460 2680 577 2719 utrique
592 2687 708 2710 errasse
724 2679 813 2719 etqui
829 2679 953 2711 Tatiano
967 2680 1039 2712 rhe-

248 2750 280 2775 ⁷⁶
292 2751 330 2783 Ν.
345 2751 396 2783 29.
439 2751 470 2776 ⁷⁷
487 2750 523 2782 Ν.
539 2750 589 2782 2⁵1.

1081 2191 1125 2218 καὶ
1153 2190 1291 2229 ἀρχόντων
1307 2191 1356 2228 μὲν
1379 2190 1497 2229 πολλῶν,
1519 2191 1564 2219 καὶ
1586 2191 1685 2230 μυρίων
1705 2192 1777 2228 ἡμᾶς
1792 2192 1902 2226 ἀποσπᾷ

1081 2235 1225 2274 τυράννων,
1255 2234 1345 2263 δίδωσι
1375 2234 1403 2263 δὲ
1429 2236 1497 2273 ἡμῖν
1526 2237 1579 2276 οὺχ
1607 2235 1671 2274 ὅπερ
1691 2235 1730 2273 μὴ
1759 2234 1900 2272 ἐλάϐομεν,

1082 2278 1141 2307 ἀλλ’
1165 2279 1230 2320 ὅπερ
1257 2279 1381 2312 λαϐόντες
1409 2281 1460 2308 ὑπὸ
1480 2283 1530 2314 τῆς
1551 2280 1654 2314 πλάνης
1675 2280 1748 2320 ἔχειν
1763 2279 1900 2314 ἐκωλύθη-

1082 2335 1131 2362 μεν
1166 2325 1284 2364 αιιιιίιιιθ
1300 2329 1402 2355 mente
1418 2333 1485 2355 mea
1495 2325 1635 2355 divinitus
1650 2324 1755 2355 edocta
1771 2324 1902 2355 intellexi

1082 2369 1137 2400 ista
1152 2369 1272 2409 quidem
1287 2369 1527 2400 condemnationi
1543 2369 1644 2401 alﬁnia
1658 2369 1776 2409 e.~se,ah
1791 2369 1837 2400 his
1851 2379 1903 2400 au-

1082 2419 1141 2444 tem
1159 2414 1328 2444 servitutem
1345 2414 1425 2444 illam
1440 2423 1506 2455 quae
1523 2416 1551 2444 in
1581 2415 1693 2446 mundo
1709 2417 1753 2444 est
1769 2414 1902 2450 dissolvi,

1083 2467 1197 2498 nosque
1212 2467 1229 2489 a
1244 2459 1343 2489 multis
1369 2458 1552 2499 principibus
1577 2463 1607 2490 et
1632 2458 1757 2489 inﬁnitis
1772 2459 1903 2499 tyrannis

1083 2503 1255 2544 liberari,ac
1265 2504 1343 2534 dono
1358 2504 1460 2543 augeri
1481 2513 1540 2534 non
1557 2504 1608 2534 illo
1623 2503 1743 2544 quidem
1759 2504 1832 2534 alias
1845 2513 1903 2534 non

1084 2557 1238 2586 concesso,
1256 2549 1307 2580 sed
1323 2549 1403 2589 quod
1418 2554 1573 2589 acceptum
1600 2548 1732 2579 retinere
1746 2557 1831 2580 error
1846 2558 1903 2579 non

1082 2599 1226 2665 ωιῗξῗίίω
1234 2633 1374 2665 Tatlanus
1390 2633 1588 2665 Christianam
1604 2633 1777 2674 religionem
1790 2633 1906 2664 videtur

1082 2679 1237 2720 amplexus
1253 2677 1406 2711 esse.Nam
1418 2687 1484 2709 cum
1497 2688 1530 2709 se
1541 2678 1644 2709 multis
1652 2678 1824 2718 regionibus
1839 2686 1905 2720 per-
