1974 3069
227 70 278 105 171
679 72 712 105 S.
732 70 917 106 JUSTINUS
936 70 1200 105 PHILOSOPHUS
1220 72 1269 105 ET
1295 73 1467 107 MARTYR.
1858 70 1917 109 i72

224 151 280 172 nus
292 144 429 172 accurata
439 139 640 173 distinctione.
655 139 805 171 utTatiani
817 143 927 171 sectam
940 140 1079 172 saeculoA
1090 143 1255 180 pugnantes
1283 140 1394 172 refellit
1420 142 1450 172 in
1476 145 1536 172 toto
1564 141 1639 173 libro
1668 141 1753 174 tertio
1770 142 1916 174 Suoma-

224 190 328 226 quarto
344 184 493 216 interiisse
514 184 661 216 crederet.
677 185 714 216 At
726 194 792 215 cum
809 185 975 216 Encratitas
990 185 1028 216 ho

1108 194 1154 215 um
1168 188 1193 211 91
1209 195 1217 216 :
1234 186 1300 225 Φέρε
1315 187 1352 217 εἷς
1374 185 1418 214 δύο
1433 186 1564 219 διελόντες
1575 187 1736 226 παρέγματα
1748 188 1852 221 ἁπάσας
1867 188 1913 219 τὰς

151 1419 155 1423 .
207 1395 286 1435 χόοεν
314 1395 478 1435 ἀπατῶντες,

224 231 335 261 smculo
351 229 497 261 exstitisse
508 238 543 259 ex
558 229 623 268 ipso
634 229 801 269 Epiphanio
818 233 927 270 pateat,
944 234 974 261 et
988 239 1046 261 ma-

222 275 300 306 xime
317 284 352 305 ex
367 275 487 312 Basilio,
503 273 580 314 apud
595 283 683 314 quem
706 283 764 305 non
778 284 869 314 pauca
878 275 915 306 de
926 275 1044 306 illorum

222 320 398 360 baptismate
415 319 551 359 leguntur
562 318 605 357 89,
623 320 791 351 necessario
808 320 943 360 sequitur
957 319 1044 351 insti-

222 368 314 395 tutam
330 373 347 395 a
361 363 486 394 Tatiano
503 367 625 401 sectam,
643 373 709 404 qum
723 373 782 394 non
807 364 863 394 alia
892 367 936 394 est
957 373 1044 404 quam

221 407 451 449 Encratitarum,
466 408 502 439 ad
515 408 571 438 hoc
587 412 703 448 tempus
720 417 938 449 perseverasse.
955 409 1043 440 Basi-

221 453 290 493 lius,
302 453 357 484 etsi
373 452 528 484 hzereticos
535 452 650 484 solebat
657 453 932 493 rebaptizare,duos
943 457 1041 484 tamen

221 507 257 528 ex
273 499 328 529 hac
344 503 424 529 secta
451 497 617 538 episcopos,
634 497 756 528 Zoinum
783 503 812 528 et
836 497 1039 536 Saturninum,

220 552 333 582 magnae
349 542 465 573 utilitati
480 542 726 573 consuetudinem
745 543 969 582 posthabens,in
981 543 1042 584 epi-

219 588 365 627 scopalem
379 587 550 619 cathedram
558 586 736 626 suscepit,ac
752 596 854 618 eorum
870 597 930 619 non
945 588 1041 618 solum

218 632 373 672 baptisma,
390 632 443 663 sed
469 635 557 663 etiam
576 631 792 662 ordinationem
816 636 908 663 ratam
926 632 1039 664 habuit.

257 722 408 762 Suspicari
431 722 546 753 videtur
559 721 744 764 Epiphanius
772 721 950 758 Encratitas,
968 721 1038 752 dum

1088 230 1212 269 αἱρέσεις,
1249 230 1450 270 ἀποκρινώμεθα
1462 231 1567 263 αὺτοῖς,
1589 231 1633 260 ’¹Η
1644 232 1693 271 γὰρ
1715 233 1744 260 τὸ
1760 231 1910 272 ἀδιαφόρως

1087 277 1133 312 ζῇν
1161 273 1336 315 διδάσκουσιν,
1366 274 1382 308 ἤ
1411 277 1441 303 τὸ
1457 275 1596 316 ὑπέρτονον
1613 276 1733 316 disponi,
1762 276 1916 316 ἐρκρςὶτειαν

1087 317 1127 346 διὰ
1152 318 1302 352 δυσσεϐείας
1330 321 1373 348 καὶ
1388 320 1662 360 φιλαπεχθημοσύνης
1684 321 1913 361 καταγγέλλουσι.

1089 375 1103 390 ex
1119 363 1193 403 Age.
1210 363 1313 403 inquit,
1325 363 1457 395 bifariam
1471 365 1637 395 dividamus
1652 374 1756 396 omnes
1765 366 1910 405 haereses,

1086 409 1189 450 eisque
1196 410 1441 450 respondeamus:
1451 410 1494 440 vel
1503 411 1582 441 enim
1594 411 1802 442 indifferenter
1808 411 1915 442 vivere

1085 453 1194 485 docent
1209 464 1217 492 ;
1233 454 1278 485 vel
1296 454 1371 485 ultra
1387 457 1506 485 modum
1518 464 1682 495 progressze
1692 456 1909 487 continentiam

1084 507 1138 537 per
1153 498 1338 539 impietatem
1355 503 1384 529 et
1399 499 1497 530 odium
1515 500 1703 540 proﬁtentur.
1723 512 1735 528 ο

1124 543 1189 574 Non
1199 543 1292 583 magis
1300 543 1449 575 consentit
1457 553 1524 574 cum
1532 544 1579 575 his
1590 544 1706 575 duobus
1712 544 1911 585 scriptoribus

1084 588 1268 628 Epiphanius
1274 597 1343 619 cum
1354 592 1478 620 testatur
1485 588 1651 620 Encralitas
1659 589 1911 620 resurrectionem

1086 636 1267 663 mortuorum
1285 632 1421 663 credere.
1438 632 1486 663 Sic
1499 633 1577 664 enim
1589 633 1667 674 apud
1679 634 1862 664 Clementem
1873 634 1907 658 93

1082 677 1335 708 resurrectionem
1359 677 1602 718 interpretantur,
1620 682 1651 708 ut
1674 678 1736 718 jam
1764 688 1797 709 se
1824 678 1909 709 illam

1081 721 1206 762 adeptos
1222 731 1300 762 esse,
1315 725 1344 753 et
1358 722 1469 753 idcirco
1485 731 1502 753 a
1515 722 1626 763 nuptiis
1642 723 1780 762 refugere
1797 722 1911 754 dicant.

215 768 380 799 castitatem
395 777 455 807 prae
471 777 503 798 se
518 767 626 805 ferunt,
645 776 705 798 non
720 770 781 814 tam
795 775 811 797 a
837 766 1038 814 voluptatibus
1049 790 1068 814 Β
1080 765 1649 814 UndeillqossicrverberatClemens9?:Et
1661 769 1710 807 γὰρ
1719 768 1762 814 οὖν
1773 769 1823 814 τὴν
1833 768 1904 796 ἀνά-

215 812 417 849 abhorruisse,
430 822 518 852 quam
531 812 661 844 latebras
669 811 792 843 occultis
801 811 916 850 flagitiis
923 811 1028 851 quaesi-

1108 822 1169 840 ramv
1199 811 1389 851 ἀπειλήφασιν,
1420 813 1456 843 ὡς
1486 813 1558 841 αὐτοὶ
1573 812 1689 851 λέγουσι,
1713 813 1757 840 καὶ
1772 812 1814 840 διὰ
1828 818 1909 842 τοῦτο

213 857 301 888 visse.
318 857 366 888 Sic
378 857 456 887 enim
472 857 607 897 loquitur
632 856 669 887 de
683 856 818 894 Tatiano,
843 856 951 887 haeres.
969 856 1009 888 46
1026 866 1033 888 :

215 903 258 931 Ἐν
274 905 311 939 τῷ
343 903 516 942 προσχήματι
543 905 592 936 τῆς
621 901 773 941 ἐγκρατείας
789 902 832 929 καὶ
848 905 893 929 τοῦ
905 901 1035 941 ἐγχρατη-

212 947 288 975 τιχοῦ
310 948 388 980 ἤθους
413 946 568 980 κυϐευτικὴν
592 947 658 987 ἔσχε
672 947 722 980 τὴν
747 946 869 986 ἀγωγήν·
890 947 926 978 ὡς
955 945 1033 978 λύκος

212 991 295 1030 ἅρπαξ
327 991 480 1029 ἐνδυόμενος
509 990 641 1032 προϐάτω
668 990 773 1027 κωδίον,
804 991 847 1019 καὶ
876 990 983 1019 πλανῶν
995 994 1033 1028 τῷ

212 1037 363 1075 προσκαίρῳ
386 1037 561 1076 πὸοσχήμπιτι
582 1036 643 1068 τοὺς
673 1035 876 1073 ἀπατωμένους.
896 1047 910 1063 «
925 1035 1031 1066 Conti-

212 1081 320 1111 nentiai
332 1090 367 1111 ac
379 1081 527 1121 pudicitiae
541 1080 653 1122 specie,
670 1080 749 1111 velut
764 1080 907 1112 illecebra
922 1090 1032 1121 propo-

212 1126 279 1165 sita,
296 1126 383 1156 homo
400 1125 481 1157 vafer
493 1126 646 1166 obrepsit;
660 1130 797 1166 tanquam
810 1133 897 1165 rapax
914 1125 1031 1166 quidam

211 1171 297 1210 lupus
313 1180 395 1201 ovem
413 1171 498 1211 pellis
513 1171 653 1207 indueus,
671 1179 765 1210 eoque
779 1170 872 1208 cultu,
891 1179 978 1210 quem
995 1169 1032 1200 ad

211 1215 481 1255 tempusiuduerat,
493 1215 618 1246 miseros
628 1214 765 1245 homines
780 1215 810 1245 in
821 1214 955 1246 fraudem
970 1214 1030 1255 pel-

209 1259 323 1291 liciens.
345 1272 356 1288 »
375 1260 409 1291 Et
425 1260 460 1291 de
469 1260 627 1291 Encratitis
648 1260 755 1291 haeres‘
774 1260 833 1292 47:
852 1261 1029 1298 Σεμνύνονται

208 1304 235 1333 δὲ
263 1304 339 1338 δῆθεν
353 1304 506 1345 ἐγκράτειαν
528 1305 663 1346 σφαλερῶς
688 1306 720 1332 τὰ
742 1305 828 1333 πάντα
843 1306 1026 1345 ἐργαζομενοι,

209 1349 290 1388 μέσον
317 1351 447 1389 γυναικῶν
483 1350 680 1389 εὸρισκόμενοι,
697 1350 741 1378 καὶ
768 1356 897 1389 γυναῖκας
929 1361 1028 1378 πανταν

509 1396 552 1423 καὶ
582 1394 810 1434 συνδιαιτώμενοι,
827 1395 870 1422 καὶ
895 1394 1027 1435 Eia-impe-

206 1440 326 1478 ’πιούμενοι
355 1441 404 1468 ὑπὸ
427 1443 482 1467 τῶν
507 1441 643 1476 τοιούτων,
674 1439 724 1472 ἔξω
751 1440 801 1476 μὲν
837 1444 886 1476 τῆς
901 1439 1026 1474 ἀληθείας

206 1484 292 1521 ὄντες,
308 1485 443 1524 μόρφωσιν
473 1483 500 1511 δὲ
530 1483 631 1521 μᾶλλον
646 1484 819 1521 κεκτημένοι,
836 1484 886 1517 τὴν
903 1483 929 1511 δὲ
945 1483 1024 1512 δύναι-

207 1540 251 1566 μιν
287 1531 367 1561 αὒτῆς
396 1531 445 1561 τῆς
475 1527 604 1558 εὐσεϐείας
617 1527 774 1567 ἠρνημένοι.
804 1539 819 1557 α
845 1527 928 1563 Quod
958 1537 1027 1559 vero

206 1573 419 1604 continentiam
433 1571 579 1612 jactitant,
600 1571 744 1603 lubricum
761 1576 805 1603 est
824 1572 943 1603 illorum
959 1572 1028 1612 qui-

207 1618 274 1648 dem
289 1626 323 1648 ac
339 1617 460 1657 periculi
473 1616 591 1657 plenum
605 1616 804 1648 facinus.Nam
816 1616 895 1647 inter
903 1617 1028 1648 mulier-

206 1662 288 1692 culas
304 1666 457 1692 versantur
473 1661 602 1697 assidue,
626 1670 698 1701 quas
714 1661 912 1701 undecunque
939 1662 1029 1701 pelli-

206 1707 288 1737 ciunt
307 1717 313 1737 :
327 1716 392 1737 cum
405 1706 440 1736 iis
455 1706 511 1736 iter
522 1705 643 1746 faciunt,
660 1715 694 1736 ac
708 1706 907 1736 communiter
917 1707 1026 1745 vivunt,

207 1760 369 1791 earumque
379 1750 550 1781 ministeriis
563 1750 795 1786 utuntur.Quare
805 1760 870 1781 cum
879 1760 895 1781 a
904 1751 1029 1782 veritate

207 1795 324 1834 longius
336 1795 444 1833 absint,
463 1795 536 1825 nihil
557 1799 662 1835 praeter
674 1795 845 1826 ementitam
863 1795 943 1826 illius
958 1805 1028 1836 spe-

208 1840 282 1870 ciem
313 1843 462 1871 ostentant
474 1839 546 1878 ;vim
560 1839 653 1879 ipsam
669 1839 794 1870 sincera;
805 1840 921 1880 pietatis
937 1841 1028 1871 abne-

208 1890 283 1923 gant.
306 1897 318 1912 »
334 1884 414 1916 Nihil
427 1884 525 1915 simile
540 1885 669 1915 lrenmus
680 1888 708 1915 et
732 1884 871 1917 Clemens
898 1885 1028 1917 Alexan-

208 1929 313 1959 drinus
329 1928 450 1959 Tatiano
466 1928 651 1968 objecerunt,
669 1929 730 1969 qui,
757 1928 782 1959 si
806 1929 849 1960 eis
867 1930 1027 1968 credimus,

210 1973 463 2004 inconsideratum
480 1973 622 2004 castitatis
636 1973 765 2005 studium
782 1982 843 2004 non
860 1974 895 2005 ad
915 1978 1031 2015 tempus

208 2018 378 2056 ostentavit,
397 2023 427 2049 ut
442 2019 537 2058 placet
564 2018 743 2058 Epiphanio,
769 2018 822 2049 sed
838 2019 1029 2059 pertinaciter

208 2063 340 2094 retinuit.
352 2063 434 2099 Quod
446 2072 515 2102 ergo
527 2063 720 2103 reprehendit
733 2062 916 2103 Epiphanius
927 2064 958 2096 in
973 2064 1029 2095 En-

208 2108 332 2146 cratitis,
351 2108 378 2138 id
395 2112 561 2148 temporum
584 2108 660 2138 ﬂexu
672 2108 701 2138 in
718 2107 793 2138 hanc
810 2112 919 2139 sectam
937 2109 1027 2140 indu-

207 2158 287 2183 ctum
303 2153 429 2189 videtur,
447 2161 512 2182 cum
527 2161 628 2182 eorum
645 2153 773 2192 majores
798 2153 919 2193 impiam
946 2154 1026 2185 illam
1038 2165 1060 2190 ι)

206 2197 337 2237 quidem,
351 2197 403 2228 sed
416 2201 512 2227 tamen
528 2200 711 2228 constantem
724 2197 886 2228 castitatem
901 2199 1025 2238 professi

205 2242 340 2272 fuissent.
374 2241 502 2281 Opponit
538 2249 589 2271 eos
611 2243 741 2272 Irenaeus
755 2241 819 2272 aliis
835 2242 980 2273 haereticis
995 2243 1024 2273 in

206 2286 384 2317 contrariam
391 2290 503 2326 partem
512 2286 701 2326 peccantibus
707 2295 739 2317 ac
747 2296 864 2317 omnem
874 2287 1023 2318 licentiam

205 2331 316 2369 ﬂagitio
332 2330 540 2362 tribuentibus.
558 2330 716 2371 Postquam
742 2331 821 2361 enim
847 2332 884 2363 de
901 2331 1024 2363 Tatiano

205 2376 321 2406 locutus
336 2380 391 2413 est,
409 2376 450 2406 sic
462 2375 498 2406 ad
514 2375 587 2406 alios
617 2375 720 2407 transit
740 2376 782 2406 90.
803 2389 816 2404 ιι
843 2376 898 2407 Alii
926 2381 1023 2408 autem

203 2430 308 2451 rursus
321 2430 337 2451 a
352 2420 481 2451 Basilide
497 2424 525 2451 et
550 2420 726 2460 Carpocrate
740 2420 913 2452 occasiones
942 2423 1023 2453 acci-

203 2466 330 2506 pientes,
345 2466 547 2496 inditl‘erentes
557 2465 663 2504 coitus;
679 2470 707 2496 et
723 2466 828 2496 multas
844 2466 962 2506 nuptias
976 2467 1022 2497 in-

202 2510 361 2551 duxerunt,
380 2513 409 2541 et
424 2510 633 2549 negligentiam
647 2510 792 2550 ipsorum,
805 2520 869 2550 quae
880 2515 947 2541 sunt
958 2511 1021 2543 ido-

202 2555 311 2595 lothyta
326 2555 361 2585 ad
378 2554 615 2585 manducandum
632 2564 643 2593 ;
659 2564 717 2585 non
735 2555 820 2585 valde
837 2556 900 2585 haec
917 2565 1023 2587 curare

199 2599 331 2630 dicentes
346 2599 451 2630 Deum.
464 2612 476 2627 »
491 2599 635 2630 Similiter
651 2599 788 2630 Clemens
805 2599 1022 2632 Alexandrinus

198 2643 272 2675 duas
287 2644 352 2674 illas
364 2645 505 2684 haereses,
520 2647 553 2674 ut
578 2643 710 2675 adversis
725 2644 870 2675 frontibus
893 2645 971 2676 inter
988 2655 1021 2677 se

235 2724 372 2766 φβρὶδι.
404 2724 472 2766 188.
504 2723 624 2766 7907Lib.
653 2733 675 2764 ι,
706 2735 732 2756 c.
757 2726 807 2756 28.
850 2724 958 2766 “Pag.
985 2727 1028 2759 44.

1108 2727 1257 2758 ﬁHmres.
1283 2725 1335 2763 47,
1362 2735 1388 2757 c.
1420 2727 1449 2757 1.

195 2765 254 2798 941
268 2764 337 2799 Cor.
353 2774 392 2806 vx,
411 2765 458 2796 l3.
500 2765 578 2798 3N.
593 2766 641 2797 10.

1077 856 1195 885 ἀθετοῦσι
1208 863 1253 885 τὸν
1284 857 1381 896 γάμον,
1398 856 1466 894 μηδὲ
1485 856 1642 886 ἐσθιέτωσαιν
1658 856 1724 895 μηδέ
1739 857 1904 886 πινέτωσαν·

1076 902 1266 941 καταργεῖσθαιι
1282 902 1330 940 γὰρ
1360 901 1411 941 ἔφη
1426 901 1475 934 τὴν
1491 900 1606 938 κοιλίαν,
1628 902 1673 930 καὶ
1687 902 1720 929 τὰ
1740 902 1869 941 βρώματα
1884 903 1900 930 ὁ

1075 943 1237 977 Ἀπόστολος
1253 945 1280 973 ἐν
1294 948 1328 984 τῇ
1338 945 1549 977 ἀναστέσει.«8ὶ
1561 954 1631 985 ergo
1645 946 1898 978 resurrectionem

1074 993 1264 1030 acceperunt,
1277 993 1310 1020 ut
1324 989 1535 1030 ipsidicunt,et
1549 989 1663 1021 idcirco
1676 991 1900 1022 matrimonium

1075 1033 1230 1074 abrogant,
1247 1043 1302 1065 nec
1320 1035 1502 1066 manducent
1517 1043 1572 1065 nec
1598 1034 1711 1066 bibant.
1725 1034 1798 1066 Nam
1828 1035 1904 1066 dixit

1075 1078 1235 1119 Apostolus
1248 1083 1380 1110 ventrem
1396 1083 1425 1110 et
1450 1078 1532 1110 cibos
1553 1078 1737 1110 destructum
1753 1080 1788 1111 iri
1803 1079 1835 1110 in
1848 1089 1903 1111 re—

1074 1124 1261 1155 surrectione
1271 1124 1315 1156 9‘.
1334 1137 1348 1152 »
1367 1125 1497 1156 lrenaeus
1512 1133 1547 1155 ex
1562 1124 1711 1156 haereticis
1726 1124 1898 1157 Creatorem

1074 1168 1282 1208 rejicientibus
1294 1169 1408 1200 nullum
1425 1177 1546 1209 prorsus
1561 1169 1682 1209 excipit,
1700 1170 1750 1210 qui
1765 1178 1902 1201 resurre-
1950 1179 1953 1191 λ

1074 1214 1205 1244 ctionem
1221 1214 1386 1252 admiserit,
1401 1218 1430 1244 et
1441 1222 1475 1244 ac
1492 1213 1523 1243 in
1539 1222 1573 1244 re
1592 1222 1609 1244 a
1637 1214 1760 1245 nefariis
1781 1214 1844 1245 suis
1858 1214 1898 1246 de
1948 1232 1951 1244 Α

1071 1259 1223 1291 creatione
1238 1259 1407 1291 discesserit
1423 1258 1588 1299 principiis,
1605 1258 1658 1290 lib.
1675 1268 1695 1299 ι,
1713 1268 1739 1290 c.
1758 1259 1809 1291 22.

1380 1306 1504 1338 CAPUT
1516 1305 1582 1337 XII.

1310 1351 1357 1382 De
1377 1351 1498 1391 scriptis
1515 1350 1650 1382 Tatiam‘.

1070 1395 1091 1424 Ι.
1109 1395 1145 1423 De
1170 1395 1286 1431 operibus
1308 1395 1406 1425 Tatiani
1429 1395 1572 1431 deperditis.
1603 1394 1634 1423 ll.
1663 1394 1746 1431 Oratio
1772 1395 1893 1423 adversus

1105 1430 1206 1467 Graecos
1221 1440 1270 1459 non
1290 1431 1450 1467 pronuntiata
1462 1430 1516 1458 sed
1540 1431 1643 1467 scripta,
1665 1430 1740 1467 idque
1757 1434 1892 1467 postquam

1105 1466 1186 1503 Roma
1200 1466 1270 1495 abiit.
1287 1466 1334 1496 III.
1346 1466 1471 1503 Scriptam
1482 1470 1540 1494 ante
1555 1466 1670 1503 haeresim
1684 1466 1764 1494 fuisse
1773 1466 1893 1503 probatur

1037 1512 1058 1537 (ι
1105 1502 1227 1538 adversus
1244 1501 1418 1538 doctissimum
1432 1502 1551 1538 abbatem
1565 1502 1596 1530 de
1612 1501 1781 1538 Languerue.’
1793 1502 1837 1530 ιν.
1854 1503 1893 1530 De

1105 1537 1208 1566 audacia
1230 1538 1328 1566 Tatiani
1356 1538 1382 1566 in
1403 1537 1538 1573 Scripturis
1570 1537 1748 1573 pel-vertendis.
1777 1538 1807 1565 V.
1835 1538 1893 1567 Non

1105 1577 1187 1601 exstat
1199 1574 1268 1602 illius
1276 1574 1437 1610 Evangelium
1455 1573 1645 1609 Διατισσᾶρων,
1657 1573 1699 1602 VI.
1715 1573 1816 1602 Videtur
1825 1574 1891 1602 idem

1106 1622 1163 1651 esse
1174 1622 1212 1651 Aac
1222 1614 1384 1651 Eivangelium
1406 1613 1472 1651 quod
1491 1613 1615 1651 Ebioumis
1642 1613 1764 1651 attribuit,
1777 1614 1807 1643 S.
1832 1613 1894 1650 Epi-

1106 1649 1222 1684 phanius.
1238 1649 1306 1678 Vlll’.
1328 1650 1396 1678 Idem
1411 1649 1486 1678 etiam
1502 1658 1532 1677 ac
1541 1650 1601 1677 illud
1615 1650 1680 1685 quod
1704 1649 1832 1678 dicebatur
1851 1649 1894 1678 se-

1106 1685 1216 1713 cundum
1230 1685 1344 1714 Petrum.

1110 1728 1134 1759 Ι.
1151 1727 1192 1759 Ex
1207 1727 1487 1760 maximolibrorum
1502 1737 1638 1766 numero,
1649 1737 1738 1769 quem
1745 1728 1895 1760 Eusebius

1071 1775 1100 1802 et
1114 1771 1311 1813 Hieronymus
1325 1784 1340 1803 a
1357 1773 1480 1804 Tatiano
1498 1773 1634 1804 relictum
1647 1774 1893 1813 tcstantur,pauci

1070 1817 1106 1847 ad
1123 1817 1324 1856 cognitionem
1343 1822 1488 1858 nostram,
1504 1827 1581 1849 unus
1597 1821 1709 1849 tantum
1734 1818 1765 1849 in
1789 1827 1897 1853 manus

1071 1865 1186 1892 nostras
1202 1862 1345 1902 pervenit.
1363 1862 1540 1903 Scripserat,
1565 1867 1640 1894 teste
1655 1863 1808 1895 Clemente
1820 1862 1894 1893 Ale-

1071 1906 1229 1946 xandrino,
1243 1907 1370 1944 Strom.,
1387 1916 1428 1945 lli,
1447 1917 1512 1948 pag.
1530 1907 1600 1948 460,
1616 1907 1726 1938 librum
1741 1908 1784 1939 De
1792 1907 1897 1948 perfe-

1071 1952 1167 1983 ctione
1175 1953 1341 1983 secundum
1350 1952 1591 1985 SalvatoremJn
1600 1952 1746 1983 Oratione
1751 1953 1898 1984 adversus

1073 1995 1205 2036 Graecos,
1223 2006 1293 2027 num
1311 1997 1358 2035 15,
1376 1997 1445 2028 citat
1460 1996 1569 2028 librum
1584 2007 1602 2028 a
1626 2006 1661 2028 se
1689 1997 1832 2037 scriptum
1847 1996 1897 2028 De

1069 2041 1271 2073 animalibus.
1287 2042 1373 2072 Forte
1388 2042 1416 2072 in
1434 2043 1490 2073 hoc
1505 2041 1581 2073 libro
1597 2044 1829 2082 pertractaverat
1847 2041 1895 2082 95,

1069 2085 1147 2126 quod
1157 2095 1189 2116 se
1199 2085 1270 2117 alibi
1277 2086 1497 2117 demonstrasse
1505 2086 1575 2117 dicit
1583 2085 1738 2117 mirabiles
1747 2085 1894 2127 quosdam

1069 2130 1202 2171 effectus,
1221 2140 1280 2161 non
1291 2131 1322 2161 in
1337 2131 1452 2162 animas
1464 2131 1618 2162 hominum
1634 2131 1894 2170 mortuorum,sed

1070 2176 1098 2206 in
1108 2175 1381 2207 daemonesrefundi
1389 2175 1548 2207 debere.ln
1556 2175 1816 2207 eademOratione
1825 2184 1895 2216 pro-

1067 2220 1155 2251 mittit
1166 2219 1276 2251 librum
1294 2220 1435 2251 adversus
1450 2220 1586 2252 ethnicos
1600 2220 1763 2261 scriptores
1778 2220 1830 2261 qui
1853 2220 1894 2252 de

1066 2265 1299 2297 Christianorum
1314 2269 1344 2296 et
1358 2265 1526 2297 Judaeorum
1542 2265 1678 2297 instituto
1694 2268 1725 2297 et
1737 2264 1829 2296 sacris
1840 2265 1892 2295 hi-

1066 2310 1166 2341 storiis
1185 2314 1297 2341 temere
1320 2310 1533 2350 judicaverant.
1563 2310 1612 2341 Sic
1641 2310 1721 2341 enim
1747 2310 1891 2351 loquitur,

1066 2365 1096 2386 η.
1112 2355 1170 2386 4οί
1190 2356 1250 2394 Περί
1287 2356 1334 2393 μὲν
1361 2355 1405 2384 οὖν
1421 2358 1469 2389 τῆς
1485 2356 1545 2385 καθ’
1559 2357 1630 2394 ἡμᾶς
1645 2355 1790 2393 πολιτείας,
1814 2357 1891 2383 ἱστο-

1065 2401 1120 2440 ρίας
1147 2411 1177 2428 τε
1193 2402 1242 2433 τῆς
1272 2400 1339 2429 κατὰ
1358 2400 1418 2432 τοὺς
1441 2400 1583 2439 ἡμετέρους
1606 2400 1715 2440 νόμους,
1730 2399 1779 2428 ὅσα
1793 2409 1822 2428 τε
1847 2401 1890 2428 εἶ-

1066 2446 1177 2485 ρήκσισιν
1214 2446 1237 2472 οἱ
1253 2445 1323 2483 παρὰ
1343 2451 1401 2476 τοῖς
1419 2440 1553 2478 ’Ἕλλησιν
1569 2444 1668 2485 λόγιοι⁷
1684 2446 1728 2473 καὶ
1753 2444 1829 2472 πόσοι
1845 2447 1890 2473 καὶ

1064 2484 1131 2517 τίνες
1155 2486 1202 2513 εἶσὶ
1219 2485 1461 2522 μνημονεύσαντες,
1498 2485 1525 2513 ἐν
1559 2489 1598 2522 τῷ
1611 2487 1675 2525 πρὸς
1701 2485 1761 2525 τοὺς
1776 2484 1888 2525 ἀποφη-

1064 2525 1191 2564 ναμένους
1207 2526 1239 2552 τὰ
1253 2526 1312 2564 περὶ
1324 2529 1400 2565 γΘεοῦ
1422 2525 1603 2565 δειχθήσεται.
1622 2537 1636 2553 α
1653 2525 1712 2555 Sed
1740 2524 1777 2555 de
1798 2524 1888 2555 inali-

1064 2571 1125 2597 tutu
1140 2569 1257 2606 nostro,
1271 2569 1299 2595 et
1314 2564 1350 2595 de
1367 2564 1649 2606 legumrnostrarum
1665 2564 1787 2596 historia
1801 2574 1886 2606 quae:

1064 2616 1131 2637 num
1148 2605 1225 2646 apud
1236 2605 1360 2646 iGraecos
1370 2605 1481 2646 eruditi
1492 2605 1629 2646 dixerint,
1642 2614 1790 2646 quamque
1801 2605 1887 2636 multi

1064 2653 1093 2678 et
1108 2645 1211 2687 quales
1231 2645 1342 2676 fuerint
1355 2645 1406 2689 qui
1422 2645 1467 2676 his
1482 2645 1519 2677 de
1533 2646 1624 2677 rebus
1645 2645 1823 2683 meminere,
1853 2646 1884 2676 in

1493 2726 1526 2752 95
1539 2727 1665 2766 Strom.,
1693 2733 1735 2766 ut,
1761 2735 1792 2767 p.
1809 2726 1882 2758 446.
