1974 3069
242 99 300 132 175

690 100 720 132 5.
742 100 927 133 JUSTINUS
947 96 1209 130 PHILOSOPHUS
1228 97 1277 130 ET
1299 98 1474 130 MARTYR.

1875 97 1934 130 176

239 166 512 206 estanima,imago
522 165 669 197 scilicetet
680 165 850 197 similitudo
867 166 924 196 Dei
939 165 1067 197 Videtur
1077 170 1096 195 A
1108 165 1188 196 niani
1204 165 1354 206 indignam
1368 165 1552 205 judicabant,
1567 175 1655 206 quam
1666 166 1760 197 Filius
1774 165 1828 197 Dei
1843 165 1934 197 susci-

240 210 298 241 sibi
309 210 339 241 in
350 210 396 241 his
407 210 507 241 verbis
516 210 650 241 dilucide
666 211 834 250 perspicere
844 211 1067 242 distinctionem

240 259 286 284 τοῦ
291 255 380 284 ὑλικοῡ
389 261 418 286 et
425 259 471 284 τοῦ
476 254 903 295 πνευματικοῦ,ρίιαηιΤαιίαηίε
910 259 1067 286 mutuatas

239 303 284 330 est
294 308 313 330 (ι
329 299 482 331 Gnosticis
493 304 523 331 et
532 300 702 340 praserttlm
715 309 735 330 a
748 299 921 331 Valentino.
940 299 1065 330 Tatiauo

240 344 314 376 alios
329 344 462 375 attribuit
476 353 721 384 errores,nempe
731 343 874 375 adversus
888 343 997 374 animae
1014 343 1066 374 im-

241 389 451 420 mortalitatem
467 393 496 420 et
517 389 750 429 simplicitatem,
767 392 796 419 et
808 388 897 420 Verbi
912 389 1064 420 aeternita—

241 437 299 464 tem
314 443 321 472 ;
337 443 371 465 ac
386 443 424 464 ne
439 434 483 464 cui
499 434 530 464 in
548 436 679 465 mentem
693 433 791 464 veniat
803 433 919 465 Tatiani
936 433 1063 473 patroci-

241 478 324 509 nium
341 479 505 519 suscipere,
522 478 566 509 sic
581 478 743 509 concludit:
774 490 786 505 α
813 477 874 508 Nec
904 478 1014 508 mirum
1038 478 1063 508 si

238 522 316 554 male
332 529 361 554 et
375 523 511 563 improbe
534 523 571 553 de
583 522 806 562 augustioribus
821 523 996 554 Christiana
1010 532 1061 553 re-

237 566 356 606 ligionis
371 567 517 607 mysteriis
533 567 680 598 sentiebat
692 567 757 605 ille,
774 567 824 607 qui
839 567 1063 607 conspiraverat

233 613 296 652 jam
311 622 380 643 cum
392 611 553 649 Gnosticis,
572 612 670 652 impiis
681 612 950 652 consceleratisque
967 611 1062 642 homi-

237 657 336 694 nibus,
353 661 382 688 et
397 666 415 688 a
429 665 498 687 vera
510 657 541 687 iu
556 657 651 688 Deum
680 656 826 696 religione
854 656 1058 688 alienissimis.

236 700 313 732 Sane
334 701 454 742 quidem
471 701 594 732 laterem
610 701 729 738 levabit,
746 701 771 731 si
783 702 849 741 quis
864 702 930 741 ejus
941 702 1061 740 generis

238 750 395 785 nugatores
409 756 426 776 a
440 746 528 786 culpa
538 746 610 777 velit
621 745 766 782 eximere;
778 750 807 776 et
820 745 990 784 singulatim
1001 746 1060 776 Ta-

239 791 349 821 tianum
367 800 454 821 nemo
472 799 598 831 purgare
627 791 745 831 poterit,
762 791 811 831 qui
836 790 986 821 Valentini
1014 790 1061 820 in-

237 845 322 866 sanas
337 836 374 866 de
390 835 537 866 IEonibus
558 835 717 875 opiniones
729 835 828 866 animo
856 834 1026 866 imbiberat.
1044 847 1058 862 ι

1108 215 1201 250 perct.
1214 211 1328 251 Corpus
1341 211 1385 241 illi
1397 210 1568 242 tribuebant
1577 211 1706 241 animale
1721 221 1780 242 non
1793 220 1828 241 ex
1841 210 1934 241 Maria

1107 259 1303 296 assumptum,
1320 256 1371 287 sed
1384 265 1437 295 per
1449 255 1571 286 Mariam
1590 255 1862 296 traductum,velnti
1879 264 1933 296 per

1108 301 1240 332 canalem
1252 299 1463 340 quemdam.At
1473 299 1579 340 pudori
1593 309 1652 330 non
1663 304 1710 331 est
1718 300 1841 331 Tatiano
1851 301 1932 332 Deus

1107 345 1161 376 sub
1178 345 1308 376 hominis
1322 344 1417 375 forma
1447 348 1533 375 natus
1561 345 1603 376 99.
1621 347 1656 374 ot
1671 346 1721 384 γὰρ
1750 347 1930 385 μωραίνομεν,

1106 389 1195 429 ἄνδρες
1214 386 1220 395 ”
1234 390 1362 425 Ελληνες,
1379 389 1435 418 οὒδὲ
1451 389 1547 429 λήρους
1563 389 1780 430 ἆπαιγγελΛομεν,
1813 391 1878 418 Θεὸν
1904 390 1931 417 ἐν

1103 434 1239 473 ἀνθρώπου
1270 434 1358 475 μορφῇ
1374 434 1510 473 γεγονέναι
1539 434 1778 474 καταγγέλλοντες.
1812 447 1823 463 ιι
1862 435 1929 466 Non

1105 479 1183 509 enim
1215 478 1392 518 desipimus,
1418 487 1435 508 ο
1464 477 1571 513 Graeci,
1594 488 1650 508 nec
1673 487 1766 517 nugas
1782 481 1928 519 praedica-

1104 532 1181 563 mus,
1213 522 1306 554 Deum
1340 522 1395 554 sub
1412 523 1541 553 hominis
1557 523 1651 553 forma
1667 528 1767 553 uatum
1786 523 1929 554 nuntian-

1104 571 1158 598 tes.
1179 580 1192 596 ι
1521 582 1525 587 ~

1143 612 1292 652 Praecipue
1309 622 1377 643 vero
1393 612 1424 642 in
1440 621 1585 644 summam
1598 622 1712 643 morum
1727 613 1927 654 corruptelam

1103 656 1327 688 Valentinianos
1344 657 1512 698 praecipites
1526 657 1650 688 dederat
1665 658 1780 689 sublata
1796 658 1928 689 hominis

1102 701 1233 739 libertas,
1249 712 1316 733 cum
1332 703 1503 742 semetipsos
1512 711 1573 733 non
1586 711 1639 742 per
1650 703 1928 742 operationem,sed

1101 755 1134 778 eo
1143 746 1222 786 quod
1232 749 1294 777 εἰη-ι
1301 746 1488 778 naturaliter
1496 747 1667 787 spiritales,
1676 748 1849 779 omnimodo
1860 749 1927 778 sat-

1103 791 1169 822 vari
1184 791 1331 828 dicerent,
1348 791 1441 829 Iren.,
1455 791 1504 821 lib.
1523 799 1544 830 ι,
1558 801 1583 821 c.
1602 792 1632 823 6.
1646 793 1684 822 At
1694 791 1834 823 Tatiauus
1851 791 1928 823 nihil

1102 835 1133 866 in
1162 835 1253 866 rebus
1276 837 1383 866 creatis
1410 840 1514 867 natura
1530 836 1639 867 malum
1655 845 1721 867 esse
1742 836 1873 868 declarat
1887 836 1899 857 ¹
1921 862 1927 867 .

277 881 460 912 Seutentiam
468 880 586 912 Tatiani
594 880 858 912 deimmortalitate
865 881 972 911 anima
978 881 1060 920 ejus-
1072 885 1092 910 Β
1103 879 1111 891 ’

1142 882 1178 909 uel.
1205 882 1283 913 αὐτὸς
1309 882 1359 919 μὲν
1380 884 1431 909 πᾶν
1445 882 1476 909 τὸ
1491 882 1520 908 εὖ
1533 892 1590 913 πως
1615 881 1679 921 ἕχον
1704 880 1925 921 ἐδημιούργησεν·

236 936 294 966 que
308 931 424 963 natura,
442 930 471 956 et
483 925 521 957 de
542 924 633 958 Verbi
653 926 817 958 aeternitate
832 925 904 957 satis
915 925 1059 965 explana-

236 975 296 1002 tam
309 974 378 1011 puto
394 971 424 1001 in
436 969 566 1002 secunda
577 973 660 1010 parte
672 971 852 1010 praefationis
867 975 897 1001 et
912 970 942 1000 in
969 970 1060 1001 aduo-

237 1015 408 1047 tationibus.
425 1017 531 1055 Neque
546 1016 637 1046 etiam
654 1015 685 1045 in
696 1025 731 1046 eo
755 1016 921 1047 refellendo
948 1015 1059 1046 immo-

235 1060 363 1091 randum
373 1059 451 1100 quod
459 1059 500 1090 ait
510 1060 554 1090 vir
562 1059 957 1097 eruditissimus,Tatiauum
969 1059 1057 1090 etiam

237 1105 292 1135 sub
305 1104 410 1135 Justini
425 1104 584 1144 disciplina
599 1104 742 1135 nefariam
760 1105 897 1135 haeresim
915 1113 981 1134 esse
992 1112 1059 1134 me-

237 1149 378 1180 ditatum:
403 1158 500 1190 neque
523 1149 603 1179 enim
633 1149 817 1188 argumentis
843 1149 1056 1186 refellendum,

238 1194 317 1234 quod
329 1194 393 1225 sine
409 1194 468 1225 ullo
482 1203 603 1234 prorsus
611 1198 784 1233 argumento
796 1194 957 1234 profertur.
973 1193 1058 1230 Quod

237 1243 335 1270 autem
351 1243 463 1278 spectat
470 1239 506 1269 ad
522 1239 619 1279 ipsum
635 1239 809 1279 opusculum
825 1237 952 1276 Tatiani,
967 1239 1059 1270 multa

236 1284 267 1314 in
283 1293 316 1314 co
332 1284 449 1323 reperio
459 1292 525 1314 cum
539 1283 748 1315 Valentiniana
759 1284 866 1314 haeresi
883 1283 1055 1323 pugnantia,

237 1327 351 1358 nullum
369 1337 490 1368 prorsus
500 1328 589 1368 hujus
609 1328 721 1359 erroris
737 1329 902 1368 vestigium,
922 1337 960 1359 ne
976 1328 1006 1358 in
1021 1327 1058 1358 iis

236 1372 358 1413 quidem
386 1380 453 1412 qua
491 1372 673 1412 objiciuntur
701 1373 738 1404 ab
764 1378 885 1405 auctore
914 1373 1059 1404 disserta-

237 1417 336 1449 tionis.
550 1430 556 1436 -

277 1508 356 1540 Fons
370 1511 399 1539 et
406 1508 487 1547 origo
495 1507 611 1538 Tatiani
623 1513 808 1546 errorum,ut
818 1517 908 1548 supra
918 1507 1058 1545 vidimus,

185 1560 187 1562 '
237 1562 325 1594 prava
338 1552 451 1583 exstitit
468 1552 506 1583 de
517 1552 621 1583 mundi
637 1552 789 1583 creatione
805 1553 966 1583 sententia.
986 1551 1059 1582 Inde
1069 1549 1089 1574 ο

237 1602 393 1628 manarunt
416 1598 535 1634 1E0nes,
552 1596 624 1627 inde
641 1597 817 1636 Demiurgus
827 1607 886 1627 non
903 1597 1001 1627 lucem
1013 1596 1060 1626 fa-

236 1641 331 1676 ciens,
348 1641 399 1671 sed
416 1644 448 1670 ut
463 1640 512 1670 ﬁat
526 1644 631 1680 optans
646 1644 673 1671 et
690 1650 778 1671 orans
794 1640 882 1677 ;inde
897 1640 935 1670 de
950 1639 1060 1672 Christi

237 1695 339 1723 carne,
351 1685 388 1716 de
405 1685 623 1716 resurrectione
640 1689 669 1716 et
683 1685 721 1715 de
735 1685 830 1716 libero
846 1685 973 1716 arbitrio
988 1685 1061 1715 stul-

236 1730 352 1762 tissima
366 1734 544 1761 commenta.
562 1730 599 1760 At
608 1729 640 1760 iu
655 1729 805 1761 Oratione
812 1730 957 1761 adversus
968 1730 1059 1760 Grae-

238 1784 287 1806 cos
301 1774 433 1805 materiae
441 1774 619 1804 creationem
627 1774 696 1805 data
704 1783 795 1814 opera
804 1774 1061 1814 defenditJEqua-

238 1819 297 1850 lem
318 1820 379 1850 Deo
402 1819 528 1849 futuram
552 1819 706 1849 contendit
718 1819 742 1849 si
760 1819 894 1850 increata
909 1823 989 1850 esset
1011 1818 1058 1849 97.

239 1864 302 1892 Οὔτε
323 1865 371 1903 γὰρ
387 1862 503 1903 ἄναρχος
518 1867 535 1898 ὴ
551 1863 601 1897 ὅλη
617 1864 733 1903 καθάπερ
756 1866 770 1892 ὁ
792 1865 870 1905 Θεὸς,
886 1864 944 1892 οὐδὲ
960 1864 1003 1892 διὰ
1031 1865 1061 1892 τὸ

238 1909 355 1948 ἄναρχον
380 1907 534 1946 ἱσοξύναμος
561 1912 599 1945 τῷ
635 1911 705 1945 Θειῖν
736 1919 853 1948 γεννηττ,
882 1908 909 1936 δὲ
931 1909 974 1937 καὶ
1010 1909 1061 1949 οὔχ

237 1955 288 1982 ὑπὸ
315 1957 360 1982 τοῦ
387 1953 469 1982 ἄλλου
504 1959 641 1992 γεγονυῖα,
666 1953 748 1991 μόνον)
770 1953 797 1981 δὲ
818 1954 868 1982 ὑπὸ
884 1954 931 1982 τοῦ
954 1953 1060 1982 πάντων

238 1998 397 2038 δημιούργου
412 1997 626 2037 προϐεϐλημένη.
655 1997 750 2028 «Non
769 1998 848 2028 enim
867 2001 949 2028 caret
976 1997 1061 2029 initio

240 2043 374 2082 materia,
387 2042 637 2082 quemadmodum
649 2043 740 2080 Deus,
755 2052 811 2074 nec
822 2042 894 2083 Deo,
905 2046 937 2073 ut
947 2042 1060 2083 princi-

241 2088 279 2127 pii
296 2096 414 2127 expers,
433 2095 532 2126 parem
550 2086 835 2127 habetpotestatem:
848 2096 952 2118 verum
962 2091 1060 2118 creata

240 2137 355 2171 est,nec
369 2131 405 2161 ab
421 2130 478 2161 alio
493 2130 578 2168 facta;
595 2131 648 2162 sed
664 2140 680 2161 a
694 2131 758 2162 solo
772 2131 977 2162 universorum
990 2132 1057 2172 opi-

240 2177 296 2207 ﬁce
311 2175 482 2216 producta.)
499 2174 621 2206 Feriunt
637 2176 699 2207 haec
716 2176 807 2207 verba
822 2176 1054 2211 Valentinianus,

240 2229 405 2261 eorumque
419 2220 456 2250 de
474 2220 604 2250 materiae
625 2221 788 2251 mternitate
814 2230 849 2251 ac
873 2230 941 2251 vero
968 2230 1058 2260 supra

240 2270 404 2297 creatorem
416 2264 476 2295 Deo
492 2265 618 2296 somnia.
641 2265 676 2297 Ut
698 2264 921 2296 Valentinianos
938 2265 1061 2296 materia

240 2311 381 2346 iucreata,
400 2314 427 2339 el
442 2308 521 2339 Deus
534 2318 551 2339 a
566 2314 701 2341 creatore
724 2310 860 2341 diversus
875 2320 910 2341 eo
923 2311 1060 2348 ducebat,

242 2360 273 2386 ut
284 2363 392 2395 corpus
407 2354 568 2384 humanum
584 2364 638 2385 nec
653 2364 721 2386 vero
733 2359 763 2385 et
776 2355 894 2386 sublimi
910 2355 969 2386 Deo
986 2364 1064 2386 curae

241 2408 318 2435 esse,
335 2407 391 2429 nec
405 2398 441 2428 ab
455 2398 560 2437 npiﬁce
581 2399 697 2429 re‘Stitui
720 2409 806 2439 posse
829 2400 1008 2440 crederent;
1025 2399 1066 2430 ita

239 2443 379 2475 Tatiauus
395 2451 429 2472 ex
445 2451 479 2472 eo
495 2443 574 2482 quod
592 2444 714 2475 materia
728 2449 828 2475 creata
845 2445 894 2485 sit,
911 2448 940 2474 et
966 2454 983 2474 a
997 2444 1060 2475 solo

243 2489 446 2519 universorum
453 2487 560 2527 opiﬁce
566 2492 676 2528 creata,
684 2497 844 2529 corporum
859 2489 1060 2520 resurrectio-

241 2542 309 2563 nem
325 2532 442 2563 astruit.
459 2531 548 2562 Addit
565 2532 643 2563 euim
662 2533 795 2573 protinus
804 2533 846 2565 98:
860 2535 912 2565 Καὶ
927 2533 968 2563 διὰ
983 2538 1061 2562 τοῦτο

241 2580 284 2606 καὶ
327 2578 458 2615 σωμάτων
507 2578 648 2606 ἀνάστασιν
691 2579 794 2607 ἔσεσθαι
836 2580 1059 2616 πεπιστεύκαμεν.

243 2634 256 2649 ει
272 2621 433 2661 Propterea
447 2621 536 2652 etiam
552 2631 713 2662 corporum
728 2623 977 2654 resurrectionem
988 2623 1066 2654 futu-

240 2675 303 2697 ram
313 2665 474 2697 credimus.
488 2677 502 2693 ιν
516 2665 681 2698 Humanam
693 2671 930 2707 caruem.utpote
939 2667 976 2698 ab
989 2668 1065 2698 infe-

241 2712 320 2742 riore
335 2711 392 2741 deo
408 2719 445 2741 ex
459 2712 586 2742 materia
601 2712 733 2744 increata
756 2712 906 2743 conditam
931 2711 1065 2744 Valenti-

281 2784 410 2816 97N.5.
453 2783 577 2817 ωηο.
622 2787 760 2821 ΜΝΞ(
803 2786 934 2819 ¹Ν.17.
977 2787 1088 2819 5'N.'l.

1073 2256 1093 2281 D

1100 927 1118 960 ἡ
1153 925 1180 954 δὲ
1213 930 1266 955 τῶν
1288 924 1420 964 δαιμόνων
1436 925 1545 963 iuuarint,
1563 932 1621 958 τοῖς
1637 925 1664 954 ἐν
1686 930 1724 963 τῷ
1750 926 1844 965 κόσμῳ
1859 928 1927 966 πρὸς

1100 972 1131 999 τὸ
1169 977 1325 999 κακοποιεῖν
1367 970 1514 1010 ἐχρὴσατο.
1534 982 1546 998 ι
1573 971 1664 1008 Deus,
1688 970 1794 1011 inquit,
1827 971 1929 1001 omnia

1101 1013 1178 1046 bene
1193 1024 1226 1046 se
1241 1014 1380 1046 habentia
1390 1014 1513 1052 creavit,
1528 1014 1580 1045 sed
1591 1014 1758 1045 daemonum
1773 1016 1930 1055 intempe-

1101 1059 1196 1090 rantia
1211 1059 1260 1100 iis,
1275 1068 1341 1100 quae
1355 1059 1386 1090 in
1402 1059 1511 1089 mundo
1528 1063 1606 1097 sunt,
1624 1059 1661 1091 ad
1675 1060 1752 1090 male
1776 1060 1926 1099 agendum

1100 1104 1191 1135 abusa
1206 1108 1261 1135 est.
1280 1117 1294 1132 ››
1307 1103 1413 1135 Justini
1431 1103 1564 1143 magistri
1585 1104 1716 1144 vestigiis
1741 1104 1878 1136 homines
1897 1110 1929 1136 et

1100 1149 1221 1189 angelos
1231 1158 1248 1179 a
1257 1148 1317 1179 Deo
1328 1149 1440 1179 liberos
1447 1149 1533 1179 docet
1544 1148 1635 1179 fuisse
1645 1154 1761 1180 creatos
1771 1151 1785 1172 ³
1803 1173 1810 1180 .
1826 1146 1832 1156 “
1845 1156 1928 1183 οπως
1957 1184 1958 1192 γ

1100 1196 1113 1223 ὁ
1145 1195 1194 1232 μὲν
1228 1193 1324 1234 φαῦλος
1354 1193 1460 1226 διχλίως
1484 1193 1630 1229 κολάζηται
1642 1193 1676 1222 δι’
1699 1195 1776 1223 αὐτὸν
1804 1196 1926 1235 γεγονὼς

1100 1239 1248 1279 μοχθηρός·
1287 1240 1300 1267 ὁ
1323 1239 1350 1266 ’δὲ
1379 1237 1477 1270 δ’καιος
1499 1239 1583 1278 χάριν
1604 1240 1657 1266 τιῦν
1681 1239 1929 1279 ἂνδριγπιθτψάτων

1099 1283 1175 1316 ἀξίως
1189 1284 1342 1317 ἐπαινῆται.
1363 1295 1378 1310 α
1392 1283 1430 1314 Ut
1445 1282 1540 1313 malus
1553 1283 1656 1314 merito
1673 1284 1812 1323 puniatur
1827 1293 1879 1325 per
1892 1294 1928 1316 se

1099 1327 1252 1368 improbus
1266 1327 1371 1365 factus,
1385 1327 1485 1367 justus
1499 1334 1598 1358 autem
1616 1327 1654 1358 ob
1671 1333 1752 1359 recte
1770 1328 1844 1359 facta
1853 1329 1926 1369 jure

1099 1372 1245 1403 laudetur.
1263 1385 1274 1400 ιο
1293 1372 1363 1408 Qua;
1374 1371 1512 1413 praedicta
1526 1374 1607 1410 sunt,
1635 1372 1730 1404 libera
1743 1373 1926 1414 eligentiqu

1100 1416 1255 1449 voluntate
1265 1417 1347 1448 docet
1359 1417 1491 1454 evenire;
1501 1425 1555 1447 nec
1569 1416 1638 1448 mali
1648 1417 1794 1457 originem
1802 1418 1926 1450 aliunde

1100 1461 1210 1502 repetit
1223 1470 1311 1502 quam
1327 1470 1362 1493 ex
1378 1460 1475 1492 libero
1497 1461 1619 1492 arbitrio
1643 1462 1669 1493 5.
1700 1464 1753 1492 Οὐκ
1774 1463 1926 1502 ·ἒγενόμεθα

1102 1508 1166 1546 πρὸς
1202 1506 1233 1534 τὸ
1256 1506 1444 1541 ἀποθνήσκειν,
1481 1506 1683 1544 ἀποθνήσκομεν
1704 1505 1730 1534 δὲ
1747 1507 1780 1535 δι’
1802 1507 1924 1541 ἑαυτούς,

1101 1549 1253 1579 Ἀπωλεσεν
1282 1550 1356 1588 ἡμᾶς
1385 1551 1416 1578 τὸ
1457 1551 1633 1583 αὐτεξούσιον·
1664 1550 1751 1580 δοῦλοι
1773 1552 1926 1591 γεγόναμεν

1101 1597 1124 1624 οἱ
1152 1594 1292 1635 ἐλεύθεροι,
1322 1594 1364 1623 διὰ
1391 1596 1440 1630 τὴν
1479 1595 1607 1632 ἁμαρτίαν
1635 1597 1799 1636 ἒπράθημεν,
1842 1596 1927 1626 Οὒὸὲν

1101 1639 1198 1680 φκῡλον
1232 1640 1283 1668 ὑπὸ
1299 1639 1344 1668 τοῦ
1361 1643 1426 1668 Θεοῦ
1439 1639 1596 1676 πεποίητᾶι,
1625 1640 1676 1674 τὴν
1690 1642 1818 1680 πονηρίαν
1839 1643 1925 1680 ἡμεῖς

1101 1683 1276 1722 ἀνεδείξαμεν,
1301 1685 1331 1714 Oi
1353 1684 1381 1712 δὲ
1404 1683 1595 1725 ἀναδείξαντες,
1621 1684 1721 1714 δυνατοί
1743 1685 1823 1714 πάλιν
1850 1697 1927 1726 πιρ-

1101 1730 1270 1765 αιτήσασθαι.
1290 1741 1304 1757 α
1330 1729 1397 1760 Non
1423 1727 1492 1759 facti
1521 1738 1623 1760 sumus
1653 1733 1686 1760 ut
1711 1738 1926 1762 moraremur:

1101 1773 1230 1813 perdidit
1245 1782 1300 1804 nos
1313 1773 1407 1804 libera
1417 1774 1572 1812 voluntas;
1590 1773 1668 1805 servi
1678 1773 1747 1805 facti
1759 1783 1861 1805 sumus
1876 1775 1929 1815 qui

1103 1817 1188 1848 liberi
1203 1827 1322 1849 eramus
1340 1828 1348 1856 ;
1364 1827 1418 1858 per
1431 1822 1586 1859 peccatum
1597 1819 1710 1850 venditi
1725 1819 1929 1851 sumus.Nihil

1102 1862 1171 1892 mali
1197 1862 1306 1894 factum
1333 1867 1408 1894 esta
1435 1863 1518 1903 Deo;
1536 1873 1590 1894 nos
1617 1863 1673 1904 ipsi
1703 1863 1927 1904 improbitatem

1102 1907 1308 1947 produximus.
1326 1907 1396 1938 Eam
1414 1917 1484 1939 vero
1504 1908 1555 1948 qui
1583 1908 1798 1948 produxerunt,
1825 1908 1928 1940 denuo

1101 1952 1261 1991 repudiare
1273 1957 1430 1993 possunt.»
1443 1952 1699 1988 Quemadmodum
1708 1953 1846 1984 homines
1859 1963 1929 1984 om-

1102 2005 1156 2027 nes
1168 2000 1289 2037 peccato
1303 1997 1411 2028 Adami
1425 1997 1544 2028 vitiatos
1554 1997 1702 2036 fuisse,ita
1720 1997 1811 2029 etiam
1824 1999 1927 2029 omni—

1104 2041 1169 2079 bus,
1195 2045 1226 2072 ut
1251 2040 1281 2071 in
1306 2041 1437 2072 secunda
1466 2046 1548 2082 parte
1563 2042 1704 2080 vidimus,
1720 2043 1926 2074 necessarium

1102 2095 1168 2117 esse
1183 2086 1313 2126 Spiritus
1323 2086 1419 2117 sancti
1434 2086 1576 2117 auxilium
1593 2087 1695 2128 docet,
1713 2091 1745 2118 ut
1761 2087 1815 2118 Dei
1829 2087 1929 2128 imago

1099 2130 1131 2161 in
1145 2130 1189 2161 eis
1202 2130 1386 2168 restituatur,
1402 2131 1513 2162 nedum
1524 2140 1703 2172 quemquam
1716 2135 1821 2163 natura
1836 2132 1928 2172 spiri-

1099 2175 1210 2210 tualem
1227 2184 1295 2206 esse
1309 2176 1459 2207 crederet.

1142 2219 1265 2261 Nuptias
1281 2221 1313 2251 in
1329 2220 1386 2251 diis
1401 2220 1510 2251 merito
1526 2220 1633 2253 irridet
1648 2220 1839 2261 Tatianus,u.
1854 2223 1886 2262 8,
1902 2229 1934 2255 at

1103 2265 1133 2295 in
1151 2264 1320 2296 hominibus
1330 2265 1460 2303 legitime
1468 2270 1635 2297 contractas
1646 2276 1790 2307 nusquam
1808 2268 1929 2309 vitupe-

1104 2313 1159 2341 rat.
1177 2309 1314 2349 Virgines
1330 2309 1512 2341 Christianas
1529 2311 1711 2352 laudat,quae
1725 2312 1833 2344 divina
1848 2322 1928 2345 ora—

1104 2354 1173 2386 cula
1189 2355 1305 2386 circum
1319 2355 1384 2386 cota
1395 2355 1633 2394 recitabant,uon
1648 2360 1680 2387 ut
1690 2356 1747 2387 hoc
1759 2357 1930 2389 institutum

1105 2399 1198 2429 instar
1218 2399 1292 2438 legis
1317 2399 1455 2431 omnibus
1471 2400 1654 2440 praescribat,
1671 2401 1723 2432 sed
1749 2406 1781 2432 ut
1804 2403 1934 2443 repellat

1106 2443 1230 2474 dicteria
1244 2444 1444 2485 ethnicorum,
1460 2445 1511 2485 qui
1537 2445 1722 2476 Christianos
1753 2446 1934 2478 dictitabant

1100 2489 1180 2519 inter
1185 2490 1335 2520 mulieres
1341 2493 1370 2520 et
1377 2489 1809 2530 adolescentes,intervirgiues
1815 2495 1843 2523 et
1853 2501 1934 2524 anus

1102 2534 1228 2572 nugari.
1251 2534 1299 2565 Sic
1311 2534 1396 2565 etiam
1422 2534 1521 2565 nﬂicta
1535 2534 1712 2566 Christianis
1723 2535 1847 2566 crimina
1863 2546 1934 2577 pro-

1108 2579 1202 2618 pulsat
1217 2579 1379 2619 5,iniquam
1396 2578 1434 2609 ob
1456 2579 1552 2609 solum
1573 2588 1682 2610 nomen
1707 2580 1933 2612 condemnatio-

1108 2632 1175 2653 nem
1193 2622 1296 2663 objicit
1311 2623 1448 2661 ethnicis,
1461 2628 1495 2654 ut
1505 2624 1660 2655 catholicae
1674 2623 1815 2655 Ecclesiae
1831 2625 1935 2657 defen-

1108 2677 1169 2705 sor,
1186 2677 1220 2698 ac
1236 2672 1460 2708 persecutorum
1477 2668 1543 2699 telis
1553 2668 1703 2709 praecipue
1713 2669 1935 2709 expositus,ne-

1109 2713 1179 2743 dum
1213 2716 1282 2744 tunc
1304 2713 1384 2744 inter
1414 2712 1568 2744 haereticos
1581 2717 1761 2752 versaretur,
1778 2723 1853 2754 quos
1882 2721 1936 2748 aut

1133 2787 1265 2820 ³Ν.11.
1310 2785 1438 2819 4Ν.83.
1479 2786 1546 2819 5N.
1562 2787 1612 2819 27.
