1974 3069
44 131 83 163 181

44 197 130 228 mundi
144 201 362 234 aversarentur,
375 197 537 237 plurimum
553 195 701 229 afﬁnitatis
711 203 777 226 cum
786 193 844 223 Ta-
854 193 876 219 Δ

43 241 106 272 tiano
118 241 327 282 hubuerunt,ac
338 242 404 281 ejus
413 241 570 282 Evangelio
582 250 641 272 non
652 238 842 271 incommode

41 286 68 316 ad
84 295 193 316 errores
208 295 277 317 suos
292 287 330 317 uti
343 289 515 326 potuerunt.

72 329 127 361 VII.
142 330 239 362 Facile
254 330 433 362 crediderim
450 330 524 362 illud
537 330 626 361 etiam
638 327 840 368 Evangelium,

40 375 105 414 quod
120 376 282 407 secundum
297 377 417 407 Petrum
434 375 600 413 dicebatur,
622 373 733 407 Tatiani
745 374 842 404 Evan-

40 420 102 458 geiio
117 420 264 451 diversum
280 430 338 450 non
354 429 431 451 esse.
449 419 580 461 Tempus
596 423 625 451 et
639 428 688 450 res
702 419 774 459 ipsae
791 418 844 448 mi-

40 463 109 494 riﬁce
123 464 311 496 conveniunt.
330 468 361 495 ut
378 464 521 495 discimus
531 474 565 495 ex
576 464 744 495 testimonio
756 462 843 493 Sera-

40 508 124 548 pionis
134 509 310 540 Antiocheni
322 509 454 550 episcopi
463 509 540 549 apud
551 508 723 545 Eusebium,
740 515 776 547 v1,
792 507 841 538 12.

41 553 61 583 is
73 557 221 594 antequam
247 554 319 585 illud
335 553 424 584 .Petri
449 553 643 593 Evangelium
661 562 714 593 per
728 561 760 583 se
779 552 844 592 ipse

40 598 231 635 eraminasset,
247 599 422 640 permiserat
438 603 468 629 ut
495 599 643 638 legeretur
671 598 700 628 in
716 597 844 638 parcecia

38 641 195 679 Rhossensi,
221 653 259 674 ne
281 644 358 675 forte
372 643 544 684 discordiae,
565 642 673 684 quibus
689 641 841 672 materiam

37 687 143 718 dederat
156 688 228 719 illud
244 687 447 728 Evangelium,
479 687 629 727 graviores
651 687 767 718 ﬁerent.
784 685 842 718 Sed

38 735 179 773 postquam
206 732 277 764 illud
308 731 444 773 perlegit,
462 732 491 763 in
519 732 645 772 gratiam
661 740 776 768 eorum,
794 731 844 771 qui

34 776 138 816 decepti
153 777 393 815 fuerant,librum
416 777 595 817 composuit,
613 776 643 807 in
658 785 718 817 quo
733 776 775 806 sic
797 775 842 806 lo-

36 821 187 860 quebatur:
208 821 387 859 Ἐδυνήθημεν
409 823 459 861 γὰρ
480 822 542 861 παρ’
564 820 652 850 ἄλλων
673 824 726 849 τῶν
756 821 843 854 ἀσκη-

33 867 124 894 σάντων
147 869 225 896 τοῦτο
253 868 285 895 τὸ
312 866 482 906 Εὖαγγέλιον,
499 867 616 895 τουτέστι
632 866 703 906 παρὰ
717 870 769 894 τῶν
783 865 843 894 δια·
856 859 874 884 Β

33 909 109 950 Erl-[un
133 916 185 940 τῶν
200 911 404 950 καταρξαμένων
429 911 520 948 αὐτοῦ,
537 912 580 943 οὒς
607 911 727 944 Δοκτιτὰς
743 910 843 939 καλοῦ-

32 965 73 989 μεν
94 954 135 994 (τὰ
162 956 212 994 γὰρ
234 955 344 984 πλείονα
372 956 531 995 φρονήματί
575 955 681 983 ἐκείνων
705 955 759 982 ἐστὶ
794 957 843 988 τῆς

31 997 199 1037 διδισκαλίας)
228 1000 396 1040 χρησάμενοι
427 1000 489 1039 παρ’
514 999 599 1027 πῦτῶν
628 999 745 1027 διελθεῖν
764 1009 770 1016 ·
803 1000 845 1027 καὶ

30 1044 105 1082 εὔρεϊ-ι
119 1045 151 1072 τὰ
166 1045 215 1082 μὲν
230 1045 339 1073 πλείονα
368 1046 415 1072 τοῦ
437 1045 513 1084 ὀρθοῦ
534 1044 616 1084 λόγω
643 1047 689 1072 τοῦ
704 1047 844 1084 Σωτῆρος,

29 1089 79 1115 τινὰ
105 1087 132 1116 δέ
160 1089 416 1128 προτδιεπκλμένπ,
452 1089 467 1117 ἃ
496 1089 540 1117 καὶ
567 1089 734 1122 ὒπετάξπιιεν
768 1090 843 1127 ὑμῖν,

33 1133 161 1164 αΜυιυδιί
172 1133 253 1164 enim
263 1134 465 1174 supradictum
477 1133 666 1173 Evangeiium
683 1133 720 1164 ab
735 1133 783 1171 iis,
796 1130 845 1174 qui

29 1177 93 1208 illud
108 1187 161 1209 usu
185 1183 213 1209 et
236 1178 450 1209 exercitatione
478 1182 699 1217 promoverunt,
725 1178 754 1208 id
771 1183 846 1209 esta

27 1223 241 1254 successoribus
259 1232 361 1254 eorum
379 1223 430 1264 qui
459 1222 533 1253 illud
554 1222 754 1262 incaaperunt,
772 1232 846 1263 quos

507 132 543 163 D.
564 130 718 163 MARANI
740 125 953 163 PBIEFATIO.
975 141 1014 147 -
1035 125 1142 157 PARS.
1167 124 1222 156 III.

1651 109 1707 143 182

1185 186 1307 220 CAPUT
1327 185 1403 217 Xill.

1020 238 1062 267 Dc
1076 238 1167 277 gestis
1181 239 1210 267 et
1224 235 1344 274 scriptis
1359 233 1569 271 Athenagorae.

884 284 904 311 Ι.
921 275 1102 312 Testimonium
1117 282 1226 318 Philippi
1239 317 1242 318 ν
1253 281 1344 309 Sidetas
1366 283 1391 308 et
1413 279 1571 318 Athenagora
1582 275 1704 318 expendi.-

920 310 970 347 tiuri.
982 310 1092 348 iiii}
1112 310 1379 355 idemi'Athepagoras
1395 324 1435 355 “ac
1457 310 1645 355 Athénoge'nes‘;

921 347 1040 391 Apologia
1065 355 1096 383 ab
1121 363 1150 382 eo
1175 347 1705 391 oblatahl:'Aureiio_ejusque_[ilioCerne

920 382 1058 419 mbdoSIll.
1072 391 1164 419 Oblata
1173 398 1239 417 anno
1254 389 1315 426 1'16.
1333 396 1380 415 nec
1399 382 1479 426 solum
1504 382 1604 426 scripta.
1622 382 1650 409 V.
1667 382 1706 426 De

920 427 968 455 alio
983 426 1052 455 illius
1067 426 1139 459 libro,
1166 425 1209 461 qui
1237 428 1276 453 est
1291 424 1321 452 de
1335 423 1522 451 resurrectione
1538 423 1703 447 mortuorum.

926 471 948 501 Ι.
964 470 1182 509 Athenagoram
1198 467 1412 498 Atheniensem
1439 473 1486 510 aci
1497 461 1705 510 philosophum

884 514 975 546 fuisse
990 505 1102 545 indicat
1118 515 1183 554 ejus
1198 521 1322 553 operum
1341 510 1454 556 titulus.
1472 509 1512 539 De
1527 507 1620 556 rebus
1629 505 1706 554 illius

883 560 974 599 gestis
985 569 1043 590 uon
1059 558 1212 589 uberrima
1223 562 1266 587 est
1281 555 1402 586 dicendi
1418 563 1514 599 seges,
1525 560 1592 599 eum
1613 555 1706 599 ipsius

885 594 994 634 nomen
1009 613 1086 644 pene
1101 602 1208 633 oblivio
1225 600 1378 633 deieverit.
1394 600 1469 631 Nam
1484 594 1705 644 siriilethodium

886 642 1042 688 martyrem
1059 652 1088 679 et
1101 647 1269 687 Philippum
1285 645 1415 676 Sidetam
1428 642 1566 688 excipias,
1579 647 1705 688 quorum

885 683 1068 724 alter-unam
1084 683 1214 732 aliquam
1229 691 1425 728 Athenagorae
1441 686 1616 733 sententiam
1628 683 1704 733 apud

885 736 1084 778 Epiphanium
1099 729 1204 767 héres.
1223 735 1272 773 64,
1290 739 1320 765 et
1332 733 1470 778 Pholium
1486 729 1615 778 cod.224
1626 729 1704 778 citat,

885 775 960 813 alter
971 781 1008 812 de
1024 781 1074 812 illo
1086 781 1217 812 breviter
1226 783 1255 811 et
1270 778 1353 820 quasi
1364 777 1511 808 transiens
1520 775 1639 820 locutus
1649 776 1703 810 est,

885 826 976 857 altum
988 826 1026 857 de
1043 826 1099 856 hoc
1116 825 1223 856 eximio
1249 818 1394 864 scriptore
1409 822 1440 852 in
1455 825 1516 852 tota
1529 818 1705 859 antiquitate

885 871 1049 903 silentium.
1067 870 1175 902 Debuit
1187 874 1285 900 tamen
1300 868 1380 899 illius
1391 867 1467 898 fama
1477 865 1562 896 latius
1573 871 1704 900 manare,

885 915 909 946 si
925 924 994 947 vera
1010 920 1078 946 sunt
1094 924 1159 956 quae
1174 913 1313 955 perhibet
1330 913 1486 952 Philippus
1502 908 1614 956 Sideta,
1632 915 1705 948 prie-

884 959 975 991 fuisse
991 960 1073 991 illum
1086 953 1198 991 scholae
1208 956 1516 996 Alexandrinm,eique
1531 954 1561 984 in
1573 953 1630 984 hoc
1643 961 1706 981 mu-

886 1013 958 1035 nere
973 1004 1154 1045 discipulum
1169 1004 1353 1035 Clementem
1367 1000 1558 1032 successisse.
1570 997 1707 1045 ilel'ertur

886 1050 944 1080 hoc
959 1041 1161 1080 testimonium
1178 1047 1308 1088 Philippi
1323 1046 1478 1092 Sidetaein
1498 1042 1629 1092 quodam
1644 1041 1705 1092 ira:

887 1098 1017 1134 gmento,
1049 1094 1127 1135 quod
1154 1103 1189 1125 ex
1213 1093 1372 1133 Nicephori
1395 1089 1519 1137 Callisti,
1540 1093 1573 1120 ut
1587 1089 1707 1137 conjicit

888 1133 1068 1179 Dodweilus;
1082 1138 1223 1179 operibus
1237 1141 1409 1177 excerptum
1416 1135 1453 1166 ad
1469 1135 1580 1166 calcem
1595 1133 1708 1179 disser-

888 1184 1033 1215 tationum
1044 1176 1226 1215 Dodweiliin
1236 1176 1381 1213 Irenaeum
1397 1179 1518 1220 legitur.
1536 1179 1585 1210 Sic
1600 1176 1712 1208 habent

887 1237 955 1269 quae
966 1228 1003 1258 de
1016 1228 1204 1268 Athenagora
1219 1227 1258 1259 ibi
1274 1227 1413 1269 dicuntur
1433 1235 1440 1256 :
1461 1225 1515 1269 VKai
1530 1234 1595 1269 ιξηιτι
1610 1220 1709 1269 4’57“:-

28 1266 144 1298 Docetas
160 1277 300 1302 vocamus
319 1268 398 1308 (sunt
420 1267 499 1298 enim
530 1267 677 1307 pleraque
692 1268 843 1299 sententiae

918 1284 937 1304 ›ς
953 1274 967 1301 ὁ
981 1272 1098 1306 Σιδητὴς
1113 1266 1145 1300 svi
1155 1272 1228 1311 λόγῳ
1242 1267 1283 1300 κδ’
1300 1279 1306 1286 '
1328 1283 1341 1298 α
1358 1273 1409 1299 Τοῦ
1431 1267 1611 1297 διδασκαλείου
1626 1269 1670 1293 τοῦ
1685 1266 1713 1311 'sv

28 1320 59 1357 ex
71 1321 170 1343 eorum
181 1313 335 1352 doctrina)
352 1312 470 1352 legendi
481 1313 595 1352 copiam
605 1312 681 1343 nacti
691 1321 803 1357 sumus,
817 1317 843 1343 el

921 1317 1069 1357 λεξανδρείᾳ
1104 1310 1285 1357 ἈΘηνάγόρας
1321 1318 1424 1354 πρῶτος
1462 1314 1597 1352 ἡγήσατο,
1640 1310 1708 1357 and

29 1356 278 1403 deprehendimus
288 1357 406 1403 quidem
418 1357 449 1387 in
460 1356 612 1403 plerisque
620 1361 732 1388 rectam
749 1356 843 1403 Salva-

918 1363 947 1394 ος
988 1355 1102 1403 χρόνους
1141 1355 1263 1401 ἀκμάσας
1302 1360 1438 1400 Ἀδριανοῦ
1469 1359 1512 1386 καὶ
1540 1355 1706 1392 Ἀντωνίνου,

28 1402 91 1432 toris
101 1402 340 1440 doctrinam,sed
359 1407 456 1433 tamen
481 1401 594 1432 detorta
609 1410 675 1432 esse
691 1402 843 1440 nonnulla,

918 1418 930 1439 ς
958 1409 1002 1436 καὶ
1017 1409 1062 1436 τὸν
1076 1407 1140 1447 ὑπὲρ
1167 1409 1330 1447 Χριστιανῶν
1358 1403 1543 1445 πρεσϐευτικὸν
1571 1400 1708 1440 προσεφώ-

27 1455 85 1486 qua:
95 1452 123 1478 et
132 1447 215 1479 vobis
226 1447 441 1487 subjecimus.»
459 1446 668 1487 Serapion,qui
684 1446 843 1478 Ecciesiam

918 1462 966 1485 ισεν
981 1461 988 1468 ·
1020 1452 1086 1491 ἀνὴρ
1117 1445 1143 1481 ἓν
1166 1445 1237 1489 αὗτῷ
1257 1450 1438 1491 χριστιανίσας
1466 1452 1505 1485 τῷ
1532 1445 1639 1485 τρίϐωνι
1667 1445 1708 1472 καὶ

26 1491 236 1524 Antiochenam
254 1493 331 1523 rexit
347 1492 384 1523 ab
400 1501 478 1523 anno
495 1491 657 1536 190.usque
676 1491 712 1536 ad
732 1500 843 1536 annum

918 1508 936 1530 ις
959 1496 1166 1535 Ἀκαδημαίκῆς
1196 1496 1298 1536 σχολῆς
1325 1494 1530 1534 προϊστάμενος.
1555 1491 1636 1522 Οὗτος
1658 1490 1708 1536 sepe

27 1536 74 1581 2H
84 1537 219 1576 ,degebat
229 1546 298 1568 cum
311 1536 426 1567 Tatiani
436 1535 670 1581 successoribus.
683 1535 720 1581 lit
730 1535 843 1581 Τειιίᾶηί

918 1545 932 1570 ὖ
967 1542 1068 1571 Κέλσου
1097 1542 1165 1570 κατὰ
1192 1535 1354 1581 Χριστιανῶν
1396 1539 1495 1578 γράψαι
1522 1535 1708 1581 προθομηθεὶς,

25 1580 214 1627 diatessaron,
232 1583 274 1613 ita
285 1581 358 1612 illud
370 1580 568 1627 etiampquod
582 1581 661 1612 Petri
679 1580 843 1627 dicebatur,

918 1588 1008 1627 τυχὼν
1033 1594 1094 1620 ut;
1130 1580 1221 1619 θείαιςν
1239 1589 1356 1625 Γραφαῐς
1389 1585 1425 1615 εἰς
1461 1584 1492 1611 τὸ
1527 1580 1708 1620 ἀκριϐέστερον

27 1626 213 1672 ξνιιηεθιὶυιη
225 1629 307 1672 tanta
320 1630 383 1672 arte
401 1625 613 1672 concinnatum
623 1628 686 1656 erat
696 1628 727 1656 ut
736 1625 843 1672 Catho-

918 1632 1080 1672 (mviaaeﬁzt,
1121 1632 1203 1664 οὕτως
1233 1630 1321 1659 εἵλετο
1349 1633 1387 1667 τῷ
1416 1628 1536 1667 παναγίῳ
1565 1626 1707 1663 Πνεύματι,

26 1669 85 1700 licis
99 1680 156 1701 non
170 1671 355 1703 doctissimis
371 1671 469 1701 fucum
487 1670 618 1701 faceret:
636 1673 796 1710 utrumque
812 1669 843 1700 ah

918 1687 957 1704 rte
979 1669 1149 1717 dtddexatlo‘r,
1172 1677 1239 1705 κατὰ
1267 1676 1312 1704 τὸν
1342 1674 1424 1713 μέγαν
1441 1672 1554 1708 Παῦλον,
1573 1672 1629 1699 ἀντὶ
1643 1669 1708 1698 διώ-

25 1716 141 1761 eruditis
156 1715 516 1757 episcopis,Theodoreto
532 1714 835 1761 etSerapione,admo

918 1732 952 1749 :ou
977 1722 1096 1761 γενέσθαι
1111 1722 1160 1756 τῆς
1181 1721 1294 1753 πίστεως
1316 1720 1349 1754 ἧς
1365 1719 1480 1747 ἐδίωκεν.
1503 1727 1517 1747 ιι
1536 1718 1632 1745 Τούτου
1655 1726 1709 1753 μοι·

25 1760 74 1790 niti
88 1761 256 1792 emanibus
287 1761 487 1801 projecerunt.
506 1760 653 1791 Praeterea
674 1760 843 1790 Docetarum

918 1765 975 1800 μὴν
1004 1766 1123 1805 γενέσθαι
1167 1766 1246 1806 φησὶν
1275 1767 1289 1794 ὁ
1327 1764 1458 1795 Φίλιππος
1499 1763 1545 1790 τὸν
1572 1760 1712 1806 crinitus;

26 1814 74 1835 usu
89 1805 240 1837 terebatur
256 1805 448 1844 Evangelium
465 1804 629 1836 secundum
655 1805 773 1835 Petrum
792 1813 800 1836 :
822 1807 851 1835 at

26 1849 159 1891 pleraque
174 1855 350 1882 commonta
360 1859 377 1880 a
388 1849 512 1880 Tatiano
527 1848 642 1880 Docetae
657 1853 847 1889 acceperant,

26 1904 77 1925 nec
92 1895 176 1927 video
197 1905 256 1928 cur
273 1904 331 1925 non
353 1894 428 1926 illud
453 1894 541 1925 etiam
557 1893 748 1933 Evangeiium
760 1895 798 1925 ab
814 1903 849 1926 eo

26 1940 202 1980 acceperint,
229 1943 286 1972 aut
315 1948 368 1970 cur
397 1938 465 1970 novi
490 1938 704 1969 architectandi
727 1948 850 1979 operam

27 1985 298 2026 susceperint,cum
309 1983 520 2015 communibus
532 1982 683 2014 erroribus
694 1983 765 2014 satis
781 1993 850 2024 pro-

27 2029 142 2061 vidisset
166 2031 328 2066 Tatianus,
355 2039 390 2060 ac
417 2029 534 2059 etiamsi
564 2028 636 2069 quid
653 2028 732 2059 inter
748 2038 800 2059 eos
815 2029 852 2060 de

27 2083 109 2106 carne
133 2076 247 2107 Christi
276 2084 336 2106 non
364 2074 554 2114 conveniret,
595 2074 626 2104 in
665 2074 721 2104 hoc
754 2078 852 2106 tameu

27 2120 153 2160 ulrisque
180 2120 211 2151 in
228 2129 393 2151 commune
408 2117 589 2158 genealogiis
614 2118 718 2149 recisis
742 2128 854 2150 consu-

26 2163 134 2196 luisset.

893 1804 1036 1848 KMpsviz
1066 1812 1109 1839 χαὶ
1152 1804 1297 1839 Πᾶνταινον
1335 1813 1380 1837 τοῦ
1421 1807 1587 1845 Κλήμεντος.
1619 1817 1630 1833 σ
1662 1804 1713 1835 All.

893 1854 1045 1895 Philippus
1053 1854 1153 1886 Sideta
1163 1856 1194 1886 in
1205 1854 1347 1886 serm.24:
1355 1849 1713 1895 -ScholaeAiexandrinze

893 1894 1006 1939 primus
1039 1900 1157 1938 praefuit
1193 1900 1410 1938 Athenagoras,
1449 1897 1500 1936 qui
1527 1894 1714 1934 temporibus

891 1943 1013 1974 Adriani
1030 1948 1059 1975 et
1072 1944 1216 1976 Antonini
1237 1943 1346 1981 ﬂoruit,
1373 1941 1481 1983 quibus
1496 1941 1583 1972 etiam
1600 1940 1712 1979 legato-

893 1987 967 2018 riam
994 1989 1158 2020 orationem
1182 1998 1234 2029 pro
1265 1987 1439 2020 Christianis
1471 1985 1642 2025 inscripsit;
1672 1983 1715 2014 vir

894 2032 1091 2064 Christianam
1116 2033 1293 2074 religionem
1318 2033 1349 2064 in
1360 2033 1425 2072 ipso
1444 2030 1529 2070 pallio
1552 2029 1713 2074 professus,

895 2087 929 2109 ac
944 2078 1054 2109 scholae
1068 2073 1246 2110 academica).
1262 2078 1427 2119 praefectus.
1444 2075 1471 2107 Is
1488 2084 1553 2106 cum
1566 2078 1635 2105 ante
1647 2073 1715 2105 Cel-

895 2132 960 2154 sum
971 2123 1002 2153 iu
1027 2123 1125 2154 animo
1140 2123 1264 2154 haberet
1291 2123 1431 2154 adversus
1443 2119 1623 2152 Christianos
1638 2119 1714 2149 scri—

896 2168 977 2204 bere.
996 2168 1100 2207 legens
1115 2168 1229 2199 divinas
1245 2167 1412 2208 Scripturas
1427 2166 1463 2196 ad
1478 2164 1645 2196 accuratius
1659 2173 1715 2202 pu-

63 2210 165 2249 Neque
179 2210 259 2241 illud
276 2207 567 2249 omittendum,quod
580 2211 704 2239 testatur
714 2208 854 2240 Theodo-
866 2227 887 2252 ι)
897 2213 1058 2252 gnandum,
1076 2213 1120 2244 sic
1134 2213 1244 2253 Spiritu
1256 2216 1357 2243 sancto
1369 2215 1471 2251 captus
1482 2213 1572 2249 est,ut
1587 2217 1669 2238 more
1684 2217 1716 2238 ac

24 2259 113 2295 ratus,
131 2255 272 2292 Hmret.,
298 2254 376 2294 fab.,
401 2253 451 2285 lib.
471 2263 502 2298 ιι,
533 2262 599 2298 cap.
615 2253 855 2298 %,7Evangeilium
898 2258 986 2289 modo
1000 2258 1099 2298 magni
1116 2258 1198 2289 Pauli
1224 2267 1277 2298 pro
1302 2260 1491 2297 persecutore
1506 2255 1609 2285 doctor
1634 2253 1719 2283 ﬁeret

25 2298 99 2329 Petri
110 2300 175 2330 usui
187 2300 285 2331 fuisse
297 2297 493 2331 Nazaraeisld
509 2297 642 2338 profecto
659 2297 854 2329 incredibile:

23 2353 88 2374 nam
116 2345 253 2376 Nazarzei
282 2344 311 2375 id
341 2353 434 2375 unum
460 2343 636 2383 peccabant,
664 2342 743 2383 quod
761 2342 856 2382 legem

24 2389 109 2420 Mosis
124 2390 278 2421 obstinate
293 2389 469 2420 retinerent.
484 2387 540 2419 Sed
557 2396 623 2418 cum
635 2386 764 2418 Nazaraei
780 2396 858 2428 saepe

26 2433 251 2466 confundantur
268 2443 335 2464 cum
352 2432 589 2473 Ebionitis,quos
604 2431 707 2463 scribit
723 2432 857 2473 Epipha-

28 2478 92 2509 nius
106 2479 227 2511 Taliani
258 2477 420 2518 Evangelio
445 2486 513 2508 usos
538 2476 640 2513 fuisse,
659 2476 729 2508 inde
744 2477 859 2508 videtur

29 2523 146 2554 errandi
163 2523 286 2555 occasio
301 2523 402 2554 oblata
415 2522 616 2554 Thcodoreto.

898 2302 979 2333 illius
985 2302 1128 2334 doctrina;
1135 2312 1221 2343 quam
1231 2299 1580 2339 insectabatur.—Hujus
1591 2298 1719 2338 discipu—

899 2347 960 2378 lum
975 2347 1065 2378 fuisse
1076 2348 1117 2379 ait
1132 2347 1286 2388 Philippus
1295 2346 1477 2377 Clementem
1484 2343 1718 2375 Alexandrinum

900 2395 930 2423 et
945 2391 1115 2423 Pantaenum
1132 2392 1304 2424 Clementis.
1322 2403 1334 2418 υ

940 2436 1076 2472 Quamvis
1101 2447 1160 2468 non
1186 2438 1314 2467 maxima
1339 2437 1377 2466 sit
1401 2434 1559 2466 auctoritas
1577 2433 1719 2473 Philippi,

901 2481 1025 2522 ejusque
1036 2482 1204 2522 opus,quod
1215 2481 1381 2512 Historiam
1396 2480 1601 2511 Christianam
1611 2477 1720 2508 inscri-

901 2530 1011 2566 pserat,
1029 2526 1123 2558 doctis
1149 2525 1259 2567 pariter
1283 2530 1312 2556 et
1339 2525 1466 2556 indoctis
1492 2523 1594 2554 inutile
1606 2522 1724 2563 judicet

901 2571 1050 2611 Socrates,
1068 2570 1121 2602 lib.
1136 2580 1208 2609 xvu,
1225 2570 1397 2611 cap.27,cui
1410 2568 1572 2600 assentitur
1587 2567 1722 2607 Photius,

904 2616 971 2648 cod.
988 2616 1110 2654 35,cum
1127 2621 1224 2647 tamen
1240 2615 1408 2647 Dodweilus
1423 2614 1481 2655 ipsi
1494 2614 1581 2645 etiam
1594 2612 1723 2643 Eusebio

904 2661 935 2692 in
949 2661 1006 2692 hoc
1021 2661 1059 2692 de
1071 2661 1260 2700 Athenagora
1278 2665 1307 2691 et
1315 2659 1382 2691 aliis
1396 2658 1606 2692 Alexandrinae
1615 2658 1726 2689 scholae

904 2705 1070 2738 rectoribus
1092 2705 1260 2738 testimonio
1289 2704 1529 2745 anteponendum
1546 2707 1635 2744 putat,
1653 2711 1725 2743 pro-

906 2755 1007 2793 pterea
1021 2751 1099 2792 quod
1116 2751 1270 2784 Riiodonis
1283 2750 1447 2791 discipulus
1456 2750 1521 2787 fuit,
1534 2748 1584 2789 qui
1594 2747 1725 2780 Alexan-
