1974 3069
225 123 282 156 183

677 123 707 154 S.
729 121 913 153 JUSTINUS
934 119 1192 152 PHILOSOPHUS
1214 121 1262 152 ET
1285 121 1459 153 MARTYR.

1853 121 1906 154 184

225 191 321 222 drina:
337 191 447 222 scholae
463 194 528 231 post
542 189 705 228 Didymum
729 187 856 228 praefuit,
875 190 903 217 et
918 186 1053 217 eamdem
1065 193 1084 215 A
1097 195 1176 225 gorae
1188 186 1392 224 conversione,
1411 191 1439 219 et
1450 187 1624 218 Christiana:
1638 187 1792 226 religionis
1807 188 1834 218 in
1854 188 1913 227 ipso

227 236 359 267 scholam
377 237 405 266 in
423 234 527 265 urbem
545 233 645 265 Sidam
658 231 821 272 transtulit,
838 231 888 262 ubi
905 241 971 261 eum
988 239 1003 260 a
1017 239 1049 260 se

224 280 359 312 auditum
379 286 475 311 narrat
489 279 643 319 Philippus
652 282 726 309 teste
738 276 869 317 excerpti
888 276 974 306 modo
990 275 1050 305 lau-

227 325 287 356 dati
302 330 434 362 auctore,
453 325 515 355 sive
543 324 569 355 is
584 323 769 363 Nicephorus
794 321 841 354 sit.
860 331 911 352 seu
928 320 1051 361 quilibet

226 369 400 401 alius.Haud
412 369 549 410 equidem
562 367 731 408 negaverim
749 365 894 397 Dodwelli
907 365 1050 410 rationem

226 414 255 445 id
272 414 383 450 valere,
401 409 472 444 ut'si
486 413 557 453 quid
574 416 674 444 narret
698 411 864 451 Philippus,
890 409 968 449 quod
984 418 1050 439 cum

226 458 347 498 optimis
365 458 566 489 monumentis
581 466 640 487 non
656 461 778 496 pugnet,
794 455 824 485 id
851 454 1000 494 probetur.
1017 455 1053 484 Al

227 512 376 542 nunquam
403 502 573 542 impetrabit
601 500 780 537 Dodwellus,
797 504 826 530 ut
852 499 979 538 scriptor
994 506 1052 528 non

229 546 327 586 magni
342 545 604 586 ponderis,Proclo
617 549 645 576 et
661 544 790 576 Sisinnio
807 543 928 583 aequalis
947 551 980 573 ac
993 542 1053 571 dia-

229 591 297 622 coni
313 600 437 622 munere
450 591 504 622 sub
519 591 634 621 Joanne
646 589 853 630 Chrysostomo
871 587 1051 627 perfunctus,

227 635 370 676 Eusebio,
399 636 448 675 qui
478 639 506 666 et
532 635 682 675 antiquior
706 638 735 664 et
759 632 926 664 accuratior
948 635 1004 669 est,
1021 640 1055 661 ac

227 680 321 711 multo
333 680 416 721 plura
427 679 536 711 scholae
551 678 759 710 Alexandrinae
771 680 975 713 monumenta,
987 676 1053 716 plu-

225 733 334 765 resque
350 725 484 756 eruditos
506 725 585 755 viros
610 728 661 755 aut
685 724 712 754 ei
743 722 897 764 praefectos
913 727 961 751 aut
975 721 1006 751 in
1022 729 1056 751 ea

226 769 376 800 institutos
391 769 517 809 viderat,
533 773 743 809 anteponatur.
763 767 858 803 Quare
874 770 906 796 ut
922 765 1054 796 omittam

227 814 317 854 longe
333 824 350 847 a
366 823 434 845 vero
445 814 585 845 aberrare
605 813 860 853 Pbilippum,cum
877 810 1055 850 Apologia»:

227 858 424 898 Athenagorae
451 858 682 899 imperatoribus
706 857 835 888 Adriano
862 860 891 886 et
905 854 1084 885 AntoninoB

227 903 400 943 inscriptam
420 907 522 944 putat;
542 903 633 934 multa
656 902 687 932 in
703 901 808 933 eodem
825 900 992 931 testimonio
1008 899 1054 930 le-

228 952 336 988 guntur
348 948 452 987 partim
470 947 548 978 haud
560 947 646 977 valde
672 945 850 987 probabilia,
864 944 969 984 partim
985 944 1057 974 falsa

229 1001 351 1034 prorsus
368 997 396 1023 et
412 991 619 1026 absurda.Nou
635 991 764 1022 libenter
774 989 953 1021 crediderim
964 989 1056 1034 Athe-

229 1033 368 1078 nagoram
380 1037 591 1068 Alexandrinae
599 1035 709 1067 scholae
721 1034 885 1075 praefuisse.
903 1033 1055 1069 Quomodo

229 1083 308 1114 enim
326 1083 355 1113 in
372 1084 430 1113 tam
449 1082 507 1113 alto
528 1086 556 1112 et
580 1080 702 1111 sublimi
719 1081 782 1111 loco
800 1080 839 1109 ita
855 1079 935 1109 illius
950 1078 1058 1118 scripta

229 1128 354 1168 latuere,
371 1132 404 1157 ut
415 1127 496 1157 nulla
510 1135 634 1166 prorsus
644 1125 679 1156 ad
693 1124 855 1156 Eusebium
865 1132 935 1154 aura
951 1132 1056 1168 perve-

229 1172 332 1204 niret?
347 1171 423 1203 Illud
441 1176 522 1202 certe
535 1171 594 1202 dici
605 1180 665 1201 non
686 1173 783 1210 potest
797 1168 875 1209 quod
888 1167 1055 1207 aitPhilip-

230 1226 285 1257 pus
294 1217 515 1256 Athenagoram
540 1216 610 1247 huic
625 1215 735 1246 scholae
747 1214 874 1254 primum
891 1212 1054 1252 prmfuisse.

229 1261 301 1292 Nam
313 1261 424 1292 diserte
446 1264 566 1292 testatus
586 1259 732 1291 Eusebius
741 1259 770 1284 95
781 1258 943 1288 litterarum
956 1265 1056 1288 sacra—

230 1316 295 1337 rum
307 1306 439 1337 scholam
452 1306 513 1345 jam
530 1305 600 1335 inde
617 1314 633 1335 a
649 1304 755 1344 priscis
772 1301 1056 1342 temporibus,ante—

228 1361 316 1391 quam
330 1351 357 1382 ei
375 1354 514 1391 praeesset
532 1351 697 1387 Pantaenus,
715 1349 746 1379 in
771 1347 845 1378 urbe
859 1346 1057 1378 Alexandrina

228 1396 392 1427 institutam
408 1395 511 1426 fuisse.

272 1441 340 1472 Non
355 1440 453 1471 minus
469 1438 598 1470 absurde
614 1438 693 1469 idem
715 1437 871 1477 Philippus
886 1437 1055 1476 Athenago-

228 1495 294 1516 ram
310 1483 474 1516 Clementis
499 1482 705 1520 Alexandrini,
727 1481 913 1512 Clementem
926 1481 1057 1512 Pantaeni

231 1530 400 1568 magistrum
431 1527 523 1563 fuisse
564 1527 677 1558 statuit.
697 1517 846 1558 'Dubitari
875 1534 933 1555 non
962 1517 1086 1568 potestC

230 1573 304 1614 quin
318 1573 455 1604 Clemens
466 1572 686 1603 Alexandrinus
698 1580 758 1601 non
768 1570 909 1609 magister
924 1570 1056 1600 Pantaznl

230 1619 283 1650 sed
295 1619 459 1659 discipulus
471 1618 570 1649 fuerit.
589 1617 748 1655 Acceptam
764 1625 780 1646 a
795 1617 934 1647 Pantaeno
943 1615 1056 1645 doctri-

231 1673 298 1695 nam
314 1667 396 1703 grato
422 1660 732 1707 animormemo’rabat
755 1660 785 1690 in
811 1659 1057 1707 Hypotyp‘osibus

230 1708 302 1740 Rem
319 1712 442 1739 testatur
457 1706 613 1744 Eusebius,
631 1705 760 1743 Hist.,v,
775 1714 840 1744 cap.
859 1705 892 1735 11
914 1713 921 1734 :
955 1704 992 1737 ‘0:
1024 1704 1057 1737 δὴ

229 1754 272 1782 καὶ
295 1753 420 1790 ὀνομαστὶ
449 1752 479 1779 ἒν
509 1752 556 1783 αἶς
580 1750 716 1783 συκιέταξει
745 1745 959 1777 ’Υποτυπώσῖσιν
975 1750 1011 1781 ὡς
1027 1748 1058 1776 ἂν

229 1797 386 1827 διδασκάλου
408 1798 454 1824 τοῦ
476 1796 621 1824 Πανταίνου
651 1795 796 1833 μέμνηται,
828 1805 839 1822 tt
865 1793 1003 1824 Clemens
1027 1793 1056 1823 in

230 1841 455 1873 Institutionum
466 1839 549 1871 libris
559 1849 575 1871 a
584 1849 615 1871 se
622 1837 915 1879 conscriptisdiscrte
926 1839 1057 1869 Pantaeni

231 1891 264 1917 ut
278 1886 413 1925 magistri
429 1885 596 1917 meminit.»
613 1887 648 1916 Et
662 1883 939 1921 Photius,cod.109,
953 1883 990 1913 de
1007 1892 1058 1914 eo-

230 1931 298 1963 dem
315 1931 471 1963 Clemente
489 1940 496 1962 :
515 1931 642 1965 Μποητῆς
666 1929 704 1969 δὲ,
721 1931 758 1961 ὼς
776 1929 854 1960 ὠτός
870 1939 949 1968 φησι,
968 1929 1059 1967 γέγονε

232 1978 390 2008 Πανταίνου,
410 1975 612 2012 «Fuitautem,
629 1973 878 2014 quemadmodum
892 1972 956 2012 ipse
969 1977 1058 2003 testa-

232 2025 292 2058 tur,
309 2020 474 2061 discipulus
486 2019 628 2051 Pantaeni.
638 2031 647 2046 ι
662 2018 765 2050 Fidem
777 2027 846 2057 ergo
859 2027 916 2047 non
928 2022 1059 2048 meretur

232 2065 470 2106 Philippus,cum
488 2064 525 2095 de
541 2064 633 2095 rebus
650 2062 811 2095 Clementis
826 2065 982 2102 tantopere
997 2062 1059 2092 (lis—

233 2114 334 2150 crepat
345 2108 382 2140 ab
393 2110 457 2149 ipso
470 2109 740 2148 Clemente.Atque
757 2107 825 2137 hinc
836 2106 922 2136 etiam
935 2106 1061 2146 perspici

233 2157 329 2194 potest
338 2163 397 2185 non
408 2153 491 2184 inani
502 2154 723 2193 conjectura,ut
732 2152 826 2182 visum
840 2154 883 2181 est
895 2151 1060 2190 DodWello,

1093 231 1373 270 pallioprofessione
1384 232 1625 264 narranturllrec
1641 233 1721 262 enim
1736 232 1854 262 minime
1863 242 1911 262 re-

1093 277 1286 314 pugnant;sed
1296 277 1422 307 certiora
1430 278 1565 317 essent,si
1576 276 1728 316 Philippus
1736 277 1877 316 majorem
1885 278 1912 308 in

1093 321 1214 351 historia
1225 320 1383 352 scribenda
1392 321 1480 352 ﬁdem
1492 331 1525 352 ac
1533 321 1712 360 diligentiam
1723 321 1911 353 declarasset.

1134 365 1169 396 Il.
1184 365 1380 405 Suspicantur
1393 366 1446 396 viri
1465 366 1711 406 praestantissimi.
1730 365 1873 396 Baronins
1887 367 1915 389 illi

1093 414 1122 439 et
1137 409 1344 440 Tillemontius
1365 411 1582 450 Athenagoram
1607 410 1743 441 eumdem
1757 419 1821 440 esse
1837 419 1870 441 ac
1883 410 1911 440 5.

1094 454 1318 494 Athenogeneni
1331 455 1589 495 iiiarlyi‘eiii,cujus
1602 456 1740 495 hymnum
1757 455 1910 494 quemdam

1096 499 1222 530 laudavit
1238 499 1363 530 Basilius
1377 500 1405 530 in
1424 500 1497 530 libro
1516 500 1558 530 Ite
1585 499 1706 540 Spiritu
1721 503 1835 536 sancto,
1851 508 1914 537 cap.

1094 543 1144 580 “29,
1162 544 1355 583 compositum
1373 553 1389 575 a
1405 545 1566 584 S.martyre
1579 549 1606 574 et
1618 543 1771 584 discipulis
1781 543 1913 574 relictum

1096 589 1190 619 instar
1205 589 1358 628 cujusdam
1380 589 1512 627 amuleti,
1529 599 1597 620 cum
1614 589 1681 628 igne
1695 588 1817 628 jamjam
1834 598 1915 619 com-

1096 633 1247 665 burendus
1263 635 1472 666 esset.Revera
1489 638 1594 674 praeter
1611 633 1739 665 nominis
1751 633 1917 663 similitudi-

1097 688 1178 718 nem,
1197 688 1262 719 quze
1279 679 1378 710 fucum
1409 679 1538 710 librariis
1567 679 1663 710 facere
1682 678 1787 718 potuit,
1802 677 1917 708 videtur

1098 725 1306 764 Athenogenes
1336 724 1501 755 eruditione
1529 733 1563 754 ac
1592 723 1746 763 discipulis
1772 723 1914 753 ﬂoruisse.

1097 770 1174 810 quod
1187 769 1308 810 quidem
1319 779 1378 801 non
1387 769 1485 799 minus
1496 773 1562 809 apte
1571 769 1600 799 in
1614 768 1820 808 philosophum
1834 767 1918 798 Athe-

1097 814 1231 845 niensem
1248 814 1398 844 convenit.
1411 814 1631 853 Athenagoram
1649 822 1765 853 passum
1786 821 1851 842 esse
1868 821 1917 850 pro

1095 859 1211 890 Christo
1223 858 1301 889 nulla
1313 858 1471 898 perhibent
1496 858 1626 889 historia;
1641 861 1844 888 monumenta.
1861 855 1917 886 Sed

1097 908 1128 934 ut
1142 904 1206 942 ejus
1218 904 1327 943 scripta
1348 913 1424 943 pene
1445 903 1474 933 in
1492 903 1822 942 oblivioncjacnerunt,
1839 901 1875 931 ita
1893 900 1919 930 ei

1099 949 1270 988 martyrium
1291 948 1382 978 latere
1401 948 1553 988 potuisset.
1571 947 1632 978 Nec
1649 947 1780 987 profecto
1799 947 1920 977 mirarer

1098 994 1121 1023 si
1131 993 1217 1023 vitam
1229 1002 1282 1033 pro
1291 993 1406 1024 Christo
1432 993 1618 1033 profudisset,
1637 991 1687 1031 qui
1705 991 1760 1021 sub
1775 1001 1809 1021 eo
1826 991 1918 1030 impe-

1098 1042 1209 1074 ratore,
1222 1038 1276 1068 sub
1289 1047 1345 1078 quo
1367 1037 1481 1068 delatus
1504 1037 1688 1068 Christianus
1705 1045 1823 1075 ptenam
1839 1034 1918 1075 capi-

1100 1083 1186 1113 talem
1203 1092 1262 1113 non
1277 1081 1445 1121 effugiebat,
1465 1091 1523 1112 non
1554 1082 1641 1112 modo
1657 1081 1789 1120 seipsum
1807 1079 1920 1110 deferre

1098 1137 1188 1158 ausus
1213 1132 1266 1163 est,
1296 1127 1347 1158 sed
1364 1129 1451 1158 etiam
1478 1126 1672 1158 Christianam
1689 1125 1863 1165 religionem
1881 1124 1921 1154 sic

1098 1172 1310 1212 defendere,ut
1320 1172 1531 1212 imperatorem
1543 1171 1749 1211 superstitioni
1760 1169 1923 1201 addictissi-
1951 1179 1952 1188 ι

1100 1227 1179 1248 mum
1210 1218 1373 1257 alloquens,
1390 1216 1550 1248 Christiani
1567 1216 1664 1246 cultus
1691 1215 1878 1246 sanctitatem
1895 1219 1920 1244 et

1099 1262 1290 1293 intaminatos
1318 1261 1556 1293 Christianorum
1581 1269 1679 1292 mores
1702 1270 1772 1290 cum
1791 1258 1923 1299 turpibus

1099 1307 1254 1346 gentilium
1270 1306 1421 1337 sacriﬁciis
1433 1310 1461 1336 et
1473 1305 1640 1336 simulacris
1652 1315 1686 1335 ac
1697 1305 1757 1335 vita
1768 1303 1923 1343 i-orruplis-
1951 1320 1952 1325 η

1098 1352 1173 1382 sima
1186 1355 1380 1391 compararet.
1399 1351 1468 1386 Sed,
1487 1354 1517 1380 ut
1543 1350 1729 1380 observatum
1746 1354 1790 1379 est
1805 1349 1841 1379 ad
1857 1348 1921 1378 lau-

1099 1397 1197 1427 datum
1208 1395 1310 1427 Basilii
1321 1394 1624 1431 locnm,verisimilius
1637 1398 1680 1425 est
1694 1395 1920 1432 Athenogenem

1098 1440 1181 1472 illum
1194 1450 1210 1471 a
1221 1442 1252 1472 S.
1265 1440 1372 1470 Basilio
1388 1440 1652 1479 memorari,quem
1669 1439 1725 1469 sub
1740 1438 1922 1469 Diocletiano

1101 1485 1321 1526 illartyrologiu
1340 1485 1373 1515 ad
1391 1484 1469 1514 diem
1490 1485 1524 1514 16
1538 1484 1607 1514 Julii
1618 1494 1683 1515 cum
1696 1483 1848 1514 nonnullis
1859 1482 1923 1512 aliis

1099 1539 1216 1571 passum
1234 1538 1300 1559 esse
1314 1528 1454 1560 Sebastim
1472 1539 1497 1558 Ill
1511 1529 1653 1559 Armenia
1668 1532 1826 1559 testantur.

1138 1574 1189 1605 lli.
1206 1575 1280 1605 Cum
1305 1573 1390 1613 pl-rra
1420 1582 1477 1603 non
1506 1576 1673 1613 suppetant,
1690 1582 1758 1613 quae
1783 1573 1821 1602 de
1835 1571 1924 1602 rebus

1099 1619 1294 1657 Athenagorae
1305 1618 1498 1653 disseramus,
1514 1617 1695 1648 Veniendum
1707 1618 1743 1648 ad
1761 1618 1840 1648 illius
1855 1616 1925 1647 scri-

1099 1667 1148 1703 pta
1160 1672 1285 1703 quorum
1310 1662 1395 1701 longe
1411 1662 1687 1702 praestantisﬂmum
1706 1662 1843 1702 Legatio,
1865 1662 1924 1691 sive

1098 1707 1247 1747 Apologia
1255 1716 1310 1746 pra
1320 1706 1653 1737 Christiania.Oblatam
1662 1707 1756 1737 fuisse
1766 1709 1788 1736 .\l
1796 1705 1925 1737 .Aurelio

1100 1753 1224 1793 ejusque
1241 1751 1300 1782 ﬁlio
1317 1752 1478 1782 Commodo
1495 1751 1584 1791 idque
1600 1760 1677 1782 anno
1696 1752 1752 1783 177
1767 1751 1923 1787 Baronius,
1953 1763 1954 1766 π

1101 1796 1239 1828 Petavius
1250 1801 1278 1826 et
1291 1796 1499 1827 Tillemontius
1517 1796 1697 1827 existimant.
1717 1796 1828 1828 Contra
1850 1795 1924 1826 ιλιι)-

1101 1841 1304 1881 haeus,l’agius
1321 1847 1350 1870 et
1365 1840 1548 1880 Dodwellus,
1562 1841 1794 1881 imperatoribus
1811 1841 1847 1872 Μ.
1862 1842 1925 1871 Au-
1954 1842 1956 1881 ‘,

1100 1886 1174 1916 relio
1192 1890 1220 1916 rt
1232 1886 1321 1916 Lucio
1341 1886 1415 1915 Vero
1432 1885 1602 1925 inscriptam
1619 1886 1827 1923 contendunt;
1845 1886 1926 1917 Dod—

1102 1930 1205 1961 wellus
1217 1930 1336 1970 quidem
1353 1939 1430 1960 anno
1461 1931 1526 1966 168,
1555 1929 1660 1968 l’agius
1676 1939 1746 1960 vero
1762 1941 1840 1961 anno
1862 1933 1925 1961 ltiti.

1101 1975 1132 2005 lu
1147 1975 1200 2005 hac
1212 1974 1425 2005 sententiarum
1438 1974 1576 2005 varietate
1593 1984 1650 2005 non
1668 1975 1802 2006 difﬁcilis
1817 1975 1928 2005 delibe-

1103 2020 1177 2050 ratio
1194 2023 1239 2049 est
1251 2024 1334 2050 utros
1349 2028 1517 2059 sequamur.
1546 2019 1666 2050 Baronii
1691 2020 1773 2051 enim
1791 2025 1820 2050 et
1835 2019 1927 2050 Tille-

1105 2065 1208 2094 montii
1221 2064 1397 2094 sententiam
1408 2064 1436 2093 in
1451 2064 1612 2095 clarissima
1624 2065 1690 2095 luce
1701 2068 1858 2105 exponunt
1868 2065 1928 2095 haec

1103 2109 1299 2148 Athenagorae
1320 2108 1412 2139 verba
1437 2109 1491 2140 27:
1520 2111 1592 2141 Τίνες
1619 2111 1667 2148 γὰρ
1698 2112 1741 2138 κκὶ
1772 2110 1929 2148 ἂικιιιλτερω

1105 2155 1142 2182 ὧν
1168 2153 1268 2182 dicunt
1298 2160 1404 2193 τυχεῖν,
1436 2154 1454 2188 ἢ
1484 2154 1581 2185 οἵτινες
1611 2156 1668 2194 regi
1689 2155 1740 2192 μὲν
1762 2159 1811 2188 tiu;
1841 2156 1928 2194 ἀρχὴς

233 2198 285 2230 sed
297 2199 391 2229 ﬁrmis
406 2198 526 2230 indiciis
541 2198 701 2229 Eusebium
723 2196 789 2233 niti,
804 2205 870 2226 cum
888 2195 1059 2235 magistrum
1074 2202 1093 2226 D
1104 2201 1152 2232 τῆς
1175 2198 1254 2236 ὺμετέ

1104 2201 1152 2232 τῆς
1175 2198 1302 2238 ὑμετέρας
1332 2200 1476 2238 εὐχόμεθαἵ
1505 2199 1551 2227 ἵνα
1578 2207 1644 2231 παῖς
1660 2200 1708 2237 μὲν
1736 2202 1810 2240 πχρὰ
1832 2201 1930 2239 πικρὸς

232 2243 328 2284 illum,
341 2253 431 2283 quem
448 2242 588 2274 Clemens
600 2242 706 2273 ordine
717 2245 746 2272 et
763 2245 895 2280 tempore
911 2240 1060 2278 ultimum,

233 2293 262 2318 at
280 2288 386 2319 merito
412 2288 500 2328 longe
531 2287 694 2328 principem
725 2285 755 2316 in
771 2285 900 2324 Egypto
916 2284 1060 2323 audierat,

233 2332 404 2363 Pantaenum
422 2333 513 2363 fuisse
542 2331 703 2363 concludit.
731 2329 803 2360 Nam
833 2338 897 2359 cum
924 2329 1063 2360 Clemens

234 2378 285 2408 uni
302 2381 415 2408 tantum
433 2377 586 2417 magistro,
603 2380 636 2407 ut
649 2376 713 2415 ipse
739 2378 875 2410 testatur,
894 2383 1014 2413 operam
1032 2375 1062 2405 in

233 2422 359 2461 Egypto
375 2421 635 2462 dederit,cumque
648 2419 805 2450 Pantaenus
821 2419 849 2448 in
868 2417 990 2458 [Egypto
1006 2419 1062 2449 do-

233 2466 342 2507 cuerit,
356 2470 385 2497 et
414 2466 552 2497 auditore
579 2475 650 2496 usus
676 2465 714 2495 sit
735 2463 899 2499 Clemente,
918 2472 954 2494 an
968 2464 1063 2495 inanis

233 2511 386 2542 conclusio
403 2515 448 2542 est
464 2511 638 2553 magistrum
655 2509 751 2545 illum,
770 2516 856 2548 quem
882 2507 976 2553 solum
992 2508 1060 2540 Cle-

234 2564 319 2586 mens
339 2555 481 2596 (Strom.,
498 2564 518 2594 ι,
552 2555 658 2596 μὲΉ)
673 2554 704 2584 in
722 2554 849 2592 Aﬂgypto
865 2551 985 2592 audivit,
1002 2562 1061 2584 non

233 2599 324 2630 alium
336 2609 403 2632 esse
415 2601 569 2631 Pantaeno?
580 2598 718 2631 Fabulam
745 2597 844 2636 itaque
855 2596 972 2627 redolet
979 2598 1061 2637 ejus-

236 2644 315 2675 modi
331 2644 534 2677 historia.Nec
553 2649 650 2676 tamen
667 2643 697 2673 in
711 2641 841 2681 Philippi
857 2640 966 2672 Sidetas
978 2642 1062 2674 testi-

235 2689 335 2720 monio
344 2689 456 2730 pariter
472 2689 714 2730 rejecerim,quae
728 2686 766 2718 de
781 2684 912 2716 mirabili
927 2687 1062 2718 Athena-

273 2769 303 2796 95
319 2769 408 2807 Hist,
426 2769 477 2800 lib.
496 2779 524 2808 v,
541 2780 567 2801 c.
584 2769 630 2802 10.
672 2767 824 2798 “Barca.
841 2767 878 2798 ad
895 2767 932 2798 18
947 2768 1010 2799 Jan.

1104 2243 1171 2272 κατὰ
1185 2244 1215 2271 τὸ
1230 2242 1395 2272 δικαιότατον
1424 2243 1580 2284 atde-[natis
1600 2245 1650 2277 τὴν
1678 2245 1830 2282 βκσιλείειν,
1849 2245 1929 2277 αὔξη-

1107 2300 1146 2316 σιν
1174 2287 1201 2315 δὲ
1230 2289 1274 2316 καὶ
1303 2287 1418 2316 ἐπίδοσιν
1445 2290 1462 2322 ἦ
1496 2289 1568 2328 ἀρχὴ
1607 2290 1691 2326 ὑμῶν,
1725 2291 1834 2318 πάντων
1863 2291 1930 2318 ὑπο-

1106 2334 1217 2382 lar-piari
1243 2333 1417 2381 ytyvojaéttuv,
1435 2332 1557 2372 λαμϐάνῃ
1575 2341 1582 2371 ;
1602 2346 1615 2360 α
1634 2334 1761 2369 Quinam
1788 2335 1869 2364 enini
1885 2335 1931 2364 (li-

1105 2377 1237 2416 gniores,
1269 2377 1317 2416 qui
1346 2386 1382 2407 ea
1396 2387 1462 2416 quae
1476 2382 1577 2417 petunt
1591 2378 1763 2417 impetrent,
1781 2388 1870 2418 quam
1885 2378 1934 2418 qui
1955 2408 1956 2415 η

1106 2430 1158 2461 pro
1174 2421 1299 2461 imperio
1314 2425 1409 2452 vestro
1437 2431 1604 2461 precamur,
1623 2429 1653 2454 ut
1680 2423 1758 2453 ﬁlius
1790 2433 1807 2453 a
1838 2429 1931 2463 putre,

1106 2470 1194 2507 prout
1209 2466 1410 2506 aequissimum
1436 2471 1491 2504 est,
1508 2476 1631 2506 regnum
1652 2468 1820 2508 accipiatis.
1840 2473 1933 2499 ctac-

1105 2511 1288 2542 cessionibus
1301 2521 1334 2541 ac
1346 2511 1540 2542 incrementis
1550 2512 1707 2552 imperium
1721 2518 1932 2550 veslrnnimnr

1104 2556 1193 2586 nibus
1208 2556 1313 2586 ditioni
1330 2561 1432 2587 vestra:
1461 2556 1612 2596 subjectis,
1641 2558 1812 2596 augeatur?
1829 2571 1843 2586 ι
1867 2558 1935 2590 llmc

1105 2601 1239 2640 profecto
1255 2601 1292 2630 ad
1307 2600 1345 2632 Μ.
1364 2600 1518 2631 Aurelium
1531 2605 1559 2630 et
1572 2602 1603 2632 L.
1623 2600 1732 2632 Verum
1750 2603 1859 2632 reterri
1877 2612 1934 2632 non

1107 2644 1339 2685 possunt.Ambo
1352 2645 1481 2685 adoptati
1495 2645 1610 2676 fuerant
1622 2645 1658 2676 ab
1673 2646 1843 2684 Antonino;
1860 2656 1935 2677 ncn-

1107 2693 1151 2719 ter
1165 2688 1286 2720 alterius
1299 2693 1383 2728 pater
1396 2698 1403 2727 ;
1417 2698 1471 2719 nec
1483 2689 1682 2729 aequissimum
1700 2695 1765 2721 erat
1781 2696 1811 2721 ut
1830 2691 1937 2722 Lucius

1054 2767 1199 2800 ²⁷Ν.37.
