1974 3069
247 78 299 112 171

700 80 734 112 8.
754 78 888 113 JUSTIN
893 80 938 112 US
957 78 1221 113 PHILOSOPHUS
1241 79 1291 113 ET
1315 79 1488 114 MARTYR.

1887 77 1954 116 172

245 159 301 180 nus
313 152 450 179 accurata
460 147 661 180 distinctione.
676 147 827 179 utTatiani
839 151 949 179 sectam
961 147 1069 179 saeculo
1079 152 1100 176 Α
1111 151 1276 187 pugnantes
1305 148 1415 179 refellit
1441 149 1471 179 in
1497 152 1558 179 toto
1586 148 1660 180 libro
1689 148 1776 180 tertio
1791 149 1953 182 Stroma-

245 197 350 234 quarto
365 192 515 224 interiisse
536 191 682 223 crederet.
698 192 735 223 At
747 201 813 223 cum
830 193 997 224 Encratitas
1011 193 1068 224 hoc

245 238 357 269 saeculo
373 237 518 268 exstitisse
529 245 564 267 ex
579 236 644 276 ipso
656 236 822 277 Epiphanio
839 241 948 277 pateat,
965 242 995 268 et
1009 247 1068 268 ma-

243 283 321 314 xime
338 292 373 313 ex
388 282 509 319 Basilio,
525 281 602 321 apud
616 291 704 322 quem
727 291 786 312 non
800 292 891 322 pauca
899 283 936 314 de
947 283 1066 313 illorum

244 328 420 368 baptismate
436 327 573 366 leguntur
584 326 626 364 89,
644 328 812 358 necessario
829 328 964 367 sequitur
979 327 1066 359 insti-

243 376 335 403 tutam
351 381 368 402 ει
383 371 507 402 Tatiano
524 374 646 409 sectam,
664 380 730 411 quae
745 381 804 401 non
828 371 884 402 alia
913 375 958 402 est
978 381 1065 412 quam

243 415 472 456 Encratitarum,
488 415 523 446 ad
537 416 593 446 hoc
609 420 725 455 tempus
741 424 960 456 perseverasse.
977 416 1065 447 Basi-

243 461 311 501 lius,
323 461 378 492 etsi
394 460 549 491 haereticos
556 459 953 500 solebatrebaptizare,duos
964 465 1062 491 tamen

243 515 278 536 ex
295 506 350 536 hac
365 510 445 536 secta
473 504 638 546 episcopos,
655 505 777 535 Zoinum
804 510 833 536 et
857 504 1060 543 Saturninum,

242 560 354 589 magna}
370 550 486 580 utilitati
501 549 747 580 consuetudinem
766 550 990 590 posthabens,in
1002 550 1063 591 epi-

240 595 387 635 scopalem
400 594 572 626 cathedram
580 594 757 634 suscepit,ac
774 603 875 625 eorum
891 604 951 626 non
966 595 1062 626 solum

240 640 394 680 baptisma,
411 640 463 670 sed
490 642 578 671 etiam
597 638 813 670 ordinationem
837 644 929 670 ratam
947 639 1060 671 habuit.

278 729 430 770 Suspicari
453 729 567 761 videtur
581 729 765 771 Epiphanius
793 729 971 766 Encratitas,
989 729 1059 759 dum

1112 195 1176 223 tum
1190 196 1214 218 Μ
1231 203 1238 224 :
1255 193 1321 232 Φέρε
1336 195 1373 225 εἰς
1395 193 1439 222 δύο
1454 193 1585 226 διελόντες
1597 194 1757 233 παρέγματα
1770 195 1880 228 ἁπάσας
1896 195 1949 226 τὰς

1110 237 1233 276 αἱρέσεις,
1270 238 1471 277 ἀποκρινώμεθα
1483 239 1589 271 αὐτοῖς.
1610 238 1654 267 ’Ἢ
1666 239 1714 278 γὰρ
1736 240 1766 267 τὸ
1782 239 1946 279 ἀδιαφόρως

1108 285 1154 320 ζῇν
1182 281 1357 322 διδάσκουσιν,
1386 282 1403 316 ἤ
1432 284 1462 311 τὸ
1478 283 1617 323 ὑπέρτονον
1634 284 1754 324 ἄγουσαι,
1783 283 1950 323 ὲρκροίτειαν

1108 325 1149 355 ’διᾶ
1173 326 1323 359 δυσσεϐείας
1351 328 1394 355 καὶ
1409 327 1683 368 φιλαπεχθημοσύνης
1706 328 1947 368 καταγγέλλουσι.

1110 382 1123 398 α
1140 370 1214 410 Age.
1231 370 1334 411 inquit,
1346 370 1478 402 bifariam
1492 372 1659 403 dividamus
1673 381 1777 403 omnes
1787 373 1944 412 haereses,

1107 417 1211 457 eisque
1217 417 1462 457 respondeamus:
1471 418 1516 448 vel
1524 418 1603 448 enim
1615 418 1823 449 indifferenter
1831 418 1949 449 vivere

1106 461 1216 492 docent
1230 471 1238 499 ;
1255 461 1299 492 vel
1317 462 1392 492 ultra
1408 464 1528 492 modum
1539 471 1703 502 progressae
1713 463 1942 494 continentiam

1105 513 1159 545 per
1174 505 1359 546 impietatem
1377 511 1405 537 et
1420 506 1519 537 odium
1536 507 1724 547 profitentur.
1745 519 1756 535 ο

1146 551 1210 581 Νοι]
1221 550 1313 590 magis
1321 551 1471 582 consentit
1479 561 1545 582 cum
1553 552 1601 582 his
1611 552 1727 582 duobus
1734 551 1944 592 scriptoribus

1105 595 1290 635 Epiphanius
1296 604 1364 626 cum
1375 600 1499 627 testatur
1506 595 1672 628 Encratitas
1680 597 1943 628 resurrectionem

1107 643 1289 670 mortuorum
1306 639 1442 671 credere.
1459 640 1508 671 Sic
1520 641 1599 671 enim
1610 641 1689 681 apud
1700 641 1891 672 Clementem
1904 641 1939 666 92

1103 684 1356 715 resurrectionem
1380 684 1624 725 interpretantur,
1642 690 1672 716 ut
1695 686 1757 725 jam
1785 695 1819 716 se
1850 686 1940 717 illam

1103 728 1227 769 adeptos
1243 738 1321 770 esse,
1336 733 1366 760 et
1379 729 1490 761 idcirco
1507 739 1523 760 a
1536 729 1647 770 nuptiis
1664 731 1802 770 refugere
1820 730 1942 762 dicant.

237 775 401 806 castitatem
416 784 476 815 prae
492 784 524 805 se
539 775 647 813 ferunt,
666 783 727 805 non
741 777 801 822 tam
816 783 838 822 εξ
858 773 1059 822 voluptatibus
1070 797 1089 822 Β
1102 772 1187 805 Unde
1195 773 1310 822 ill_ossic
1317 773 1453 806 verberat
1461 774 1670 822 Clemensﬂlﬂ
1682 776 1732 815 γὰρ
1740 775 1784 822 υῦγ
1795 776 1849 822 τὴν
1861 776 1934 804 ἀνά-

236 820 439 856 abhorruisse,
451 829 540 860 quam
552 819 683 851 latebras
690 818 812 850 occultis
821 819 938 858 ﬂagitiis
945 818 1056 859 quasi-
1070 818 1088 822 ⁷
1101 829 1124 847 σε

1122 829 1191 847 τασιν
1220 818 1411 859 ἀπειλήφασιν,
1441 820 1478 851 ὡς
1507 820 1579 848 αὑτοὶ
1594 819 1710 858 λέγουσι,
1735 820 1779 848 καὶ
1794 819 1839 848 διὰ
1855 825 1939 850 τοῦτο

235 865 323 895 visse.
339 864 387 896 Sic
399 865 478 895 enim
494 864 628 905 loquitur
653 863 691 894 de
703 863 839 902 Tatiano,
865 863 973 895 hmres.
990 863 1030 895 46
1047 874 1054 895 ;

236 910 278 939 Ἐκ
295 913 333 946 τῷ
365 911 537 950 προσχήματι
564 913 613 943 τῆς
643 909 794 949 ἐγκρατείας
810 909 853 936 καὶ
869 912 914 937 τοῦ
925 909 1057 948 ἐγκρατη-

234 955 309 982 τικοῦ
332 955 409 988 ἤθους
434 953 589 988 κυϐευτικὴν
614 954 679 994 ἔσχε
694 954 743 987 τὴν
769 953 890 993 ἀγωγήν·
911 954 948 986 ὡς
976 953 1054 985 λύκος

233 999 317 1038 ἅρπαξ
348 998 501 1037 ἐνδυόμενος
530 998 662 1039 προϐάτο)
689 997 794 1034 κωδίον,
825 999 868 1026 καὶ
897 998 1004 1026 πλανῶν
1016 1001 1054 1036 τῷ

233 1044 384 1083 προσκαίρῳ
407 1044 582 1083 πόοσχήματι
603 1043 664 1075 τοὺς
694 1042 897 1080 ἀπατωμένους,
918 1055 931 1070 α
946 1042 1052 1074 Conti-

233 1088 341 1119 nentim
353 1097 387 1119 ac
400 1088 548 1128 pudicitiae
563 1088 674 1129 specie,
691 1088 770 1119 velut
786 1087 928 1119 illecebra
943 1097 1053 1128 propo-

233 1134 300 1173 sita,
317 1133 404 1164 homo
421 1133 502 1165 vafer
514 1133 666 1174 obrepsit;
681 1137 819 1173 tanquam
831 1141 919 1172 rapax
935 1132 1053 1173 quidam

233 1178 318 1218 lupus
334 1187 416 1209 ovem
434 1177 519 1218 pellis
535 1178 674 1215 induens,
692 1186 787 1218 eoque
800 1177 893 1215 cultu,
912 1186 1000 1218 quem
1016 1177 1053 1207 ad

232 1223 502 1262 tempusinduerat,
514 1222 639 1254 miseros
650 1222 787 1253 homines
801 1222 831 1252 in
843 1221 976 1253 fraudem
992 1221 1052 1262 pel-

231 1267 344 1298 liciens.
366 1279 377 1296 ο
395 1267 430 1298 Et
445 1267 482 1298 de
490 1267 648 1298 Encratitis
669 1267 776 1298 haeres'
795 1267 833 1298 47
848 1277 855 1297 :
873 1268 1050 1305 Σεμνύνονται

229 1312 256 1340 δὲ
284 1311 360 1346 δῆθεν
374 1312 527 1353 ἐγκράτειαν
549 1313 684 1353 σφαλερῶς
709 1313 742 1340 τὰ
764 1312 849 1341 πάντα
865 1313 1047 1352 ὲργαζομενοι,

230 1357 310 1395 μέσον
338 1359 468 1396 γυναικῶν
505 1358 701 1397 εὕρισκόμενοι,
719 1358 762 1385 καὶ
789 1363 918 1397 γυναῖκας
950 1369 1050 1385 παντα-

172 1427 176 1431 .
228 1403 307 1443 χόθεν
335 1402 499 1442 ἀπατῶντες,
530 1403 574 1430 καὶ
603 1401 831 1442 συνδιαιτώμενοι,
848 1403 892 1430 καὶ
916 1401 1048 1442 ὲξδπηρε-

226 1448 348 1486 τούμενοι
375 1449 425 1475 ὑπὸ
449 1450 502 1475 τῶν
529 1448 664 1484 τοιούτων,
696 1446 745 1479 ἔξω
772 1448 822 1484 μὲν
859 1451 907 1483 τῆς
922 1446 1048 1481 ἀληθείας

227 1492 312 1529 ὄντες,
329 1492 463 1531 μόρφωσιν
494 1491 521 1519 δὲ
551 1491 652 1529 μᾶλλον
667 1491 841 1529 κεκτημένοι,
857 1492 907 1525 τὴν
924 1491 950 1519 δὲ
967 1491 1046 1519 δύνα-

228 1548 272 1573 μιν
308 1539 388 1570 αὒτῆς
417 1539 466 1569 τῆς
495 1534 625 1566 εὖσεϐείας
638 1535 795 1574 ἠρνημένοι.
825 1546 840 1565 ε
866 1535 950 1571 Quod
979 1544 1049 1566 vero

227 1581 440 1612 continentiam
454 1579 600 1620 jactitant,
620 1579 764 1610 lubricum
782 1583 826 1611 est
845 1579 964 1611 illorum
980 1579 1050 1620 qui—

227 1625 294 1656 dem
310 1635 344 1656 ac
360 1625 481 1665 periculi
494 1624 612 1665 plenum
627 1623 825 1656 facinus.Nam
837 1624 916 1655 inter
924 1625 1049 1655 mulier-

227 1670 309 1700 culas
324 1675 478 1701 versantur
494 1669 623 1705 assidue,
647 1678 719 1709 quas
735 1669 933 1709 undecunque
960 1669 1051 1709 pelli-

227 1715 310 1746 ciunt
328 1725 334 1746 :
347 1724 413 1745 cum
426 1715 461 1744 iis
476 1714 532 1744 iter
543 1713 664 1754 faciunt,
681 1723 715 1744 ac
729 1713 928 1744 communiter
938 1714 1048 1753 vivunt,

228 1768 390 1799 earumque
401 1758 572 1789 ministeriis
585 1758 816 1794 utuntur.Quare
826 1768 892 1789 cum
900 1767 917 1789 a
925 1759 1050 1790 veritate

228 1803 345 1843 longius
357 1804 465 1841 absint,
484 1803 557 1833 nihil
578 1806 684 1843 praeter
695 1803 866 1834 ementitam
884 1803 964 1835 illius
979 1813 1050 1844 spe-

229 1849 303 1878 ciem
334 1852 483 1879 ostentant
495 1847 568 1885 ;vim
581 1847 674 1887 ipsam
690 1848 816 1878 sincera
827 1848 943 1888 pietatis
958 1849 1050 1880 abne-

229 1898 304 1931 gant.
327 1906 339 1920 ι)
355 1893 435 1924 Nihil
448 1892 547 1923 simile
561 1893 690 1923 lrenazus
702 1896 730 1923 et
754 1892 892 1925 Clemens
920 1893 1050 1925 Alexan-

228 1937 334 1967 drinus
350 1936 471 1967 Tatiano
487 1936 673 1976 objecerunt,
691 1937 751 1977 qui,
778 1936 803 1967 si
827 1936 870 1967 eis
889 1937 1050 1975 credimus,

231 1982 484 2012 inconsideratum
501 1981 643 2012 castitatis
658 1981 787 2012 studium
804 1989 864 2012 non
882 1982 917 2012 ad
936 1986 1052 2023 tempus

229 2027 400 2064 ostentavit,
418 2031 448 2058 ut
463 2027 557 2066 placet
586 2026 764 2066 Epiphanio,
791 2026 843 2056 sed
860 2027 1051 2066 pertinaciter

228 2072 361 2103 retinuit.
373 2071 454 2107 Quod
467 2080 536 2110 ergo
549 2070 742 2110 reprehendit
754 2070 938 2110 Epiphanius
949 2072 979 2103 in
995 2071 1051 2103 En-

229 2116 354 2154 cratitis,
372 2116 399 2146 id
417 2120 582 2156 temporum
606 2115 723 2145 ﬂexuin
741 2115 815 2146 hanc
832 2120 941 2146 sectam
958 2116 1049 2147 indu-

228 2165 309 2191 ctum
324 2161 450 2197 videtur,
468 2169 534 2190 cum
549 2168 650 2190 eorum
667 2160 795 2199 majores
820 2159 941 2200 impiam
968 2161 1048 2192 illam
1060 2172 1082 2197 ι)

228 2206 359 2245 quidem,
372 2205 425 2236 sed
437 2209 534 2235 tamen
550 2208 732 2235 constantem
745 2205 908 2236 castitatem
923 2206 1047 2245 professi

227 2250 361 2281 fuissent.
395 2249 524 2289 Opponit
560 2257 610 2278 eos
633 2250 763 2279 lrenaaus
777 2248 841 2279 aliis
856 2249 1001 2280 hiereticis
1016 2249 1046 2280 in

227 2295 405 2325 contrariam
413 2298 524 2334 partem
533 2293 761 2334 peccantibusac
769 2303 886 2324 omnem
896 2294 1045 2325 licentiam

227 2340 337 2377 ﬂagitio
354 2338 562 2369 tribuentibus.
580 2337 737 2378 Postquam
764 2338 843 2368 enim
869 2339 906 2369 de
922 2337 1046 2370 Tatiano

227 2384 342 2414 locutus
358 2388 413 2420 est,
430 2384 472 2414 sic
484 2383 520 2414 ad
535 2382 609 2413 alios
638 2382 742 2414 transit
762 2383 804 2413 90.
824 2396 837 2411 α
864 2383 920 2414 Alii
948 2388 1045 2415 autem

225 2438 330 2459 rursus
342 2438 358 2459 a
373 2428 502 2459 Basilide
519 2431 547 2458 et
572 2427 747 2467 Carpocrate
762 2427 935 2459 occasiones
964 2430 1045 2460 acci-

225 2474 351 2513 pientes,
367 2474 569 2504 inditl‘erentes
579 2472 684 2510 coitus;
701 2477 729 2503 et
744 2473 850 2503 multas
866 2473 984 2513 nuptias
997 2474 1044 2504 in-

224 2518 383 2558 duxerunt,
401 2520 431 2549 et
446 2517 654 2556 negligentiam
669 2517 813 2557 ipsorum,
826 2527 890 2557 quae
902 2522 968 2548 sunt
980 2519 1043 2550 ido-

224 2562 333 2602 lothyta
348 2562 383 2592 ad
400 2561 636 2592 manducandum
653 2571 665 2601 ;
680 2572 738 2592 non
756 2562 842 2593 valde
859 2563 922 2593 haec
938 2572 1044 2594 curare

221 2606 353 2638 dicentes
368 2607 472 2638 Deum.
486 2619 498 2634 ιη
513 2606 657 2638 Similiter
672 2607 809 2638 Clemens
827 2607 1044 2640 Alexandrinus

220 2651 294 2682 duas
309 2651 374 2682 illas
386 2652 527 2691 haereses,
542 2655 575 2681 ut
600 2651 732 2682 adversis
747 2651 892 2683 frontibus
915 2653 993 2684 inter
1010 2663 1043 2685 se

258 2731 394 2774 8_9_Epist.
426 2732 494 2774 18_8.
525 2731 645 2774 ρομι).
675 2741 696 2771 r,
727 2742 753 2764 c.
778 2734 828 2764 28.
871 2732 980 2774 9‘Pag.
1007 2735 1079 2768 448.
1122 2734 1279 2766 9’Hmres.
1305 2733 1356 2770 4'7,
1383 2742 1410 2764 c.
1442 2733 1471 2763 1.

217 2771 276 2804 941
291 2771 359 2806 Cor.
375 2781 414 2812 vr,
433 2772 480 2803 13.
522 2772 599 2805 οδΝ.
615 2773 663 2804 10.

1098 863 1216 892 ἆθετοῦσι
1229 870 1275 892 τὸν
1305 864 1402 903 γιπὶμον⁷
1420 863 1488 901 μηδὲ
1507 864 1663 893 ἐσθιέτωσαν
1679 863 1746 902 μηδὲ
1760 865 1934 894 πινέτωσαν·

1097 910 1287 948 καταργεϊσθαι
1303 909 1352 947 γὰρ
1381 908 1432 948 ἔφη
1448 908 1496 942 τὴν
1512 907 1627 946 κοιλίαν,
1649 909 1694 937 καὶ
1709 910 1741 937 τὰ
1762 909 1898 949 βρώματα
1915 911 1930 938 ὁ

1097 951 1259 984 Ἀπόστολος
1274 953 1301 980 ἐν
1316 955 1350 991 τῇ
1360 953 1570 984 ὰνκστέςεωὸί
1582 962 1653 992 ergo
1666 954 1927 985 resurrectionem

1095 1001 1285 1037 acceperunt,
1299 1000 1331 1028 ut
1346 997 1556 1037 ipsidicunt,et
1570 997 1684 1028 idcirco
1697 998 1930 1029 matrimonium

1096 1041 1252 1081 abrogant,
1269 1050 1324 1072 nec
1341 1041 1523 1074 manducent
1538 1050 1594 1072 nec
1619 1041 1732 1073 bibant.
1747 1041 1822 1073 Nam
1854 1043 1932 1074 dixit

1096 1085 1257 1126 Apostolus
1269 1090 1401 1117 ventrem
1417 1091 1447 1118 et
1472 1086 1553 1117 cibos
1575 1086 1758 1118 destructum
1773 1087 1812 1118 iri
1827 1086 1862 1118 in
1877 1097 1932 1119 re-

1096 1131 1283 1162 surrectione
1293 1131 1337 1163 9‘.
1356 1144 1369 1159 ι)
1389 1132 1518 1163 lrenaaus
1533 1141 1569 1162 ex
1583 1131 1732 1163 haereticis
1747 1132 1927 1164 Creatorem

1095 1175 1303 1216 rejicientibus
1315 1176 1430 1207 nullum
1447 1185 1568 1216 prorsus
1583 1176 1704 1217 excipit,
1721 1177 1771 1217 qui
1787 1186 1930 1209 resurre-

1096 1221 1226 1252 ctionem
1243 1221 1408 1259 admiserit,
1422 1225 1452 1252 et
1462 1230 1497 1252 ac
1514 1220 1545 1251 in
1561 1229 1594 1251 re
1613 1230 1630 1252 a
1659 1221 1781 1252 nefariis
1804 1222 1871 1253 suis
1886 1222 1927 1253 de

1093 1267 1244 1298 creatione
1259 1266 1429 1298 discesserit
1444 1265 1609 1307 principiis,
1627 1265 1679 1297 lib.
1697 1275 1716 1307 r,
1734 1276 1761 1297 c.
1779 1267 1835 1298 22.

1402 1313 1525 1345 CAPUT
1537 1312 1604 1344 XII.

1332 1358 1378 1390 De
1399 1358 1520 1398 scriptis
1537 1357 1671 1389 Tatiam'.

1091 1402 1113 1430 Ι.
1130 1402 1166 1430 De
1191 1403 1307 1438 operibus
1329 1402 1428 1432 Tatiani
1450 1402 1593 1438 deperditis.
1625 1401 1656 1430 ll.
1685 1401 1767 1429 Oratio
1796 1403 1922 1431 adversus

1127 1438 1228 1474 Graecos
1242 1447 1292 1466 non
1311 1439 1471 1474 pronuntiata
1494 1438 1537 1466 sed
1561 1438 1664 1474 scripta,
1686 1438 1761 1474 idque
1779 1442 1919 1474 postquam

1127 1447 1228 1466 ιιι-κως»
1242 1447 1292 1479 non
1308 1447 1471 1503 pronuntiata
1494 1447 1537 1466 seu
1561 1447 1664 1478 scripta,
1686 1447 1761 1478 mque
1779 1447 1919 1502 postquam

1126 1473 1207 1502 Roma
1222 1474 1291 1503 abut.
1321 1474 1355 1503 ll.
1367 1474 1493 1510 Scrrptani
1503 1478 1562 1501 ante
1576 1473 1691 1510 haeresim
1705 1473 1787 1502 fuisse
1797 1483 1843 1510 pro
1864 1479 1922 1503 stur

1127 1509 1248 1538 adversus
1266 1508 1439 1545 doctissimum
1454 1509 1573 1538 abbatem
1586 1509 1617 1537 de
1633 1508 1806 1545 Longuerue.‘
1819 1510 1865 1538 IV.
1883 1510 1921 1538 De

1126 1545 1229 1574 audacia
1251 1545 1349 1573 Tatiani
1378 1545 1404 1573 in
1424 1544 1560 1580 Scripturis
1591 1544 1770 1581 perveniendi;
1802 1546 1833 1574 ν.
1862 1546 1920 1575 Non

1126 1584 1209 1608 exstat
1220 1581 1289 1609 illius
1297 1580 1459 1617 Evangelium
1476 1580 1667 1616 Διατισσᾶρων.
1678 1581 1720 1609 VI.
1737 1581 1842 1609 Videtur
1852 1582 1918 1610 idem

1128 1629 1234 1658 esserac
1243 1621 1406 1658 Evangelium
1427 1621 1493 1658 quod
1512 1621 1637 1658 Ebiornaais
1664 1621 1786 1658 attribuit,
1801 1623 1832 1651 S.
1858 1621 1920 1658 Epi-

1127 1656 1243 1692 phanius.
1260 1656 1328 1686 VIII.
1349 1658 1417 1685 ldem
1432 1656 1507 1685 etiam
1523 1665 1553 1685 ac
1562 1657 1622 1685 illud
1636 1657 1702 1693 quod
1726 1657 1858 1686 dicebatur
1877 1656 1920 1686 se-

1127 1693 1237 1720 cundum
1252 1693 1365 1721 Petrum.

1127 1697 1237 1720 cundum
1252 1697 1365 1721 Petrum.

1132 1736 1156 1767 I.
1173 1735 1213 1766 Ex
1229 1737 1355 1767 maximo
1365 1735 1508 1767 librorum
1523 1744 1659 1774 numero,
1671 1744 1760 1776 quem
1767 1736 1920 1768 Eusebius

1092 1783 1122 1810 et
1136 1779 1333 1821 Hieronymus
1346 1791 1362 1811 ο
1378 1780 1501 1812 Tatiano
1519 1781 1656 1812 relictum
1668 1781 1918 1822 testantur,pauci

1092 1824 1128 1855 ad
1145 1825 1346 1864 cognitionem
1364 1830 1510 1866 nostram,
1525 1835 1603 1856 unus
1619 1829 1731 1856 tantum
1756 1826 1788 1857 in
1814 1835 1921 1861 manus

1093 1873 1208 1900 nostras
1223 1869 1367 1910 pervenit.
1384 1869 1561 1910 Scripserat,
1587 1874 1662 1901 teste
1676 1870 1832 1902 Clemente
1845 1871 1919 1902 Ale—

1092 1914 1250 1953 xandrino,
1265 1915 1392 1951 Strom.,
1409 1924 1450 1953 nr,
1468 1925 1533 1955 pag.
1551 1914 1621 1955 460,
1638 1914 1747 1946 librum
1763 1917 1808 1947 De
1817 1915 1919 1956 perfe-

1093 1960 1189 1990 ctione
1197 1960 1362 1990 secundum
1372 1959 1562 1991 Salvatorem
1568 1959 1612 1992 .In
1621 1959 1768 1991 Oratione
1774 1960 1921 1992 adversus

1094 2003 1227 2044 ercos,
1244 2014 1315 2035 num
1332 2004 1380 2043 l5,
1397 2005 1466 2035 citat
1481 2004 1590 2036 librum
1606 2014 1624 2036 a
1648 2013 1682 2036 se
1710 2005 1856 2045 scriptum
1872 2004 1919 2035 De

1091 2048 1292 2080 animalibus.
1309 2050 1395 2080 Forte
1410 2049 1438 2079 in
1455 2051 1512 2080 hoc
1527 2048 1603 2080 libro
1619 2051 1854 2089 pertractaverat
1872 2048 1917 2089 95,

1091 2093 1169 2133 quod
1178 2102 1211 2124 se
1221 2093 1519 2125 alibidemonstrasse
1526 2094 1597 2125 dicit
1605 2093 1761 2124 mirabiles
1770 2093 1916 2134 quosdam

1091 2137 1224 2178 effectus,
1243 2147 1301 2168 non
1312 2138 1343 2168 in
1359 2139 1474 2170 animas
1485 2138 1640 2169 hominum
1655 2137 1916 2177 mortuorum,sed

1091 2183 1120 2213 in
1130 2181 1403 2214 daemonesr‘efundi
1411 2183 1570 2215 debere.ln
1578 2182 1841 2214 eademOratione
1850 2191 1917 2223 pro-

1090 2226 1177 2257 mittit
1188 2226 1298 2258 librum
1316 2227 1456 2259 adversus
1472 2227 1608 2259 ethnicos
1622 2227 1786 2268 scriptores
1801 2227 1854 2268 qui
1877 2227 1916 2257 de

1088 2271 1321 2303 Christianorum
1336 2276 1366 2303 et
1380 2272 1548 2304 Iudaeorum
1564 2272 1699 2303 instituto
1716 2275 1747 2304 et
1758 2271 1852 2303 sacris
1863 2271 1913 2302 hi-

1088 2316 1188 2347 storiis
1207 2321 1319 2348 temere
1341 2317 1555 2357 judicaverant.
1585 2317 1634 2349 Sic
1662 2316 1743 2348 enim
1768 2317 1912 2356 loquitur,

1088 2371 1118 2392 n.
1134 2362 1192 2393 4οξ
1212 2363 1272 2402 Περί
1309 2363 1356 2401 μὲν
1383 2363 1427 2391 οὖν
1442 2365 1491 2396 τῆς
1507 2363 1567 2391 καθ’
1580 2364 1651 2400 ἡμᾶς
1666 2361 1813 2398 πολιτείας,
1837 2363 1912 2389 ἱστο-

1087 2408 1142 2448 ρίας
1170 2418 1199 2435 τε
1215 2410 1264 2440 τῆς
1294 2408 1361 2436 κατὰ
1380 2408 1440 2440 τοὺς
1463 2408 1604 2446 ἡμετέρους
1628 2407 1736 2446 νόμους,
1751 2405 1801 2434 ὅσα
1816 2415 1845 2433 τε
1870 2406 1910 2433 εἰ-

1088 2453 1199 2492 ρήκασιν
1236 2453 1259 2480 οἱ
1275 2452 1345 2491 παρὰ
1365 2459 1423 2483 τοῖς
1441 2447 1575 2485 ίἝλλησιν
1590 2451 1689 2491 λόγιοι,
1706 2451 1749 2479 καὶ
1775 2450 1852 2492 πέσοι
1868 2451 1911 2478 καὶ

1086 2490 1154 2525 τινες
1177 2493 1224 2520 εἶσὶ
1241 2492 1483 2530 μνημονεύσαντες,
1520 2492 1546 2519 ἐν
1581 2495 1619 2529 τῷ
1632 2493 1696 2531 πρὸς
1722 2491 1782 2531 τοὺς
1798 2490 1908 2531 ἀποφη-

1087 2533 1214 2572 ναμένους
1229 2533 1261 2560 τὰ
1275 2534 1334 2572 περὶ
1347 2536 1422 2572 ,Θεοῦ
1444 2533 1624 2572 δειχθήσεται.
1644 2529 1657 2559 τέ
1673 2531 1732 2572 Sed
1761 2530 1798 2572 de
1820 2529 1908 2560 insti-

1087 2570 1148 2605 tuto
1162 2577 1276 2607 nostro,
1293 2570 1320 2602 et
1336 2571 1373 2602 de
1389 2570 1489 2611 legum
1498 2570 1670 2602 nostrarum
1685 2570 1808 2602 historia
1822 2579 1906 2611 quae:

1086 2623 1153 2645 num
1170 2613 1247 2652 apud
1264 2613 1382 2644 Griecos
1392 2609 1503 2643 eruditi
1514 2612 1650 2649 dixerint,
1663 2619 1811 2652 quamque
1822 2609 1906 2652 multi

1086 2623 1153 2645 num
1170 2623 1186 2643 8
1209 2622 1247 2644 ua
1264 2622 1382 2644 briBCOS
1392 2622 1503 2643 eruaru
1514 2622 1650 2649 urxermt,
1663 2622 1811 2652 quamque
1823 2622 1904 2641 urqu

1086 2660 1115 2686 et
1130 2622 1233 2695 quafes
1253 2652 1364 2684 fuerint
1377 2652 1428 2694 qui
1444 2652 1489 2683 his
1503 2651 1541 2683 de
1555 2652 1644 2683 rebus
1667 2651 1844 2688 meminere,
1873 2650 1904 2680 in

1515 2733 1547 2758 οὔ
1561 2733 1686 2771 Strom.,
1714 2739 1755 2771 IlI,
1782 2740 1813 2771 p.
1831 2730 1900 2761 446.
