1974 3069
39 95 89 128 173

37 165 104 196 libro
120 167 262 198 adversus
273 177 324 198 eos
335 169 462 205 (Graecos
473 168 621 210 videlicet)
639 171 687 210 qui
705 169 742 200 de
756 167 847 200 rebus

34 210 132 241 divinis
144 220 365 252 asseverarunt,
383 213 666 245 demonstrabitur.»
676 215 740 246 Non
756 213 847 245 dissi-

34 255 142 286 mulabo
159 257 332 296 praeclarum
355 258 400 288 his
428 257 536 295 verbis,
554 260 619 298 πρὸς
635 260 693 291 τοὺς
710 260 846 298 duae-rm.

32 302 129 340 μένους,
147 310 269 332 sensum
290 302 409 343 adjungi
437 302 473 333 ab
489 309 612 334 auctore
633 303 848 334 dissertationis

32 353 84 375 non
100 347 193 376 semel
212 346 444 378 laudatae.Vertit
459 348 700 385 euim,adversus
716 358 763 379 eos
774 349 845 388 qui-

32 390 113 421 rebus
127 391 246 422 divinis
260 392 353 431 ﬁdem
367 392 592 424 detrahunt.Sic
603 393 690 423 etiam
703 392 848 423 intellexit

32 434 243 466 Tillemontius.
262 436 319 467 Sed
333 437 402 467 illud
417 437 538 468 verbum
552 438 771 478 ἀποφηναμένους
788 446 847 467 non

33 479 137 509 videtur
151 480 231 511 hanc
247 481 526 520 interpretationem
543 482 612 522 pati.
630 482 777 518 Quosnam
795 491 845 512 re—

33 523 169 554 fellendos
185 525 241 555 sibi
256 525 285 556 in
302 526 357 556 hoc
373 535 463 566 opere
474 530 655 567 proponeret
667 525 847 556 Tatiannsin

32 568 213 600 adnotatione
225 571 260 600 ad
272 571 350 601 hunc
365 571 464 602 locum
476 571 622 611 explicare
634 575 754 602 conatus
768 580 833 601 sum

34 612 212 644 Pt-rabsurde
228 614 379 646 Gesnerus
393 615 564 646 meditatum
574 620 655 656 putat
668 624 734 646 esse
748 615 848 646 Tatia-

34 666 95 686 num
111 667 163 688 eos
179 659 332 700 refellere,
344 660 398 698 qui
412 660 447 691 de
458 660 520 692 Deo
535 664 563 692 et
578 659 666 691 rebus
678 660 791 691 divinis
803 660 848 690 de-

34 704 300 735 monstrationibua
315 705 482 743 agunt,hoc
497 709 541 735 est
553 704 731 742 Catholicos,
744 704 794 744 qui
812 705 848 734 fi-

32 745 196 787 dem,quam
214 748 335 789 Apelles
353 750 431 790 apud
445 749 617 786 Eusebium,
635 749 729 789 llist.,
747 758 777 787 v,
800 748 848 784 13,

32 791 254 823 examinandum
271 802 336 824 esse
348 794 630 834 negat,argumentis
642 794 808 834 probabant
822 799 851 824 et

32 836 253 868 conﬁrmabant.

66 881 204 920 Rhodon,
234 883 357 920 insignis
383 884 510 924 scriptor
537 884 770 920 ecclesiasticus,
801 884 851 924 qui

35 925 129 956 Romae
143 926 293 958 aTatiano
305 928 439 959 eruditus
455 929 595 968 fuerat,in
612 929 696 960 libris
710 929 852 960 adversus

35 971 218 1002 Marcionitas
233 972 392 1013 referebat,
403 973 530 1004 Eusebio
545 978 630 1014 teste,
645 974 849 1005 elucubratum

34 1015 116 1046 fuisse
124 1015 268 1048 aTatiano
277 1017 622 1057 librumProblematum,
635 1018 695 1049 sive
707 1019 851 1056 Qumstio-

33 1069 99 1090 num
113 1061 146 1092 in
161 1061 358 1102 Scripturam
367 1071 498 1094 sacram.
512 1067 582 1097 Φησὶ
593 1063 632 1100 δὲ,
650 1063 744 1104 inquit
755 1063 850 1094 Euse-

35 1105 93 1136 bius
106 1106 148 1146 96,
164 1108 209 1135 καὶ
236 1107 409 1136 ἐσπουοτάσθαι
439 1112 477 1145 τῷ
505 1111 626 1145 Tantm;
654 1107 850 1147 προϐλημάτων

33 1149 137 1190 βιϐλίον,
167 1151 199 1179 δι’
230 1152 268 1180 ὧν
294 1153 324 1180 τὸ
349 1152 448 1192 ἀσαφὲς
485 1153 528 1181 καὶ
557 1153 783 1192 ἐπικεκρυμμένον
797 1156 850 1180 τῶν

33 1197 102 1222 ὕειῶν
128 1199 237 1236 Γρκφῶν
268 1198 446 1236 παριστήπειν
476 1197 662 1237 ὑποτχομένου
677 1200 724 1226 τοῦ
750 1202 849 1226 Τιτια-

35 1243 83 1276 νοῦ,
125 1240 203 1272 αὐτὸς
234 1242 249 1268 ὀ
281 1237 373 1270 Ῥόδων
394 1243 422 1269 ἓν
436 1241 492 1278 ἰδίῳ
521 1242 704 1281 συγγράμματι
736 1242 783 1272 τὰς
798 1245 849 1269 τῶν

35 1284 125 1313 ἐκείνου
167 1284 366 1324 προϐλημάτων
407 1286 537 1319 ἒπιλύσεις
575 1287 728 1321 ὲκΟήσεσΘιι
765 1287 849 1325 ἐπειγ-

35 1330 157 1367 ﬁnem.
181 1343 194 1358 α
211 1330 318 1362 Refert
333 1331 420 1362 etiam
454 1330 657 1362 elucubratum
672 1340 737 1361 esse
754 1339 771 1361 a
796 1330 850 1361 Ta-

35 1374 106 1404 liano
120 1374 230 1406 librum
247 1375 468 1413 Quaslionum,
486 1385 540 1416 per
554 1385 628 1416 quas
645 1375 764 1415 quidem
782 1384 849 1406 cum

35 1418 167 1450 Tatianus
183 1420 327 1451 obscuras
353 1429 419 1451 esse
440 1425 468 1451 et
494 1420 662 1451 reconditas
685 1420 852 1460 Scripturas

35 1463 232 1496 demonstrare
256 1465 442 1503 instituisset,
467 1466 530 1506 ipse
544 1465 669 1496 Rhodon
687 1464 851 1495 solutiones

36 1508 230 1545 Quaestionum
245 1509 361 1541 Tatiani
376 1510 517 1550 peculiari
533 1519 624 1550 opere
651 1509 800 1540 editurum
818 1518 851 1540 se

36 1562 94 1584 esse
105 1554 273 1594 pollicetur.
287 1566 298 1583 ο
313 1553 434 1585 Videtur
445 1555 508 1585 haec
518 1554 675 1585 haereticus
693 1554 850 1594 scripsisse

35 1598 175 1639 ’l‘atianus,
191 1603 220 1630 et
235 1599 349 1630 idcirco
366 1599 534 1639 proﬂigatus
556 1599 646 1635 fuisse
661 1608 678 1629 a
692 1599 849 1635 Rhodone;

35 1644 96 1682 quia
105 1644 217 1675 scilicet
232 1644 403 1684 Scripturas
418 1644 559 1675 obscuras
573 1648 603 1674 et
613 1643 786 1674 reconditas
802 1643 849 1674 di-

36 1687 123 1726 cebat,
140 1694 171 1720 ut
183 1689 307 1720 sunmin
325 1689 367 1720 eis
377 1688 591 1730 detorquendis
600 1692 629 1718 et
645 1688 851 1728 pervertendis

36 1731 175 1764 licentiam
191 1733 384 1765 defenderet.

70 1777 105 1808 ΙΙ.
121 1777 261 1809 Omnium
279 1778 393 1809 Tatiani
408 1787 545 1818 operum,
576 1777 700 1809 Eusebii
733 1782 763 1809 et
779 1778 847 1809 Hie-

34 1824 139 1860 ronymi
149 1823 277 1863 judicio,
306 1822 535 1853 celeberrimum
551 1826 579 1853 et
608 1822 848 1853 ﬂorentissimum

34 1865 92 1907 fuit,
102 1867 361 1899 Oratioadversus
373 1866 850 1906 ercos.ConjicitTillemontius

36 1911 102 1943 hanc
108 1913 274 1944 orationem
282 1922 380 1944 coram
391 1912 528 1943 ethniciis
535 1912 755 1952 pronuntiatam
775 1912 848 1943 fuis-

36 1957 160 1998 se;idque
171 1967 272 1989 causae
283 1967 349 1988 esse
360 1958 593 1997 suspicatur,cur
603 1966 659 1987 nec
671 1956 741 1987 satis
749 1956 848 1987 elabo-

35 2005 98 2038 rata,
113 2011 165 2032 nec
180 2007 244 2033 arte
262 2006 293 2033 et
308 2001 414 2032 ordine
429 2001 598 2041 dispensata
623 2000 766 2032 videatur.
785 2002 845 2031 Re-

36 2053 95 2075 vera
105 2047 255 2078 auditores
267 2046 419 2078 interdum
434 2045 543 2086 alloqui
559 2045 769 2086 videtur;velut
779 2055 845 2076 cum

35 2089 80 2121 ait:
111 2104 122 2118 ι
140 2092 199 2131 Ego
216 2092 328 2132 loquor
341 2095 370 2122 et
387 2100 438 2122 vos
452 2090 571 2128 auditis,
586 2099 616 2120 n.
633 2090 662 2120 5.
681 2090 786 2121 Audite
800 2099 847 2121 me

35 2137 158 2175 tanquam
175 2146 209 2167 ex
225 2137 297 2168 loco
308 2135 425 2167 excelso
449 2134 637 2172 clamantem,
664 2135 759 2166 n.17.
781 2147 792 2163 υ
811 2135 847 2166 At

517 101 551 132 D.
575 99 722 133 MARANl
748 98 958 130 PREFATIO.
981 116 1019 121 —
1042 100 1150 131 PARS.
1176 101 1228 132 Ill.

1656 100 1709 132 174

857 174 877 196 .1.
888 166 1002 197 Justino
1018 168 1158 208 scriptam
1174 177 1250 206 esse;
1264 168 1316 199 sed
1333 168 1411 208 quod
1424 169 1526 201 Romae
1536 171 1711 210 pronuntia-

891 215 948 242 tam
965 213 1124 253 existimat,
1153 213 1181 243 id
1205 222 1270 243 cum
1297 212 1410 244 Tatiani
1432 214 1530 245 verbis
1546 215 1711 246 consistere

891 265 948 286 non
965 260 1069 296 potest.
1089 257 1199 288 Ridens
1225 257 1305 288 enim
1331 257 1474 289 Tatianus
1494 262 1604 290 statuas
1632 260 1710 301 apud

890 302 1008 331 Grmcos
1026 302 1129 341 partim
1148 302 1354 334 meretricibus
1365 303 1575 334 ethominibus
1587 305 1712 345 impuris

890 345 1010 385 positas,
1029 346 1135 386 partim
1151 346 1187 377 ad
1204 347 1378 378 memoriam
1395 357 1494 379 rerum
1508 349 1710 388 perabsurda-

889 399 954 420 rum
971 395 1096 427 erectas,
1115 392 1157 422 sic
1173 391 1261 422 fidem
1278 391 1344 422 facit
1357 392 1403 423 sui
1416 393 1521 432 judicii
1536 403 1542 424 :
1561 399 1647 423 Ταῡτκ
1663 396 1712 433 μὲν

889 437 933 463 οὖν
958 437 988 464 οὗ
1023 438 1084 475 ππρ¹
1115 436 1194 465 ἄλλου
1209 437 1299 474 μαθὼν
1321 436 1456 475 ὲξεθέμην,
1475 439 1576 473 πολλὴν
1603 440 1710 479 ἐπιφοι-

891 479 973 514 τῆσις
1006 483 1066 518 γῆν,
1097 482 1140 509 καὶ
1167 486 1243 511 τοῦτο
1279 483 1328 519 μὲν
1344 483 1514 522 gestantis»;
1539 484 1570 511 τὰ
1585 484 1710 525 ὑμέτερα,

889 527 966 552 τοῦτο
1003 523 1029 552 δὲ
1058 525 1166 565 τέχναις
1200 527 1243 554 xui
1273 526 1399 558 ἐπινοίαις
1413 527 1559 566 ἐγκυρὴσις
1584 523 1709 567 πολλαῖς

891 568 1005 608 ἔσχατον
1033 568 1060 597 δὲ
1088 574 1121 608 τῇ
1152 567 1287 607 Ῥωμαίων
1310 570 1474 609 ἐπιδιατρίψας
1488 573 1575 610 πόλει,
1607 575 1711 605 nisi:

890 613 933 652 ἄγ’
963 614 1036 651 ὑμῶν
1064 615 1100 646 ὡς
1126 615 1218 646 αὖτοὺς
1234 616 1452 653 ἀναχομισθείσας
1476 616 1634 657 ἀνδριάντων
1649 630 1711 646 ποι-

890 659 976 692 κιλίας
1011 662 1183 698 κπτςιμαθών,
1214 663 1250 690 Οὔ
1284 663 1333 701 γὰρ
1365 664 1401 695 ὡς
1418 665 1475 695 ἔθος
1491 664 1544 692 ἐστὶ
1565 673 1624 698 τοῖς
1640 667 1711 694 πολ-

892 703 962 741 λοῖς,
979 703 1128 744 inrupta;
1151 705 1235 738 δόξαις

1284 707 1418 744 τάμαυτοῦ
1453 709 1588 747 κρατύνειν
1610 713 1711 749 πειρὼ-

892 759 939 785 pm.
945 758 950 764 '
981 749 1087 777 πάντων

1115 749 1141 777 δὲ
1170 752 1207 778 ὧν
1232 751 1524 789 ἀποποιήσομιιαῦτὸς
1552 754 1601 788 τὴν
1628 756 1711 783 ntal-

891 792 986 833 ληψιν,
1003 795 1101 822 τούτων
1138 796 1181 823 καὶ
1209 796 1258 829 τὴν
1285 797 1438 836 ἆνςιγρςιφήν
1468 799 1619 827 συντάσσειν
1648 800 1712 837 βούο

863 836 984 880 Βλομσιι.
1004 850 1017 865 α
1034 837 1102 870 Haec
1118 839 1269 880 equidem,
1282 840 1390 880 inquit,
1408 851 1436 877 n,
1463 841 1511 879 35,
1530 852 1588 873 non
1601 843 1637 874 ab
1649 836 1713 874 alio

893 885 1017 927 accepta
1030 884 1161 923 exposui,
1180 883 1229 924 qui
1244 884 1351 915 multas
1362 884 1500 924 regiones
1511 888 1713 927 peragravi,ac

895 927 998 973 partim
1010 926 1040 957 in
1052 930 1155 973 vestris
1164 930 1340 960 exercitatus
1351 938 1415 959 sum
1425 929 1498 961 disci
1503 926 1602 970 plinis.
1607 933 1712 973 partim

893 969 1008 1001 inartes
1016 976 1045 1002 et
1054 971 1173 1004 inventa
1183 973 1274 1004 multa
1284 973 1425 1014 incidi,ac
1437 969 1554 1006 tandem
1567 976 1596 1006 in
1606 969 1714 1007 Roma-

894 1023 997 1046 norum
1013 1016 1086 1047 urbe
1101 1022 1312 1055 commoratus,
1334 1022 1494 1050 statuarum
1508 1020 1661 1052 varietates
1678 1030 1713 1052 eo

892 1068 908 1106 a
925 1060 1001 1091 vocis
1016 1065 1182 1101 expartatas
1198 1062 1336 1094 vidi.Non
1354 1063 1446 1101 enim,
1464 1068 1494 1094 ut
1510 1064 1644 1106 plerique
1661 1075 1712 1097 so-

892 1103 963 1142 lent,
981 1105 1086 1136 alienis
1097 1107 1287 1146 opinionibus
1298 1117 1363 1138 mea
1374 1103 1618 1147 conlirmare,sed
1630 1120 1713 1150 quaa-

892 1158 1008 1190 cunque
1019 1150 1200 1187 vidi,litteris
1213 1152 1353 1183 mandare
1366 1153 1628 1192 aggrediornliaac
1643 1164 1713 1186 nar-

893 1194 967 1224 ratio
984 1203 1086 1225 eorum
1103 1205 1170 1235 qua;
1183 1196 1285 1226 Romae
1301 1196 1442 1227 Tatianus
1456 1198 1715 1236 viderat,hominis

894 1242 938 1268 est
948 1237 1049 1269 Romae
1064 1249 1123 1270 non
1139 1241 1438 1277 commorantis.Quze
1453 1252 1542 1282 supra
1556 1244 1715 1275 retulimus

893 1282 922 1313 in
939 1282 1129 1315 Crescentem
1147 1285 1225 1316 dicta
1240 1296 1246 1317 :
1264 1285 1406 1317 Crescens
1421 1287 1516 1326 igitur
1532 1288 1595 1326 ille,
1611 1290 1664 1328 qui
1682 1290 1714 1319 in

892 1336 1005 1366 magna
1020 1328 1095 1359 urbe
1109 1329 1217 1360 nidum
1231 1333 1386 1369 poauerat,
1400 1339 1563 1370 puerorum
1592 1333 1715 1372 quidem

893 1381 997 1403 amore
1010 1374 1169 1413 superabat
1196 1383 1309 1414 omnes,
1335 1379 1404 1412 etc.,
1423 1375 1561 1406 similiter
1590 1376 1716 1416 probant

892 1419 1049 1450 Tatianum
1066 1424 1135 1450 tunc
1150 1429 1167 1450 a
1181 1421 1353 1457 Crescente,
1370 1425 1420 1452 aut
1430 1421 1546 1459 saltem,
1557 1422 1615 1452 siis
1632 1432 1715 1453 mor-

894 1466 960 1494 tuus
976 1468 1049 1504 erat,
1068 1464 1163 1496 Roma
1177 1464 1318 1497 abfuisse.

860 1502 880 1527 C
933 1502 1122 1540 Elaboratum
1131 1519 1205 1550 opus
1216 1510 1245 1540 in
1259 1509 1379 1542 Graeciae
1391 1509 1489 1550 aliqua
1513 1510 1588 1541 urbe
1610 1511 1714 1542 existi-

893 1557 952 1584 mat
967 1558 1070 1584 auctor
1085 1554 1302 1585 dissertationis
1326 1554 1488 1586 0xoniensi
1514 1555 1638 1586 editioni
1659 1556 1714 1586 ad-

891 1597 970 1629 ditze.
993 1597 1100 1629 Curita
1116 1599 1241 1630 sentiret
1271 1599 1317 1629 vir
1339 1599 1425 1638 longe
1453 1599 1651 1638 doctissimus,
1684 1601 1713 1631 id

891 1643 982 1672 credo
999 1643 1147 1674 exstitisse
1169 1653 1277 1681 causas,
1295 1644 1375 1684 quod
1391 1643 1508 1674 Graecos
1522 1645 1551 1674 io
1575 1645 1629 1676 hac
1644 1655 1713 1676 ora-

893 1687 973 1718 tione
987 1687 1152 1728 alloquatur
1167 1688 1318 1719 Tatianus.
1349 1688 1409 1720 Sed
1431 1698 1468 1718 an
1481 1698 1538 1719 non
1555 1690 1648 1728 potuit
1663 1699 1716 1720 eos

891 1731 980 1762 etiam
997 1733 1179 1772 Graecos,qui
1198 1737 1282 1763 erant
1297 1733 1327 1763 in
1343 1732 1607 1774 0riente,alloqui?
1619 1734 1716 1770 Quare

891 1777 965 1808 nihil
981 1786 1016 1808 ea
1030 1777 1068 1808 de
1081 1787 1113 1807 re
1126 1778 1242 1809 videtur
1257 1782 1341 1809 certo
1359 1787 1446 1818 posse
1458 1779 1609 1813 constitui.

932 1821 979 1852 ΙΙΙ.
997 1822 1054 1853 Sed
1076 1821 1155 1852 aliud
1183 1829 1239 1858 est,
1269 1823 1299 1852 in
1327 1831 1384 1862 quo
1414 1823 1548 1861 ejusdem
1572 1823 1713 1855 disserta-

893 1865 980 1896 tionis
995 1871 1098 1897 auctor
1113 1866 1229 1906 longius
1246 1867 1361 1897 videtur
1376 1876 1392 1898 a
1404 1875 1471 1897 vero
1485 1867 1637 1900 aberrare.
1654 1868 1711 1900 Fa-

892 1914 969 1942 tetur
981 1911 1134 1942 Tatianum
1164 1912 1194 1942 in
1224 1912 1278 1942 hoc
1308 1911 1450 1951 opusculo
1476 1911 1711 1944 adversariorum

891 1964 1062 1986 mucronem
1071 1956 1148 1986 belle
1156 1955 1509 1988 retundere.Sedibtdem
1521 1957 1617 1997 nigrm
1626 1957 1712 1989 lolli-

888 2000 970 2040 ginis
976 2009 1095 2031 succum
1103 2003 1330 2040 wruginemque
1337 2009 1450 2031 meram
1457 2001 1640 2040 deprehendi
1642 2012 1712 2042 pro-

889 2045 1014 2075 nuntiat.
1033 2057 1046 2073 α
1073 2044 1144 2075 Nam
1163 2053 1294 2082 errores,
1313 2044 1420 2085 inquit,
1445 2054 1519 2085 quos
1541 2045 1682 2078 Tatianus
1695 2057 1713 2078 a

887 2089 1092 2120 Gnosticorum
1107 2098 1184 2130 penu
1200 2089 1392 2130 depromplos
1401 2090 1513 2120 dudum
1525 2090 1711 2123 animoinse-

888 2138 978 2171 vorat,
997 2138 1026 2164 et
1038 2137 1106 2165 ante
1119 2133 1227 2164 Justini
1244 2137 1368 2164 mortem
1382 2138 1504 2174 propter
1516 2135 1648 2174 magistri
1666 2145 1713 2167 re-

34 2188 112 2210 nemo
128 2182 219 2212 nescit
232 2181 372 2212 solemne
387 2189 452 2211 esse
467 2179 524 2215 his,
554 2180 602 2220 qui
631 2179 776 2220 scribunt,
804 2180 847 2210 sic
859 2178 1052 2210 Dverentiam
1069 2178 1314 2216 dissimulaverat,
1344 2183 1445 2218 aperte
1470 2179 1634 2211 defendere
1650 2190 1710 2212 non

33 2223 171 2257 interdum
183 2227 328 2258 lectorem
341 2224 621 2266 compellare,quasi
633 2224 710 2255 veris
727 2224 846 2256 vocibus

34 2273 189 2302 uterentur.
209 2271 356 2303 Tatiauus
383 2271 449 2310 ipse
464 2279 522 2301 non
538 2270 663 2301 oratoris
690 2269 742 2301 sed
769 2269 846 2300 scri-

34 2316 118 2353 ptoris
128 2321 222 2356 partes
230 2315 435 2348 sibiattribuit
449 2315 499 2346 Ait
513 2315 606 2352 enim,
617 2325 648 2346 n.
665 2314 717 2346 35:
738 2327 751 2343 α
771 2316 848 2352 Quo~

34 2360 114 2391 modo
126 2368 223 2394 nostra
235 2361 426 2403 philosophia
437 2361 542 2391 vestris
551 2360 700 2401 antiquior
710 2361 747 2392 sit
759 2361 848 2392 disci-

35 2404 192 2443 plinis,cum
201 2407 338 2438 scribere
352 2405 594 2446 inceperim,sed
608 2409 728 2445 propter
737 2415 848 2445 urgen-

37 2453 88 2479 tem
103 2450 331 2492 disputationem
347 2450 526 2486 distulerim,
545 2459 635 2488 nunc,
648 2459 713 2481 cum
732 2453 849 2490 tempus

38 2498 86 2530 est,
101 2495 137 2527 de
151 2497 227 2528 illius
242 2496 374 2528 decretis
390 2495 491 2526 dicere
509 2495 677 2535 aggrediar.
695 2506 709 2525 »
728 2495 762 2525 Ει
778 2504 848 2535 per-

37 2546 133 2571 orans:
152 2554 165 2570 α
181 2542 250 2574 Haec
261 2541 357 2581 vobis,
372 2550 388 2571 o
400 2540 508 2580 Graeci,
524 2549 578 2579 ego
607 2539 750 2570 Tatianus
779 2540 847 2570 bar-

39 2581 107 2614 bam
120 2585 312 2627 philosophia;
328 2585 462 2616 addictus
477 2584 641 2624 composui.
662 2597 674 2611 ι

74 2627 158 2661 Recte
173 2631 311 2662 observat
321 2630 398 2661 idem
416 2629 676 2670 praestantissimus
687 2628 848 2660 Tillemon-

40 2671 93 2702 tius
112 2674 184 2706 hanc
200 2676 366 2707 orationem
396 2678 511 2707 mortuo
539 2673 706 2705 Crescentis
732 2674 847 2704 insidiis

73 2757 215 2801 WLib.v,
232 2770 260 2794 ε.
277 2760 324 2793 13.

887 2223 1016 2255 erubuit.
1037 2237 1049 2251 ιι
1068 2223 1102 2254 Et
1116 2223 1192 2254 infra
1203 2233 1211 2253 :
1223 2235 1234 2251 α
1249 2223 1309 2254 Hoc
1323 2223 1350 2253 iu
1361 2224 1503 2263 opusculo
1515 2234 1581 2255 cum
1594 2234 1712 2257 errores

888 2268 1091 2308 perabsurdos
1101 2268 1129 2298 in
1141 2268 1293 2310 propatulo
1303 2267 1421 2306 doceat,
1433 2277 1500 2299 eum
1512 2278 1528 2299 a
1537 2269 1712 2301 Christiana:

888 2313 1016 2344 veritatis
1033 2314 1127 2344 forma
1146 2317 1174 2343 et
1188 2313 1363 2351 evangelica
1385 2313 1486 2351 regqu
1513 2314 1541 2343 id
1569 2316 1712 2355 temporis

888 2367 975 2398 quam
992 2357 1166 2396 longissime
1181 2356 1310 2388 abfuisse
1323 2366 1382 2387 non
1397 2356 1629 2397 ambigimus.Et
1644 2368 1711 2390 cum

891 2402 994 2442 primis
1010 2402 1161 2433 hominem
1169 2411 1204 2433 ex
1217 2401 1310 2433 tribus
1324 2402 1414 2432 veluti
1425 2403 1537 2433 naturis
1549 2404 1710 2434 conﬂatum

891 2448 979 2479 tradit
995 2458 1001 2478 :
1021 2448 1050 2476 ἐκ
1065 2450 1113 2481 τῆς
1128 2447 1206 2484 ὕλης,
1224 2459 1237 2475 α
1255 2456 1290 2478 ex
1304 2446 1448 2487 materia;
1462 2459 1473 2474 υ
1499 2447 1528 2475 ἐκ
1542 2451 1590 2482 τῆς
1607 2449 1710 2488 ψυχῆς,

894 2506 906 2520 α
924 2503 959 2524 ex
975 2492 1073 2523 anima
1088 2501 1152 2532 quae
1167 2501 1183 2522 a
1199 2492 1322 2523 materia
1332 2492 1477 2531 originem
1490 2491 1584 2531 ducit;
1607 2504 1618 2522 υ
1639 2498 1669 2525 et
1683 2494 1713 2522 ἐκ

890 2538 936 2566 τοῦ
958 2539 1116 2575 πνεύματος,
1137 2550 1148 2565 α
1164 2546 1198 2568 ex
1211 2537 1319 2576 spiritu
1341 2537 1390 2577 qui
1407 2545 1423 2567 a
1438 2536 1499 2567 Deo
1520 2546 1573 2568 seu
1589 2547 1606 2568 a
1629 2538 1712 2569 ccelis

893 2582 1056 2622 primordia
1063 2582 1152 2622 capit.
1172 2597 1184 2613 ι
1201 2582 1343 2622 Displicet
1352 2581 1440 2612 etiam
1451 2582 1566 2612 erudito
1575 2583 1714 2624 scriptori

890 2627 940 2658 illa
955 2627 1032 2667 apud
1047 2626 1202 2657 Tatianum
1227 2626 1378 2657 distinctio
1393 2626 1519 2656 duorum
1543 2627 1710 2671 spirituum,

890 2681 1020 2714 quorum
1031 2671 1109 2703 alter
1118 2673 1222 2703 anima
1229 2671 1444 2712 vocatur,:ilter
1450 2681 1518 2702 vero
1528 2673 1714 2714 praestantius
