1974 3069
240 100 299 132 175

689 101 719 132 S.
741 101 926 134 JUSTINUS
946 97 1208 132 PHILOSOPHUS
1227 98 1276 131 ET
1298 100 1473 132 MARTYR.

1874 98 1932 131 176

238 166 511 206 estanima,imago
521 165 668 198 scilicetet
679 166 849 198 similitudo
866 167 924 197 Dei
939 166 1066 198 Videtur
1076 171 1095 196 A
1107 167 1187 198 niani
1203 167 1354 208 indignam
1367 166 1550 207 judicabant,
1565 177 1654 208 quam
1665 167 1759 199 Filius
1773 167 1827 199 Dei
1841 167 1933 198 susci-

239 210 297 241 sibi
308 210 339 241 in
350 210 395 241 his
406 210 506 241 verbis
515 211 649 242 dilucide
665 211 833 251 perspicere
843 211 1066 243 distinctionem

239 259 285 284 τοῦ
290 255 380 284 ὑλιχοῦ
388 261 417 286 et
424 260 470 284 τοῦ
475 260 664 294 πνευματικοῦ,
669 265 759 296 quam
763 255 902 287 Tatiunis
909 260 1066 287 mutuatus

239 303 283 330 est
293 309 312 330 (ι
327 300 481 331 Gnosticis
493 304 522 331 et
531 301 701 340 praesertim
714 309 734 331 α
747 299 921 331 Valentino.
939 300 1064 331 Tatiano

239 345 313 377 alios
327 344 461 375 attribuit
475 353 720 385 errores,nempe
730 344 872 376 adversus
887 345 996 375 animas
1013 344 1065 375 im-

240 389 450 420 mortalitatem
466 393 495 420 et
516 389 749 429 simplicitatem,
766 393 795 420 et
806 389 896 421 Verbi
912 390 1063 420 aeternita—

240 438 298 464 tem
313 443 320 471 ;
336 443 371 465 ac
385 444 423 465 ne
437 435 483 465 cui
498 434 529 465 in
547 437 678 465 mentem
692 434 790 465 veniat
801 433 918 466 Tatiani
935 434 1061 474 patroci-

239 479 324 510 nium
339 479 504 519 suscipere,
521 478 565 509 sic
580 479 742 510 concludit:
773 491 786 506 ‹‹
812 478 873 509 Nec
903 480 1012 510 mirum
1036 479 1062 509 si

237 523 316 553 male
330 529 360 555 et
374 523 510 563 improbe
533 523 570 554 de
582 523 804 563 augustioribus
820 524 995 555 Christianae
1009 532 1060 554 re-

236 566 354 606 ligionis
369 567 516 607 mysteriis
532 567 679 598 sentiebat
692 568 756 605 ille,
773 568 823 608 qui
837 568 1061 608 conspiraverat

232 613 294 652 jam
310 622 378 643 cum
391 612 552 649 Gnosticis,
571 612 669 652 impiis
680 613 949 653 consceleratisque
966 612 1061 643 homi-

235 657 334 694 nibus,
352 661 380 688 et
396 667 413 688 a
427 666 497 688 vera
509 657 540 688 in
555 658 650 688 Deum
678 657 824 697 religione
852 657 1056 689 alienissimis.

235 700 312 732 Sane
332 702 453 742 quidem
470 702 593 732 laterem
609 701 728 739 lavabit,
745 701 770 732 si
781 703 848 742 quis
863 703 928 742 ejus
939 703 1060 741 generis

236 751 394 785 nugatores
408 756 425 776 a
439 746 527 787 culpa
538 746 609 777 velit
620 746 764 783 eximere;
777 750 805 777 et
818 746 988 785 singulatim
1000 747 1059 778 Ta—

238 791 348 822 tianum
366 800 454 822 nemo
471 800 596 831 purgare
625 791 744 832 poterit,
760 792 809 831 qui
835 791 985 822 Valentini
1012 791 1059 821 in-

236 845 321 867 sanas
336 837 373 867 de
389 835 535 867 IEonibus
557 836 715 876 opiniones
727 836 826 866 animo
854 835 1024 867 imbiberat.
1043 848 1056 863 ι

1107 216 1201 252 peret.
1213 212 1326 252 Corpus
1339 212 1384 243 illi
1396 211 1705 243 tribuebantanimale
1720 222 1779 243 non
1791 222 1827 243 ex
1839 212 1932 243 Maria

1106 261 1302 298 assumptum,
1319 257 1370 288 sed
1383 266 1436 296 per
1447 257 1569 288 Mariam
1589 257 1860 297 traductum,veluti
1877 266 1931 298 per

1106 302 1239 332 canalem
1251 300 1462 342 quemdam.At
1471 301 1578 341 pudori
1592 311 1651 332 non
1662 305 1708 333 est
1717 301 1839 333 Tatiano
1849 303 1930 334 Deus

1106 345 1160 376 sub
1176 346 1307 377 hominis
1321 345 1416 376 forma
1445 349 1531 377 natus
1559 346 1601 377 99.
1620 349 1655 376 Οὐ
1669 347 1719 386 γὰρ
1748 349 1928 387 μωραίνοιιεν,

1105 390 1194 430 ἄνδρες
1212 387 1219 397 ”
1233 391 1360 426 Ελληνες,
1377 390 1433 419 οὒδὲ
1450 390 1546 430 λήρους
1562 391 1778 431 ἆπαιγγελλομεν,
1811 393 1876 419 Θεὸν
1902 391 1928 419 ὲν

1101 435 1238 474 ἀνθρώπου
1268 436 1357 476 μορφῇ
1373 435 1509 474 γεγονέναι
1538 435 1776 475 καταγγέλλοντες.
1810 448 1821 464 ιι
1860 437 1927 468 Non

1103 480 1182 510 enim
1213 479 1390 520 desipimus,
1416 489 1433 510 ο
1462 479 1569 515 Graeci,
1593 489 1648 510 nec
1671 489 1764 518 nugas
1781 482 1926 521 praedica-

1103 533 1180 564 mus,
1211 524 1304 555 Deum
1338 523 1393 555 sub
1411 524 1540 554 hominis
1555 525 1650 555 forma
1665 529 1765 555 natum
1784 525 1927 556 nuntian-

1102 572 1157 600 tes.
1177 581 1190 597 ι
1519 584 1523 588 ·

1142 612 1291 653 Praecipue
1307 623 1375 644 vero
1392 613 1422 644 in
1438 623 1583 644 summam
1596 623 1710 645 morum
1725 615 1926 655 corruptelam

1101 657 1326 689 Valentinianos
1342 658 1510 699 praecipites
1524 658 1648 689 dederat
1663 659 1778 690 sublata
1794 660 1926 690 hominis

1100 702 1231 741 libertas,
1247 713 1314 734 cum
1330 704 1501 743 semetipsos
1510 712 1571 734 non
1584 713 1637 743 per
1648 705 1926 744 operationem,sed

1100 756 1133 778 eo
1141 748 1221 787 quod
1230 751 1292 779 sint
1300 747 1486 779 naturaliter
1494 749 1665 789 spiritales,
1674 749 1847 780 omnimodo
1858 750 1925 780 sat-

1102 792 1167 823 vari
1182 792 1330 830 dicerent,
1346 792 1440 830 Iren.,
1453 792 1503 822 lib.
1522 801 1542 831 ι,
1555 802 1581 822 c.
1600 793 1630 824 6.
1644 793 1832 825 AtTatiunus
1849 794 1926 824 nihil

1100 836 1131 867 in
1161 836 1251 868 rebus
1274 838 1381 868 creatis
1408 841 1512 868 natura
1528 838 1638 868 malum
1653 847 1719 868 esse
1740 837 1871 870 declarat
1886 838 1897 859 ¹
1918 863 1924 868 .

276 881 459 913 Sententiam
467 880 584 912 Tatiani
593 881 630 912 de
636 880 856 913 immortalitate
863 882 1058 921 animaaejus-
1071 887 1090 912 Β
1101 881 1119 911 ’I

1141 883 1175 911 τεὶ
1203 883 1281 915 αὐτὸς
1307 883 1357 920 μὲν
1378 885 1429 911 πᾶν
1443 883 1474 910 τὸ
1489 884 1518 909 εὖ
1531 894 1588 914 πως
1613 882 1677 922 ἕχον
1702 882 1923 923 ἐδημιούργησεν

235 936 293 967 que
308 931 423 963 natura,
440 930 470 957 et
481 926 519 957 de
540 925 631 958 Verbi
651 927 815 958 aeternitate
830 926 902 958 satis
913 926 1057 966 explana-

235 975 294 1002 tam
308 975 377 1012 puto
392 971 423 1001 in
434 970 564 1002 secunda
575 974 658 1011 parte
669 971 850 1011 praefationis
865 975 896 1002 et
910 971 941 1002 in
967 971 1059 1002 adno-

236 1016 405 1047 tationibus.
424 1017 528 1056 Neque
544 1017 635 1046 etiam
651 1016 683 1046 in
694 1026 729 1047 eo
753 1016 920 1048 refellendo
946 1015 1057 1046 immo-

233 1061 360 1092 randum
371 1060 449 1100 quod
457 1060 497 1090 ait
507 1060 552 1090 vir
559 1060 955 1098 eruditissimus,Tatianum
967 1060 1056 1091 etiam

235 1105 290 1136 sub
303 1105 408 1136 Justini
423 1105 581 1145 disciplina
597 1105 740 1136 nefariam
758 1105 895 1136 haeresim
913 1114 979 1135 esse
990 1113 1057 1135 me-

234 1150 375 1181 ditatum:
400 1158 498 1190 neque
521 1150 601 1181 enim
631 1149 815 1189 argumentis
842 1149 1055 1187 refellendum,

236 1195 314 1235 quod
326 1195 391 1225 sine
406 1194 466 1225 ullo
480 1204 601 1234 prorsus
609 1199 783 1234 argumento
795 1195 955 1235 profertur.
971 1194 1057 1231 Quod

235 1244 332 1270 autem
349 1239 504 1280 spectatad
520 1240 617 1280 ipsum
633 1240 807 1280 opusculum
824 1239 950 1277 Tatiani,
965 1240 1057 1271 multa

234 1285 265 1315 in
280 1294 314 1315 co
330 1284 447 1324 reperio
458 1293 524 1314 cum
537 1284 747 1315 Valentiniaua
758 1285 865 1315 haeresi
881 1284 1053 1324 pugnantia,

235 1328 349 1360 nullum
367 1337 488 1369 prorsus
499 1329 587 1368 hujus
607 1329 719 1360 erroris
735 1330 900 1369 vestigium,
920 1339 958 1360 ne
974 1330 1004 1360 in
1019 1328 1056 1359 iis

234 1373 356 1414 quidem
384 1381 451 1413 quae
489 1373 672 1413 objiciuntur
700 1373 736 1404 ab
763 1378 883 1406 auctore
912 1374 1057 1404 disserta-

235 1419 335 1450 tionis.
548 1431 554 1437 '

275 1510 354 1541 Fons
368 1513 397 1540 et
404 1509 486 1548 origo
493 1508 609 1540 Tatiani
621 1514 806 1547 errorum,ut
816 1518 849 1540 su
854 1518 906 1549 pra
916 1508 1056 1546 vidimus,

183 1562 185 1564 '
235 1563 323 1595 prava
335 1553 449 1585 exstitit
466 1553 504 1584 de
515 1553 619 1584 mundi
635 1553 787 1584 creatione
803 1554 964 1584 sententia.
984 1550 1087 1584 Indec

235 1603 392 1630 manarunt
414 1599 534 1635 IEOnes,
551 1597 622 1628 inde
639 1598 815 1638 Demiurgus
825 1608 884 1628 non
902 1598 999 1628 lucem
1011 1597 1057 1628 fa-

234 1643 329 1678 ciens,
345 1643 396 1673 sed
413 1646 446 1672 ut
460 1642 510 1672 ﬁat
524 1646 629 1682 optans
644 1646 671 1672 et
688 1651 776 1672 orans
791 1642 880 1680 ;inde
895 1641 933 1672 de
949 1641 1059 1673 Christi

235 1697 337 1724 carne,
349 1687 386 1718 de
402 1687 621 1717 resurrectione
637 1690 667 1717 et
681 1686 719 1717 de
733 1686 828 1718 libero
844 1686 971 1717 arbitrio
986 1686 1059 1717 stul-

233 1732 350 1764 tissima
364 1735 543 1762 commenta.
560 1731 597 1762 At
607 1731 637 1761 in
653 1731 802 1763 Oratione
810 1731 954 1762 adversus
967 1732 1057 1762 Grae-

236 1786 285 1808 cos
299 1776 431 1807 materim
438 1776 618 1806 creationem
625 1776 694 1806 data
702 1785 792 1816 opera
801 1775 933 1807 defendit
940 1776 1059 1816 .IEqua-

236 1821 295 1852 lem
316 1821 377 1852 Deo
399 1820 527 1851 futuram
550 1821 704 1851 contendit
716 1821 741 1851 si
758 1821 892 1851 increata
907 1825 987 1852 esset
1009 1819 1056 1851 9'7.

236 1866 300 1895 Οὕτε
320 1867 369 1906 γὰρ
385 1864 500 1905 amplo;
516 1869 533 1900 ἡ
549 1865 599 1899 ὅλη
615 1866 731 1905 καθάπερ
754 1867 768 1894 ὁ
790 1867 868 1906 Θεὸς,
884 1865 943 1894 οὐδὲ
958 1865 1001 1893 διὰ.
1029 1866 1059 1893 τὸ

236 1911 353 1951 ἄναρχον
377 1909 532 1949 ἰσοίύναμος
559 1914 597 1947 τῷ
633 1913 703 1947 Θεῷ·
734 1921 851 1949 γεννητη
880 1910 907 1938 δὲ
928 1910 972 1939 καὶ
1008 1910 1059 1950 οὐχ

235 1957 286 1984 ὑπὸ
312 1960 357 1984 τοῦ
385 1955 466 1984 ἄλλου
502 1961 639 1994 γεγονυῖαι,
664 1955 746 1992 μόνου
768 1954 794 1983 δὲ
816 1955 866 1983 ὑπὸ
882 1955 928 1984 τοῦ
952 1955 1058 1983 πάντων

235 2001 394 2041 δημιούργου
409 1999 624 2040 προϐεϐλημένη.
653 2011 665 2026 α
680 1998 748 2030 ’Νοη
767 1999 847 2029 enim
864 2003 946 2030 caret
974 1999 1058 2030 initio

237 2045 371 2085 materia,
384 2044 635 2085 quemadmodum
647 2045 738 2080 Deus,
753 2053 809 2074 nec
820 2043 892 2084 Deo,
903 2047 934 2074 ut
944 2043 1058 2084 princi-

238 2091 276 2130 pii
293 2099 411 2130 expers,
430 2098 530 2128 parem
547 2088 833 2128 habetpotestatem:
847 2097 950 2119 verum
959 2092 1057 2119 creata

237 2139 352 2174 esl,nec
367 2133 403 2164 ab
418 2133 476 2163 alio
491 2132 575 2170 facta;
593 2132 646 2163 sed
662 2142 678 2162 a
692 2132 756 2163 solo
769 2133 974 2163 universorum
988 2133 1055 2173 opi-

237 2179 293 2209 ﬁce
309 2178 479 2219 producta.)
497 2176 619 2207 Feriunt
635 2177 698 2208 haec
714 2177 804 2208 verba
819 2177 1051 2212 Valentinianos,

238 2231 402 2263 eorumque
416 2222 454 2252 de
471 2221 602 2252 materiae
623 2222 786 2252 mternitate
812 2231 846 2253 ac
871 2231 939 2252 vero
966 2231 1055 2261 supra

238 2272 401 2299 creatorem
413 2266 474 2296 Deo
490 2266 616 2297 somnia.
639 2266 674 2298 Ut
696 2266 919 2298 Valentinianos
936 2267 1059 2298 materia

237 2313 379 2348 increata,
397 2315 425 2341 et
440 2310 519 2341 Deus
532 2319 549 2340 a
563 2315 699 2342 creatore
722 2311 857 2342 diversus
872 2321 907 2343 eo
920 2312 1058 2350 ducebat,

239 2361 271 2388 ut
282 2365 389 2396 corpus
404 2355 566 2385 humanum
581 2365 636 2386 nec
651 2365 719 2387 vero
732 2360 762 2386 et
774 2356 891 2388 sublimi
907 2356 967 2387 Deo
984 2366 1062 2387 cura:

239 2409 316 2437 esse,
333 2409 388 2430 nec
403 2399 439 2429 ab
453 2399 558 2438 opiﬁce
579 2400 695 2430 restitui
718 2410 804 2440 posse
827 2401 1005 2441 crederent;
1023 2400 1064 2431 ita

238 2444 377 2476 Tatianus
392 2452 427 2474 ex
442 2453 477 2473 eo
493 2444 571 2483 quod
590 2446 712 2476 materia
726 2449 826 2476 creata
843 2445 892 2485 sit,
909 2450 938 2476 et
964 2455 981 2475 a
994 2446 1057 2476 solo

240 2490 444 2520 universorum
451 2488 558 2528 opiﬁce
564 2494 674 2529 creata,
682 2498 842 2529 corporum
856 2490 1058 2521 resurrectio—

239 2543 307 2564 nem
322 2533 440 2564 astruit.
456 2532 546 2563 Addit
563 2533 641 2564 enim
659 2534 793 2574 protinus
801 2535 844 2566 98:
859 2536 910 2566 Καὶ
925 2535 966 2564 διὰ
981 2539 1058 2563 τοῦτο

238 2581 282 2607 καὶ
325 2579 456 2616 σωμάτων
505 2578 646 2607 ἀνάστασιν
689 2579 792 2608 ἔσεσθαι
834 2581 1057 2618 πεπιστεύκαμεν.

241 2635 255 2650 α
270 2622 431 2662 Propterea
445 2622 535 2653 etiam
550 2631 711 2663 corporum
726 2625 975 2655 reSurrectionem
986 2624 1064 2655 futu-

238 2676 301 2698 ram
310 2666 472 2698 credimus.
486 2679 500 2694 ι)
514 2666 678 2699 Humanam
691 2673 927 2709 carnem.utpote
937 2669 974 2699 ab
986 2669 1063 2700 infe-

239 2713 318 2743 riore
333 2711 390 2742 deo
406 2720 443 2742 ex
457 2712 584 2743 materia
599 2713 731 2745 increata
754 2714 903 2745 conditam
928 2713 1063 2745 Valenti-

279 2784 409 2817 97N.5.
451 2784 575 2818 98KB.
619 2788 758 2822 ΜΝΞ(
801 2788 931 2820 ¹Ν.1Ἷ.
975 2788 1086 2821 ²Ν.Ἷ.

1071 2257 1092 2283 D

1098 927 1116 961 ἡ
1150 926 1178 955 δὲ
1211 931 1264 956 τῶν
1286 926 1418 965 δαιμόνων
1434 926 1543 965 ἀσωτία,
1561 933 1620 960 τοῖς
1635 927 1662 956 ἐν
1684 931 1723 965 τῴ
1748 928 1842 966 κόσμῳ
1857 929 1925 967 πρὸς

1098 973 1129 1000 τὸ
1168 978 1323 1000 κακοποιεῖν
1365 971 1511 1011 ἐχρὴσατο.
1533 982 1544 999 ι
1571 972 1662 1009 Deus,
1686 971 1792 1012 inquit,
1825 973 1927 1003 omnia

1099 1015 1177 1047 bene
1191 1025 1224 1047 se
1238 1015 1378 1047 habentia
1388 1015 1510 1053 creavit,
1526 1016 1578 1047 sed
1589 1016 1757 1047 daemonum
1771 1017 1927 1057 intempe-

1099 1061 1194 1091 rantia
1209 1061 1258 1101 iis,
1273 1069 1339 1101 quae
1353 1061 1384 1091 in
1399 1060 1510 1091 mundo
1526 1065 1604 1098 sunt,
1622 1061 1659 1092 ad
1673 1061 1750 1092 male
1774 1061 1924 1101 agendum

1098 1105 1190 1136 abusa
1204 1110 1259 1136 est.
1279 1118 1292 1133 ιι
1305 1105 1411 1136 Justini
1429 1104 1562 1145 magistri
1582 1106 1714 1146 vestigiis
1739 1106 1877 1137 homines
1895 1111 1927 1137 et

1098 1150 1219 1190 angelos
1229 1159 1245 1181 a
1255 1149 1315 1181 Deo
1326 1149 1438 1180 liberos
1445 1150 1531 1180 docet
1542 1150 1633 1181 fuisse
1643 1155 1759 1182 creatos
1768 1152 1783 1173 ³
1801 1174 1808 1182 .
1824 1148 1831 1158 ⁶
1843 1157 1926 1184 οπως

1098 1197 1112 1224 ὂ
1143 1196 1192 1232 μὲν
1226 1195 1322 1236 φαῦλος
1352 1194 1458 1228 δικλίως
1482 1194 1627 1230 κολάζηται
1640 1194 1674 1223 δι’
1696 1197 1773 1225 αὐτὸν
1802 1198 1924 1236 γεγονὼς
1957 1190 1958 1194 Ἴ

1098 1241 1246 1280 μοχθηρός“
1285 1241 1298 1268 ὁ
1320 1240 1347 1268 δὲ
1377 1239 1475 1272 δ’καιος
1497 1240 1580 1279 χάριν
1602 1242 1655 1268 τῶν
1678 1240 1927 1281 ἀνδραγαθημάτων

1096 1284 1173 1317 ἀξίως
1187 1285 1339 1318 ἐπαινῆται.
1361 1296 1376 1312 π
1390 1284 1428 1316 Ut
1443 1283 1538 1314 malus
1550 1284 1654 1315 merito
1671 1286 1810 1325 puniatur
1825 1295 1878 1326 per
1890 1295 1928 1318 se

1096 1328 1250 1370 improbus
1264 1329 1369 1366 factus,
1383 1329 1483 1369 justus
1497 1335 1596 1360 autem
1613 1328 1652 1359 ob
1668 1335 1750 1361 recte
1768 1329 1843 1361 facta
1851 1331 1925 1371 jure

1097 1373 1243 1404 laudetur.
1261 1386 1272 1401 ι
1291 1373 1361 1409 Quae
1371 1373 1511 1414 praedicta
1525 1376 1605 1412 sunt,
1633 1373 1728 1405 libera
1741 1374 1924 1415 eligentium

1098 1418 1253 1450 voluntate
1262 1418 1345 1449 docet
1356 1418 1489 1455 evenire;
1499 1426 1553 1448 nec
1567 1417 1636 1449 mali
1646 1418 1791 1458 originem
1800 1419 1924 1451 aliunde

1098 1462 1208 1503 repetit
1221 1471 1309 1502 quam
1325 1471 1360 1494 ex
1375 1461 1474 1493 libero
1494 1462 1618 1493 arbitrio
1641 1464 1667 1495 5.
1697 1466 1750 1494 Οὐκ
1772 1465 1924 1504 -ἒγενόμεθα

1099 1509 1164 1547 πρὸς
1200 1508 1231 1535 τὸ
1255 1507 1442 1543 ἀποθνήσκειν,
1478 1507 1681 1545 ἀποθνήσκομεν
1702 1507 1728 1536 δὲ
1744 1508 1778 1537 δι’
1800 1509 1922 1542 ἑαυτούς,

1099 1551 1251 1580 ’Λπωλεσεν
1280 1552 1353 1590 ἡμᾶς
1383 1553 1414 1580 τὸ
1455 1552 1631 1585 αὐτεξούσιον·
1662 1552 1749 1582 δοῦλοι
1771 1554 1923 1593 γεγόναμεν

1099 1598 1122 1625 οἱ
1150 1595 1290 1636 ἐλεύθεροι,
1319 1595 1361 1625 διὰ
1389 1597 1437 1631 τὴν
1477 1597 1605 1634 ἁμαρτίαν
1633 1598 1797 1637 ἒπράθημεν,
1840 1598 1925 1628 Οὐδὲν

1099 1641 1196 1681 φαῦλον
1230 1641 1281 1669 ὑπὸ
1297 1640 1342 1669 τοῦ
1359 1644 1424 1669 Θεοῦ
1438 1640 1593 1677 πεποίητέιι,
1623 1641 1673 1675 τὴν
1688 1643 1816 1682 πονηρίαν
1837 1644 1923 1681 ἡμεῖς

1099 1685 1274 1724 ἀνεδείξαμεν,
1299 1686 1328 1715 Οἱ
1351 1685 1380 1714 δὲ
1401 1685 1593 1726 ἀναδείξαντες,
1619 1685 1719 1715 δυνατοὶ
1741 1687 1820 1716 πάλιν
1848 1699 1925 1728 παρ-

1099 1732 1268 1766 αιτήσασθειι.
1288 1742 1302 1758 α
1328 1731 1395 1761 Non
1420 1729 1490 1761 facti
1519 1739 1621 1761 sumus
1651 1734 1684 1762 ut
1708 1740 1924 1764 moraremur:

1099 1774 1228 1814 perdi-iit
1243 1784 1297 1805 nos
1310 1774 1405 1806 libera
1415 1775 1570 1814 voluntas;
1588 1775 1666 1807 servi
1676 1775 1745 1806 facti
1756 1784 1858 1806 sumus
1873 1777 1928 1816 qui

1101 1818 1185 1849 liberi
1201 1828 1320 1850 eramus
1338 1829 1346 1858 ;
1362 1828 1415 1860 per
1429 1824 1584 1860 peccatum
1595 1820 1708 1851 venditi
1723 1821 1928 1852 sumus.Nihil

1101 1863 1169 1894 mali
1195 1863 1304 1895 factum
1331 1868 1406 1895 esta
1433 1864 1516 1904 Deo;
1534 1874 1588 1896 nos
1615 1865 1670 1905 ipsi
1701 1864 1926 1905 improbitatem

1100 1908 1306 1948 produximus.
1323 1908 1394 1939 Eam
1412 1918 1482 1940 vero
1501 1910 1553 1950 qui
1581 1909 1796 1950 produxerunt,
1823 1909 1926 1942 denuo

1099 1953 1259 1993 repudiare
1271 1958 1427 1994 possuntn
1441 1953 1697 1990 Quemadmodum
1706 1954 1843 1985 homines
1856 1964 1927 1986 om-

1100 2006 1154 2028 nes
1166 2001 1287 2038 peccato
1301 1998 1409 2030 Adami
1423 1999 1542 2030 vitiatus
1552 1999 1700 2038 iuisse,ita
1717 1999 1809 2030 etiam
1822 2001 1925 2031 omni-

1101 2042 1166 2081 bus,
1193 2047 1225 2073 ut
1249 2042 1278 2073 in
1304 2043 1434 2074 secunda
1464 2047 1547 2084 parte
1561 2044 1701 2082 vidimus,
1718 2045 1924 2076 necessarium

1099 2095 1166 2118 esse
1181 2087 1311 2128 Spiritus
1321 2087 1417 2118 sancti
1432 2088 1574 2119 auxilium
1591 2088 1693 2129 docet,
1711 2092 1743 2119 ut
1759 2088 1813 2120 Dei
1827 2088 1927 2129 imago

1097 2132 1129 2162 in
1142 2131 1187 2162 eis
1200 2131 1384 2170 restituatur,
1401 2132 1511 2163 nedum
1522 2141 1700 2173 quemquam
1714 2137 1819 2164 natura
1834 2134 1926 2173 spiri-

1097 2177 1208 2212 tualem
1225 2185 1293 2208 esse
1306 2177 1457 2209 crederet.

1140 2221 1263 2262 Nuptias
1279 2222 1310 2253 in
1326 2221 1384 2252 diis
1399 2222 1508 2253 merito
1523 2222 1631 2254 irridet
1646 2222 1837 2263 Tatianus,n.
1852 2225 1883 2264 8,
1899 2231 1932 2257 at

1101 2266 1131 2297 in
1149 2266 1318 2297 hominibus
1328 2266 1458 2305 legitime
1466 2271 1633 2299 contractas
1644 2277 1788 2308 nusquam
1805 2270 1927 2310 vitupe—

1102 2315 1156 2342 rat.
1175 2311 1312 2351 Virgines
1328 2311 1510 2342 Christianas
1526 2312 1709 2353 laudat,quae
1723 2313 1831 2345 divina
1846 2323 1926 2346 ora-

1102 2356 1170 2387 cula
1187 2357 1302 2388 circum
1317 2357 1382 2388 cola
1392 2356 1631 2395 recitabant,non
1646 2361 1678 2388 ut
1688 2358 1745 2388 hoc
1757 2358 1928 2391 institutum

1103 2400 1196 2430 instar
1216 2400 1290 2439 legis
1315 2401 1453 2432 omnibus
1469 2402 1651 2441 praescribat,
1669 2402 1721 2433 sed
1746 2407 1779 2433 ut
1803 2404 1932 2444 repellat

1104 2445 1228 2476 dicteria
1242 2446 1442 2486 ethnicorum,
1458 2446 1509 2486 qui
1535 2446 1719 2477 Christianos
1751 2447 1932 2480 dictitabant

1098 2491 1178 2521 inter
1183 2491 1332 2522 mulieres
1339 2495 1368 2522 et
1374 2490 1807 2532 adolescentes,intervirgines
1813 2497 1841 2524 et
1851 2503 1931 2526 anus

1099 2536 1226 2574 nugari.
1249 2536 1296 2566 Sic
1308 2535 1394 2566 etiam
1419 2535 1518 2566 aﬂicta
1533 2536 1710 2567 Christianis
1720 2536 1845 2568 crimiua
1861 2548 1931 2578 pro-

1106 2580 1200 2619 pulsat
1215 2580 1376 2620 5,iniquam
1394 2580 1431 2610 ob
1453 2580 1549 2610 solum
1571 2589 1680 2611 nomen
1705 2581 1931 2614 condemnatio-

1106 2633 1173 2654 nem
1190 2624 1294 2665 objicit
1308 2624 1446 2662 ethnicis,
1459 2629 1492 2655 ut
1503 2625 1658 2656 catholicas
1672 2625 1813 2656 Ecclesiae
1828 2627 1933 2658 defen-

1106 2678 1167 2706 sor,
1183 2679 1217 2700 ac
1233 2673 1458 2709 persecutorum
1474 2669 1540 2700 telis
1550 2669 1700 2710 praecipue
1711 2671 1932 2710 expositus,ne-

1106 2715 1177 2745 dum
1210 2718 1279 2745 tunc
1302 2714 1381 2745 inter
1412 2713 1566 2745 haereticos
1579 2718 1759 2753 versaretur,
1776 2724 1851 2755 quos
1880 2722 1933 2749 aut

1130 2788 1263 2821 8NH“.
1308 2786 1435 2820 ‘N.83.
1477 2787 1544 2820 5N.
1560 2788 1610 2820 27.
