1974 3069
222 109 278 141 189

722 111 756 141 D.
780 110 931 142 MARANI
955 109 1165 140 PRIEFATIO.
1190 126 1228 131 ——
1251 110 1357 141 PARS.
1380 111 1434 142 IlI.

1863 105 1917 137 190

220 171 277 204 ἔστι
293 177 415 216 μοιχεία,
435 168 488 209 ’1ος
511 178 560 216 γὰρ
575 176 607 205 ἂν
622 177 755 216 ἀπολύσῃ,
780 177 855 217 φησὶ,
871 177 921 210 τὴν
934 187 998 215 γυίο.

1136 184 1155 206 sc
1171 175 1222 206 ille
1237 174 1268 206 in
1285 175 1361 206 libro
1371 175 1412 207 De
1423 176 1508 216 fuga,
1521 174 1637 214 c.9,ubi
1649 174 1737 205 etiam
1748 172 1808 205 duo
1821 172 1915 203 refert

223 222 302 250 αἰποῦ
331 221 375 249 καὶ
396 222 507 260 γαμήσῃ
535 221 633 259 ἄλλην,
664 225 795 262 μοιχᾶται
812 229 819 237 ⁸
844 220 902 250 οὔτε
925 220 1049 250 ἀπολύειν

224 266 372 306 ἐπιτρέπων
393 267 426 300 ἧς
447 266 545 296 ἕπαυσέ
572 279 612 300 τις
634 268 684 301 τὴν
711 267 860 306 παρθενίαν,
879 266 936 295 οὔτε
953 267 1048 306 ἐπιγα-

225 318 298 349 μεϊν.
323 307 351 340 ’0
366 312 415 350 γὰρ
440 312 592 352 ἀποστερῶν
617 313 708 341 ἑαυτὸν
731 315 780 345 τῆς
802 311 931 351 προτέρας
954 323 1048 351 γ’,ιναι-

224 358 282 397 κὸς,
298 357 342 384 καὶ
357 357 378 384 εἰ
401 356 522 394 τέθνηκε,
556 357 655 397 μοιχός
679 357 734 385 ἔστι
762 355 1044 395 παρακεκαλυμμένος,

225 400 393 440 παραϐαίνων
423 402 472 439 μὲν
497 402 548 435 τὴν
570 408 653 442 χεῖρα
673 406 717 431 tot":
746 404 823 440 Θεοῦ,
839 401 879 429 ὅτι
895 401 922 429 ἐν
942 401 1015 441 ἀρχῇ
1037 402 1051 429 ὁ

189 466 193 469 ι
225 446 288 478 Θεὸς
318 445 363 474 ἕνα
394 445 473 485 ἄνδρα
495 445 593 475 ἔπλασε
615 447 659 475 καὶ
682 447 744 485 μίαν
768 451 882 485 γυναῖκα
899 454 906 461 ·
934 444 1003 474 λύων
1024 445 1050 473 δὲ

223 490 272 524 τὴν
302 490 387 530 σάρκα
408 492 473 530 πρὸς
501 492 585 530 σάρκα
614 492 681 520 κατὰ
708 492 757 525 τὴν
778 491 870 519 ἕνωσιν
892 491 957 530 πρὸς
984 490 1051 528 μίξιν

223 535 260 568 εἰς
275 535 322 564 τοῦ
335 535 426 575 γένούς
441 537 593 565 κοινωνίαν.
613 547 625 564 α
644 535 747 576 Neque
764 536 843 566 enim
857 534 1050 566 meditatione

223 588 395 610 sermonum
409 580 462 611 sed
479 580 732 612 demonstratione
748 583 777 611 et
791 579 947 620 disciplina
960 580 1050 610 actio-

223 633 293 654 num
303 632 352 655 res
363 628 474 657 nostrae
488 624 691 661 continentur,
710 628 741 655 ut
756 625 881 665 quisque
895 624 942 655 vel
956 624 1050 664 qualis

223 671 311 700 natus
324 673 379 710 est,
398 672 529 710 maneat,
544 669 590 701 vel
610 670 705 701 unicis
721 669 751 700 in
767 669 889 710 nuptiis.
904 668 1050 700 Secunda;

222 715 302 744 enim
319 714 462 745 decorum
476 714 854 754 adulterium.Quicunqu.e
863 715 944 745 enim
954 714 1047 745 dimi-

222 758 548 800 serit,inquit,ua;orem
554 768 638 790 niam
645 763 675 790 et
684 759 778 791 aliam
785 759 1050 799 duxerit,mwcha-

225 802 322 843 tur”;
340 812 396 835 nec
412 813 476 834 eam
495 803 603 834 dimitti
618 803 822 844 sinens,cujus
837 803 996 843 virginitati
1012 805 1048 835 ti-

222 856 290 877 nem
306 848 372 888 quis
384 848 536 888 imposuit,
554 858 610 879 nec
633 848 721 879 aliam
740 849 864 889 insuper
878 848 957 879 duci.
974 847 1046 879 Nam

1091 219 1259 250 testimonia
1273 220 1416 257 Montani,
1429 229 1495 261 qua:
1510 219 1747 250 exhortationem
1758 217 1870 248 habent
1878 217 1914 247 ad

1091 264 1277 305 martyrium,
1294 269 1324 295 at
1334 264 1432 305 fugam
1446 264 1567 295 minime
1582 262 1914 295 condemnant.Secun-

1090 309 1144 341 das
1159 309 1278 349 nuptias
1293 309 1481 340 abstulerunt
1494 309 1693 346 Montanistae,
1711 316 1788 338 nova
1803 316 1874 338 sane
1886 310 1915 338 et

1087 353 1222 385 inaudita
1231 354 1420 391 audacia,sed
1431 357 1529 384 tamen
1542 353 1572 384 in
1583 352 1755 393 primordiis
1765 352 1803 382 ita
1815 351 1915 382 mode-

1092 403 1203 436 rate,ut
1216 408 1283 429 cum
1293 398 1456 439 digamisin
1470 398 1603 430 Ecclesia
1617 398 1841 429 communicare
1855 406 1914 427 non

1093 443 1271 474 dubitarent.
1285 443 1438 480 Quomodo
1451 443 1530 474 enim
1547 453 1579 474 se
1590 443 1644 473 hac
1661 442 1690 473 in
1705 451 1738 473 re
1753 441 1911 481 gesserint,

1092 488 1220 529 spectari
1249 492 1348 529 potest
1369 497 1472 519 eorum
1497 488 1527 519 in
1547 487 1615 518 aliis
1632 487 1723 518 rebus
1745 486 1849 526 agendi
1862 495 1911 516 ra—

1093 533 1184 565 tione.
1201 533 1308 564 Nescio
1323 542 1381 574 quo
1399 537 1483 573 pacto
1499 532 1619 563 inducta
1639 533 1737 563 fuerat
1753 531 1782 562 in
1799 531 1914 570 aliquas

1090 578 1241 610 Ecclesias
1251 587 1311 609 non
1319 582 1518 609 consentanea
1534 581 1681 618 praecepto
1693 575 1828 617 Apostoli
1839 585 1912 606 con-

1091 623 1230 663 suetudo,
1243 627 1273 654 ut
1287 623 1418 663 virgines
1433 623 1463 654 in
1480 622 1608 654 ecclesia
1619 622 1715 654 velum
1728 624 1906 652 excuterent.

1090 666 1229 707 Virgines
1240 667 1321 698 novis
1334 667 1499 707 prophetiis
1509 666 1634 697 addicta;
1643 665 1738 697 velum
1746 668 1910 702 servarunt,

1090 713 1142 743 sed
1159 716 1257 743 tamen
1272 712 1338 743 aliis
1348 711 1412 742 velo
1423 711 1592 742 carentibus
1605 711 1735 742 molestae
1746 719 1805 741 non
1816 713 1911 746 erant;

1090 756 1185 788 donec
1208 757 1271 788 istae
1296 758 1502 797 impetrarunt,
1519 761 1549 786 nt
1575 757 1632 787 hoc
1648 755 1819 792 discrimen,
1833 754 1909 794 quod

1091 810 1141 833 eas
1154 801 1269 839 urebat,
1287 802 1453 833 tolleretur.
1470 801 1520 833 Sic
1537 810 1601 832 rem
1618 804 1736 831 enarrat
1751 798 1910 830 Tertullia-

1090 855 1157 884 nus,
1174 846 1227 877 lib.
1244 847 1289 878 De
1297 846 1452 887 vel.virg.,
1464 855 1528 886 cap.
1541 845 1560 876 3
1578 855 1584 877 :
1601 856 1613 875 ‹
1624 844 1822 876 Tolerabilius
1832 844 1909 884 apud

221 891 272 931 qui
283 884 392 932 se'ipse
405 884 500 933 prima
511 884 603 924 uxore
613 884 854 933 spoliat,etiamsi
868 897 985 924 mortua
995 893 1044 934 sit,
1059 884 1079 910 Β
1091 900 1144 921 nos
1159 900 1253 932 usque
1268 884 1535 931 proximerutrique
1553 890 1760 921 consuetudini
1772 898 1909 920 commu—

222 936 338 968 occulta
346 937 473 977 quadam
483 938 600 968 ratione
610 941 656 968 est
666 937 795 975 adulter;
807 941 867 968 tum
884 937 962 978 quod
979 947 1044 970 ma—

223 990 293 1011 num
305 981 362 1013 Dei
376 982 609 1021 transgrediatur
621 981 699 1022 (nam
710 981 792 1013 initio
805 983 882 1013 Deus
893 991 984 1013 unum
995 983 1046 1013 ho-

221 1026 331 1056 minem
343 1026 428 1057 finxit
439 1035 472 1057 ac
486 1035 574 1057 unam
588 1027 767 1066 mulierem),
781 1030 841 1057 tum
857 1026 935 1065 quod
947 1028 1045 1058 carnis

220 1079 287 1100 cum
297 1079 387 1101 carne
395 1071 769 1112 conjunctionemquodam
780 1071 869 1102 veluti
879 1072 996 1102 vinculo
1008 1072 1043 1102 ad

221 1115 475 1146 commiscendum
491 1124 588 1155 genus
601 1115 766 1155 colligatam
783 1115 952 1147 dissolvat.»
971 1117 1043 1148 Cum

221 1158 267 1189 his
278 1159 401 1190 nimium
414 1160 552 1190 videntur
562 1169 726 1199 congruere
736 1169 801 1201 quae
809 1159 1045 1200 apudTertullia-

220 1212 290 1234 num
301 1204 438 1243 leguntur
449 1204 487 1235 de
498 1204 638 1236 secundis
647 1205 767 1245 nuptiis.
785 1203 844 1235 Has
855 1205 1045 1245 nuptialibus

219 1252 247 1279 ei
258 1248 411 1280 dotalibus
424 1252 452 1280 si
463 1250 541 1289 forte
555 1249 667 1281 tabulis
684 1260 703 1280 α
717 1249 850 1281 maec’hiae
865 1253 893 1281 et
907 1250 1044 1288 fornica-

219 1293 312 1324 tionis
318 1301 407 1333 opere
416 1294 554 1325 diversas
565 1303 630 1325 esse
638 1294 678 1325 ait
691 1294 734 1325 De
743 1295 817 1335 pud.
825 1299 881 1330 ,c.l
891 1294 938 1326 .Ut
949 1303 1046 1335 neque

218 1338 389 1378 repudium,
406 1338 444 1369 ita
460 1348 515 1370 nec
532 1339 712 1370 matrimonii
736 1348 893 1370 numerum
910 1339 946 1370 ab
962 1339 1045 1370 initio

218 1381 311 1413 fuisse
323 1383 461 1414 observat
471 1383 513 1414 De
523 1392 782 1425 monogam.,cap.
793 1386 824 1415 9.
838 1384 888 1416 Sic
900 1384 1042 1425 loquitur,

219 1435 284 1466 cap.
303 1427 341 1458 14
358 1435 365 1459 :
384 1439 397 1455 ι
410 1427 514 1468 Neque
540 1428 586 1459 lex
608 1427 729 1459 abstulit
744 1429 922 1469 repudium;
940 1428 1044 1460 habuit

219 1471 297 1511 quod
313 1472 463 1504 auferret:
482 1482 556 1504 nova
581 1473 735 1514 prophetia
758 1474 923 1505 secundum
939 1474 1042 1505 matri-

219 1516 364 1554 monium,
381 1526 442 1548 non
458 1518 555 1548 minus
570 1518 728 1558 repudium
741 1518 864 1559 prioris.
880 1531 894 1547 ι

1087 935 1386 968 nicabatur.Arbitrio
1401 936 1542 976 permissa
1554 943 1600 967 res
1609 938 1719 969 erat,ut
1728 942 1851 974 qumque
1862 942 1911 964 vo-

1086 981 1189 1012 luisset
1201 986 1251 1012 aut
1264 981 1321 1021 tegi
1332 985 1383 1012 aut
1395 981 1542 1020 prostitui,
1557 981 1633 1012 sicut
1648 984 1677 1010 et
1688 979 1812 1011 nubere:
1830 978 1907 1019 quod

1087 1029 1116 1056 et
1126 1025 1223 1066 ipsum
1235 1035 1332 1066 neque
1341 1025 1457 1064 cogitur
1467 1035 1564 1065 neque
1576 1024 1910 1065 prohibetur.Contenta

1087 1074 1150 1101 erat
1165 1071 1295 1102 veritatis
1313 1070 1421 1111 pacisci
1444 1079 1510 1101 cum
1528 1069 1754 1106 consuetudine,
1771 1073 1803 1099 ut
1823 1069 1910 1099 tacite

1085 1114 1140 1145 sub
1157 1115 1382 1146 consuetudinis
1396 1115 1516 1146 nomine
1527 1115 1674 1145 frueretur
1687 1123 1721 1145 se
1735 1114 1781 1145 vel
1793 1123 1827 1145 ex
1839 1122 1908 1154 par-

1087 1163 1128 1197 te,
1143 1161 1194 1190 sed
1212 1161 1352 1201 quoniam
1368 1164 1499 1199 coeperat
1515 1159 1627 1199 agnitio
1640 1159 1798 1199 proﬁcere,
1816 1163 1846 1188 ut
1857 1168 1910 1198 per

1085 1204 1235 1237 licentiam
1245 1205 1399 1245 utriusque
1412 1204 1655 1235 morisindicium
1670 1203 1800 1234 melioris
1818 1203 1909 1243 partis

1087 1252 1264 1290 emergeret;
1284 1250 1379 1280 statim
1392 1249 1441 1280 ille
1456 1249 1643 1280 adversarius
1655 1248 1812 1285 bonorum,
1828 1248 1908 1279 mul-

1087 1297 1176 1334 toque
1189 1294 1404 1332 institutorum,
1419 1294 1489 1325 fecit
1503 1303 1577 1334 opus
1592 1293 1836 1325 suum.Ambiunt
1846 1293 1906 1323 vir—

1086 1338 1172 1378 gines
1188 1339 1341 1370 hominum
1356 1338 1498 1370 adversus
1509 1338 1637 1377 virgines
1648 1337 1712 1376 Dei,
1730 1337 1809 1368 nuda
1822 1337 1908 1377 plane

1086 1383 1184 1415 fronte
1198 1388 1227 1415 et
1242 1383 1431 1415 temerariam
1447 1383 1600 1414 audaciam
1623 1383 1795 1414 excitatae...
1812 1382 1908 1414 Scan-

1085 1427 1256 1466 dalizamur,
1275 1428 1424 1469 inquiunt,
1438 1428 1507 1468 quia
1526 1428 1611 1458 aliter
1635 1427 1702 1458 aliae
1725 1427 1906 1459 incedunt...

1084 1473 1145 1505 Cur
1166 1483 1225 1504 non
1247 1474 1338 1514 magis
1359 1473 1406 1504 hae
1428 1477 1591 1513 querantur
1615 1472 1754 1503 seandalo
1770 1472 1825 1503 sibi
1841 1481 1907 1503 esse

1085 1519 1291 1560 petulantiam,
1317 1518 1531 1559 impudentiam
1568 1517 1756 1549 ostentatitiae
1781 1517 1907 1557 virgini-

258 1561 294 1591 ll.
311 1561 370 1592 Sed
382 1566 481 1593 tamen
497 1562 522 1592 si
539 1562 765 1594 consideremus
780 1563 889 1603 quibus
903 1563 1073 1603 gradibusc
1087 1563 1177 1595 tatis?
1192 1576 1203 1591 ιι

217 1605 405 1637 Μοηιειῐιὶεῑω
417 1616 452 1637 eo
465 1607 704 1647 pervenerint,ut
715 1607 752 1638 ab
767 1608 906 1639 omnibus
917 1607 1042 1639 damna-

216 1654 391 1689 rentur;nec
400 1655 511 1692 apertae
521 1652 641 1683 illorum
650 1652 773 1683 haeresis
783 1653 903 1684 afﬁnem
914 1652 1044 1693 reperie-

217 1704 283 1726 mus
299 1696 531 1736 Athenagoram;
557 1697 617 1727 imo
641 1705 679 1727 ne
691 1706 793 1728 eorum
809 1697 930 1738 quidem
946 1697 1043 1727 fauto-

216 1748 362 1780 rem,qua3
374 1740 404 1770 in
421 1740 592 1780 primordiis
603 1740 786 1773 moderatius
795 1741 1042 1773 sentiebant.Non

218 1785 298 1814 enim
309 1784 406 1815 statim
419 1788 507 1825 atque
521 1785 631 1826 prodiit
642 1786 810 1826 Montanus,
825 1786 940 1826 jejunia
951 1786 1046 1817 instar

217 1828 293 1867 legis
314 1829 480 1870 imponere,
493 1829 590 1870 fugam
607 1830 638 1861 in
654 1830 914 1870 persecutionibus
931 1836 1041 1869 vetare,

217 1873 366 1905 secundas
381 1874 499 1915 nuptias
508 1875 645 1906 adulterii
658 1875 736 1905 notis
747 1885 837 1907 ausus
852 1880 897 1908 est
910 1876 1041 1907 inurere.

217 1916 291 1949 Rem
301 1918 394 1950 multo
409 1919 546 1950 callidius
556 1919 906 1961 administravit.Jejunia
918 1921 977 1960 his,
992 1921 1042 1961 qui

215 1962 298 1993 illum
315 1963 488 2001 audiebant,
517 1964 553 1995 ad
585 1964 713 2004 alicujus
728 1974 825 1996 causae
840 1966 1040 2003 occasionem,

215 2016 275 2038 non
291 2007 344 2038 toti
359 2008 504 2039 Ecclesiae
514 2008 549 2039 ad
559 2013 736 2050 perpetuam
745 2018 893 2040 annorum
909 2010 1042 2041 redeun-

218 2051 292 2082 tium
308 2053 402 2083 vicem
419 2053 602 2093 imponebat.
622 2065 636 2081 α
653 2053 782 2094 Spiritus
800 2059 930 2092 sanctus,
947 2055 1043 2095 inquit

213 2095 415 2128 Tertullianus
427 2097 623 2137 Dejejun.,c.
641 2098 690 2138 13,
707 2107 774 2129 cum
790 2099 820 2129 in
832 2099 940 2139 quibus
955 2099 1042 2130 vellet

213 2141 302 2171 terris
312 2145 343 2171 et
355 2150 407 2181 per
415 2151 490 2182 quos
499 2142 586 2173 vellet
602 2143 787 2182 przedicaret,
803 2152 837 2174 ex
857 2144 1042 2184 providentia

214 2184 448 2221 imminentium,
466 2185 528 2217 sive
544 2186 814 2217 ecclesiasticarum
831 2188 1039 2228 tentationum,

212 2229 275 2260 sive
287 2229 481 2261 mundialium
499 2230 664 2270 plagarum,
681 2241 739 2271 qua
752 2230 935 2271 Paracletus,
952 2232 981 2263 id
997 2237 1042 2263 est

1126 1609 1216 1640 Suam
1235 1610 1402 1639 Montanum
1425 1607 1562 1638 hazresim
1578 1607 1608 1638 in
1625 1607 1794 1647 primordiis
1809 1607 1907 1648 aliquo

1083 1653 1215 1686 lenitatis
1228 1653 1294 1684 fuco
1306 1653 1522 1692 dissimulasse,
1536 1652 1608 1682 illud
1624 1652 1712 1683 etiam
1731 1656 1906 1691 argumento

1085 1702 1140 1736 est,
1157 1698 1235 1738 quod
1249 1697 1286 1728 de
1301 1697 1366 1738 ejus
1381 1697 1546 1737 prophetiis
1561 1696 1650 1728 variae
1657 1706 1691 1727 ac
1704 1696 1907 1737 discrepantes

1085 1743 1169 1774 fuere
1184 1741 1405 1774 Catholicorum
1428 1741 1591 1773 sententiae.
1613 1740 1686 1772 Nam
1709 1745 1740 1771 ut
1756 1742 1907 1782 propheta!

1086 1797 1194 1820 munus
1210 1796 1245 1818 ac
1255 1796 1364 1818 nomen
1380 1787 1433 1818 sibi
1443 1795 1583 1825 arrogare
1598 1786 1697 1827 erepit,
1710 1787 1794 1817 multi
1809 1786 1904 1824 illum,

1087 1837 1160 1864 teste
1172 1831 1493 1872 Eusebio”,ejusmodi
1508 1832 1594 1863 donis
1609 1835 1744 1862 ornatum
1760 1840 1826 1862 esse
1838 1840 1905 1862 cre-

1085 1877 1305 1917 diderunt,quaa
1319 1880 1389 1907 tunc
1405 1885 1471 1907 rara
1483 1876 1512 1907 in
1527 1875 1659 1906 Ecclesia
1673 1885 1732 1907 non
1741 1876 1905 1907 erant.Atsi

1085 1921 1183 1953 statim
1199 1930 1234 1952 ea
1249 1920 1489 1960 vomuisset,quae
1505 1924 1606 1960 postea
1617 1921 1733 1960 etl‘utiit,
1747 1920 1826 1952 nulla
1841 1930 1906 1951 esse

1085 1930 1183 1953 statim
1199 1930 1234 1952 ea
1249 1930 1489 1996 vomuissemxuaa
1505 1930 1606 1960 posrea
1617 1930 1733 1960 enuuit,
1747 1930 1826 1952 nuna
1841 1930 1906 1951 esse

1084 1967 1230 2007 putuisset
1243 1966 1321 1996 inter
1336 1965 1439 1996 Cathol
1454 1974 1504 1998 eos
1527 1964 1697 2004 ambigendi
1722 1965 1808 1996 ratio.
1825 1965 1906 1996 Illius

1083 2011 1260 2043 anathemati
1274 2019 1385 2041 moram
1395 2019 1454 2041 non
1466 2010 1632 2041 attulissent
1647 2011 1832 2050 exstasses,si
1841 2019 1907 2042 sese

1084 2055 1222 2097 aperiens
1237 2056 1333 2086 statim
1348 2055 1482 2094 dixisset,
1499 2055 1527 2085 id
1541 2055 1618 2094 quod
1630 2055 1667 2086 ab
1683 2064 1718 2086 eo
1729 2059 1778 2086 aut
1789 2055 1826 2086 ah
1842 2056 1906 2096 ejus

1086 2100 1262 2132 mulieribus
1280 2100 1390 2131 dictum
1406 2100 1499 2131 refert
1513 2099 1717 2131 Tertullianus
1731 2100 1774 2131 De
1787 2101 1903 2141 pudia,

1083 2155 1147 2186 cap.
1160 2145 1210 2176 Ἧι
1225 2147 1343 2176 «Potest
1359 2144 1489 2175 Ecclesia
1502 2144 1613 2175 donare
1624 2144 1835 2185 delictum;sod
1848 2155 1905 2176 non

1082 2190 1187 2221 faciam
1201 2199 1238 2221 ne
1251 2189 1347 2220 etalia
1362 2189 1546 2229 delinquant.
1567 2201 1579 2218 ιι

1120 2233 1278 2275 lII.Operaa
1291 2233 1417 2273 pretium
1430 2238 1459 2265 et
1474 2233 1633 2264 observare
1645 2234 1751 2265 multos
1766 2244 1860 2266 annos
1868 2235 1904 2266 ab

211 2273 423 2319 advocatus,ad
435 2274 617 2319 exorandum
632 2275 953 2316 judicem,hujusmodi
970 2278 1038 2308 ofﬁ-
1050 2278 1167 2311 Dinitio
1183 2273 1271 2310 sectae
1282 2278 1445 2319 efﬂuxisse,
1457 2282 1615 2319 antequam
1632 2283 1682 2310 aut
1698 2279 1816 2311 tolerari
1829 2280 1905 2311 desi-

214 2318 328 2352 ciorum
344 2318 478 2350 remedia
494 2319 740 2351 mandabat.Puta
748 2321 877 2358 nunc,ad
895 2331 1039 2354 exercen-

157 2360 163 2366 ’
213 2362 279 2408 dam
299 2362 467 2394 sobrietatis
484 2367 513 2394 et
540 2363 729 2396 abstinentiae
745 2365 946 2408 disciplinam,
961 2368 1040 2399 hunc

211 2407 262 2447 qui
279 2408 455 2448 recipimus,
474 2410 647 2440 necessario
664 2409 749 2440 etiam
767 2419 832 2450 qum
848 2415 917 2442 tunc
932 2414 1040 2443 consti-

211 2451 267 2483 tuit
282 2451 485 2484 observamus.
506 2463 521 2483 ι
535 2452 638 2493 Neque
653 2454 742 2485 etiam
756 2454 853 2495 fugam
870 2456 993 2487 omnino
1009 2457 1040 2488 in

210 2497 472 2537 persecutionibus
497 2497 669 2529 damnabat.
687 2500 825 2530 Testatur
838 2500 1040 2532 Tertullianus

211 2549 282 2572 eum
298 2541 447 2572 hortatum
465 2550 531 2572 esse
546 2543 582 2573 ad
610 2544 802 2584 martyrium;
829 2545 927 2585 fugam
953 2545 988 2577 ab
1004 2555 1039 2577 eo

210 2586 332 2625 penitus
348 2586 526 2626 prohibitam
544 2586 646 2618 dicere
671 2597 731 2619 non
746 2589 848 2621 audet.
865 2602 878 2618 ιι
896 2589 1039 2630 Spiritum

210 2639 279 2676 vero
294 2632 318 2661 si
331 2630 482 2676 consulas,
499 2630 571 2671 quid
583 2632 676 2672 magis
690 2642 829 2665 sermone
842 2634 892 2665 illo
910 2634 1040 2676 Spiritus

208 2675 333 2715 probat?
347 2674 462 2707 Omnes
477 2684 554 2716 pene
569 2676 608 2707 ad
624 2678 796 2719 martyrium
823 2674 1008 2712 exhortatur.
1022 2693 1036 2710 ι

247 2753 274 2777 ³³
287 2756 391 2789 Matth.
408 2763 474 2794 nx,
489 2755 519 2787 9.
562 2755 590 2780 ³³
606 2757 700 2797 Hist,
717 2766 747 2796 v,
759 2758 789 2790 3.

1082 2327 1188 2355 nerent
1207 2324 1405 2363 Montanistm,
1422 2327 1472 2354 aut
1493 2331 1525 2353 se
1550 2324 1628 2354 ultro
1643 2324 1679 2354 ab
1694 2324 1832 2355 omnibus
1847 2325 1904 2356 Ec—

1081 2368 1180 2400 clesiis
1195 2368 1418 2399 abscinderent.
1436 2367 1522 2398 Anno
1538 2368 1640 2406 177,ἱά
1656 2373 1712 2406 est,
1726 2378 1776 2400 sex
1792 2370 1903 2401 annisa

1080 2418 1169 2445 sectae
1183 2412 1548 2453 primordio,confessores
1559 2412 1771 2452 Lugdunenses
1778 2418 1807 2445 et
1817 2414 1905 2446 Vien-

1081 2467 1201 2498 nenses,
1216 2458 1260 2488 vel
1275 2467 1292 2488 a
1305 2456 1444 2488 fratribus
1453 2456 1531 2487 Asia;
1541 2461 1573 2488 et
1588 2457 1719 2498 Phrygia),
1729 2459 1857 2490 consulti
1868 2460 1904 2491 de

1081 2503 1136 2534 hac
1151 2502 1349 2539 dissensione,
1366 2502 1411 2532 vel
1421 2501 1564 2532 charitate
1577 2503 1697 2543 propria
1708 2503 1906 2544 incitati,par-

1081 2549 1134 2579 lim
1148 2547 1188 2578 ad
1202 2547 1316 2586 fratres
1328 2547 1360 2578 in
1374 2546 1452 2578 Asia
1461 2549 1490 2577 et
1500 2546 1638 2587 Phrygia
1652 2548 1906 2589 degentes,inquit

1080 2592 1333 2632 Eusebius,Hisi.,
1347 2590 1397 2621 lib.
1415 2600 1473 2629 v,c.
1483 2590 1514 2628 3,
1522 2593 1640 2631 partim
1651 2592 1690 2624 ad
1704 2592 1903 2624 Eleutherum

1079 2637 1226 2668 Romam:
1247 2635 1334 2667 urbis
1356 2636 1527 2675 episcopum
1546 2637 1741 2677 sciipserant,
1757 2647 1811 2677 pro
1831 2646 1905 2677 pace

1079 2681 1290 2714 Ecclesian
1302 2681 1390 2720 quasi
1401 2680 1547 2720 legatione
1553 2680 1844 2722 fungentes.Nullum
1856 2681 1903 2712 bic
