1974 3069
91 97 146 131 195
531 99 560 130 S.
582 95 765 131 JUSTINUS
786 93 1049 129 PHILOSOPHUS
1070 95 1119 129 ET
1142 96 1316 129 MARTYR.
1713 95 1773 128 196

87 167 249 207 prophetiae
260 166 387 206 insignia
404 166 469 197 sine
492 165 669 206 prophetica
683 166 775 204 gratia
789 164 848 195 sibi
862 168 937 195 ar-A
952 164 988 194 tis
1015 165 1112 195 scelus
1150 165 1280 205 nequitia
1315 165 1560 197 Montanislarum
1591 164 1772 205 pervenerit.

87 216 223 251 rogantes
235 211 355 251 egregie
370 211 513 251 depingit,
532 210 584 241 lib.
602 219 641 246 iv,
659 220 725 250 cap.
739 210 788 247 33,
802 210 907 241 n.6.At
950 207 1026 239 3'Ne
1036 209 1109 240 illud
1125 209 1246 249 quidem
1262 209 1415 249 probabile
1427 213 1469 240 est
1480 209 1696 248 Athenagoram
1713 207 1772 237 ulla

86 256 254 287 schismatis
278 256 376 287 scelus
400 256 479 287 falsae
504 255 666 295 prophetiae
687 255 857 294 adjunctum
871 253 907 284 ab
949 262 1015 284 cum
1032 255 1169 285 Montano
1186 255 1401 285 consuetudine
1415 258 1464 285 aut
1480 253 1622 285 doctrinze
1644 262 1774 283 consen-

85 302 127 332 eis
143 301 233 332 fuisse
247 310 305 331 non
321 301 402 332 dicit.
414 300 477 331 Non
497 304 594 330 tamen
606 299 728 330 dubium
745 303 823 329 esset
837 298 907 338 quin
950 297 1035 328 sione
1051 299 1241 338 conjunctum
1258 299 1359 330 fuisse.
1376 300 1451 331 Nam
1475 297 1553 338 quod
1575 298 1612 329 de
1634 296 1776 330 secundis

86 351 154 376 tunc
165 345 343 376 Schismatici
359 345 479 382 fuerint,
496 345 520 375 si
537 345 573 375 de
590 344 648 374 illis
659 344 768 374 dictum
785 347 864 373 esset
874 343 907 373 il-
950 343 1057 381 nuptiis
1072 343 1183 380 statuit,
1202 343 1231 373 id
1247 353 1281 374 ex
1293 343 1400 374 Christi
1417 343 1525 380 verbis,
1538 342 1718 381 Quicunque
1729 341 1775 372 di-

84 391 133 421 lud
147 389 375 421 IrenaeitotcAlii
388 399 455 420 vero
465 394 495 420 ut
507 389 617 420 donum
630 388 755 428 Spiritus
768 387 906 418 frustren-
948 387 1068 418 miserit
1078 396 1205 418 uxorem
1220 396 1308 418 suam
1323 391 1351 418 et
1366 388 1465 418 aliam
1488 387 1624 424 dum/it,
1642 385 1773 417 moecha—

84 435 226 475 tur,quod
237 435 266 465 in
275 434 441 465 novissimis
453 433 634 474 temporibus
644 432 807 463 secundum
818 431 906 472 placi-
947 429 1045 468 tur“,
1062 431 1210 462 subtiliter
1237 431 1440 462 ratiocinando
1469 431 1589 462 deducit
1605 439 1612 462 :
1630 436 1659 461 at
1689 439 1771 475 novae

84 474 144 510 tum
157 474 265 510 ’Patris
280 479 405 510 effusum
424 479 508 509 estin
525 479 686 509 humanum
703 486 809 516 genus,
821 476 903 507 illam
947 475 1108 515 prophetiae
1122 476 1278 507 auctoritas
1295 476 1417 507 minime
1433 475 1474 507 illi
1490 475 1520 506 iu
1538 479 1666 506 trientem
1678 474 1768 505 venit.

83 524 214 564 speciem
229 533 289 555 non
304 521 903 562 admittunt,qu2eestsecundumJoannis
945 519 1041 560 Atque
1067 519 1096 550 in
1122 520 1178 552 hoc
1208 521 1362 552 manifesta
1388 525 1433 551 est
1458 520 1567 552 illiusa
1584 519 1771 551 lilontanistis

84 568 318 609 Evangelium,in
331 577 388 608 qua
399 568 582 598 Paracletum
596 576 627 597 se
637 566 797 596 missurum
808 565 905 596 Domi-
946 564 1103 595 dissensio.
1121 564 1171 596 Isti
1185 565 1264 596 enim
1280 566 1382 596 unicas
1396 565 1514 605 nuptias
1531 574 1628 605 neque
1642 574 1658 594 a
1673 564 1770 595 Chris-

83 622 138 642 nus
155 613 299 652 promisit;
310 612 360 642 sed
376 611 464 642 simul
481 616 509 642 et
522 611 714 650 Evangelium
729 615 757 641 et
773 610 904 650 prophe-
947 611 974 638 to
992 617 1089 648 neque
1104 609 1141 640 ab
1160 610 1300 649 apostolis
1317 610 1504 650 praescriptas
1525 609 1702 645 fatebantur,
1719 608 1771 639 sed

82 658 171 688 ticum
193 656 341 697 repellunt
366 657 517 696 Spiritum.
540 669 550 684 ι
583 655 672 686 Miror
696 655 819 686 eruditis
833 655 906 686 viris
947 662 964 683 a
990 654 1151 691 Paracleto,
1168 663 1256 694 quem
1281 664 1298 685 a
1324 654 1439 686 Christo
1463 653 1563 685 datum
1591 654 1730 685 Montano
1743 657 1773 683 et

81 702 268 732 Tillemontio
285 705 314 732 et
331 701 500 732 novissime
516 700 657 732 editionis
681 700 795 730 auctori
810 699 903 730 visum
947 697 1091 728 Priscillae
1102 703 1130 729 et
1141 699 1310 730 Maximillae
1334 698 1485 736 dicebant,
1501 698 1531 729 et
1554 699 1698 738 quoniam
1712 697 1772 728 hu-

81 755 146 777 esse
157 746 301 777 iremeum
317 746 353 777 de
364 746 551 777 Montanistis
564 744 812 785 loqui.Quomodo
825 744 903 775 enim
947 751 1040 773 manu
1055 743 1248 775 mediocritas
1263 744 1364 775 omnia
1380 745 1471 774 semel
1490 752 1597 783 capere
1611 752 1671 774 non
1685 747 1770 782 pote-

81 790 112 822 S.
129 791 250 822 Joannis
266 790 455 829 Evangelium
472 791 509 821 ob
525 790 618 821 sancti
633 790 759 830 Spiritus
774 790 904 829 promis-
915 808 934 834 B
947 790 1008 834 rat,
1022 787 1170 834 paulatim
1183 788 1407 834 dirigereturet
1419 787 1771 834 ordinareturetadper-

80 836 195 867 sionem
212 835 398 875 rejecissent,
416 842 489 875 quos
505 839 619 866 constat
643 834 673 864 in
701 833 760 864 illis
782 831 1054 870 Joannis'fcctum
1080 832 1296 872 perduceretur
1324 832 1487 872 disciplina
1511 833 1548 862 ab
1574 832 1627 863 illo
1651 832 1770 863 vicario

81 880 165 917 locis,
183 880 232 910 ubi
256 879 381 920 Spiritus
407 879 597 919 promittitur,
617 878 796 919 praecipuum
811 881 903 909 sectae
944 875 1070 907 Domini
1095 876 1214 917 Spiritu
1238 881 1352 918 saucio,
1375 876 1522 907 TERTULL.
1542 877 1584 908 De
1600 878 1657 908 vel.
1675 877 1768 916 virg.,

79 934 140 955 suae
155 924 325 965 prazsidium
343 924 556 955 constituisse?
574 924 645 960 Quae
660 927 825 963 sequuntur
839 923 903 954 Ire-
945 929 972 951 c.
1000 925 1027 952 l.
1048 920 1126 952 Nihil
1153 921 1250 953 simile
1282 922 1485 961 Athenagoras
1516 921 1674 962 designat;
1701 921 1770 952 solis

80 979 175 1000 meum
193 970 230 1000 de
248 969 430 1000 Jlontanistis
455 978 512 999 non
542 968 622 1009 loqui
642 968 828 1005 conﬁrmant,
847 967 903 998 etsi
945 965 1053 996 Christi
1069 965 1164 996 verbis
1180 967 1283 997 nititur
1299 966 1402 1007 Neque
1418 966 1507 997 etiam
1519 966 1556 997 de
1571 966 1768 1006 Montanistis,

78 1018 185 1054 augent
199 1014 401 1053 difﬁcultatem
417 1013 610 1052 dignoscendi
626 1022 768 1053 quosnam
778 1011 902 1053 potissi-

79 1068 158 1089 mum
175 1059 312 1098 exagitet.
327 1058 417 1090 Addit
433 1058 512 1089 enim
533 1068 539 1089 ε
561 1071 573 1086 α
598 1058 735 1089 Infelices
756 1066 836 1094 vere,
853 1057 903 1097 qui

78 1103 344 1144 pseudoproplietae
356 1103 476 1143 quidem
493 1112 559 1134 esse
574 1102 686 1139 volunt,
699 1101 901 1142 propheticam

78 1157 146 1179 vero
162 1148 282 1187 gratiam
298 1148 448 1188 repellunt
462 1148 498 1178 ab
515 1147 775 1185 Ecclesia;similia
791 1146 903 1186 patien-

78 1196 120 1223 tes
131 1192 179 1223 his
191 1193 241 1233 qui
259 1197 379 1233 propter
394 1202 445 1223 eos
460 1192 510 1233 qui
539 1193 568 1223 in
595 1192 743 1232 hypocrisi
769 1192 899 1225 veniunt,

76 1237 164 1268 etiam
181 1247 198 1268 a
215 1237 338 1268 fratrum
358 1237 569 1268 communione
583 1246 616 1267 se
631 1236 791 1267 abstinent.
810 1237 901 1267 Datur

75 1287 175 1312 autem
202 1281 338 1320 intelligi,
357 1281 435 1322 quod
455 1281 603 1321 ejusmodi
620 1289 716 1321 neque
731 1280 898 1320 apostolum

75 1326 196 1356 Paulum
213 1325 369 1365 recipiant.
387 1338 398 1354 η
417 1325 564 1357 Discimus
589 1334 624 1356 ex
646 1324 691 1355 his
705 1324 804 1355 verbis
819 1333 895 1354 non-

74 1370 170 1401 nullos
185 1370 397 1411 exstitisse,qui
413 1379 428 1401 a
445 1370 653 1401 communione
668 1378 734 1400 sese
759 1378 896 1400 remove-

72 1419 191 1455 rent,ne
207 1425 274 1446 cum
291 1415 451 1455 hypocritis
477 1414 743 1446 communitarent.
761 1413 833 1445 Cum
849 1414 895 1444 his

72 1453 221 1500 comparat
234 1469 285 1490 eos
301 1453 352 1499 qui
368 1460 399 1492 S.
422 1459 544 1490 Joannis
567 1459 756 1498 Evangelium
773 1453 926 1498 rejicie-C

71 1504 225 1545 bant,quia
248 1505 278 1534 in
305 1505 360 1534 hoc
386 1504 511 1534 maxime
533 1503 694 1543 Evangelia
713 1503 897 1542 promittitur

71 1548 194 1589 Spiritus
210 1553 343 1582 sanctus.
354 1547 479 1589 Utrique
495 1557 565 1588 ergo
583 1548 744 1588 peccabant
759 1547 894 1578 inconsi-

71 1593 174 1624 derato
190 1602 292 1624 eorum
309 1593 359 1633 qui
375 1594 484 1624 sanctis
508 1592 598 1624 rebus
621 1593 793 1629 abutuntur,
812 1592 891 1628 odio;

69 1643 159 1678 atque
174 1642 205 1668 ut
220 1638 252 1676 ii,
270 1637 344 1678 quia
358 1638 568 1668 communione
578 1636 788 1673 abscedebant,
806 1636 845 1666 ita
860 1646 892 1667 se

69 1683 222 1721 gerebant,
240 1683 308 1722 quia
330 1682 395 1723 pius
410 1692 494 1722 inquo
509 1682 618 1713 infensi
633 1686 718 1713 erant
733 1681 892 1721 hypocritis

69 1736 136 1758 com
143 1727 417 1766 municantibus;ita
424 1731 692 1759 necesseestuteos
699 1726 750 1765 qui
762 1726 893 1766 Evange-

69 1771 140 1802 lium
163 1772 284 1803 Joannis
299 1776 329 1802 et
342 1772 571 1812 promissionem
587 1771 681 1802 sancti
697 1771 824 1811 Spiritus
839 1780 890 1802 re-

64 1816 252 1857 jiciebant,id
267 1816 373 1848 fecisse
389 1817 524 1848 dicamus
534 1823 655 1857 propter
671 1825 721 1846 eos
737 1815 788 1856 qui
799 1815 892 1847 Evan-

67 1861 144 1901 gelio
162 1865 190 1892 et
206 1861 400 1901 promissione
413 1860 724 1896 abutebantur.Quare
736 1869 794 1890 non
812 1863 892 1890 Mon-

66 1906 180 1937 tanistae
204 1906 396 1945 Evangelium
421 1906 451 1937 S.
477 1905 599 1937 Joannis
613 1905 756 1945 rejecisse
772 1904 890 1935 dicendi

67 1955 146 1988 sunt,
162 1951 215 1982 sed
232 1951 328 1991 potius
344 1951 414 1982 dum
431 1960 478 1988 eo,
494 1950 529 1981 ad
551 1959 646 1986 causa:
661 1959 721 1980 suae
736 1949 889 1980 defensio-

67 2004 134 2026 nem
151 1995 322 2029 abutuntur,
341 1995 421 2026 illius
434 1995 593 2035 rejiciendi
614 2004 715 2025 ausam
740 1993 889 2025 immode-

65 2041 136 2071 ratis
150 2040 327 2071 adversariis
343 2040 474 2072 dedisse.

945 1009 997 1041 sed
1021 1011 1059 1042 de
1083 1010 1258 1041 Chriszianis
1282 1011 1333 1047 ait,
1358 1020 1441 1043 num.
1459 1010 1507 1048 33,
1527 1020 1770 1051 unumquemque

944 1055 989 1086 vel
1006 1055 1101 1096 qualis
1117 1060 1202 1087 natus
1228 1062 1273 1087 est
1300 1065 1431 1096 manere,
1458 1056 1503 1087 vel
1527 1057 1628 1087 unicis
1643 1057 1676 1087 in
1691 1065 1771 1095 nup-

947 1101 1009 1131 liis.

985 1144 1114 1177 Vll.Non
1128 1145 1238 1186 justior
1246 1145 1408 1177 accusandi
1422 1146 1618 1185 Athenagora;
1633 1153 1722 1177 causa
1734 1155 1769 1176 ex

943 1190 1023 1222 illius
1039 1192 1076 1222 de
1092 1192 1300 1232 prophetarum
1318 1193 1424 1222 exstasi
1447 1192 1533 1223 dictis
1548 1191 1675 1222 ducitur.
1693 1190 1766 1221 Nam

945 1239 974 1265 1°
990 1236 1105 1266 etiamsi
1121 1245 1180 1266 non
1197 1236 1302 1267 fuisset
1317 1246 1352 1267 ex
1368 1237 1486 1267 illorum
1505 1235 1695 1276 numero,qui
1706 1240 1766 1266 sta--

942 1279 994 1311 tim
1010 1281 1283 1312 animadverterunt
1299 1281 1369 1321 quid
1385 1281 1447 1312 vitii
1471 1281 1583 1311 inesset
1598 1279 1764 1311 exstasibus

938 1325 1182 1356 Montanistarum
1199 1329 1228 1357 et
1243 1325 1355 1356 oritura
1382 1336 1416 1357 ex
1439 1326 1485 1356 his
1500 1325 1674 1356 hominibus
1688 1324 1764 1354 mala

938 1375 1227 1411 prospexerunt;non
1243 1370 1355 1401 idcirco
1376 1370 1508 1402 Montani
1522 1380 1582 1401 non
1598 1369 1663 1400 dico
1681 1368 1762 1399 schi-

939 1415 1038 1455 smati,
1055 1415 1107 1446 sed
1138 1416 1182 1446 vel
1211 1415 1356 1446 doctrinae
1379 1416 1514 1446 addictus
1529 1414 1588 1446 dici
1602 1417 1714 1455 posset.
1731 1414 1763 1444 In

939 1460 990 1490 illa
1014 1461 1092 1491 enim
1114 1460 1314 1501 dissensione,
1331 1470 1418 1501 quam
1434 1461 1471 1491 de
1486 1460 1669 1491 Montanistis
1685 1460 1762 1491 inter

938 1505 1104 1536 Catholicos
1119 1509 1251 1536 exortam
1268 1510 1366 1536 narrat
1382 1505 1539 1545 Eusebius,
1557 1505 1651 1541 [ιρις-1.,
1669 1513 1708 1535 iv.
1731 1505 1761 1544 3,

936 1549 1105 1590 quicunque
1122 1550 1297 1590 prophetias
1312 1551 1439 1582 Montani
1455 1559 1513 1580 non
1528 1549 1765 1583 damnabantve]

936 1593 1024 1624 etiam
1039 1593 1280 1634 probabant,non
1292 1595 1402 1626 idcirco
1417 1596 1558 1626 Montano
1568 1594 1719 1634 regendos
1731 1602 1765 1625 se

934 1638 1160 1670 committebant
1192 1647 1199 1670 ε
1231 1644 1260 1670 et
1286 1639 1416 1679 quandiu
1446 1639 1605 1671 Catholicis
1630 1638 1762 1679 permisti

934 1683 1017 1714 fuere
1043 1683 1236 1724 lliontanistae,
1255 1684 1331 1715 haud
1360 1684 1483 1716 dubium
1505 1684 1575 1724 quin
1603 1683 1688 1714 multi
1710 1692 1763 1714 eos

934 1728 1118 1759 laudaverint
1132 1733 1161 1759 et
1177 1728 1213 1759 ab
1229 1729 1272 1760 eis
1293 1729 1403 1760 laudati
1432 1729 1554 1768 fuerint,
1579 1737 1634 1759 nec
1663 1732 1761 1759 tamen

935 1782 1039 1803 eorum
1056 1773 1172 1804 vivendi
1188 1777 1218 1804 et
1229 1773 1379 1805 sentiendi
1389 1773 1520 1806 rationes
1535 1773 1630 1804 secuti
1645 1772 1761 1804 sint.Ex

934 1820 996 1857 quo
1009 1819 1096 1848 etiam
1107 1822 1187 1858 patet
1195 1827 1281 1858 quam
1294 1819 1427 1859 iniquum
1439 1827 1587 1859 quamque
1598 1817 1759 1848 absurdum

933 1862 1021 1903 foret,
1039 1863 1220 1903 exprobrare
1234 1863 1374 1894 Ecclesia;
1398 1863 1551 1894 catholicae
1567 1863 1676 1893 cultum
1695 1872 1760 1893 mu-

932 1907 1037 1938 lierum
1061 1908 1190 1939 Montani
1218 1913 1307 1939 secta;
1333 1908 1531 1945 addictarum,
1557 1908 1627 1948 quia
1647 1907 1762 1938 scilicet

933 1956 1042 1983 sanctae
1053 1953 1208 1992 Perpetum
1223 1957 1253 1984 et
1267 1957 1378 1983 sancta;
1390 1952 1553 1984 Felicitatis
1567 1952 1641 1983 Acta
1652 1952 1759 1983 collec-

933 2000 961 2027 ta
971 1996 1086 2027 suntab
1103 1997 1225 2028 homine
1237 2000 1314 2029 sicut
1326 1997 1515 2038 prophetiae,
1526 2001 1557 2027 ut
1573 2001 1618 2028 est
1634 1997 1662 2027 in
1680 2006 1758 2036 prte-

931 2040 1053 2079 fatione,
1069 2043 1113 2073 ita
1130 2045 1158 2072 et
1169 2042 1300 2073 visiones
1311 2051 1406 2073 novus
1418 2045 1599 2081 agnoscente
1613 2045 1644 2072 et
1659 2041 1758 2072 hono-

105 2085 136 2116 Si
159 2085 257 2116 minus
281 2089 413 2116 statuere
443 2093 598 2124 possumus
623 2093 681 2124 quo
703 2083 888 2124 potissimum
901 2085 1157 2122 Drante.Difﬁcile
1173 2090 1219 2117 est
1234 2086 1416 2117 Montanistis
1433 2086 1568 2117 invidere
1579 2086 1755 2126 scriptorem

66 2134 201 2170 tempore
212 2129 397 2162 Montanista:
413 2129 723 2165 schismaticifuerint;
737 2127 810 2160 illud
827 2128 887 2159 sal-

66 2178 123 2204 tem
140 2183 312 2205 asseverare
327 2174 409 2214 licet,
431 2173 580 2204 scribente
595 2174 776 2213 Apologium
791 2173 887 2204 Athe-

66 2228 178 2259 nagora
192 2224 222 2251 et
237 2220 336 2250 multis
363 2223 429 2259 post
442 2218 539 2254 annis,
554 2220 686 2249 nondum
713 2227 764 2249 eos
778 2217 814 2248 ab
830 2217 887 2248 Ec-

65 2264 156 2295 clesia
171 2264 316 2295 catholica
331 2263 515 2295 discessisse.

107 2309 154 2341 VI.
182 2309 251 2340 Haec
280 2313 416 2340 accurate
445 2308 600 2348 explorare
625 2311 749 2338 conatus
763 2316 840 2347 sum,
857 2312 889 2337 ut

65 2354 227 2385 habeamus
242 2353 311 2394 quid
328 2353 365 2384 de
381 2353 440 2384 title
451 2353 647 2391 Athenagora
663 2356 834 2382 statuamus.
844 2352 888 2383 Ac

65 2399 96 2429 1°
111 2398 230 2439 quidem
244 2407 416 2428 asseverare
436 2406 593 2438 possumus
607 2396 754 2428 secundas
771 2396 886 2437 nuptias

64 2443 101 2474 ab
117 2453 152 2474 eo
167 2443 289 2474 minime
318 2443 471 2473 damnatas
496 2441 600 2472 fuisse.
624 2441 779 2477 Quomodo
805 2441 885 2472 enim

64 2488 129 2519 illas
143 2488 323 2528 damnasset,
347 2497 421 2527 quas
437 2496 474 2518 ne
490 2489 648 2519 Montanus
670 2486 789 2526 quidem
817 2490 886 2517 tunc

62 2533 203 2573 temporis
215 2532 416 2563 condemnare
431 2531 577 2563 audebat?
587 2530 741 2562 ‘2"Etiamsi
752 2531 885 2561 Athena-

60 2587 146 2616 goras
163 2578 292 2608 Montani
308 2577 440 2617 partibus
463 2586 495 2608 se
519 2576 693 2616 addixisset,
710 2585 769 2606 non
787 2579 885 2607 tamen

59 2622 139 2653 illius
154 2622 266 2653 nomini
289 2622 370 2653 labes
389 2621 558 2652 schismatis
587 2621 733 2652 inhaerere
750 2619 882 2661 deberet,

60 2677 127 2698 cum
144 2676 221 2697 anno
238 2667 297 2697 1'16
312 2676 369 2707 quo
387 2665 550 2706 scribebat,
574 2675 607 2697 ac
625 2664 759 2705 pluribus
783 2670 886 2705 postea

59 2711 169 2752 elapsis
184 2711 270 2742 annis
287 2711 419 2742 nondum
435 2710 471 2742 ad
483 2714 647 2742 extremum
658 2709 732 2740 illud
742 2709 886 2741 schisma-

98 2783 126 2808 ⁸ο
140 2784 205 2817 Lib.
221 2793 266 2827 ut,
279 2795 308 2818 c.
329 2786 377 2824 11,
391 2794 422 2818 n.
434 2785 465 2816 9.
508 2783 534 2806 ⁴¹
553 2784 656 2817 Matth.
672 2791 734 2822 xxx,
750 2784 780 2816 9.

929 2130 971 2161 ita
985 2130 1045 2161 illis
1056 2131 1242 2171 temporibus
1254 2131 1292 2162 de
1303 2132 1386 2162 novis
1397 2130 1560 2171 prophetiis
1570 2131 1752 2171 loquentem:

929 2174 1062 2207 Montani
1077 2180 1254 2207 sectatorem
1271 2176 1364 2206 fuisse
1381 2175 1533 2206 contendit
1547 2174 1754 2215 Valesius,ne-

929 2224 977 2259 gat
991 2220 1174 2252 Ruinartius.
1192 2220 1248 2252 Sed
1265 2221 1289 2251 si
1307 2221 1331 2251 is
1347 2221 1523 2252 Montanista
1543 2219 1608 2258 fuit,
1631 2229 1690 2250 non
1706 2219 1755 2250 id-

928 2266 1007 2296 circo
1023 2265 1208 2296 Montanistis
1222 2270 1333 2298 sanctae
1357 2265 1417 2296 illae
1428 2269 1570 2305 martyres
1587 2264 1750 2302 tradendae;

928 2314 977 2340 aut
992 2314 1073 2340 certe
1089 2310 1226 2341 eamdem
1247 2315 1346 2342 notam
1369 2320 1429 2341 non
1443 2310 1563 2350 effugiet
1578 2309 1610 2341 S.
1626 2309 1757 2341 Rutilius

929 2359 1047 2395 martyr,
1066 2364 1153 2394 quem
1169 2354 1303 2396 quidem,
1319 2356 1375 2387 etsi
1389 2356 1560 2386 Montanum
1585 2358 1754 2395 sperneret,

929 2399 1044 2438 magnis
1055 2403 1153 2430 tamen
1170 2399 1308 2431 laudibus
1332 2401 1447 2432 ornavit
1469 2399 1681 2437 Tertullianus,
1700 2399 1753 2430 lib.

931 2443 1056 2514 Defuga
1065 2444 1236 2490 ippersecv
1255 2454 1281 2475 c.
1300 2446 1342 2490 5._
1366 2485 1372 2490 .
1624 2483 1631 2490 ,

968 2485 999 2514 2°
1039 2493 1055 2513 θ
1078 2483 1151 2514 illud
1174 2485 1294 2514 cuidem
1315 2485 1373 2514 dici
1391 2489 1489 2514 potest
1504 2484 1631 2514 Montani

968 2485 999 2516 2°
1014 2483 1055 2514 Ne
1078 2483 1151 2514 illud
1174 2484 1294 2524 quidem
1315 2485 1373 2516 dici
1390 2489 1489 2525 potest
1504 2483 1694 2515 Montanistas
1714 2483 1751 2514 ab

927 2529 1116 2568 Athenagora
1136 2529 1263 2568 rejectos
1279 2533 1308 2560 et
1322 2530 1476 2561 damnatos
1487 2538 1544 2559 non
1561 2528 1661 2559 fuisse.
1676 2528 1749 2559 Nam

927 2575 958 2605 S.
973 2574 1110 2605 Clemens
1122 2573 1208 2604 Alex.
1227 2574 1303 2605 hanc
1318 2578 1430 2605 sectam
1447 2574 1525 2604 inter
1552 2574 1681 2604 hat-eses
1698 2582 1751 2603 re-

927 2621 1040 2656 censet,
1057 2617 1110 2648 sed
1135 2622 1233 2649 tamen
1255 2619 1424 2659 prophetas,
1443 2618 1543 2649 itidem
1565 2621 1597 2648 ut
1618 2618 1751 2649 Athena-

927 2671 1025 2703 goras,
1041 2663 1070 2692 in
1083 2663 1192 2693 exstasi
1208 2663 1324 2695 locutos
1344 2663 1492 2704 agnoscit,
1509 2666 1539 2693 et
1563 2663 1750 2703 pseudopro-

928 2708 1033 2749 phetas
1057 2715 1173 2746 omnes,
1189 2707 1237 2748 qui
1264 2712 1334 2739 ante
1356 2708 1505 2739 Christum
1527 2707 1654 2747 fuerant,
1672 2708 1754 2740 fures
