1974 3069
196 81 253 115 197

689 86 726 121 D.
749 89 901 123 MARANI
922 85 1130 122 PREFATIO.
1153 108 1188 113 —
1207 90 1315 124 PARS.
1337 92 1393 125 III.

1828 93 1886 126 198

191 148 287 200 fuisse
297 150 511 202 probat“,quia
518 154 848 202 rweiaprophetaliaut
858 156 1018 202 inexstasi,
1030 161 1050 185 Α
1062 166 1121 188 non
1135 158 1164 189 id
1181 159 1254 191 mihi
1268 160 1386 191 videtur
1402 160 1529 191 indicari
1547 165 1605 192 tres
1621 161 1688 192 illos
1703 161 1887 202 patriarchas

191 193 333 225 nimirum
350 196 483 227 imitante
498 201 529 229 et
549 193 714 230 sulfuranle
729 199 847 230 diabolo
864 201 1017 240 propheti-

191 248 256 269 cam
274 240 422 271 exstasim.
442 241 517 273 Vide
531 243 562 275 S.
577 243 767 275 Ambrosium
780 245 809 275 iu
824 245 898 285 psal.
916 255 1016 278 xxxrx.

231 285 266 312 30
280 285 359 316 Nihil
372 285 420 316 hic
430 285 627 327 Athenagora:
642 298 709 319 cum
733 290 916 320 Montanistis
931 299 941 321 :
958 296 1018 322 tota

192 327 236 358 illi
252 338 319 375 cum
340 330 477 375 ethnicis
505 331 678 372 disputatio.
709 334 873 375 Prophetas
888 334 971 366 extra
985 345 1018 367 se

190 377 291 412 raptos
306 373 397 405 fuisse
416 375 498 413 dicit,
517 386 576 408 non
592 378 668 418 quod
688 373 812 410 necesse
828 388 894 410 esse
909 380 1016 411 crede—

192 421 251 458 ret,
269 422 303 449 ut
313 420 346 450 in
356 420 470 459 spiritu
483 420 572 453 homo
590 423 780 461 constitutus,
799 428 829 454 ut
845 423 886 454 ait
900 425 1019 455 Tertul-

192 463 288 494 lianus
295 462 457 503 “,excidat
472 467 631 503 sensu,obu
638 468 772 499 mbratus
782 469 895 500 scilicet
906 470 1019 501 virtute

192 507 310 546 divina,
323 510 376 540 sed
387 510 455 550 quia
466 519 533 541 cum
547 512 673 543 exstasis
684 513 713 543 in
725 513 880 552 gentilium
891 515 1018 545 oraculis

192 552 512 599 divinaeinspirationis
524 560 592 587 nota
613 556 780 593 haberetur,
798 558 956 599 prophetas
968 559 1016 590 di-

191 597 300 643 vinitus
311 599 402 631 fuisse
416 599 578 641 inspiratos
590 607 764 641 argumento
786 597 821 633 ad
835 597 1014 643 promoven-

189 642 245 672 dos
263 644 389 682 gentiles
403 644 512 676 idoneo
539 645 666 686 probare
695 647 823 678 volebat.
836 642 906 679 ’Non
922 648 1015 679 multo

189 686 276 732 aliter
287 688 404 720 locutus
413 689 443 719 in
457 690 669 722 Cohortatione
680 691 849 729 Justinus“,
867 692 916 732 qui
928 694 1013 730 etiam

190 730 310 771 Sibyllae
322 737 472 773 potentem
482 735 612 766 afﬂatum
624 735 732 767 laudat.
751 735 798 767 Sic
814 730 901 768 etiam
916 737 1014 769 Theo-

191 775 309 823 philus,
319 777 370 808 lib.
388 787 418 819 tl,
438 788 467 809 n.
485 780 515 811 9.
530 780 612 811 ldem
626 781 742 812 Philoni
754 781 872 812 videtur
887 784 1018 823 proposi’

191 825 253 850 tum
270 821 372 858 fuisse,
392 833 458 854 cum
475 824 513 855 de
530 825 738 866 prophetarum
750 828 860 858 exstasi
877 821 1015 867 loquitur,

192 873 302 911 nempe
313 867 474 907 utgloriam
487 873 515 900 et
525 870 616 900 decus
633 880 736 901 eorum
747 871 909 902 extollatac
920 872 1016 911 inspi-

190 910 336 958 rationem
353 913 637 952 probet.Vid.lib.u,
654 915 745 956 Legis
759 915 900 956 atlegor.,
918 926 946 957 p.
963 910 1014 958 32,

190 958 220 985 et
234 954 343 987 librum
361 966 368 988 :
389 957 460 995 Quis
475 967 575 990 rerum
587 954 767 991 divinarum
783 954 895 992 hceres.

496 1006 618 1039 CAPUT
641 1007 703 1039 XV.

189 1048 236 1080 De
249 1051 341 1089 gestis
358 1054 388 1082 et
402 1052 524 1094 scriptis
537 1055 636 1102 sancti
655 1054 819 1102 Theophili
833 1055 1016 1088 Antiocheni

530 1103 671 1135 episcopi.

190 1136 210 1163 l.
223 1136 259 1178 [_)e
273 1140 476 1178 copversioneet
492 1141 636 1178 episcopatu
649 1142 676 1170 S.
690 1142 832 1178 Theophili.
849 1143 884 1171 ll.
899 1143 934 1170 De
946 1143 1015 1171 illius

224 1173 357 1214 deperditis
384 1173 517 1214 operibus;
528 1173 724 1214 Ill.'Theophili
745 1173 792 1206 nou
810 1183 869 1206 sunt
883 1187 1014 1207 Commen-

226 1210 316 1250 tariiin
325 1210 537 1250 Ειιιιιιέοιὶιιζ-Ινζ
544 1210 739 1250 Ωιιδγοοειῖεὶοιιο
760 1214 844 1249 scripti
859 1214 888 1241 ad
904 1215 1014 1250 Autoly-

225 1249 347 1285 c‘umtres
368 1247 437 1285 hbri.
465 1248 497 1285 Υ.
521 1248 574 1285 Sub
588 1249 720 1277 Commodi
735 1247 840 1285 imperio
855 1250 951 1285 scripti.
973 1247 1012 1278 Vl.

224 1278 357 1322 Relellitur
371 1282 513 1311 Dodwellus
527 1284 570 1320 qui
584 1284 660 1312 alium
672 1278 836 1321 Theophilum
853 1278 1010 1322 excdgitavit.

1060 201 1166 233 eodem
1183 204 1222 235 M.
1239 204 1353 235 Aurelii
1367 214 1446 235 anno
1466 205 1578 236 electos
1594 201 1752 244 fuisse,sed
1772 211 1886 236 tantum

1060 247 1164 278 eodem
1180 248 1248 279 illos
1264 253 1399 290 tempore
1414 250 1577 281 Ecclesiam
1601 251 1794 290 gubernasse.
1813 252 1885 282 Nam

1060 292 1082 321 si
1099 291 1218 323 Eusebii
1247 293 1335 325 verba
1364 295 1468 325 stricte
1497 300 1663 334 sumantur,
1693 305 1728 326 ex
1752 296 1798 326 his
1813 295 1884 327 illud

1059 337 1156 377 potius
1167 339 1382 379 sequetur,jam
1399 342 1461 371 tum
1474 340 1641 371 Antiochiae
1649 340 1887 372 ﬂoruisseTheo-

1062 382 1187 421 philum.
1205 393 1273 414 cum
1290 385 1377 415 Soter
1390 384 1527 425 Aniceto,
1539 385 1719 426 Agrippinus
1734 384 1884 417 Celadioni

1059 428 1215 459 successit.

1099 520 1133 551 Π.
1151 522 1263 553 Praeter
1274 522 1479 563 quotidianum
1502 523 1614 554 laboris
1625 533 1659 555 ac
1674 523 1884 555 sollicitudinis

1059 575 1194 605 pensum,
1212 567 1290 607 quod
1302 568 1444 599 omnibus
1459 568 1606 609 episcopis
1619 568 1881 609 impositum,haud

1058 620 1160 651 parum
1177 612 1286 651 negotii
1302 613 1511 653 htereses,qua3
1523 616 1594 644 tunc
1607 613 1769 644 Ecclesiam
1786 623 1881 653 oppu-

1057 655 1198 696 gnabant,
1215 656 1381 696 Theophila
1401 664 1504 689 uestro
1521 657 1796 689 addideruntJllius
1808 657 1881 696 vigi—

1058 699 1147 730 lantia
1164 705 1191 731 et
1208 701 1342 732 excubiae
1368 711 1421 742 pro
1451 702 1620 733 commissis
1635 702 1738 733 ovibus
1754 703 1880 742 spectari

1059 750 1182 785 possunt
1198 755 1232 776 ex
1248 746 1358 784 studio,
1378 747 1455 786 quod
1473 747 1502 778 in
1520 746 1712 788 proﬂigandis
1735 747 1883 778 haereticis

1059 794 1088 820 et
1103 799 1119 820 a
1135 799 1224 830 grege
1237 799 1290 821 suo
1306 791 1475 822 avertendis
1490 792 1676 832 signiﬁcavit.
1688 792 1737 823 Sic
1751 791 1830 822 enim
1844 792 1882 822 de

1060 834 1109 864 illo
1124 834 1269 866 Eusebius
1282 834 1309 857 ω
1327 845 1333 866 ζ
1352 840 1409 866 Τὼν
1424 847 1454 875 γε
1472 838 1525 875 μὴν
1547 838 1686 876 αἱρετικῶν
1700 836 1773 866 οὐδὲν
1787 844 1882 876 χεῖρον

1058 881 1101 908 καὶ
1126 880 1185 908 τότε
1223 882 1342 916 ζιζανίων
1385 881 1460 914 δίκην
1505 882 1706 920 λυμαινομένων
1740 883 1787 910 τὸν
1813 881 1880 910 εἱλι-

1057 926 1133 964 κρινῆ
1161 928 1210 959 τῆς
1240 926 1420 960 ἆποστολιιῆς
1448 925 1616 959 διδασκαλίας
1632 927 1742 963 σπόρον,
1766 927 1789 955 οἱ
1811 938 1880 955 παν-

1056 971 1157 1010 ταχόσε
1183 973 1235 998 τῶν
1248 970 1415 1004 Ἐκχλησιῶν
1440 971 1577 1011 ποιμένες,
1601 972 1689 1010 ὥσπερ
1705 972 1776 1003 τινὰς
1796 974 1878 1010 θῆρας

1056 1014 1159 1053 ἆγρῖους
1198 1015 1250 1043 τῶν
1290 1019 1338 1044 τοῦ
1376 1020 1488 1054 Χριστοῦ
1515 1015 1653 1056 προϐάτων
1688 1015 1878 1048 ἀποσοϐοῦντες

1056 1060 1149 1091 αὐτοὺς
1170 1059 1294 1099 ἀνεῖργον
1311 1070 1316 1076 ·
1335 1061 1396 1089 τοτέ
1413 1061 1473 1098 μὲν,
1500 1068 1560 1092 ταῖς
1585 1062 1650 1101 πρὸς
1677 1062 1737 1093 τοὺς
1753 1060 1878 1100 ἀδελφοὺς

1055 1105 1198 1137 νουθεσίαις
1227 1105 1273 1133 καὶ
1298 1105 1494 1143 παραινέσεσι·
1530 1107 1590 1134 τοτὲ
1619 1106 1660 1146 δὲ,
1695 1107 1761 1146 πρὸς
1788 1105 1880 1137 αὐτοὺς

1055 1153 1215 1189 γυμνότερον
1237 1148 1424 1187 ἀποδυόμενοι,
1455 1150 1583 1190 ἀγράφοις
1621 1161 1649 1178 τε
1673 1151 1709 1183 εἷς
1738 1151 1879 1189 πρόσωπον

1055 1195 1183 1229 ζητήσεσι
1208 1195 1251 1222 καὶ
1276 1194 1439 1233 ἁνιτροπαῗς
1459 1204 1467 1214 '
1497 1194 1548 1229 ἤδη
1578 1195 1605 1223 δὲ
1625 1196 1667 1223 καὶ
1692 1193 1726 1222 δι’
1742 1194 1881 1234 ἐγγράφων

1055 1238 1256 1276 ὑπομνημάτων
1285 1240 1332 1268 τὰς
1361 1238 1437 1271 δόξας
1467 1241 1554 1268 αὐτῶν
1579 1238 1776 1278 ἀκριϐεστάτοις
1806 1239 1880 1277 ἐλεγ-

1055 1294 1118 1322 χοις
1146 1281 1330 1315 διευθάνοντες.
1350 1278 1388 1312 "0
1403 1284 1433 1322 γέ
1448 1295 1488 1312 τοι
1515 1285 1641 1323 Θεόφιλος
1658 1284 1702 1311 σὺν
1717 1290 1774 1316 τοῖς
1789 1282 1879 1316 ἄλλοις

1030 862 1047 886 Β

231 1322 254 1369 I_.
270 1321 361 1356 Natus
377 1331 423 1357 est
440 1336 474 1357 ac
498 1327 650 1358 institutus
662 1328 845 1368 Theophilus
860 1328 890 1359 in
906 1337 1012 1369 super-

1090 1328 1122 1355 τὰ
1148 1329 1245 1356 τούτῶν
1276 1329 1501 1368 στρατευσάμενος
1531 1328 1610 1362 δῆλός
1636 1329 1704 1356 ἐστιν
1732 1328 1785 1356 ἀπό
1810 1337 1879 1360 τινος

189 1366 344 1414 stitionum
361 1371 546 1403 ethnicarum
558 1372 702 1411 tenebris;
713 1366 851 1414 idemque
863 1373 905 1404 illi
916 1366 1012 1404 conti-

1090 1383 1101 1400 ι
1129 1373 1244 1412 ἀγεννῶς
1261 1373 1332 1410 αὒτῴ
1349 1374 1417 1401 κατὰ
1446 1374 1599 1412 Μαρκίωνος
1622 1373 1808 1410 πεπονημένοι)
1829 1372 1878 1401 λό-

187 1412 322 1453 git,quod
334 1414 371 1445 de
386 1424 419 1446 se
434 1417 490 1456 ipsi
505 1417 640 1449 Justinus
655 1422 683 1448 et
698 1412 853 1458 Tatianus,
871 1418 908 1449 de
923 1418 1012 1449 Athe-

1090 1429 1113 1458 υ,
1136 1418 1164 1449 ὃς
1180 1419 1224 1446 καὶ
1246 1419 1322 1450 αὖτὸς
1352 1418 1410 1455 μεθ’
1439 1420 1476 1446 ὠν
1499 1418 1587 1446 ἄλλων
1613 1419 1767 1457 εἰρήκειμεν,
1799 1418 1876 1446 εἰσέτι

186 1465 297 1504 nagora
328 1460 480 1501 Philippus
509 1462 612 1494 Sideta
635 1467 792 1504 testantur,
822 1467 854 1494 ut
879 1463 1012 1503 legendis

1090 1474 1096 1490 ι
1120 1461 1308 1494 ducemus-:11.
1332 1467 1429 1492 Τοῦτον
1458 1463 1507 1501 μὲν
1537 1463 1581 1491 οὖν
1610 1462 1720 1499 ἕϐδομος
1751 1462 1803 1490 ἀπὸ
1824 1466 1877 1490 τῶν

185 1502 350 1548 Scriipturis
365 1505 401 1536 ad
418 1505 611 1538 Christianam
626 1502 800 1548 religionem
817 1502 1009 1539 convertere-

1091 1507 1208 1535 οστόλων
1224 1508 1273 1541 τῆς
1285 1506 1449 1548 Ἀντιοχέων
1462 1507 1621 1541 Ἐκκλησίις
1632 1506 1781 1547 διαδέχεται
1794 1507 1877 1540 Mugi-

185 1547 320 1593 tur.l{em
335 1549 400 1590 ipse
415 1551 457 1582 sic
474 1556 573 1583 narrat
588 1551 642 1583 sub
665 1553 755 1583 ﬁnem
782 1551 850 1583 libri
867 1553 954 1593 primi
971 1547 1039 1584 adc
1051 1563 1141 1589 μινος.
1164 1564 1173 1579 ι
1194 1551 1284 1582 Porro
1300 1562 1366 1583 cum
1384 1551 1578 1583 nihilominus
1590 1552 1644 1582 hac
1660 1551 1748 1582 etiam
1763 1556 1876 1591 tempe-

183 1591 368 1633 Autolycum
382 1605 389 1626 :
405 1595 466 1628 «Ne
480 1597 520 1628 sis
536 1597 626 1637 igitur
639 1597 825 1634 incredulus,
848 1591 900 1628 sed
913 1598 1010 1637 potius
1051 1599 1124 1626 state
1135 1596 1266 1627 haeretici
1289 1596 1468 1628 zizaniorum
1494 1596 1588 1627 instar
1597 1596 1743 1627 sinceram
1754 1599 1875 1636 aposto-

184 1637 285 1682 crede.
301 1638 374 1670 Nam
390 1645 419 1671 et
433 1640 498 1682 ipse
513 1652 572 1673 non
581 1642 740 1674 credebam
756 1642 1008 1673 resurrectionem
1051 1640 1116 1671 lica;
1125 1641 1266 1672 doctrinae
1273 1646 1438 1672 sementem
1451 1640 1874 1678 labefactarent,Ecclesiarum

187 1681 329 1722 futuram;
341 1685 393 1716 sed
408 1695 487 1717 nunc
503 1687 605 1728 credo,
624 1691 777 1728 postquam
794 1687 856 1717 haec
870 1687 1010 1717 attentius
1052 1689 1112 1717 toto
1123 1686 1196 1716 orbe
1208 1690 1352 1727 pastores,
1369 1695 1420 1717 eos
1430 1690 1569 1727 tanquam
1580 1686 1656 1716 feras
1670 1690 1757 1726 atque
1768 1685 1873 1716 imma-

187 1728 393 1773 consideravi;
410 1732 499 1762 simul
516 1733 595 1773 quod
616 1732 646 1763 in
664 1741 763 1763 sacras
777 1731 946 1772 Stripturas
962 1732 1009 1762 in-
1052 1739 1104 1761 nes
1133 1731 1246 1762 belluas
1270 1731 1305 1762 ab
1328 1731 1398 1762 ovili
1428 1731 1536 1762 Christi
1551 1732 1653 1771 fugare
1668 1734 1756 1770 atque
1771 1739 1874 1761 arcere

186 1771 247 1803 cidi
272 1779 442 1807 sanctorum
471 1771 693 1817 prophetarum,
721 1776 771 1817 qui
797 1771 852 1817 per
864 1776 1007 1816 Spiritum
1052 1776 1266 1816 properabant;
1297 1776 1402 1816 partim
1430 1776 1574 1806 hortando
1598 1780 1627 1806 et
1655 1775 1873 1806 commonendo

184 1823 321 1850 sanctum
337 1825 367 1851 et
381 1822 531 1862 praeterita
542 1822 647 1854 eodem
660 1832 719 1864 quo
728 1826 811 1861 gesta
827 1826 894 1853 sunt
907 1822 1008 1863 modo,
1050 1821 1168 1861 fratres,
1186 1821 1292 1861 partim
1319 1821 1463 1852 adversus
1492 1821 1573 1861 ipsos
1589 1819 1745 1851 hiereticos
1760 1819 1874 1850 fortiter

182 1867 212 1893 et
226 1866 385 1904 praseentia
400 1867 504 1898 eodem
521 1877 580 1908 quo
594 1871 737 1907 geruntur
752 1867 963 1908 praedixerunt,
981 1871 1010 1897 et
1051 1867 1238 1899 colluctando
1257 1878 1264 1898 :
1282 1877 1356 1908 quos
1371 1867 1415 1898 vel
1431 1867 1590 1908 propositis
1605 1866 1739 1897 cominus
1750 1865 1874 1896 interro-

178 1908 279 1940 l'utura
292 1912 398 1943 eodem
413 1913 519 1944 ordine
534 1923 592 1954 quo
608 1912 810 1954 perﬁcientur.
828 1911 901 1943 Cum
919 1911 1007 1951 igitur
1048 1912 1217 1952 gationibus
1232 1912 1292 1944 viva
1308 1912 1443 1950 voce,vel
1460 1912 1545 1943 libris
1560 1911 1782 1943 accuratissime
1797 1912 1872 1941 scri-

178 1963 214 1985 ea
231 1964 297 1996 quae
312 1957 452 1989 eveniunt
467 1962 496 1989 et
521 1958 664 1998 qrazdicta
690 1957 759 1989 olim
776 1956 1005 1988 demonstratio-

180 2008 249 2030 nem
274 2001 347 2032 mihi
373 2001 552 2039 exhibeant;
582 2012 642 2034 non
667 2012 734 2034 sum
753 2002 938 2043 incredulus,
954 2001 1006 2033 sed

176 2045 269 2076 credo
286 2044 495 2087 obtemperans
510 2047 584 2080 Deo.

220 2090 306 2122 Hunc
320 2090 517 2133 Theophilum
534 2093 808 2133 Dodwellus,quem
824 2092 898 2123 intra
913 2090 1004 2122 refel-

179 2133 289 2176 lemus,
304 2137 383 2176 justo
399 2137 516 2177 longius
530 2137 567 2169 ab
582 2137 743 2179 apostolica
756 2141 840 2168 aetate
850 2145 1005 2168 removere

181 2184 209 2210 et
227 2180 389 2222 episcopali
405 2182 547 2222 dignitate
556 2183 684 2223 spoliare
696 2192 785 2214 ausus
794 2185 850 2220 cst;
869 2181 919 2213 alii
933 2191 1006 2212 non-

180 2225 255 2256 nulli
271 2235 337 2257 cum
366 2226 413 2266 eo,
442 2228 490 2258 cui
517 2229 611 2260 Actus
635 2227 834 2269 apostolorum
857 2227 1003 2267 inscripti,

180 2270 280 2301 minus
295 2270 374 2303 belle
389 2273 565 2304 confudere.
593 2272 693 2313 Longe
714 2272 751 2304 ab
767 2273 823 2303 hoc
839 2271 1004 2312 Theophila

177 2314 268 2346 distat
283 2316 333 2347 ille
351 2322 462 2356 noster,
476 2319 524 2358 qui
542 2321 656 2349 mortuo
675 2317 765 2349 Erote
781 2317 883 2358 quinto
898 2316 1005 2347 Antio-

179 2359 256 2391 chiae
267 2361 502 2402 episcopo,circa
512 2372 625 2394 annum
637 2362 674 2394 Μ.
687 2363 802 2394 Aurelii
812 2366 956 2399 octavum,
973 2361 1003 2392 id

177 2408 226 2436 est
235 2415 345 2437 annum
357 2406 464 2438 Christi
481 2408 548 2445 168,
565 2407 833 2439 Antiochenaasedi
850 2407 1004 2448 praefectus

177 2450 243 2481 luit.
262 2450 401 2484 Testatur
415 2452 496 2483 enim
512 2452 659 2483 Eusebius
674 2462 752 2484 anno
768 2453 857 2492 hujus
869 2452 1001 2492 impera-

179 2495 250 2526 toris
267 2500 368 2528 octavo
383 2497 486 2529 Romae
515 2498 650 2529 Soterem
664 2497 799 2535 Aniceto,
816 2497 1003 2528 Alexandriae

178 2540 331 2572 Celadioui
347 2542 547 2583 Agrippinum
561 2542 742 2573 successisse
756 2553 763 2580 ;
783 2552 817 2573 ac
832 2542 929 2573 statim
946 2541 1001 2572 ad-

177 2585 220 2615 dit
235 2584 286 2617 ‘5:
315 2591 465 2621 Τηνιχαῦτα
490 2588 534 2615 καὶ
559 2587 602 2615 ἐπὶ
627 2590 675 2621 τῆς
692 2587 854 2627 Ἀντιοχέων
881 2586 1000 2621 Ἐκκλη-

178 2632 238 2663 aia:
261 2632 388 2672 Θεόφιλος
417 2632 494 2664 ἕκτος
509 2632 563 2660 ἀπὸ
579 2635 631 2660 τῶν
658 2632 813 2661 ἀποστόλων
835 2631 998 2671 ἐγνωρίζετο,

1049 1957 1116 1997 ptis,
1148 1957 1305 1997 opiniones
1335 1967 1437 1988 eorum
1464 1956 1640 1994 refellendo,
1671 1954 1871 1986 confutabant.

1047 2001 1233 2042 Theophilus
1249 2002 1340 2042 igitur
1350 2011 1410 2033 una
1425 2011 1492 2033 cum
1518 2001 1634 2032 caeteris
1645 2000 1785 2032 adversus
1807 2000 1873 2031 illos
1927 2039 1931 2042 .

1049 2047 1204 2078 haereticos
1220 2047 1408 2087 depugnavit,
1426 2051 1456 2078 ut
1472 2050 1587 2078 constat
1597 2055 1631 2077 ex
1647 2045 1775 2085 quodam
1791 2045 1873 2076 illius

1046 2091 1122 2122 libro
1135 2092 1361 2132 haudquaquam
1379 2092 1559 2132 spernendo,
1574 2101 1661 2132 quem
1678 2094 1781 2121 contra
1796 2092 1871 2122 Mar-

1047 2136 1163 2168 cionem
1181 2136 1353 2171 elaboravit,
1372 2137 1422 2177 qui
1440 2136 1517 2168 liber
1531 2145 1598 2167 cum
1613 2135 1679 2167 aliis
1693 2145 1766 2176 quos
1781 2135 1870 2166 retuli

1047 2181 1209 2213 etiamnum
1226 2185 1331 2212 exstat.
1347 2193 1360 2209 ι
1380 2181 1544 2222 Scripserat
1572 2181 1659 2212 etiam
1676 2179 1868 2220 Theophilus,

1048 2225 1176 2257 Eusebio
1203 2231 1231 2258 et
1257 2226 1437 2267 Hieronymo
1459 2225 1594 2264 testibus,
1624 2226 1713 2256 alium
1729 2225 1870 2256 adversus

1047 2270 1244 2312 Hermogenis
1254 2272 1392 2303 heresim
1406 2271 1561 2310 librum,in
1572 2280 1629 2311 quo
1642 2270 1818 2301 testimoniis
1834 2278 1869 2300 ex

1045 2317 1168 2348 Joannis
1183 2316 1356 2357 Apocalypsi
1381 2316 1544 2356 deSumptis
1570 2315 1716 2347 utebatur.
1734 2315 1806 2347 Cum
1823 2313 1870 2344 his

1045 2362 1186 2392 adversus
1198 2361 1354 2392 haereticos
1367 2360 1644 2393 elucubrationihus
1663 2360 1807 2392 interiere
1819 2359 1868 2390 alii

1045 2406 1178 2446 ejusdem
1186 2406 1254 2437 libri
1260 2431 1264 2441 .
1270 2407 1301 2438 in
1309 2406 1418 2447 quibus
1424 2405 1567 2437 elementa
1573 2405 1643 2444 ﬁdei
1651 2405 1789 2446 exposita
1794 2405 1870 2443 fuis-

1043 2460 1073 2482 se
1084 2455 1206 2482 testatur
1230 2450 1377 2482 Eusebius
1392 2461 1398 2481 :
1426 2452 1475 2480 Καὶ
1495 2450 1570 2490 ἕτερα
1586 2450 1612 2479 δέ
1627 2462 1685 2479 τινα
1697 2449 1869 2490 xum-Lutati!

1044 2499 1121 2525 αὺτοῦ
1135 2495 1348 2535 βιϐλία,εἱνθ,υι
1361 2495 1571 2535 interpretatur
1587 2493 1868 2534 Ilieronymus,bre-

1043 2549 1092 2572 ves
1107 2540 1312 2581 elegantesque
1341 2544 1488 2572 tractatus
1503 2540 1545 2571 ad
1560 2540 1791 2581 cedi/icationem
1805 2541 1868 2572 Ec-

1042 2586 1142 2617 clesia?
1156 2587 1350 2625 pertinentes.

1082 2629 1275 2662 Ferteinhis
1301 2629 1577 2671 pertractationibus
1607 2631 1784 2662 numerandi
1800 2635 1868 2663 sunt

183 2688 195 2703 ι
214 2675 298 2708 Tunc
312 2681 411 2708 autem
428 2680 458 2708 et
484 2676 515 2707 in
543 2676 730 2707 Antiochena
757 2675 889 2707 Ecclesia
902 2680 1000 2707 sextus
1042 2675 1122 2713 libri,
1140 2684 1214 2716 quos
1242 2685 1259 2706 a
1284 2684 1317 2706 se
1342 2675 1468 2716 scriptos
1484 2679 1607 2706 testatur
1622 2674 1816 2716 Theophilus.
1834 2676 1866 2707 In

176 2720 214 2751 ab
229 2721 372 2762 apostolis
382 2720 564 2762 Theophilus
579 2721 715 2753 ﬂorebat.
736 2733 748 2750 ν
775 2720 889 2758 Quibus
903 2721 1001 2753 verbis
1043 2720 1122 2752 lib.“
1135 2720 1179 2752 Ad
1192 2720 1375 2763 Autolycum
1391 2720 1460 2751 citat
1475 2720 1603 2761 primum
1623 2721 1665 2752 De
1679 2721 1812 2753 historiis
1827 2721 1865 2752 li-

214 2792 244 2819 4²
254 2793 381 2829 Strom..
396 2799 420 2832 ι,
434 2800 465 2833 p.
487 2790 558 2823 349.
574 2791 606 2817 43
617 2790 650 2824 L.
666 2799 696 2823 ιν
705 2791 736 2822 in
751 2791 942 2835 Marc.,c.29.
958 2793 1012 2824 “ll

1090 2796 1112 2824 at
1131 2791 1182 2824 3'1.
1201 2793 1232 2819 ιδ
1246 2791 1508 2831 Ηὶει.,ὶὶὶ).ιν,ο.19
1521 2795 1552 2823 et
1566 2791 1616 2824 ΩΟ.
1628 2792 1660 2817 ιϐ
1670 2792 1760 2834 Hist.,
1770 2792 1864 2832 rv,24.
