1974 3069
128 72 185 105 199

578 74 608 105 8.
630 73 817 105 JUSTINUS
836 72 1100 105 PHILOSOPHUS
1119 74 1168 105 ET
1192 73 1367 105 MARTYR.

1759 70 1819 102 200

117 141 135 171 b
146 149 226 178 rum,
242 140 273 171 in
289 150 346 180 quo
363 141 400 171 Ile
416 140 660 181 generationibus
676 140 839 180 primorum
856 138 956 170 homi-
967 144 984 167 Α
997 140 1160 179 apostolum
1173 140 1339 180 episcopus.
1357 138 1407 178 qui
1422 142 1547 178 quatuor
1568 137 1817 177 evangelistarum

122 195 193 216 num
206 184 370 224 egerat.Sic
379 190 477 216 autem
492 185 636 226 loquitur,
655 194 738 215 num.
755 185 794 216 30
811 195 818 215 :
841 186 888 214 ttat
903 185 952 223 γὰρ

124 231 153 258 ἐκ
169 230 264 269 μέρους
290 230 341 264 ἤδη
373 231 515 270 γεγένητιι
544 231 612 268 ἡμῖν
635 230 713 269 λόγος
743 230 797 258 sui.

122 277 158 307 ὡς
187 275 277 303 ὶπάνω
323 276 530 315 πριιειρήκίιμεν,
566 279 616 308 τῆς
646 275 816 314 γενεαλογίας
839 276 855 308 'i,
881 273 951 305 τάξις

123 320 197 357 ὲντῇ
224 321 318 359 πρώτῃ
346 319 430 358 βίϐλῳ
452 325 485 357 τῇ
515 321 574 358 περὶ
601 321 733 359 ἱστοριῶν,
756 330 768 347 α
792 320 855 349 Jam
871 317 950 348 enim

123 375 139 395 a
150 364 234 395 nobis
245 364 343 404 aliqua
352 375 386 395 ex
400 369 484 403 parte
509 365 643 395 instituta
658 368 702 394 est
717 364 779 394 haec
797 362 953 403 disputatio

124 411 154 440 in
169 409 226 439 alio
242 413 381 448 opere,ut
392 418 482 449 supra
495 409 636 446 diximus,
652 418 760 448 nempe
776 407 955 447 genealogiae

124 454 256 485 scriesin
275 454 368 494 primo
383 455 424 485 Dc
435 455 576 485 historiis
588 453 674 484 libro.
697 466 710 481 ι»
724 452 772 483 Ait
787 453 872 492 paulo
891 455 956 492 post

125 510 156 530 sc
172 500 200 530 in
217 499 322 530 eodem
347 499 422 530 libro
439 500 536 538 egisse
560 499 598 528 de
624 498 714 529 rebus
729 497 804 528 Noe.
820 497 897 528 Libri
915 497 956 527 illi

129 545 476 584 Historiarum,quorum
496 545 523 573 in
536 543 630 582 primo
642 542 827 582 TheOphilus
842 550 953 581 genea-

127 590 211 628 logize
219 588 327 619 seriem
343 587 613 627 texebat,inscripti
631 587 770 618 videntur
787 587 876 617 fuisse
892 586 954 618 Ge-

127 635 206 665 nesis
218 633 390 664 mundi.Ait
403 633 495 670 enim,
513 643 542 664 n.
554 632 606 672 28,
620 642 652 663 se
668 632 898 672 disputationem
917 630 955 661 de

128 679 262 709 daemone
279 677 520 717 prastermittere,
537 677 607 717 quia
624 677 711 716 longa
727 681 771 707 est
798 676 902 710 oratio.
921 684 955 705 ac

129 733 164 755 ea
179 724 217 754 de
232 732 265 754 re
280 722 350 753 alibi
362 722 431 762 egit.
456 723 534 758 Mox,
563 731 581 752 n
611 722 660 755 99.
678 721 720 751 sic
738 721 869 761 loquitur
885 731 892 749 :
919 721 956 749 re

134 769 180 806 μὲν
203 768 247 797 οὖν
262 768 320 796 κατ’
337 769 430 800 αὐτοὺς
446 767 529 796 πλείω
551 767 609 807 ἔχει
634 767 818 806 thyio-copim,
844 766 873 793 οὗ
902 765 956 802 μὴν

134 813 201 841 ἀλλὰ
216 814 258 841 καὶ
280 813 329 846 τὴν
359 813 509 850 οἷκηνυμίαν
533 815 580 846 τῆς
597 812 749 850 sin-{ﬁssum
769 819 775 826 '

131 859 246 897 ἱστορίας
269 857 374 886 δύηται
399 857 582 897 ἀκριϐέστερον
603 856 701 888 διδάξαι
730 856 796 889 αὐτὴ
825 855 842 889 ἣ
867 853 955 893 βίϐλης

132 903 190 937 ἥτις
212 903 383 942 ἒπιγράτρεται
408 903 511 934 Γέ-ιεσις
535 902 647 939 κόσμου,
668 913 680 928 ιι
707 901 750 931 Ac
772 902 806 930 (δὴ
821 899 954 940 quidem,

133 956 198 987 quae
213 946 248 977 ad
260 946 326 977 illos
341 950 475 986 spectant
501 945 635 985 (Abelem
652 950 681 975 et
696 944 781 984 Cain)
796 945 954 984 plurimam

133 992 243 1023 habent
266 991 430 1031 historiam,
456 991 515 1021 imo
532 989 709 1020 narrationis
730 989 925 1020 (economiam
946 999 952 1017 :

133 1045 224 1077 quare
236 1035 371 1067 discendi
402 1035 526 1076 cupidos
555 1034 721 1066 accuratius
738 1038 831 1074 potest
847 1034 884 1064 de
901 1034 955 1064 hac

134 1081 256 1112 historia
267 1080 483 1121 liberipsr,qui
500 1081 620 1111 Genesis
636 1080 744 1110 mundi
769 1078 954 1114 inscribitur,

133 1126 269 1157 edocerc.
290 1139 303 1154 υ
320 1125 444 1157 Videtur
458 1125 553 1166 prima
566 1124 665 1164 specie
688 1124 735 1154 hic
751 1123 875 1154 indicari
892 1123 955 1162 pri-

135 1179 199 1201 mus
226 1170 418 1202 Pentateuchi
443 1170 532 1210 liber,
559 1178 647 1210 quem
672 1169 804 1200 eruditus
832 1167 956 1199 Wolﬁus

134 1215 272 1246 Genesiin
291 1215 393 1245 mundi
409 1214 544 1245 observat
555 1213 697 1254 appellari
713 1214 741 1243 in
759 1223 814 1245 ms.
828 1213 956 1244 Alexan-

133 1259 218 1290 drino
229 1264 257 1290 et
267 1259 343 1299 apud
364 1259 562 1299 Epiphanium
585 1259 614 1289 in
629 1258 704 1289 libro
715 1259 756 1289 De
771 1257 956 1297 ponderibus

132 1309 162 1335 et
173 1305 333 1336 mensuris.
348 1303 400 1334 Ha;
416 1313 512 1340 voces,
531 1303 607 1334 liber
629 1304 799 1343 ipse,ipsam
815 1302 955 1333 Genesim

130 1353 198 1390 apte
212 1349 377 1388 designant,
397 1354 426 1378 ut
440 1349 549 1379 fontem
562 1358 596 1379 ex
613 1358 670 1388 quo
686 1348 783 1378 omnis
799 1347 835 1378 de
849 1347 892 1377 his
904 1356 954 1378 re-

133 1394 187 1424 bus
200 1393 359 1434 disputatio
386 1393 555 1425 deducitur.
571 1393 628 1424 Sed
645 1397 744 1423 tamen
760 1401 826 1422 cum
842 1392 954 1432 primus

132 1438 325 1470 Pentateuchi
337 1438 413 1468 liber
423 1447 482 1469 non
493 1438 585 1468 soleat
596 1436 728 1474 inscribi,
736 1437 858 1468 Genesis
870 1445 955 1467 mun-

130 1484 227 1521 di,sed
243 1488 355 1513 tantum
371 1483 509 1522 Genesis,
523 1482 595 1513 nihil
609 1481 788 1522 prohibebat
802 1480 935 1521 Theophi
948 1497 955 1503 ο

802 229 867 268 τέρῳ
882 230 952 267 ,λόγῳ

993 183 1023 214 in
1045 195 1134 215 unum
1152 195 1226 225 opus
1240 184 1319 214 dicta
1335 182 1654 224 compingens,ingenii
1667 182 1714 212 sui
1731 182 1818 212 nobis

995 234 1186 261 monumenta
1203 229 1326 264 dimisit.
1342 229 1405 259 haec
1430 237 1521 268 super
1549 228 1604 258 hac
1633 225 1772 267 parabola
1788 226 1818 256 in

994 274 1055 304 suis
1070 274 1292 305 commentariis
1307 277 1352 304 est
1366 273 1492 304 locutus.
1508 285 1519 302 ι
1539 272 1602 303 Duo
1618 281 1687 311 ergo
1703 271 1818 302 nawnvit

995 318 1179 358 Theophilus
1196 329 1202 350 :
1221 318 1316 358 primo
1333 318 1580 357 evangelistarum
1594 317 1672 347 dicta
1687 315 1817 355 collegit,

996 368 1024 393 et
1037 373 1102 404 quae
1117 363 1224 394 similia
1253 367 1337 394 erant
1366 363 1405 393 ita
1441 362 1602 398 contexuit,
1620 361 1702 402 quasi
1725 370 1815 390 unum

997 412 1094 438 essent
1106 418 1191 448 opus.
1205 408 1319 438 Deinde
1330 407 1561 438 commentarios
1584 416 1654 436 suos
1669 405 1816 445 adjunxit.

996 452 1077 492 Opus
1094 453 1224 492 profecto
1243 453 1330 492 longe
1345 451 1381 483 ab
1397 461 1432 482 eo
1447 452 1596 482 diversum
1625 450 1702 490 quod
1717 450 1817 481 Tatia-

999 507 1054 527 nus
1069 497 1241 538 elaboravit;
1253 507 1306 528 nec
1321 497 1425 527 merito
1442 496 1609 535 suspicalns
1624 499 1669 525 est
1685 494 1819 525 Valesius

997 542 1139 572 memoria
1151 541 1265 582 lapsum
1283 551 1349 572 esse
1368 541 1593 580 Hieronymum,
1609 544 1639 570 et
1653 539 1817 579 Theophilo

994 588 1164 619 attribuisse
1177 597 1251 628 opus
1265 588 1393 619 Tatiani.
1409 587 1482 618 Nam
1495 586 1634 617 Talianus
1661 594 1817 616 commen-

996 633 1085 663 tarios
1100 642 1158 663 non
1174 633 1351 672 adjnnxerat
1367 632 1616 671 evangelistarum
1632 630 1730 661 dictis.
1748 629 1819 660 Nar-

996 682 1041 708 rat
1068 677 1138 708 alibi
1166 677 1362 718 Hieronymus
1392 677 1498 716 legisse
1526 685 1558 707 se
1585 674 1818 706 commentarios

997 722 1152 762 Theophili
1164 723 1204 752 67.

1039 768 1078 798 Ex
1092 768 1147 798 hac
1163 767 1369 798 observatione
1384 766 1453 797 illud
1472 766 1561 797 etiam
1578 765 1764 796 manifestum
1775 765 1817 800 ﬁt,

793 810 831 838 διὸ
853 812 884 838 τὰ
906 811 955 843 τῆς
968 821 986 846 Β
998 812 1163 852 Theophila
1179 818 1279 844 nostro
1295 812 1418 845 aLribui
1435 821 1494 842 non
1520 820 1606 851 posse
1629 811 1732 841 breves
1753 809 1821 840 illos

998 857 1294 897 commentarios,qui
1305 857 1360 888 sub
1370 857 1435 896 ejus
1450 857 1570 886 nomine
1580 855 1608 886 in
1627 853 1820 886 Bibliotliecis

999 903 1114 932 Patrum
1131 902 1203 933 editi
1214 902 1347 941 singulos
1355 901 1551 940 evangelistas
1564 900 1721 940 separatim
1735 899 1820 929 libris

997 950 1122 986 quatuor
1137 948 1449 986 exponuntJ’raeterea
1459 946 1524 986 quis
1540 945 1675 976 Latinum
1691 944 1818 984 scripto-

996 1000 1059 1022 rem
1077 1001 1136 1022 non
1151 996 1291 1030 agnoscat
1306 992 1352 1022 his
1366 991 1396 1021 in
1411 991 1511 1021 verbis
1522 991 1567 1021 48?
1581 991 1655 1020 «Per
1670 989 1739 1024 iota,
1758 989 1818 1019 Ve-

997 1040 1043 1066 tus
1053 1035 1198 1075 signiﬁcat
1208 1035 1503 1075 Testamentum,quo
1513 1034 1675 1072 Decalogus
1687 1033 1822 1064 contine-

998 1084 1055 1118 tur;
1073 1080 1130 1112 iota
1147 1080 1224 1111 enim
1242 1090 1295 1120 pro
1310 1080 1414 1111 decem
1429 1085 1473 1110 est
1487 1079 1564 1119 apud
1589 1078 1717 1109 Graecos.
1735 1079 1820 1117 Apex

997 1129 1097 1156 autem
1122 1130 1248 1166 quatuor
1272 1126 1384 1156 litteras
1407 1125 1530 1162 habens,
1555 1134 1608 1165 per
1629 1124 1819 1163 Exangelium

997 1171 1192 1210 quadruplex,
1209 1172 1430 1202 Testamentum
1458 1169 1568 1200 indicat
1593 1168 1717 1200 Novum.
1739 1181 1748 1195 ιι
1768 1168 1821 1199 His

997 1215 1072 1246 adde
1088 1215 1230 1246 nonnulla
1244 1216 1272 1246 in
1287 1215 1333 1246 his
1353 1214 1575 1246 commentariis
1603 1222 1761 1244 occurrere
1786 1222 1820 1243 ex

998 1260 1107 1291 Latinis
1123 1260 1257 1291 l’atribus
1272 1260 1429 1300 desumpta
1443 1260 1484 1295 ως
1502 1269 1536 1290 ex
1552 1259 1733 1298 Hieronymo
1746 1267 1821 1298 qua-

999 1310 1064 1335 tuor
1080 1314 1195 1345 causas,
1210 1314 1263 1336 cur
1278 1315 1311 1335 ex
1324 1305 1501 1344 desponsata
1513 1304 1646 1335 Christus
1668 1307 1754 1333 natus
1770 1303 1819 1339 sit,

997 1359 1033 1380 ex
1049 1349 1080 1381 ὃ.
1097 1350 1233 1390 Cypriani
1257 1350 1381 1390 epistola
1397 1349 1433 1380 ad
1450 1350 1587 1389 Magnum
1607 1348 1750 1387 insignem
1768 1348 1816 1378 lo-

997 1404 1063 1425 cum
1081 1395 1117 1425 de
1132 1403 1259 1434 corpore
1287 1399 1316 1424 et
1340 1394 1484 1433 sanguine
1509 1393 1644 1433 Domini;
1661 1402 1696 1423 ex
1712 1393 1818 1424 eodem

999 1439 1176 1479 Hieronymo
1186 1439 1462 1479 interpretationem
1480 1438 1614 1469 Latinam
1635 1447 1737 1468 eorum
1754 1447 1821 1476 qua:

998 1483 1184 1522 Theophilus
1196 1484 1233 1514 de
1242 1484 1380 1523 parabola
1393 1483 1540 1514 moonomi
1557 1482 1822 1514 disserueratJnu-

131 1527 191 1559 lum
217 1527 375 1567 quominus
401 1536 476 1567 opus
505 1536 591 1556 suum
616 1525 793 1556 inscriberet
817 1525 956 1556 Genesim
998 1529 1039 1559 tili
1057 1538 1178 1568 prorsus
1206 1529 1306 1559 labore
1330 1528 1457 1560 Grabius
1471 1529 1534 1559 hanc
1551 1527 1582 1558 S,
1598 1527 1776 1567 Cyprianum
1791 1532 1822 1558 et

130 1573 249 1608 mundi;
262 1576 365 1603 etcum
388 1571 477 1611 paulo
492 1574 562 1602 ante
580 1570 784 1601 dixissetsein
796 1569 854 1600 alio
865 1579 956 1610 opere
997 1575 1028 1606 S.
1046 1573 1256 1613 Hieronymum
1274 1584 1288 1603 a
1305 1572 1471 1611 Theophilo
1498 1576 1645 1603 mutuatos
1670 1581 1736 1602 esse
1751 1571 1822 1612 opi-

131 1617 224 1656 egissc
241 1619 279 1647 de
289 1615 592 1655 demone,quiAdam
610 1619 638 1645 et
650 1614 737 1645 Evam
751 1614 955 1650 tentavit,mox
999 1618 1100 1648 natur:

1038 1623 1085 1648 tur
1094 1618 1134 1647 50.
1153 1617 1211 1649 Sed
1221 1618 1244 1648 si
1260 1618 1321 1649 hmo
1335 1617 1519 1657 Theophilus
1530 1617 1632 1648 Graece
1641 1617 1820 1657 scripsisset.

131 1661 267 1692 discendi
280 1660 404 1700 cupidos
414 1660 449 1690 ad
464 1660 559 1700 ipsum
574 1659 684 1690 librum
693 1659 844 1690 dimittere
855 1659 959 1699 potuit.
1004 1663 1080 1694 haud
1097 1662 1225 1694 libenter
1253 1662 1430 1694 crediderim
1455 1663 1651 1702 interpretem
1667 1662 1747 1692 illius
1762 1667 1820 1693 tam

131 1705 580 1746 Sedquodmihinecessitatem
592 1703 960 1744 imponithujuslibri,qui
1001 1711 1138 1738 accurate
1164 1711 1299 1737 venatum
1324 1716 1390 1737 esse
1419 1707 1532 1738 citataa
1547 1706 1656 1737 Latinis
1684 1706 1822 1738 Patribus

131 1750 347 1781 inscribebatur
375 1749 503 1780 Genesis
534 1749 649 1785 mundi,
676 1749 841 1789 Theophila
871 1748 959 1779 attri-
1002 1752 1077 1792 loca,
1100 1756 1131 1782 ut,
1146 1761 1249 1783 eorum
1271 1752 1361 1783 verba
1376 1752 1406 1782 in
1422 1761 1505 1782 suam
1532 1751 1820 1791 interpretationem.

130 1795 346 1833 buendi;cum
379 1793 565 1833 Theophilus
593 1793 681 1828 dicat,
709 1803 737 1824 n.
757 1794 882 1829 30,356
893 1794 954 1834 jam

129 1841 248 1871 citatum
258 1840 350 1870 fuisse
359 1838 468 1869 librum
480 1838 510 1868 in
523 1848 581 1878 quo
593 1838 630 1868 de
641 1837 824 1877 genealogiis
835 1837 952 1878 agebat;

130 1885 228 1916 nullus
242 1884 317 1915 alius
327 1884 459 1914 occurrit
487 1883 582 1920 locus,
600 1883 629 1913 in
643 1893 701 1923 quo
726 1883 781 1914 hoc
795 1892 868 1923 opus
884 1883 954 1914 citet

130 1934 237 1970 praeter
251 1939 332 1969 eum,
351 1929 380 1959 in
397 1938 455 1969 quo
471 1927 588 1966 legendi
613 1927 761 1958 studiosos
779 1927 897 1958 dimittit
916 1928 952 1958 ad

130 1975 271 2005 Genesim
279 1975 397 2008 mundi,
416 1972 489 2004 Cum
502 1972 539 2003 de
551 1972 642 2003 rebus
657 1971 719 2004 Noe
734 1972 867 2003 declaret
880 1982 913 2004 se
924 1972 955 2003 in

129 2019 235 2050 eodem
255 2019 330 2049 libro
348 2018 455 2057 egisse,
469 2027 528 2048 non
544 2016 634 2048 alium
646 2017 762 2048 videtur
776 2017 909 2048 indicare
925 2018 954 2048 in

129 2064 205 2094 libro
222 2063 320 2099 tertio,
354 2072 436 2092 num.
468 2062 517 2102 19,
543 2061 592 2092 ubi
621 2062 660 2092 ait
680 2071 712 2093 se
734 2062 806 2092 alibi
829 2062 955 2093 demon—

1001 1797 1184 1828 transferret.
1205 1798 1352 1828 Prazterea
1370 1797 1394 1827 si
1414 1797 1614 1837 Hieronymus
1628 1797 1822 1837 aTheophilo

997 1845 1153 1882 acceperat
1175 1845 1302 1882 quatuor
1316 1841 1381 1873 illas
1406 1851 1519 1877 causas,
1538 1841 1575 1872 ob
1591 1851 1663 1881 quas
1686 1842 1822 1873 Chrislus

997 1895 1031 1917 ex
1043 1887 1222 1927 desponsata
1237 1891 1333 1923 natus,
1351 1896 1404 1917 cur
1418 1891 1551 1926 quartam
1564 1885 1592 1916 S.
1612 1886 1734 1925 lgnatio,
1752 1887 1822 1918 nul-

998 1928 1055 1961 lam
1071 1939 1192 1971 prorsus
1209 1932 1239 1963 S.
1252 1931 1418 1971 Theophilo
1434 1934 1583 1970 acceptam
1601 1929 1717 1962 refert?

1039 1975 1087 2008 IV.
1101 1975 1184 2007 Nunc
1200 1975 1238 2007 de
1253 1975 1346 2007 tribus
1365 1976 1404 2007 ad
1419 1975 1596 2016 Autolycum
1613 1975 1695 2006 libris
1711 1977 1824 2007 exami-

999 2021 1128 2052 nandum
1153 2020 1238 2051 nobis
1262 2024 1307 2051 est
1332 2030 1398 2061 quze
1410 2020 1499 2051 fuerit
1512 2020 1630 2051 illorum
1647 2020 1822 2051 scribendo-

997 2074 1063 2096 rum
1078 2070 1210 2103 causa,et
1224 2075 1282 2106 quo
1295 2065 1480 2106 potissimum
1498 2069 1630 2105 tempore
1643 2065 1746 2105 scripti
1755 2065 1822 2096 fue-

129 2112 239 2139 strasse
254 2117 353 2138 arcam
383 2117 440 2137 non
458 2116 474 2137 a
491 2106 681 2144 Deucalione,
695 2107 746 2138 sed
763 2117 780 2138 a
794 2106 956 2147 Noe,cujus
967 2109 1067 2141 Drint.

132 2162 240 2184 nomen
253 2153 331 2183 idem
348 2155 433 2182 sonat
447 2160 480 2182 ac
495 2151 626 2191 requies,
640 2155 839 2183 constructam
852 2151 954 2182 fuisse.

171 2196 208 2228 lIl
217 2196 268 2228 .De
280 2197 494 2228 commentario
505 2196 662 2235 Theophili
674 2196 704 2226 in
719 2195 910 2236 Evangelium
928 2203 957 2227 et

132 2243 162 2273 in
179 2241 336 2273 Proverbia
352 2242 394 2272 sic
411 2240 542 2281 loquitur
556 2239 754 2281 Hieronymus
775 2241 805 2271 in
821 2241 896 2271 libro
914 2241 957 2272 De

131 2286 545 2327 scriptoribusecclesiasticis
561 2296 570 2315 :
591 2285 677 2325 «Legi
688 2286 742 2316 sub
755 2286 876 2317 nomine
892 2287 957 2326 ejus

130 2332 159 2362 in
173 2331 363 2371 Evangelium
378 2338 406 2362 et
418 2331 448 2361 in
461 2330 620 2361 Proverbia
631 2329 797 2362 Salomonis
808 2340 957 2361 commen-

134 2376 234 2414 tarios,
252 2375 302 2416 qui
318 2376 390 2407 mihi
406 2385 473 2406 cum
490 2375 678 2414 superiorum
696 2375 876 2406 voluminum
893 2376 958 2407 ele-

130 2421 228 2460 gantia
244 2426 272 2452 et
288 2421 386 2461 phrasi
414 2430 471 2451 non
489 2420 627 2451 videntur
649 2429 815 2460 congruere
843 2431 857 2450 )
877 2421 957 2452 Idem

132 2466 162 2496 in
178 2465 304 2506 epistola
314 2466 352 2496 ad
366 2465 525 2504 Algasiam,
542 2470 645 2505 quaest.
663 2466 694 2500 6,
713 2466 804 2496 utitur
820 2466 955 2496 testimo-

132 2510 181 2540 nio
198 2510 325 2551 quodam
338 2509 494 2550 Theophili
507 2509 777 2550 Antiochcni,quod
793 2512 821 2541 in
838 2512 956 2550 Appen-

132 2555 198 2586 dice
212 2554 381 2585 referimus.
397 2554 460 2590 Quo
469 2559 566 2584 autem
580 2563 614 2585 ex
625 2564 716 2594 opere
728 2555 884 2596 Theophili
901 2555 955 2586 de-

132 2603 282 2639 sumptum
299 2598 349 2639 sit,
365 2598 562 2638 Hieronymus
577 2599 719 2630 declarat.
733 2611 745 2626 »
760 2599 955 2639 Theophilus,

132 2643 436 2683 inquit,Antiochenat
446 2642 591 2674 Ecclesia:
605 2643 749 2684 septimus
762 2649 827 2684 post
837 2645 955 2675 Petrum

172 2715 202 2741 47
219 2714 338 2755 Prolog.
354 2714 385 2745 in
397 2714 499 2746 Matth.
542 2713 569 2736 ⁵⁸
583 2715 650 2746 Lib.
668 2723 689 2747 ι,
733 2715 760 2736 ⁴⁹
777 2715 841 2747 Lib.
857 2726 877 2749 ιι
893 2723 922 2749 et
935 2727 978 2750 ιιι.

1038 2154 1158 2186 Videtur
1171 2155 1329 2195 Autolycus
1344 2154 1476 2185 amicitia
1490 2164 1557 2185 cum
1570 2154 1733 2194 Theophilo
1753 2163 1822 2184 nos~

999 2204 1042 2230 tro
1059 2200 1234 2239 conjunctus
1250 2199 1351 2230 fuisse.
1378 2199 1512 2230 Amicum
1530 2199 1611 2229 enim
1637 2199 1720 2229 illum
1738 2203 1823 2230 vocat

998 2243 1184 2284 Theophilus
1198 2243 1252 2275 sub
1273 2244 1362 2275 tinem
1380 2243 1449 2274 libri
1464 2243 1598 2284 primi,et
1623 2243 1658 2273 ad
1682 2243 1825 2283 frequens

999 2288 1177 2328 colloquium
1195 2289 1299 2319 invitat
1315 2288 1368 2319 sub
1384 2289 1472 2319 ﬁnem
1482 2288 1742 2319 secundi.lnerant
1752 2288 1823 2319 huic

999 2333 1113 2363 homini
1129 2342 1186 2363 non
1199 2342 1287 2374 parva
1297 2333 1480 2365 cthnicarum
1490 2333 1626 2363 virtutum
1636 2336 1821 2369 ornamenta,

1000 2382 1030 2408 et
1046 2377 1227 2408 indefessum
1245 2376 1669 2418 legendistudiumﬂptimum
1683 2376 1764 2406 illum
1782 2386 1824 2407 sa-

1001 2422 1075 2453 lutat
1090 2422 1275 2462 Theophilus
1290 2424 1376 2462 eique
1392 2421 1558 2462 prudentiae
1572 2421 1690 2451 laudem
1706 2420 1821 2452 tribuit:

999 2466 1127 2507 plurima
1154 2467 1261 2507 legisse
1285 2471 1417 2504 testatur,
1435 2476 1468 2497 ac
1485 2466 1512 2496 in
1532 2465 1614 2496 omni
1638 2465 1822 2504 eruditione,

999 2511 1071 2548 sive,
1090 2511 1194 2551 utipse
1208 2512 1347 2551 appellat,
1369 2511 1398 2541 in
1414 2511 1552 2541 omnibus
1567 2511 1701 2550 operosis
1716 2510 1824 2549 nugis-

999 2559 1077 2586 tanto
1095 2556 1192 2586 studio
1208 2556 1365 2596 versari,ut
1376 2559 1477 2586 noctes
1494 2555 1524 2585 in
1542 2554 1730 2585 bibliothecis
1749 2564 1825 2585 cou-

998 2609 1117 2631 sumere
1129 2610 1189 2630 non
1201 2600 1359 2631 dubitaret.
1375 2600 1433 2631 Sed
1448 2599 1501 2629 has
1515 2599 1649 2639 Autolyci
1660 2599 1762 2630 laudes
1774 2610 1826 2639 pe-

999 2645 1077 2676 nitus
1093 2644 1236 2676 obruebat
1261 2645 1381 2683 indigna
1406 2644 1525 2675 homine
1540 2643 1627 2674 docto
1639 2644 1668 2674 in
1684 2653 1772 2674 omne
1784 2645 1827 2675 si-

1022 2719 1054 2745 50
1070 2719 1227 2759 Spicileg.,
1244 2728 1271 2759 p.
1286 2717 1407 2750 CCXXI.
