1974 3069
80 91 129 124 201

574 90 606 122 Π.
630 88 781 122 MARANl
805 87 1016 119 PRIEFATIO.
1039 102 1078 110 —
1101 87 1207 119 PARS.
1231 84 1282 117 ΠΙ.

1708 85 1766 118 202

78 159 277 190 mulacrorum
293 167 387 198 genus
404 157 498 199 pietas
525 161 554 188 et
578 156 733 196 periniqua
757 155 795 186 de
811 154 898 186 Chri-
910 165 928 185 Α
941 155 1036 195 lycum
1052 154 1236 195 Theophilus
1261 153 1296 185 ad
1312 153 1452 194 frequens
1466 153 1660 199 colloquium;
1677 153 1768 195 idque

82 204 182 235 stianis
199 213 234 235 ex
251 212 373 235 rumore
385 202 518 243 populari
534 201 647 242 opinio.
661 201 733 232 Nam
750 200 801 241 qui
816 205 903 232 caete-

81 259 179 280 rarum
194 258 297 280 rerum
314 248 443 288 diligens
460 252 522 278 erat
537 246 706 286 indagator,
722 245 906 276 Christianos

82 294 267 334 negligenter
278 293 546 333 audiebat,eosque
558 290 716 322 malesanis
728 290 906 321 commentis

82 339 220 370 credulus
229 348 295 370 cum
310 337 463 369 sororibus
476 336 639 376 misceri,et
647 345 752 367 carnes
762 336 907 366 humanas

86 393 191 415 vorare
201 383 395 415 existimabat.
413 382 515 413 Talem
532 381 617 412 nobis
628 381 800 420 Autolycum
817 379 906 411 variis

87 430 115 460 in
125 429 199 460 locis
213 428 347 469 depingit
356 427 551 468 Theophilus.

122 472 268 514 Opinatus
285 476 330 504 est
342 472 550 503 Tillemontius
565 471 709 510 scriptum
725 469 761 500 ab
781 469 906 509 Autoly—

86 528 119 549 co
136 517 277 549 adversus
294 517 478 548 Christianos
495 516 603 546 librum
619 515 785 555 Theophilo
806 518 908 545 nostri

88 563 174 603 hujus
192 562 427 594 elucubrationis
455 561 643 592 occasionem
661 559 854 590 ministrasse.
872 559 908 589 At

88 608 198 638 nullum
217 608 340 638 omnino
362 607 449 646 hujus
464 607 605 637 adversus
633 604 815 636 Christianos
841 603 908 634 libri

87 652 252 692 vestigium.
271 651 436 683 Obtuderat
450 650 651 692 Theophilum
668 650 827 689 Autolycus
848 650 909 679 ina-

88 697 171 728 nibus
187 696 478 732 sermonibus,ﬂctos
493 705 527 726 ac
540 696 634 736 pictos
649 695 720 725 deos
731 693 884 725 venditans
899 702 907 730 ;

89 741 248 774 Christiani
266 751 374 772 nomen
391 742 484 772 instar
499 740 601 781 probri
616 739 780 779 ohjecerat;
795 748 828 769 ac
844 743 909 769 tan—

89 787 153 818 dem
171 786 331 827 quzesierat
346 790 377 817 ut
392 787 486 818 Deum
499 794 585 817 suum
597 783 839 815 ostenderet.Sed
849 784 911 814 haec

90 832 225 869 dicteria,
243 840 309 872 quas
324 830 508 871 Theophilus
524 830 553 861 in
571 829 666 869 primo
690 828 766 859 libro
790 828 910 865 refellit,

945 199 1062 230 videtur
1074 200 1130 230 iste
1145 209 1204 230 non
1221 199 1387 238 neglexisse
1403 209 1410 234 ;
1429 198 1481 229 sed
1498 208 1566 230 cum
1591 198 1688 230 adhuc
1704 204 1769 239 post

947 244 1000 274 hos
1015 253 1192 283 congressus
1208 245 1360 275 veritatem
1379 244 1471 274 instar
1483 243 1581 274 d'elirii
1594 244 1768 284 haberet,ac

945 293 1081 319 recentes
1097 298 1163 320 esse
1179 289 1290 320 litteras
1305 292 1420 319 nostras
1435 288 1494 318 sibi
1511 288 1646 329 ﬁngeret,
1664 297 1767 320 eorum

947 334 1150 374 antiquitatem
1177 333 1361 374 Theophilus
1389 333 1421 364 in
1450 333 1526 364 libro
1564 334 1769 365 demonstrare

949 378 1083 410 instituit.

989 424 1024 455 V.
1043 425 1237 465 Suppeditant
1254 425 1283 455 hi
1296 424 1364 455 libri
1378 435 1437 456 non
1453 424 1595 456 obscuras
1607 429 1702 463 notas,
1719 424 1770 465 qui

950 469 1004 500 bus
1019 469 1184 509 dijudicare
1201 470 1360 509 possimus,
1377 479 1436 510 quo
1446 473 1583 510 tempore
1593 470 1696 509 scripti
1711 469 1773 500 fue-

948 514 1018 546 rint.
1035 515 1107 545 Natn
1123 515 1344 554 chronologiam
1360 515 1389 545 in
1422 515 1498 546 libro
1526 514 1613 546 tertio
1643 515 1771 555 pertexit

949 559 1131 599 Theophilus
1141 559 1177 590 ab
1193 559 1309 599 origine
1335 560 1439 590 mundi
1454 568 1548 600 usque
1562 559 1598 590 ad
1615 559 1654 590 Μ.
1671 560 1771 590 Aure-

951 604 1034 641 lium,
1045 614 1134 644 quem
1152 604 1186 634 19
1198 613 1304 645 annos,
1320 604 1440 639 diestO,
1460 605 1624 644 imperasse
1637 608 1767 635 testatur.

950 649 1025 681 Citat
1040 649 1128 680 etiam
1143 648 1349 689 Chryserotem
1366 649 1522 681 M.Aurelii
1538 649 1689 686 libertum,
1707 649 1772 690 qui,

952 697 1027 724 teste
1038 693 1204 734 Theophilo
1216 697 1500 734 nostro,temporum
1517 694 1626 725 seriem
1639 694 1676 724 ab
1692 693 1772 726 Urbe

952 739 1068 769 condita
1083 748 1176 779 usque
1191 739 1227 770 ad
1243 739 1355 770 obitum
1373 739 1488 779 patroni
1514 739 1560 770 sui
1586 739 1774 778 imperatoris

953 785 989 815 Μ.
1008 783 1123 814 Aurelii
1134 784 1390 824 descripserat.Ex
1400 785 1446 815 his
1459 788 1538 824 patet
1554 784 1608 815 hos
1617 784 1709 815 libros
1718 783 1774 815 sub

954 828 1116 860 Commodo
1130 829 1258 869 scriptos
1267 838 1403 869 esse,nec
1413 830 1509 860 serius
1517 832 1567 860 aut
1578 828 1667 860 citius
1679 828 1773 860 collo-

91 886 147 907 non
162 875 274 916 scripto
291 875 383 907 fuisse
397 875 582 914 consignata,
595 878 628 905 ut
644 873 737 904 visum
760 877 806 904 est
820 872 911 903 Tille-
926 887 943 912 Β
955 873 1016 904 cari
1033 874 1160 912 posse;si
1175 873 1295 914 quidem
1308 874 1386 905 aliud
1403 883 1499 905 causa:
1510 883 1576 905 esse
1591 883 1650 904 non
1663 877 1773 914 potest,

91 921 213 958 montio,
228 921 280 952 sed
299 921 328 951 in
346 920 474 962 quodam
490 919 638 959 colloquio
647 919 768 959 jactata,
780 927 814 949 ex
831 917 913 949 initio

93 965 156 996 libri
173 965 298 997 secundi
313 962 770 1005 perspicimus,ubiTheophilus
786 962 914 994 breviter

92 1020 252 1042 recensens
269 1020 334 1051 quze
350 1010 428 1042 inter
443 1019 494 1041 eos
509 1010 653 1040 hactenus
668 1009 911 1046 intercesserant,

92 1057 152 1088 ait:
176 1055 288 1085 Ἐπειδὴ
304 1057 354 1095 πρὸ
381 1057 480 1085 τούτων
515 1057 568 1084 τῶν
584 1054 691 1093 ἡμερῶν
708 1053 811 1093 ὲίένετο
836 1053 913 1092 λόγος

92 1103 168 1141 ἡμῖν³
199 1102 222 1128 ὦ
246 1101 400 1140 ἆγαθώτατε
423 1100 566 1139 Αὒτόλυκε,
583 1098 732 1137 πυθομένου
749 1109 794 1126 σου
810 1099 848 1130 τίς
864 1109 914 1136 μο.)

93 1148 106 1174 ὁ
138 1140 213 1183 Θεὸς,
239 1147 285 1174 καὶ
312 1140 347 1174 δι’
357 1145 447 1185 ὀλίγου
473 1143 659 1185 παρασχόντος
687 1155 734 1173 σου
747 1144 780 1172 τὰ
798 1144 854 1172 ὦτα
880 1147 915 1181 τῇ

93 1191 182 1228 ὁμιλίᾳ
209 1191 300 1228 ἡμῶν,
327 1191 386 1230 περὶ
414 1193 462 1224 τῆς
473 1188 620 1221 θεοσεϐείας
643 1200 695 1227 μου
722 1188 847 1226 ἒξεθέμην
861 1198 914 1216 σοι·

93 1235 130 1263 ἔτι
158 1235 184 1263 δὲ
226 1236 272 1263 καὶ
302 1235 497 1273 ἆποταξάμενοι
537 1234 655 1270 ἑαυτοῖς,
686 1234 753 1271 μετὰ
789 1233 916 1267 πλείστης

93 1279 180 1320 φιλίας
214 1280 397 1319 ἐπορεύθημεν
425 1280 537 1311 ἕκαστος
570 1280 607 1311 εἷς
637 1280 681 1306 τὸν
711 1278 803 1306 ἒαυεοῠ
828 1280 914 1314 οἷκον,

92 1325 185 1364 καίπερ
199 1324 325 1364 σκληρῶς
342 1325 376 1352 τὰ
386 1328 477 1360 πρῶτα
492 1324 603 1364 ἔχοντος
612 1323 682 1364 (σοῦ)
699 1324 764 1363 πρὸς
777 1324 859 1361 ἡμᾶς·
876 1323 919 1351 οἶ-

92 1369 136 1401 δας
164 1370 214 1410 γὰρ
247 1370 293 1398 καὶ
322 1369 470 1408 μέμνησαι,
500 1368 541 1396 ὅτι
565 1367 696 1399 ὑπέλαϐες
713 1368 814 1407 μωρίαν
847 1367 918 1395 εἶναι

92 1415 136 1442 τὸν
151 1415 233 1453 λογον
248 1415 341 1451 ἡμῶν.
361 1425 374 1441 α
391 1413 464 1445 Cum
480 1416 548 1443 ante
576 1412 631 1442 hos
658 1411 722 1442 dies
746 1420 917 1442 sermonem

95 1459 171 1489 inter
181 1467 249 1495 nos,
269 1458 380 1498 optime
396 1457 550 1497 Autolyco,
568 1456 759 1493 haberemus;
777 1456 920 1496 quaerenti

95 1502 145 1534 tibi
163 1504 302 1544 quisnam
322 1511 407 1534 meus
423 1502 630 1538 essetDeus,ac
642 1501 832 1540 disputationi
850 1509 922 1531 meae

95 1557 182 1578 aures
196 1547 373 1589 aliquandiu
389 1547 530 1587 praebenti
556 1546 731 1586 religionem
755 1555 849 1576 meam
866 1554 921 1576 ex-

95 1594 187 1633 posui.
205 1593 249 1624 Ita
266 1597 332 1623 tum
345 1592 548 1631 discessimus,
573 1595 605 1622 ut
621 1590 794 1621 amicissimi
811 1590 920 1621 donum

94 1637 415 1678 rediremus,quamvis
426 1641 511 1668 antea
521 1636 692 1667 duriuscule
707 1644 825 1666 mecum
842 1635 923 1674 egis—

95 1690 153 1712 ses.
169 1681 256 1714 Nosti
271 1681 355 1712 enim
372 1685 402 1712 et
418 1680 579 1711 meministi
595 1679 749 1711 stultitiam
762 1678 813 1710 tibi
830 1679 923 1711 videri

96 1731 225 1757 nostram
250 1726 434 1757 doctrinam.
454 1737 466 1755 ι)

133 1771 173 1802 Ex
190 1771 237 1802 his
253 1771 351 1812 liquet
364 1770 543 1811 Autolycum
560 1779 620 1800 non
634 1769 746 1809 scripto
775 1768 827 1800 sed
841 1777 924 1800 mero

95 1825 233 1847 sermone
245 1816 291 1847 s'ic
305 1816 338 1846 in
347 1815 440 1846 Deum
455 1825 489 1846 ac
504 1824 614 1846 nomen
630 1813 866 1846 Christianorum
880 1814 924 1854 jo-

98 1865 192 1891 catum
210 1864 328 1901 esse,ut
343 1860 541 1900 Theophilum
557 1860 592 1891 ad
609 1860 663 1890 has
677 1868 769 1897 nugas
782 1858 926 1890 refellen-

99 1905 149 1936 das
164 1905 319 1938 incitaret.
330 1905 459 1936 Videtur
473 1914 543 1944 ergo
560 1906 673 1946 primus
688 1904 728 1935 ad
743 1903 926 1944 Autolycum

100 1949 174 1981 liber
186 1960 248 1982 non
265 1955 326 1982 tam
346 1951 383 1981 ad
398 1950 597 1982 refellendum
608 1950 675 1980 data
698 1957 789 1989 opera
804 1957 927 1988 compo-

102 1995 183 2036 situs,
200 2006 290 2037 quam
309 1995 348 2027 ad
362 2004 398 2026 ea
412 1995 523 2026 litteris
537 1993 818 2034 consignanda,quaa
829 1993 928 2024 Theo-

102 2040 198 2080 philus
212 2041 364 2082 Autolyco
375 2039 649 2081 jamresponderat.
668 2039 746 2071 Hinc
761 2038 869 2069 librum
885 2045 931 2068 se-

103 2086 230 2117 cundum
247 2085 511 2125 hortatuAutolyci
519 2085 562 2115 sic
578 2082 929 2123 exorditurTheophilus,

103 2130 184 2170 quasi
200 2131 274 2162 nihil
291 2134 383 2162 antea
397 2130 436 2161 de
451 2129 598 2161 industria
611 2127 849 2169 scripsisset:K&’v
860 2127 930 2155 ἰδιώ-

956 928 1008 949 cur
1019 918 1203 958 Theophilus
1218 923 1384 958 temporum
1395 919 1629 958 descriptionem
1644 919 1680 949 ad
1691 927 1776 949 suam

955 972 1050 1004 usque
1058 967 1171 994 aetatem
1186 964 1347 1004 pollicitus,
1363 973 1456 995 annos
1480 963 1635 995 Commodi
1651 972 1709 994 non
1724 972 1775 994 re-

955 1012 1084 1045 censeat,
1103 1008 1158 1039 nisi
1174 1009 1243 1049 quia
1259 1009 1284 1040 is
1301 1009 1398 1040 adhuc
1414 1008 1590 1049 imperabat.

997 1054 1060 1090 Quo
1071 1057 1168 1084 autem
1179 1054 1415 1085 Commodianno
1424 1053 1630 1085 collocandum
1646 1054 1776 1093 sitopus.

957 1108 1016 1129 non
1033 1098 1117 1129 facile
1131 1098 1348 1130 statuitur.Non
1363 1099 1450 1138 longe
1465 1098 1500 1129 ab
1515 1098 1608 1129 initiis
1622 1095 1780 1130 Commodi

957 1143 1209 1180 collocabimus,si
1224 1147 1375 1174 auctorem
1388 1152 1549 1184 sequamur
1561 1143 1776 1183 Nicephorum,

959 1189 1007 1228 qui
1024 1192 1085 1219 tres
1097 1192 1125 1218 et
1135 1188 1238 1218 decem
1251 1188 1436 1228 episcopatus
1446 1197 1540 1219 annos
1548 1187 1712 1228 Theophilo
1725 1188 1779 1218 tri-

960 1233 1033 1264 buit.
1059 1234 1131 1264 Cum
1149 1232 1229 1263 enim
1252 1231 1450 1273 Theophilum
1466 1232 1624 1269 Eusebius,
1642 1237 1674 1264 ut
1689 1241 1780 1272 supra

960 1278 1097 1314 vidimus,
1114 1276 1196 1308 Eroti
1211 1277 1291 1308 circa
1303 1287 1415 1308 annum
1424 1278 1480 1310 168
1491 1278 1673 1309 successisse
1685 1281 1778 1308 teste-

961 1327 1029 1357 tur;
1046 1323 1070 1352 si
1088 1332 1156 1353 cum
1172 1321 1339 1362 Nicephoro
1363 1332 1456 1354 annos
1479 1323 1516 1353 l3
1540 1323 1729 1363 episcopatus
1752 1323 1781 1353 ei

960 1367 1076 1407 demus;
1094 1370 1236 1407 sequetur
1246 1367 1325 1398 circa
1337 1376 1447 1398 annum
1467 1367 1516 1398 181
1537 1371 1684 1398 mortuum
1701 1375 1779 1404 esse,

960 1422 993 1443 ac
1009 1411 1135 1452 proinde
1150 1415 1314 1443 extremum
1331 1412 1387 1443 hoc
1402 1416 1522 1452 opus,ut
1538 1421 1597 1443 non
1613 1412 1699 1450 longe
1715 1415 1782 1442 ante

963 1462 1101 1493 mortem,
1120 1457 1159 1487 ita
1173 1456 1227 1488 sub
1244 1457 1398 1488 Commodi
1414 1457 1603 1497 imperatoris
1617 1456 1701 1488 initia
1715 1456 1781 1487 elu-

963 1501 1316 1542 cubrasse.Theophilum
1331 1501 1692 1542 EutychiusAntiochenze
1705 1501 1784 1532 sedi-

963 1556 1056 1578 annos
1072 1547 1106 1578 21
1128 1546 1282 1586 prmfuisse
1293 1547 1397 1584 refert,
1407 1556 1442 1578 ex
1458 1557 1515 1586 quo
1530 1551 1707 1587 sequeretur
1716 1555 1783 1577 eum

963 1592 1042 1623 circa
1048 1602 1157 1623 annum
1169 1592 1226 1624 188
1235 1592 1419 1624 obiisse.Sed
1429 1593 1577 1633 antiquior
1584 1592 1783 1632 Nicephorus,

965 1642 996 1668 ut
1011 1637 1220 1668 Titlemontius
1230 1637 1379 1676 observat,
1396 1646 1430 1668 ac
1446 1637 1569 1677 majoris
1584 1646 1672 1677 quam
1699 1635 1786 1676 Euty-

965 1682 1051 1713 chins
1064 1682 1261 1714 auctoritatis.
1272 1681 1355 1718 Quod
1372 1689 1471 1713 autem
1487 1682 1518 1713 in
1526 1681 1646 1713 Eusebii
1658 1681 1786 1712 Chroni-

966 1728 1008 1758 cis
1019 1727 1163 1759 Maximus
1174 1726 1340 1767 Theophilo
1352 1731 1452 1758 nostro
1462 1727 1571 1758 dicitur
1580 1736 1659 1758 anno
1670 1726 1727 1757 1'77
1738 1730 1787 1757 aut

967 1773 1025 1804 178
1040 1772 1232 1809 successisse,
1249 1773 1279 1803 id
1296 1772 1485 1803 manifestum
1502 1776 1546 1803 est
1563 1777 1706 1804 erratum.

1008 1816 1093 1848 Aliud
1120 1821 1326 1856 argumentum
1357 1826 1410 1847 cur
1438 1818 1493 1848 ltoc
1509 1827 1583 1857 opus
1604 1817 1642 1848 ad
1658 1821 1789 1848 extrema

967 1861 1123 1893 Commodi
1139 1866 1272 1901 tempora
1293 1861 1377 1901 rejici
1389 1871 1446 1893 non
1463 1862 1579 1902 debeat,
1598 1861 1634 1893 ab
1662 1861 1787 1898 Irenaeo,

969 1907 1019 1948 qui
1036 1906 1209 1938 nonnullae
1240 1905 1404 1946 Theophilo
1431 1911 1531 1938 nostro
1561 1911 1709 1938 mutuatus
1734 1910 1790 1946 est,

970 1951 1187 1992 suppeditatur.
1212 1950 1369 1982 Scribebat
1394 1951 1525 1983 Irenaeus
1547 1951 1653 1982 librum
1671 1951 1788 1982 tertium

970 2000 1072 2028 contra
1089 1996 1217 2027 haereses
1233 1996 1288 2026 sub
1318 1996 1481 2027 Commodo
1497 2001 1525 2027 et
1554 1996 1728 2033 Eleuthero,
1758 2005 1792 2026 ac

972 2041 1097 2081 proinde
1113 2045 1179 2071 ante
1193 2050 1304 2071 annutn
1320 2041 1378 2072 195
1393 2051 1450 2081 quo
1467 2041 1647 2072 Commodus
1663 2041 1788 2076 occisus.

971 2086 1131 2118 Eleuthero
1146 2085 1249 2117 Victor
1264 2086 1418 2116 successit.
1443 2086 1537 2117 Porro
1551 2087 1682 2126 quinque
1701 2086 1792 2117 libros

972 2131 1113 2162 adversus
1129 2130 1257 2162 haereses
1269 2140 1327 2161 non
1343 2130 1431 2161 simul
1444 2131 1571 2171 vulgavit
1583 2130 1793 2170 Irenaeus,sed,

102 2185 149 2209 της
177 2176 199 2204 ὦ
214 2178 253 2214 τῷ
268 2175 358 2216 λόγῳ,
374 2175 445 2209 πλὴν
460 2174 589 2214 βούλομαί
605 2186 646 2203 σοι
662 2175 705 2202 καὶ
732 2177 775 2202 νῦν
799 2172 842 2201 διὰ
855 2171 915 2200 τοῦδ

976 2181 1004 2207 ut
1019 2176 1097 2206 inter
1113 2185 1217 2206 omnes
1228 2175 1378 2214 convenit,
1394 2175 1506 2216 aliquid
1517 2175 1604 2216 spatii
1628 2175 1797 2206 intercessit

103 2224 148 2248 τοῦ
176 2222 390 2261 συγγράμματος
405 2219 587 2260 ἀκριϐέστερον
602 2218 730 2252 ἐπιδεῖξαι
750 2219 800 2252 τὴν
816 2229 913 2256 ματαιο

976 2222 1053 2252 inter
1069 2222 1142 2251 duos
1159 2221 1284 2261 priores,
1298 2223 1328 2252 et
1343 2230 1394 2251 eos
1410 2220 1460 2261 qui
1468 2220 1622 2252 consecuti
1634 2224 1715 2260 sunt,
1729 2220 1798 2251 licet

105 2266 194 2293 πανίαν
221 2267 267 2295 καὶ
297 2265 416 2304 ματαίαν
449 2265 589 2304 θρησκείαν
612 2266 638 2293 ἓν
714 2263 830 2303 κατέχῃ,
866 2262 935 2291 ἀλλὰ

106 2311 148 2338 καὶ
174 2310 208 2338 δι’
223 2311 323 2350 ὀλίγων
347 2313 402 2338 τῶν
427 2310 494 2338 κατὰ
521 2310 550 2337 σὲ
579 2311 710 2348 ἱστθριῶν,
743 2309 780 2336 ὧν
801 2308 934 2348 ἀναγινώ-

105 2365 175 2386 σκεις
203 2355 272 2388 ’ίσως
301 2357 347 2384 καὶ
379 2353 482 2384 οὖδὲπω
510 2354 662 2393 γινώσκεις,
679 2354 710 2381 τὸ
724 2353 821 2386 ἀληθὲς
852 2363 935 2392 φανε-

108 2401 150 2439 ρὸν
161 2402 284 2434 ποιῆσαι.
318 2411 331 2426 α
361 2399 449 2431 Nunc
478 2402 577 2429 autem
599 2399 717 2430 hortatu
743 2402 804 2438 tuo,
828 2397 936 2438 inquit,

110 2444 244 2484 quamvis
263 2446 425 2485 imperitus
439 2443 496 2474 sim
525 2442 657 2480 dicendi,
672 2443 737 2474 volo
760 2447 859 2473 tamen
882 2441 938 2472 hoc

108 2499 222 2530 quoque
233 2490 340 2521 libello
351 2487 576 2521 accuratiustibi
588 2488 793 2519 demonstrare
802 2487 937 2518 inutilem

110 2534 240 2567 laborem
256 2539 286 2567 et
297 2535 422 2566 inanem
439 2533 683 2574 superstitionem
699 2541 755 2572 qua
770 2531 915 2564 detineris
932 2542 940 2570 ;

109 2579 169 2610 imo
187 2590 223 2611 ex
235 2584 407 2612 vestrarum
420 2578 613 2610 historiarum
629 2577 792 2615 nonnullis,
805 2586 871 2618 qua;
885 2580 942 2609 ate

976 2267 1052 2298 forte
1063 2276 1121 2297 non
1136 2275 1274 2304 magnum
1287 2265 1375 2296 fuerit
1385 2265 1689 2297 intervallum.Exstat
1698 2269 1797 2296 autem

977 2313 1006 2343 in
1022 2310 1097 2342 libro
1114 2311 1247 2341 secundo
1263 2310 1398 2351 quaedam
1410 2311 1663 2351 sententia,quam
1674 2309 1799 2341 mihivi-

977 2357 1052 2387 deor
1067 2365 1083 2386 e
1095 2354 1261 2395 Theophilo
1276 2356 1447 2396 decerptam
1460 2364 1519 2386 non
1543 2355 1666 2387 incertis
1682 2354 1801 2385 indiciis

980 2401 1213 2442 perspicere.Sic
1228 2400 1337 2431 refellit
1349 2400 1478 2431 Irenaaus
1494 2400 1700 2431 haereticorum
1717 2408 1801 2430 com-

980 2451 1080 2477 menta
1089 2445 1127 2476 de
1141 2445 1201 2476 Deo
1218 2450 1353 2476 creatore
1364 2454 1464 2476 verum
1476 2455 1509 2476 ac
1520 2454 1692 2485 supremum
1710 2443 1802 2475 Deum

981 2491 1136 2530 ignorante
1153 2490 1180 2516 51
1197 2501 1203 2520 :
1225 2491 1303 2521 «Aut
1319 2490 1453 2530 nunquid
1470 2490 1499 2521 hi
1514 2491 1565 2531 qui
1580 2490 1635 2521 sub
1652 2490 1804 2521 Romano-

983 2544 1049 2566 rum
1063 2535 1187 2575 imperio
1203 2539 1282 2572 sunt,
1301 2534 1434 2575 quamvis
1445 2544 1594 2575 nunquam
1605 2534 1732 2566 viderint
1746 2534 1806 2565 im-

988 2584 1167 2620 peratorem,
1197 2580 1249 2611 sed
1265 2580 1350 2610 valde
1367 2584 1396 2610 et
1412 2588 1464 2620 per
1488 2584 1597 2610 terram
1613 2584 1642 2610 et
1658 2589 1709 2620 per
1726 2587 1808 2609 mare

121 2624 257 2665 leguntur
268 2625 408 2666 quidem.
421 2624 496 2656 forte
507 2628 606 2655 autem
623 2623 755 2654 nondum
773 2622 946 2662 intelligun-
989 2625 1117 2665 separati
1129 2625 1165 2656 ab
1179 2629 1541 2665 eo,coguoscentpropter
1551 2625 1714 2656 dominium
1727 2633 1806 2660 eum,

111 2671 181 2709 'tur,
198 2679 303 2702 verum
321 2669 378 2701 tibi
394 2673 463 2701 ante
486 2669 587 2701 oculos
605 2667 950 2710 ponere.-InvitatAuto-

156 2743 180 2764 51
196 2743 251 2775 Lib
278 2752 313 2784 Il,
330 2753 360 2776 c.
376 2744 407 2781 6,
427 2752 458 2776 n.
471 2742 502 2774 2.

279 2813 410 2845 Parnm.
439 2814 482 2845 Gn
522 2814 574 2846 Vl.

992 2671 1041 2712 qui
1059 2670 1213 2701 maximam
1241 2670 1331 2701 habet
1346 2674 1518 2711 potestatem
1536 2669 1717 2710 principatus
1735 2679 1743 2707 ;
1761 2667 1811 2709 qui

1624 2806 1654 2838 7.
