  <div class='ocr_page' id='page_1' title='image "/cluster/home/n/w/nwhite01/storage/ocr_20150623/6/njp.32101077772364/160.png"; bbox 0 0 1974 3069; ppageno 0'>
   <div class='ocr_carea' id='block_1_1' title="bbox 184 133 246 167">
    <p class='ocr_par' dir='ltr' id='par_1_1' title="bbox 184 133 246 167">
     <span class='ocr_line' id='line_1_1' title="bbox 184 133 246 167; baseline 0.032 -2"><span class='ocrx_word' id='word_1_1' title='bbox 184 133 246 167; x_wconf 75' lang='grc'><strong>249</strong></span> 
     </span>
    </p>
   </div>
   <div class='ocr_carea' id='block_1_2' title="bbox 178 201 1011 245">
    <p class='ocr_par' dir='ltr' id='par_1_2' title="bbox 178 201 1011 245">
     <span class='ocr_line' id='line_1_2' title="bbox 178 201 1011 245; baseline 0.005 -15"><span class='ocrx_word' id='word_1_2' title='bbox 178 201 341 239; x_wconf 69' lang='grc' dir='ltr'>Ἀθηναῖος,</span> <span class='ocrx_word' id='word_1_3' title='bbox 359 202 446 243; x_wconf 77' lang='grc' dir='ltr'>ἀρχὰς</span> <span class='ocrx_word' id='word_1_4' title='bbox 477 203 530 232; x_wconf 85' lang='grc' dir='ltr'><strong>τῶν</strong></span> <span class='ocrx_word' id='word_1_5' title='bbox 561 202 643 231; x_wconf 73' lang='grc' dir='ltr'>ὄντων</span> <span class='ocrx_word' id='word_1_6' title='bbox 673 202 784 240; x_wconf 78' lang='grc' dir='ltr'>σώματα</span> <span class='ocrx_word' id='word_1_7' title='bbox 805 202 877 243; x_wconf 85' lang='grc' dir='ltr'>λόγῳ</span> <span class='ocrx_word' id='word_1_8' title='bbox 890 206 1011 245; x_wconf 72' lang='grc' dir='ltr'>θεωρητα</span> 
     </span>
    </p>
   </div>
   <div class='ocr_carea' id='block_1_3' title="bbox 180 246 1008 289">
    <p class='ocr_par' dir='ltr' id='par_1_3' title="bbox 180 246 1008 289">
     <span class='ocr_line' id='line_1_3' title="bbox 180 246 1008 289; baseline 0.001 -14"><span class='ocrx_word' id='word_1_9' title='bbox 180 247 254 276; x_wconf 76' lang='grc' dir='ltr'>εἶναι</span> <span class='ocrx_word' id='word_1_10' title='bbox 277 246 362 287; x_wconf 83' lang='grc' dir='ltr'>λέγει,</span> <span class='ocrx_word' id='word_1_11' title='bbox 386 248 510 288; x_wconf 75' lang='grc' dir='ltr'><strong>ἀμέτοχα</strong></span> <span class='ocrx_word' id='word_1_12' title='bbox 524 251 614 285; x_wconf 78' lang='grc' dir='ltr'>κενοῦ,</span> <span class='ocrx_word' id='word_1_13' title='bbox 630 247 774 287; x_wconf 75' lang='grc' dir='ltr'>ἁγέννητα,</span> <span class='ocrx_word' id='word_1_14' title='bbox 799 247 928 289; x_wconf 79' lang='grc' dir='ltr'>ἄφθαρτα,</span> <span class='ocrx_word' id='word_1_15' title='bbox 950 249 1008 279; x_wconf 70' lang='grc' dir='ltr'>οὔτε</span> 
     </span>
    </p>
   </div>
   <div class='ocr_carea' id='block_1_4' title="bbox 179 291 1008 333">
    <p class='ocr_par' dir='ltr' id='par_1_4' title="bbox 179 291 1008 333">
     <span class='ocr_line' id='line_1_4' title="bbox 179 291 1008 333; baseline 0.002 -13"><span class='ocrx_word' id='word_1_16' title='bbox 179 293 338 331; x_wconf 75' lang='grc' dir='ltr'>θραυσθῆναι</span> <span class='ocrx_word' id='word_1_17' title='bbox 366 292 510 333; x_wconf 79' lang='grc' dir='ltr'>δυνάμενα,</span> <span class='ocrx_word' id='word_1_18' title='bbox 543 292 600 321; x_wconf 71' lang='grc' dir='ltr'>οὕτε</span> <span class='ocrx_word' id='word_1_19' title='bbox 643 291 786 321; x_wconf 79' lang='grc' dir='ltr'>διάπλασιν</span> <span class='ocrx_word' id='word_1_20' title='bbox 814 293 881 333; x_wconf 77' lang='grc'><strong>(64)</strong></span> <span class='ocrx_word' id='word_1_21' title='bbox 900 294 930 323; x_wconf 75' lang='grc' dir='ltr'>ἐκ</span> <span class='ocrx_word' id='word_1_22' title='bbox 955 297 1008 323; x_wconf 80' lang='grc' dir='ltr'><strong>τῶν</strong></span> 
     </span>
    </p>
   </div>
   <div class='ocr_carea' id='block_1_5' title="bbox 183 336 1009 379">
    <p class='ocr_par' dir='ltr' id='par_1_5' title="bbox 183 336 1009 379">
     <span class='ocr_line' id='line_1_5' title="bbox 183 336 1009 379; baseline 0.005 -14"><span class='ocrx_word' id='word_1_23' title='bbox 183 339 272 376; x_wconf 75' lang='grc' dir='ltr'>μερῶν</span> <span class='ocrx_word' id='word_1_24' title='bbox 287 336 391 373; x_wconf 74' lang='grc' dir='ltr'>λαϐεῖν,</span> <span class='ocrx_word' id='word_1_25' title='bbox 407 337 465 366; x_wconf 72' lang='grc' dir='ltr'>οὕτε</span> <span class='ocrx_word' id='word_1_26' title='bbox 495 337 673 372; x_wconf 75' lang='grc' dir='ltr'><strong>ἀλλοιωθῆναι</strong></span> <span class='ocrx_word' id='word_1_27' title='bbox 690 345 698 352; x_wconf 88' lang='lat'><strong><em>‘</em></strong></span> <span class='ocrx_word' id='word_1_28' title='bbox 722 336 763 366; x_wconf 79' lang='grc' dir='ltr'><strong>διὰ</strong></span> <span class='ocrx_word' id='word_1_29' title='bbox 783 339 859 367; x_wconf 78' lang='grc' dir='ltr'>τοῦτο</span> <span class='ocrx_word' id='word_1_30' title='bbox 879 340 923 369; x_wconf 77' lang='grc' dir='ltr'><strong>καὶ</strong></span> <span class='ocrx_word' id='word_1_31' title='bbox 937 339 1009 379; x_wconf 83' lang='grc' dir='ltr'>λόγῳ</span> 
     </span>
    </p>
   </div>
   <div class='ocr_carea' id='block_1_6' title="bbox 182 381 1005 423">
    <p class='ocr_par' dir='ltr' id='par_1_6' title="bbox 182 381 1005 423">
     <span class='ocr_line' id='line_1_6' title="bbox 182 381 1005 423; baseline 0.007 -14"><span class='ocrx_word' id='word_1_32' title='bbox 182 381 314 421; x_wconf 81' lang='grc' dir='ltr'>θεωρητά,</span> <span class='ocrx_word' id='word_1_33' title='bbox 358 381 544 420; x_wconf 69' lang='grc' dir='ltr'><strong>Ἐμπεδοκλῆς</strong></span> <span class='ocrx_word' id='word_1_34' title='bbox 578 382 713 422; x_wconf 80' lang='grc' dir='ltr'>Μέτωνος,</span> <span class='ocrx_word' id='word_1_35' title='bbox 745 383 759 411; x_wconf 81' lang='grc' dir='ltr'>ὁ</span> <span class='ocrx_word' id='word_1_36' title='bbox 787 383 1005 423; x_wconf 79' lang='grc' dir='ltr'>Ἀκραγαντῖνος,</span> 
     </span>
    </p>
   </div>
   <div class='ocr_carea' id='block_1_7' title="bbox 184 425 1009 469">
    <p class='ocr_par' dir='ltr' id='par_1_7' title="bbox 184 425 1009 469">
     <span class='ocr_line' id='line_1_7' title="bbox 184 425 1009 469; baseline 0.004 -15"><span class='ocrx_word' id='word_1_37' title='bbox 184 425 299 465; x_wconf 80' lang='grc' dir='ltr'>τέσσαρα</span> <span class='ocrx_word' id='word_1_38' title='bbox 330 433 469 466; x_wconf 73' lang='grc' dir='ltr'>στοιχεῖα,</span> <span class='ocrx_word' id='word_1_39' title='bbox 492 430 554 467; x_wconf 77' lang='grc' dir='ltr'>πῦρ,</span> <span class='ocrx_word' id='word_1_40' title='bbox 571 426 648 467; x_wconf 79' lang='grc' dir='ltr'>ἀέρα,</span> <span class='ocrx_word' id='word_1_41' title='bbox 671 426 749 466; x_wconf 74' lang='grc' dir='ltr'>ὕδωρ,</span> <span class='ocrx_word' id='word_1_42' title='bbox 765 430 816 466; x_wconf 80' lang='grc' dir='ltr'>γῆν</span> <span class='ocrx_word' id='word_1_43' title='bbox 833 437 841 446; x_wconf 76' lang='grc'><strong><em>⁸</em></strong></span> <span class='ocrx_word' id='word_1_44' title='bbox 858 427 901 457; x_wconf 84' lang='grc' dir='ltr'>δύο</span> <span class='ocrx_word' id='word_1_45' title='bbox 917 428 944 457; x_wconf 81' lang='grc' dir='ltr'>δὲ</span> <span class='ocrx_word' id='word_1_46' title='bbox 960 430 1009 469; x_wconf 78' lang='grc' dir='ltr'><strong>ἆρ-</strong></span> 
     </span>
    </p>
   </div>
   <div class='ocr_carea' id='block_1_8' title="bbox 186 469 1008 512">
    <p class='ocr_par' dir='ltr' id='par_1_8' title="bbox 186 469 1008 512">
     <span class='ocr_line' id='line_1_8' title="bbox 186 469 1008 512; baseline 0.005 -14"><span class='ocrx_word' id='word_1_47' title='bbox 186 471 267 510; x_wconf 79' lang='grc' dir='ltr'>χικὰς</span> <span class='ocrx_word' id='word_1_48' title='bbox 289 469 425 511; x_wconf 72' lang='grc' dir='ltr'>δυνάμεις,</span> <span class='ocrx_word' id='word_1_49' title='bbox 462 471 550 511; x_wconf 80' lang='grc' dir='ltr'>φιλίαν</span> <span class='ocrx_word' id='word_1_50' title='bbox 579 482 608 499; x_wconf 84' lang='grc' dir='ltr'><strong>τε</strong></span> <span class='ocrx_word' id='word_1_51' title='bbox 637 472 679 499; x_wconf 83' lang='grc' dir='ltr'><strong>καὶ</strong></span> <span class='ocrx_word' id='word_1_52' title='bbox 709 478 796 503; x_wconf 76' lang='grc' dir='ltr'>νεῖκος</span> <span class='ocrx_word' id='word_1_53' title='bbox 815 480 823 488; x_wconf 85' lang='grc'><strong>”</strong></span> <span class='ocrx_word' id='word_1_54' title='bbox 860 473 896 501; x_wconf 84' lang='grc' dir='ltr'><strong>ών</strong></span> <span class='ocrx_word' id='word_1_55' title='bbox 920 474 936 508; x_wconf 74' lang='grc' dir='ltr'>ἡ</span> <span class='ocrx_word' id='word_1_56' title='bbox 959 474 1008 512; x_wconf 77' lang='grc' dir='ltr'>μὲν</span> 
     </span>
    </p>
   </div>
   <div class='ocr_carea' id='block_1_9' title="bbox 184 511 1007 556">
    <p class='ocr_par' dir='ltr' id='par_1_9' title="bbox 184 511 1007 556">
     <span class='ocr_line' id='line_1_9' title="bbox 184 511 1007 556; baseline 0.004 -13"><span class='ocrx_word' id='word_1_57' title='bbox 184 514 255 543; x_wconf 77' lang='grc' dir='ltr'>ἔστιν</span> <span class='ocrx_word' id='word_1_58' title='bbox 281 516 405 550; x_wconf 77' lang='grc' dir='ltr'>ἑνωτικὴ,</span> <span class='ocrx_word' id='word_1_59' title='bbox 431 516 462 544; x_wconf 73' lang='grc' dir='ltr'><strong>τὸ</strong></span> <span class='ocrx_word' id='word_1_60' title='bbox 492 515 518 543; x_wconf 78' lang='grc' dir='ltr'>δὲ</span> <span class='ocrx_word' id='word_1_61' title='bbox 547 515 715 555; x_wconf 79' lang='grc' dir='ltr'>διαιρετικόν.</span> <span class='ocrx_word' id='word_1_62' title='bbox 742 511 833 556; x_wconf 78' lang='grc' dir='ltr'>Ὀρᾶτε</span> <span class='ocrx_word' id='word_1_63' title='bbox 852 518 936 548; x_wconf 69' lang='grc' dir='ltr'>τοίνυν</span> <span class='ocrx_word' id='word_1_64' title='bbox 958 511 1007 553; x_wconf 79' lang='grc' dir='ltr'><strong>τὴν</strong></span> 
     </span>
    </p>
   </div>
   <div class='ocr_carea' id='block_1_10' title="bbox 182 557 1007 600">
    <p class='ocr_par' dir='ltr' id='par_1_10' title="bbox 182 557 1007 600">
     <span class='ocr_line' id='line_1_10' title="bbox 182 557 1007 600; baseline 0.006 -13"><span class='ocrx_word' id='word_1_65' title='bbox 182 557 289 591; x_wconf 77' lang='grc' dir='ltr'>ἀταξίαν</span> <span class='ocrx_word' id='word_1_66' title='bbox 309 562 362 588; x_wconf 78' lang='grc' dir='ltr'><strong>τῶν</strong></span> <span class='ocrx_word' id='word_1_67' title='bbox 391 560 454 599; x_wconf 86' lang='grc' dir='ltr'>παρ’</span> <span class='ocrx_word' id='word_1_68' title='bbox 477 561 541 598; x_wconf 78' lang='grc' dir='ltr'>ὑμῖν</span> <span class='ocrx_word' id='word_1_69' title='bbox 570 559 745 598; x_wconf 75' lang='grc' dir='ltr'>νομισθέντων</span> <span class='ocrx_word' id='word_1_70' title='bbox 780 563 938 600; x_wconf 75' lang='grc' dir='ltr'>γεγενῆσθαι</span> <span class='ocrx_word' id='word_1_71' title='bbox 959 574 1007 592; x_wconf 87' lang='grc' dir='ltr'>σο-</span> 
     </span>
    </p>
   </div>
   <div class='ocr_carea' id='block_1_11' title="bbox 182 603 1006 646">
    <p class='ocr_par' dir='ltr' id='par_1_11' title="bbox 182 603 1006 646">
     <span class='ocr_line' id='line_1_11' title="bbox 182 603 1006 646; baseline 0.006 -15"><span class='ocrx_word' id='word_1_72' title='bbox 182 606 251 642; x_wconf 81' lang='grc' dir='ltr'>φῶν,</span> <span class='ocrx_word' id='word_1_73' title='bbox 281 603 323 635; x_wconf 70' lang='grc' dir='ltr'><strong>οὕς</strong></span> <span class='ocrx_word' id='word_1_74' title='bbox 357 603 530 637; x_wconf 68' lang='grc' dir='ltr'>διδασκάλους</span> <span class='ocrx_word' id='word_1_75' title='bbox 559 605 631 641; x_wconf 82' lang='grc' dir='ltr'>ὑμῶν</span> <span class='ocrx_word' id='word_1_76' title='bbox 660 606 709 639; x_wconf 74' lang='grc' dir='ltr'>τῆς</span> <span class='ocrx_word' id='word_1_77' title='bbox 729 604 877 639; x_wconf 80' lang='grc' dir='ltr'>θεοσεϐείας</span> <span class='ocrx_word' id='word_1_78' title='bbox 893 608 1006 646; x_wconf 79' lang='grc' dir='ltr'>γεγενῆ-</span> 
     </span>
    </p>
   </div>
   <div class='ocr_carea' id='block_1_12' title="bbox 182 648 1007 693">
    <p class='ocr_par' dir='ltr' id='par_1_12' title="bbox 182 648 1007 693">
     <span class='ocr_line' id='line_1_12' title="bbox 182 648 1007 693; baseline 0.007 -18"><span class='ocrx_word' id='word_1_79' title='bbox 182 648 243 676; x_wconf 73' lang='grc' dir='ltr'>σθαί</span> <span class='ocrx_word' id='word_1_80' title='bbox 270 659 347 689; x_wconf 75' lang='grc' dir='ltr'>φατε,</span> <span class='ocrx_word' id='word_1_81' title='bbox 378 653 431 678; x_wconf 84' lang='grc' dir='ltr'>τῶν</span> <span class='ocrx_word' id='word_1_82' title='bbox 480 650 541 688; x_wconf 73' lang='grc' dir='ltr'>μὲν,</span> <span class='ocrx_word' id='word_1_83' title='bbox 575 649 642 690; x_wconf 77' lang='grc' dir='ltr'>ὕδωρ</span> <span class='ocrx_word' id='word_1_84' title='bbox 677 650 890 691; x_wconf 68' lang='grc' dir='ltr'>ἀποφηναμένων</span> <span class='ocrx_word' id='word_1_85' title='bbox 919 652 1007 693; x_wconf 75' lang='grc' dir='ltr'>ἀρχὴν</span> 
     </span>
    </p>
   </div>
   <div class='ocr_carea' id='block_1_13' title="bbox 183 692 1008 736">
    <p class='ocr_par' dir='ltr' id='par_1_13' title="bbox 183 692 1008 736">
     <span class='ocr_line' id='line_1_13' title="bbox 183 692 1008 736; baseline 0.005 -16"><span class='ocrx_word' id='word_1_86' title='bbox 183 692 307 721; x_wconf 75' lang='grc' dir='ltr'>ἁπάντων</span> <span class='ocrx_word' id='word_1_87' title='bbox 329 695 399 722; x_wconf 84' lang='grc' dir='ltr'>εἶναι</span> <span class='ocrx_word' id='word_1_88' title='bbox 417 703 424 711; x_wconf 87' lang='grc'><strong>”</strong></span> <span class='ocrx_word' id='word_1_89' title='bbox 447 697 501 723; x_wconf 85' lang='grc' dir='ltr'><strong>τῶν</strong></span> <span class='ocrx_word' id='word_1_90' title='bbox 524 693 551 722; x_wconf 83' lang='grc' dir='ltr'>δὲ</span> <span class='ocrx_word' id='word_1_91' title='bbox 567 694 631 734; x_wconf 79' lang='grc' dir='ltr'>ἀέρα</span> <span class='ocrx_word' id='word_1_92' title='bbox 655 694 714 735; x_wconf 77' lang='lat'><strong>(65)</strong></span> <span class='ocrx_word' id='word_1_93' title='bbox 728 703 735 710; x_wconf 83' lang='lat'>&#39;</span> <span class='ocrx_word' id='word_1_94' title='bbox 760 699 812 724; x_wconf 86' lang='grc' dir='ltr'>τῶν</span> <span class='ocrx_word' id='word_1_95' title='bbox 835 694 862 724; x_wconf 79' lang='grc' dir='ltr'>δὲ</span> <span class='ocrx_word' id='word_1_96' title='bbox 877 700 938 736; x_wconf 65' lang='grc' dir='ltr'>πῦρθ</span> <span class='ocrx_word' id='word_1_97' title='bbox 954 692 1008 726; x_wconf 79' lang='grc' dir='ltr'>τῶν</span> 
     </span>
    </p>
   </div>
   <div class='ocr_carea' id='block_1_14' title="bbox 182 736 1008 778">
    <p class='ocr_par' dir='ltr' id='par_1_14' title="bbox 182 736 1008 778">
     <span class='ocr_line' id='line_1_14' title="bbox 182 736 1008 778; baseline 0.006 -13"><span class='ocrx_word' id='word_1_98' title='bbox 182 736 211 764; x_wconf 77' lang='grc' dir='ltr'>δὲ</span> <span class='ocrx_word' id='word_1_99' title='bbox 237 737 302 766; x_wconf 78' lang='grc' dir='ltr'>ἄλλο</span> <span class='ocrx_word' id='word_1_100' title='bbox 327 749 352 767; x_wconf 79' lang='grc' dir='ltr'><strong>τι</strong></span> <span class='ocrx_word' id='word_1_101' title='bbox 382 740 433 767; x_wconf 82' lang='grc' dir='ltr'>τῶν</span> <span class='ocrx_word' id='word_1_102' title='bbox 464 739 664 778; x_wconf 81' lang='grc' dir='ltr'>προειρημένων</span> <span class='ocrx_word' id='word_1_103' title='bbox 681 749 688 755; x_wconf 90' lang='grc'>·</span> <span class='ocrx_word' id='word_1_104' title='bbox 719 740 762 768; x_wconf 84' lang='grc' dir='ltr'><strong>καὶ</strong></span> <span class='ocrx_word' id='word_1_105' title='bbox 787 740 894 769; x_wconf 82' lang='grc' dir='ltr'>πάντων</span> <span class='ocrx_word' id='word_1_106' title='bbox 908 742 1008 770; x_wconf 82' lang='grc' dir='ltr'>τούτων</span> 
     </span>
    </p>
   </div>
   <div class='ocr_carea' id='block_1_15' title="bbox 185 783 1008 824">
    <p class='ocr_par' dir='ltr' id='par_1_15' title="bbox 185 783 1008 824">
     <span class='ocr_line' id='line_1_15' title="bbox 185 783 1008 824; baseline 0.006 -14"><span class='ocrx_word' id='word_1_107' title='bbox 185 783 307 816; x_wconf 79' lang='grc' dir='ltr'>πιθανοῖς</span> <span class='ocrx_word' id='word_1_108' title='bbox 322 794 374 811; x_wconf 85' lang='grc' dir='ltr'>τισι</span> <span class='ocrx_word' id='word_1_109' title='bbox 403 783 494 823; x_wconf 78' lang='grc' dir='ltr'>λόγοις</span> <span class='ocrx_word' id='word_1_110' title='bbox 516 784 582 823; x_wconf 81' lang='grc' dir='ltr'>πρὸς</span> <span class='ocrx_word' id='word_1_111' title='bbox 605 784 770 818; x_wconf 71' lang='grc' dir='ltr'>κατασκευὴν</span> <span class='ocrx_word' id='word_1_112' title='bbox 791 785 845 813; x_wconf 80' lang='grc' dir='ltr'><strong>τῶν</strong></span> <span class='ocrx_word' id='word_1_113' title='bbox 860 786 898 824; x_wconf 86' lang='grc' dir='ltr'><strong>μὴ</strong></span> <span class='ocrx_word' id='word_1_114' title='bbox 919 786 1008 819; x_wconf 83' lang='grc' dir='ltr'>καλῶς</span> 
     </span>
    </p>
   </div>
   <div class='ocr_carea' id='block_1_16' title="bbox 185 825 1009 870">
    <p class='ocr_par' dir='ltr' id='par_1_16' title="bbox 185 825 1009 870">
     <span class='ocr_line' id='line_1_16' title="bbox 185 825 1009 870; baseline 0.006 -16"><span class='ocrx_word' id='word_1_115' title='bbox 185 825 316 858; x_wconf 71' lang='grc' dir='ltr'>δοξάντων</span> <span class='ocrx_word' id='word_1_116' title='bbox 344 827 435 859; x_wconf 72' lang='grc' dir='ltr'>αὐτοῖς</span> <span class='ocrx_word' id='word_1_117' title='bbox 452 828 610 868; x_wconf 66' lang='grc' dir='ltr'>χρωμένων,</span> <span class='ocrx_word' id='word_1_118' title='bbox 626 830 670 857; x_wconf 85' lang='grc' dir='ltr'>καὶ</span> <span class='ocrx_word' id='word_1_119' title='bbox 685 830 716 857; x_wconf 80' lang='grc' dir='ltr'>τὸ</span> <span class='ocrx_word' id='word_1_120' title='bbox 731 828 799 857; x_wconf 78' lang='grc' dir='ltr'>ἴδιον</span> <span class='ocrx_word' id='word_1_121' title='bbox 815 828 900 869; x_wconf 80' lang='grc' dir='ltr'>δόγμα</span> <span class='ocrx_word' id='word_1_122' title='bbox 915 842 1009 870; x_wconf 84' lang='grc' dir='ltr'>προτι-</span> 
     </span>
    </p>
   </div>
   <div class='ocr_carea' id='block_1_17' title="bbox 186 871 1011 913">
    <p class='ocr_par' dir='ltr' id='par_1_17' title="bbox 186 871 1011 913">
     <span class='ocr_line' id='line_1_17' title="bbox 186 871 1011 913; baseline 0.007 -15"><span class='ocrx_word' id='word_1_123' title='bbox 186 871 300 909; x_wconf 77' lang='grc' dir='ltr'>μότερον</span> <span class='ocrx_word' id='word_1_124' title='bbox 343 871 549 913; x_wconf 77' lang='grc' dir='ltr'>ἐπιχειρούντων</span> <span class='ocrx_word' id='word_1_125' title='bbox 579 872 718 902; x_wconf 79' lang='grc' dir='ltr'>δεικνύναι.</span> <span class='ocrx_word' id='word_1_126' title='bbox 749 873 826 902; x_wconf 79' lang='grc' dir='ltr'>Ταύθ’</span> <span class='ocrx_word' id='word_1_127' title='bbox 854 873 899 903; x_wconf 85' lang='grc' dir='ltr'><strong>ὑπ’</strong></span> <span class='ocrx_word' id='word_1_128' title='bbox 927 877 1011 904; x_wconf 70' lang='grc' dir='ltr'>αὗτῶν</span> 
     </span>
    </p>
   </div>
   <div class='ocr_carea' id='block_1_18' title="bbox 187 914 1010 960">
    <p class='ocr_par' dir='ltr' id='par_1_18' title="bbox 187 914 1010 960">
     <span class='ocr_line' id='line_1_18' title="bbox 187 914 1010 960; baseline 0.009 -17"><span class='ocrx_word' id='word_1_129' title='bbox 187 914 308 954; x_wconf 77' lang='grc' dir='ltr'>εἴρηται.</span> <span class='ocrx_word' id='word_1_130' title='bbox 332 918 392 949; x_wconf 83' lang='grc' dir='ltr'><strong>Ιιῶς</strong></span> <span class='ocrx_word' id='word_1_131' title='bbox 424 918 468 946; x_wconf 74' lang='grc' dir='ltr'>οὖν</span> <span class='ocrx_word' id='word_1_132' title='bbox 491 917 620 958; x_wconf 74' lang='grc' dir='ltr'>ἀσφαλὲς,</span> <span class='ocrx_word' id='word_1_133' title='bbox 643 919 666 946; x_wconf 85' lang='grc' dir='ltr'>ὦ</span> <span class='ocrx_word' id='word_1_134' title='bbox 681 917 935 960; x_wconf 80' lang='grc' dir='ltr'>ἄνδρες’¹Ελληνες,</span> <span class='ocrx_word' id='word_1_135' title='bbox 952 927 1010 953; x_wconf 75' lang='grc' dir='ltr'>τοῖς</span> 
     </span>
    </p>
   </div>
   <div class='ocr_carea' id='block_1_19' title="bbox 185 961 1010 1003">
    <p class='ocr_par' dir='ltr' id='par_1_19' title="bbox 185 961 1010 1003">
     <span class='ocr_line' id='line_1_19' title="bbox 185 961 1010 1003; baseline 0.007 -14"><span class='ocrx_word' id='word_1_136' title='bbox 185 962 314 996; x_wconf 83' lang='grc' dir='ltr'>σώζεσθαι</span> <span class='ocrx_word' id='word_1_137' title='bbox 356 961 527 1000; x_wconf 80' lang='grc' dir='ltr'>βουλομένοις</span> <span class='ocrx_word' id='word_1_138' title='bbox 564 962 635 1002; x_wconf 83' lang='grc'>(66),</span> <span class='ocrx_word' id='word_1_139' title='bbox 671 964 743 1003; x_wconf 77' lang='grc' dir='ltr'>παρὰ</span> <span class='ocrx_word' id='word_1_140' title='bbox 785 964 884 992; x_wconf 68' lang='grc' dir='ltr'>τούτων</span> <span class='ocrx_word' id='word_1_141' title='bbox 909 964 1010 995; x_wconf 77' lang='grc' dir='ltr'>οἴεσθαι</span> 
     </span>
    </p>
   </div>
   <div class='ocr_carea' id='block_1_20' title="bbox 185 1005 1010 1048">
    <p class='ocr_par' dir='ltr' id='par_1_20' title="bbox 185 1005 1010 1048">
     <span class='ocr_line' id='line_1_20' title="bbox 185 1005 1010 1048; baseline 0.006 -15"><span class='ocrx_word' id='word_1_142' title='bbox 185 1005 309 1034; x_wconf 77' lang='grc' dir='ltr'>δύνασθαι</span> <span class='ocrx_word' id='word_1_143' title='bbox 336 1006 386 1040; x_wconf 78' lang='grc' dir='ltr'><strong>τὴν</strong></span> <span class='ocrx_word' id='word_1_144' title='bbox 413 1006 499 1041; x_wconf 79' lang='grc' dir='ltr'>ἄληθῆ</span> <span class='ocrx_word' id='word_1_145' title='bbox 526 1006 675 1036; x_wconf 77' lang='grc' dir='ltr'>θεοσέϐειαν</span> <span class='ocrx_word' id='word_1_146' title='bbox 701 1008 851 1046; x_wconf 70' lang='grc' dir='ltr'>μανθάνειν,</span> <span class='ocrx_word' id='word_1_147' title='bbox 874 1013 926 1038; x_wconf 89' lang='grc' dir='ltr'>τῶν</span> <span class='ocrx_word' id='word_1_148' title='bbox 942 1010 1010 1048; x_wconf 74' lang='grc' dir='ltr'>μηδὲ</span> 
     </span>
    </p>
   </div>
   <div class='ocr_carea' id='block_1_21' title="bbox 184 1049 1008 1092">
    <p class='ocr_par' dir='ltr' id='par_1_21' title="bbox 184 1049 1008 1092">
     <span class='ocr_line' id='line_1_21' title="bbox 184 1049 1008 1092; baseline 0.007 -14"><span class='ocrx_word' id='word_1_149' title='bbox 184 1049 281 1082; x_wconf 74' lang='grc' dir='ltr'>αὐτοὺς</span> <span class='ocrx_word' id='word_1_150' title='bbox 396 1058 489 1080; x_wconf 75' lang='grc' dir='ltr'>πεῖσαι</span> <span class='ocrx_word' id='word_1_151' title='bbox 511 1051 672 1086; x_wconf 77' lang='grc' dir='ltr'>δυνηθέντων</span> <span class='ocrx_word' id='word_1_152' title='bbox 688 1053 717 1081; x_wconf 82' lang='grc' dir='ltr'>τὸ</span> <span class='ocrx_word' id='word_1_153' title='bbox 742 1053 781 1090; x_wconf 76' lang='grc' dir='ltr'>μὴ</span> <span class='ocrx_word' id='word_1_154' title='bbox 795 1054 860 1092; x_wconf 83' lang='grc' dir='ltr'>πρὸς</span> <span class='ocrx_word' id='word_1_155' title='bbox 876 1053 1008 1090; x_wconf 77' lang='grc' dir='ltr'>ἀλλήλους</span> 
     </span>
    </p>
   </div>
   <div class='ocr_carea' id='block_1_22' title="bbox 184 1095 1009 1172">
    <p class='ocr_par' dir='ltr' id='par_1_22' title="bbox 184 1095 1009 1172">
     <span class='ocr_line' id='line_1_22' title="bbox 184 1095 1009 1172; baseline 0.006 -49"><span class='ocrx_word' id='word_1_156' title='bbox 184 1095 347 1172; x_wconf 48' lang='lat' dir='ltr'><strong>gentiam,</strong></span> <span class='ocrx_word' id='word_1_157' title='bbox 392 1095 457 1134; x_wconf 77' lang='grc' dir='ltr'>μηδ’</span> <span class='ocrx_word' id='word_1_158' title='bbox 494 1097 605 1125; x_wconf 73' lang='grc' dir='ltr'>ἐναντίοι</span> <span class='ocrx_word' id='word_1_159' title='bbox 645 1097 693 1131; x_wconf 73' lang='grc' dir='ltr'>τῆς</span> <span class='ocrx_word' id='word_1_160' title='bbox 722 1096 847 1133; x_wconf 76' lang='grc' dir='ltr'>ἀλλήλων</span> <span class='ocrx_word' id='word_1_161' title='bbox 875 1099 1009 1139; x_wconf 76' lang='grc' dir='ltr'>φαίνεσθαι</span> 
     </span>
     <span class='ocr_line' id='line_1_23' title="bbox 230 1148 285 1172; baseline 0 -1"><span class='ocrx_word' id='word_1_162' title='bbox 230 1148 285 1172; x_wconf 69' lang='grc' dir='ltr'><strong>τιςῖ</strong></span> 
     </span>
    </p>
   </div>
   <div class='ocr_carea' id='block_1_23' title="bbox 230 1148 285 1177">
    <p class='ocr_par' dir='ltr' id='par_1_23' title="bbox 230 1148 285 1177">
     <span class='ocr_line' id='line_1_24' title="bbox 230 1148 285 1177; baseline -0.055 -4"><span class='ocrx_word' id='word_1_163' title='bbox 230 1148 285 1177; x_wconf 66' lang='lat' dir='ltr'><strong>ne;</strong></span> 
     </span>
    </p>
   </div>
   <div class='ocr_carea' id='block_1_24' title="bbox 229 1274 1010 1316">
    <p class='ocr_par' dir='ltr' id='par_1_24' title="bbox 229 1274 1010 1316">
     <span class='ocr_line' id='line_1_25' title="bbox 229 1274 1010 1316; baseline 0.003 -13"><span class='ocrx_word' id='word_1_164' title='bbox 229 1274 259 1304; x_wconf 85' lang='lat'><strong>5.</strong></span> <span class='ocrx_word' id='word_1_165' title='bbox 277 1274 350 1303; x_wconf 86' lang='grc' dir='ltr'>Ἀλλ’</span> <span class='ocrx_word' id='word_1_166' title='bbox 364 1275 432 1308; x_wconf 65' lang='grc' dir='ltr'>ἴσως</span> <span class='ocrx_word' id='word_1_167' title='bbox 448 1276 471 1304; x_wconf 77' lang='grc' dir='ltr'>οἱ</span> <span class='ocrx_word' id='word_1_168' title='bbox 493 1277 543 1309; x_wconf 81' lang='grc' dir='ltr'>τῆς</span> <span class='ocrx_word' id='word_1_169' title='bbox 571 1275 686 1316; x_wconf 68' lang='grc' dir='ltr'>ἀρχαίας</span> <span class='ocrx_word' id='word_1_170' title='bbox 715 1277 760 1304; x_wconf 83' lang='grc' dir='ltr'>καὶ</span> <span class='ocrx_word' id='word_1_171' title='bbox 779 1275 894 1308; x_wconf 84' lang='grc' dir='ltr'>παλαιᾶς</span> <span class='ocrx_word' id='word_1_172' title='bbox 909 1277 1010 1311; x_wconf 72' lang='grc' dir='ltr'>ἐκείνης</span> 
     </span>
    </p>
   </div>
   <div class='ocr_carea' id='block_1_25' title="bbox 186 1319 1011 1360">
    <p class='ocr_par' dir='ltr' id='par_1_25' title="bbox 186 1319 1011 1360">
     <span class='ocr_line' id='line_1_26' title="bbox 186 1319 1011 1360; baseline 0.001 -12"><span class='ocrx_word' id='word_1_173' title='bbox 186 1319 337 1353; x_wconf 76' lang='grc' dir='ltr'>ἀποστῆναι</span> <span class='ocrx_word' id='word_1_174' title='bbox 366 1320 404 1357; x_wconf 85' lang='grc' dir='ltr'><strong>μὴ</strong></span> <span class='ocrx_word' id='word_1_175' title='bbox 433 1319 588 1358; x_wconf 82' lang='grc' dir='ltr'>βουλόμενοι</span> <span class='ocrx_word' id='word_1_176' title='bbox 614 1319 730 1357; x_wconf 78' lang='grc' dir='ltr'>πλάνης,</span> <span class='ocrx_word' id='word_1_177' title='bbox 757 1320 787 1348; x_wconf 72' lang='grc' dir='ltr'>οὔ</span> <span class='ocrx_word' id='word_1_178' title='bbox 799 1332 862 1360; x_wconf 79' lang='grc' dir='ltr'>φασι</span> <span class='ocrx_word' id='word_1_179' title='bbox 876 1322 945 1360; x_wconf 74' lang='grc' dir='ltr'>παρὰ</span> <span class='ocrx_word' id='word_1_180' title='bbox 958 1323 1011 1350; x_wconf 83' lang='grc' dir='ltr'>τῶν</span> 
     </span>
    </p>
   </div>
   <div class='ocr_carea' id='block_1_26' title="bbox 186 1363 1011 1405">
    <p class='ocr_par' dir='ltr' id='par_1_26' title="bbox 186 1363 1011 1405">
     <span class='ocr_line' id='line_1_27' title="bbox 186 1363 1011 1405; baseline 0.005 -13"><span class='ocrx_word' id='word_1_181' title='bbox 186 1364 399 1405; x_wconf 80' lang='grc' dir='ltr'>προειρημένων,</span> <span class='ocrx_word' id='word_1_182' title='bbox 449 1363 517 1393; x_wconf 80' lang='grc' dir='ltr'>ἂλλὰ</span> <span class='ocrx_word' id='word_1_183' title='bbox 555 1365 626 1401; x_wconf 71' lang='grc' dir='ltr'>παρὰ</span> <span class='ocrx_word' id='word_1_184' title='bbox 671 1367 723 1393; x_wconf 85' lang='grc' dir='ltr'><strong>τῶν</strong></span> <span class='ocrx_word' id='word_1_185' title='bbox 751 1364 925 1398; x_wconf 77' lang='grc' dir='ltr'>ἐνδοξοτάτων</span> <span class='ocrx_word' id='word_1_186' title='bbox 968 1368 1011 1396; x_wconf 80' lang='grc' dir='ltr'><strong>καὶ</strong></span> 
     </span>
    </p>
   </div>
   <div class='ocr_carea' id='block_1_27' title="bbox 186 1408 1012 1449">
    <p class='ocr_par' dir='ltr' id='par_1_27' title="bbox 186 1408 1012 1449">
     <span class='ocr_line' id='line_1_28' title="bbox 186 1408 1012 1449; baseline 0.004 -12"><span class='ocrx_word' id='word_1_187' title='bbox 186 1408 363 1438; x_wconf 81' lang='grc' dir='ltr'>τελειοτάτων</span> <span class='ocrx_word' id='word_1_188' title='bbox 379 1411 406 1438; x_wconf 70' lang='grc' dir='ltr'>ἓν</span> <span class='ocrx_word' id='word_1_189' title='bbox 439 1409 520 1449; x_wconf 78' lang='grc' dir='ltr'>ἀρετῇ</span> <span class='ocrx_word' id='word_1_190' title='bbox 548 1409 725 1447; x_wconf 80' lang='grc' dir='ltr'>νομισθέντων</span> <span class='ocrx_word' id='word_1_191' title='bbox 750 1412 820 1438; x_wconf 77' lang='grc' dir='ltr'>εἶναι</span> <span class='ocrx_word' id='word_1_192' title='bbox 835 1410 898 1447; x_wconf 82' lang='grc' dir='ltr'>παρ’</span> <span class='ocrx_word' id='word_1_193' title='bbox 922 1412 1012 1444; x_wconf 77' lang='grc' dir='ltr'>αὑτοῖς</span> 
     </span>
    </p>
   </div>
   <div class='ocr_carea' id='block_1_28' title="bbox 191 1453 1012 1496">
    <p class='ocr_par' dir='ltr' id='par_1_28' title="bbox 191 1453 1012 1496">
     <span class='ocr_line' id='line_1_29' title="bbox 191 1453 1012 1496; baseline 0.004 -15"><span class='ocrx_word' id='word_1_194' title='bbox 191 1453 355 1493; x_wconf 71' lang='grc' dir='ltr'>φιλοσόφων,</span> <span class='ocrx_word' id='word_1_195' title='bbox 385 1454 429 1482; x_wconf 79' lang='grc' dir='ltr'>τὸν</span> <span class='ocrx_word' id='word_1_196' title='bbox 467 1454 526 1493; x_wconf 84' lang='grc' dir='ltr'>περὶ</span> <span class='ocrx_word' id='word_1_197' title='bbox 572 1456 621 1487; x_wconf 88' lang='grc' dir='ltr'>τῆς</span> <span class='ocrx_word' id='word_1_198' title='bbox 657 1453 803 1486; x_wconf 71' lang='grc' dir='ltr'>θεοσεϐείας</span> <span class='ocrx_word' id='word_1_199' title='bbox 846 1456 1012 1496; x_wconf 79' lang='grc' dir='ltr'>παρειληφέ-</span> 
     </span>
    </p>
   </div>
   <div class='ocr_carea' id='block_1_29' title="bbox 189 1497 1009 1538">
    <p class='ocr_par' dir='ltr' id='par_1_29' title="bbox 189 1497 1009 1538">
     <span class='ocr_line' id='line_1_30' title="bbox 189 1497 1009 1538; baseline 0.005 -12"><span class='ocrx_word' id='word_1_200' title='bbox 189 1509 232 1526; x_wconf 84' lang='grc' dir='ltr'><strong>ναι</strong></span> <span class='ocrx_word' id='word_1_201' title='bbox 250 1497 307 1538; x_wconf 68' lang='grc'><strong>(68)</strong></span> <span class='ocrx_word' id='word_1_202' title='bbox 324 1497 415 1538; x_wconf 79' lang='grc' dir='ltr'>λόγον,</span> <span class='ocrx_word' id='word_1_203' title='bbox 439 1498 578 1532; x_wconf 80' lang='grc' dir='ltr'>Πλάτωνός</span> <span class='ocrx_word' id='word_1_204' title='bbox 592 1509 621 1527; x_wconf 88' lang='grc' dir='ltr'><strong>τε</strong></span> <span class='ocrx_word' id='word_1_205' title='bbox 646 1497 708 1537; x_wconf 76' lang='grc'><strong>(69)</strong></span> <span class='ocrx_word' id='word_1_206' title='bbox 730 1500 774 1527; x_wconf 80' lang='grc' dir='ltr'><strong>καὶ</strong></span> <span class='ocrx_word' id='word_1_207' title='bbox 802 1499 1009 1538; x_wconf 74' lang='grc' dir='ltr'>Ἀριστοτέλους.</span> 
     </span>
    </p>
   </div>
   <div class='ocr_carea' id='block_1_30' title="bbox 189 1542 1011 1584">
    <p class='ocr_par' dir='ltr' id='par_1_30' title="bbox 189 1542 1011 1584">
     <span class='ocr_line' id='line_1_31' title="bbox 189 1542 1011 1584; baseline 0.001 -12"><span class='ocrx_word' id='word_1_208' title='bbox 189 1543 302 1575; x_wconf 86' lang='grc' dir='ltr'>Τούτους</span> <span class='ocrx_word' id='word_1_209' title='bbox 317 1543 367 1582; x_wconf 74' lang='grc' dir='ltr'><strong>γὰρ</strong></span> <span class='ocrx_word' id='word_1_210' title='bbox 388 1543 438 1577; x_wconf 77' lang='grc' dir='ltr'><strong>τὴν</strong></span> <span class='ocrx_word' id='word_1_211' title='bbox 451 1542 553 1571; x_wconf 80' lang='grc' dir='ltr'>τελείαν</span> <span class='ocrx_word' id='word_1_212' title='bbox 575 1543 618 1571; x_wconf 84' lang='grc' dir='ltr'><strong>καὶ</strong></span> <span class='ocrx_word' id='word_1_213' title='bbox 642 1542 729 1577; x_wconf 78' lang='grc' dir='ltr'>ἀληθῆ</span> <span class='ocrx_word' id='word_1_214' title='bbox 745 1555 807 1584; x_wconf 81' lang='grc' dir='ltr'>φασι</span> <span class='ocrx_word' id='word_1_215' title='bbox 830 1545 1011 1583; x_wconf 76' lang='grc' dir='ltr'>μεμαθηκέναι</span> 
     </span>
    </p>
   </div>
   <div class='ocr_carea' id='block_1_31' title="bbox 188 1586 1011 1628">
    <p class='ocr_par' dir='ltr' id='par_1_31' title="bbox 188 1586 1011 1628">
     <span class='ocr_line' id='line_1_32' title="bbox 188 1586 1011 1628; baseline 0.002 -12"><span class='ocrx_word' id='word_1_216' title='bbox 188 1586 349 1618; x_wconf 68' lang='grc' dir='ltr'>θεοσέϐειαν.</span> <span class='ocrx_word' id='word_1_217' title='bbox 381 1587 452 1627; x_wconf 84' lang='grc' dir='ltr'>Ἐγὼ</span> <span class='ocrx_word' id='word_1_218' title='bbox 478 1587 505 1616; x_wconf 72' lang='grc' dir='ltr'>δὲ</span> <span class='ocrx_word' id='word_1_219' title='bbox 534 1591 639 1627; x_wconf 85' lang='grc' dir='ltr'>πρῶτον</span> <span class='ocrx_word' id='word_1_220' title='bbox 665 1589 714 1626; x_wconf 76' lang='grc' dir='ltr'>μὲν</span> <span class='ocrx_word' id='word_1_221' title='bbox 737 1587 820 1622; x_wconf 73' lang='grc' dir='ltr'>ἡδέως</span> <span class='ocrx_word' id='word_1_222' title='bbox 837 1588 868 1617; x_wconf 73' lang='grc' dir='ltr'><strong>ἂν</strong></span> <span class='ocrx_word' id='word_1_223' title='bbox 882 1589 1011 1628; x_wconf 74' lang='grc' dir='ltr'>πυθοίμην</span> 
     </span>
    </p>
   </div>
   <div class='ocr_carea' id='block_1_32' title="bbox 187 1632 1012 1672">
    <p class='ocr_par' dir='ltr' id='par_1_32' title="bbox 187 1632 1012 1672">
     <span class='ocr_line' id='line_1_33' title="bbox 187 1632 1012 1672; baseline 0.004 -12"><span class='ocrx_word' id='word_1_224' title='bbox 187 1635 242 1660; x_wconf 84' lang='grc' dir='ltr'>τῶν</span> <span class='ocrx_word' id='word_1_225' title='bbox 269 1636 351 1661; x_wconf 66' lang='grc' dir='ltr'>ταῦτα</span> <span class='ocrx_word' id='word_1_226' title='bbox 377 1632 521 1672; x_wconf 80' lang='grc' dir='ltr'>λεγόντων,</span> <span class='ocrx_word' id='word_1_227' title='bbox 549 1633 621 1669; x_wconf 77' lang='grc' dir='ltr'>παρὰ</span> <span class='ocrx_word' id='word_1_228' title='bbox 644 1633 722 1661; x_wconf 85' lang='grc' dir='ltr'>τίνων</span> <span class='ocrx_word' id='word_1_229' title='bbox 745 1634 839 1666; x_wconf 73' lang='grc' dir='ltr'>αὖτοὺς</span> <span class='ocrx_word' id='word_1_230' title='bbox 855 1635 1012 1672; x_wconf 80' lang='grc' dir='ltr'>μεμαθηκό-</span> 
     </span>
    </p>
   </div>
   <div class='ocr_carea' id='block_1_33' title="bbox 187 1676 1013 1718">
    <p class='ocr_par' dir='ltr' id='par_1_33' title="bbox 187 1676 1013 1718">
     <span class='ocr_line' id='line_1_34' title="bbox 187 1676 1013 1718; baseline 0.004 -13"><span class='ocrx_word' id='word_1_231' title='bbox 187 1688 235 1710; x_wconf 81' lang='grc' dir='ltr'><strong>τας</strong></span> <span class='ocrx_word' id='word_1_232' title='bbox 265 1676 358 1706; x_wconf 83' lang='grc' dir='ltr'>εἰδέναι</span> <span class='ocrx_word' id='word_1_233' title='bbox 381 1678 457 1717; x_wconf 73' lang='grc' dir='ltr'>φασίν</span> <span class='ocrx_word' id='word_1_234' title='bbox 475 1686 481 1692; x_wconf 92' lang='grc'><strong>·</strong></span> <span class='ocrx_word' id='word_1_235' title='bbox 512 1676 639 1707; x_wconf 77' lang='grc' dir='ltr'>ἀδύνατον</span> <span class='ocrx_word' id='word_1_236' title='bbox 655 1676 717 1718; x_wconf 90' lang='grc'><strong>(70)</strong></span> <span class='ocrx_word' id='word_1_237' title='bbox 747 1678 797 1716; x_wconf 79' lang='grc' dir='ltr'><strong>γὰρ</strong></span> <span class='ocrx_word' id='word_1_238' title='bbox 820 1678 880 1710; x_wconf 78' lang='grc' dir='ltr'>τοὺς</span> <span class='ocrx_word' id='word_1_239' title='bbox 895 1679 928 1707; x_wconf 73' lang='grc' dir='ltr'>τὰ</span> <span class='ocrx_word' id='word_1_240' title='bbox 943 1679 1013 1708; x_wconf 77' lang='grc' dir='ltr'>οὕτω</span> 
     </span>
    </p>
   </div>
   <div class='ocr_carea' id='block_1_34' title="bbox 187 1721 1010 1761">
    <p class='ocr_par' dir='ltr' id='par_1_34' title="bbox 187 1721 1010 1761">
     <span class='ocr_line' id='line_1_35' title="bbox 187 1721 1010 1761; baseline 0.004 -12"><span class='ocrx_word' id='word_1_241' title='bbox 187 1721 292 1761; x_wconf 81' lang='grc' dir='ltr'>μεγάλα</span> <span class='ocrx_word' id='word_1_242' title='bbox 319 1723 363 1750; x_wconf 82' lang='grc' dir='ltr'><strong>καὶ</strong></span> <span class='ocrx_word' id='word_1_243' title='bbox 392 1724 452 1751; x_wconf 77' lang='grc' dir='ltr'>θεῖα</span> <span class='ocrx_word' id='word_1_244' title='bbox 481 1724 519 1760; x_wconf 85' lang='grc' dir='ltr'><strong>μη</strong></span> <span class='ocrx_word' id='word_1_245' title='bbox 549 1722 619 1761; x_wconf 84' lang='grc' dir='ltr'>παρά</span> <span class='ocrx_word' id='word_1_246' title='bbox 640 1733 722 1750; x_wconf 89' lang='grc' dir='ltr'>τινων</span> <span class='ocrx_word' id='word_1_247' title='bbox 735 1721 1010 1761; x_wconf 72' lang='grc' dir='ltr'>εἰδότωνμεμαθηκό-</span> 
     </span>
    </p>
   </div>
   <div class='ocr_carea' id='block_1_35' title="bbox 186 1765 1011 1806">
    <p class='ocr_par' dir='ltr' id='par_1_35' title="bbox 186 1765 1011 1806">
     <span class='ocr_line' id='line_1_36' title="bbox 186 1765 1011 1806; baseline 0.004 -12"><span class='ocrx_word' id='word_1_248' title='bbox 186 1777 249 1805; x_wconf 76' lang='grc' dir='ltr'>τας,</span> <span class='ocrx_word' id='word_1_249' title='bbox 271 1767 289 1800; x_wconf 75' lang='grc' dir='ltr'><strong>ἢ</strong></span> <span class='ocrx_word' id='word_1_250' title='bbox 318 1767 411 1799; x_wconf 75' lang='grc' dir='ltr'>αὐτοὺς</span> <span class='ocrx_word' id='word_1_251' title='bbox 432 1765 537 1801; x_wconf 69' lang='grc' dir='ltr'>εἰδέναι,</span> <span class='ocrx_word' id='word_1_252' title='bbox 568 1766 586 1800; x_wconf 72' lang='grc' dir='ltr'><strong>ἢ</strong></span> <span class='ocrx_word' id='word_1_253' title='bbox 616 1766 718 1806; x_wconf 74' lang='grc' dir='ltr'>ἑτέρους</span> <span class='ocrx_word' id='word_1_254' title='bbox 733 1765 853 1796; x_wconf 76' lang='grc' dir='ltr'>δύνασθαι</span> <span class='ocrx_word' id='word_1_255' title='bbox 881 1767 1011 1797; x_wconf 73' lang='grc' dir='ltr'>διδάσκειν</span> 
     </span>
    </p>
   </div>
   <div class='ocr_carea' id='block_1_36' title="bbox 186 1810 1011 1850">
    <p class='ocr_par' dir='ltr' id='par_1_36' title="bbox 186 1810 1011 1850">
     <span class='ocr_line' id='line_1_37' title="bbox 186 1810 1011 1850; baseline 0.004 -12"><span class='ocrx_word' id='word_1_256' title='bbox 186 1811 271 1850; x_wconf 81' lang='grc' dir='ltr'>ὀρθῶς</span> <span class='ocrx_word' id='word_1_257' title='bbox 286 1819 294 1827; x_wconf 82' lang='grc'><strong><em>⁸</em></strong></span> <span class='ocrx_word' id='word_1_258' title='bbox 318 1810 436 1850; x_wconf 78' lang='grc' dir='ltr'>δεύτερον</span> <span class='ocrx_word' id='word_1_259' title='bbox 459 1811 486 1839; x_wconf 74' lang='grc' dir='ltr'>δὲ</span> <span class='ocrx_word' id='word_1_260' title='bbox 508 1813 586 1849; x_wconf 67' lang='grc' dir='ltr'>οἷμιι</span> <span class='ocrx_word' id='word_1_261' title='bbox 610 1810 665 1840; x_wconf 70' lang='grc' dir='ltr'>δεῖν</span> <span class='ocrx_word' id='word_1_262' title='bbox 688 1811 731 1839; x_wconf 82' lang='grc' dir='ltr'><strong>καὶ</strong></span> <span class='ocrx_word' id='word_1_263' title='bbox 752 1812 799 1844; x_wconf 74' lang='grc' dir='ltr'><strong>τὰς</strong></span> <span class='ocrx_word' id='word_1_264' title='bbox 830 1812 930 1841; x_wconf 74' lang='grc' dir='ltr'>τούτων</span> <span class='ocrx_word' id='word_1_265' title='bbox 959 1813 1011 1846; x_wconf 81' lang='grc' dir='ltr'><strong>ἐξε-</strong></span> 
     </span>
    </p>
   </div>
   <div class='ocr_carea' id='block_1_37' title="bbox 186 1855 1011 1896">
    <p class='ocr_par' dir='ltr' id='par_1_37' title="bbox 186 1855 1011 1896">
     <span class='ocr_line' id='line_1_38' title="bbox 186 1855 1011 1896; baseline 0.004 -13"><span class='ocrx_word' id='word_1_266' title='bbox 186 1855 264 1883; x_wconf 75' lang='grc' dir='ltr'>τάσαι</span> <span class='ocrx_word' id='word_1_267' title='bbox 293 1855 379 1888; x_wconf 80' lang='grc' dir='ltr'>δόξας,</span> <span class='ocrx_word' id='word_1_268' title='bbox 404 1855 534 1891; x_wconf 81' lang='grc' dir='ltr'>Εἰσόμεθα</span> <span class='ocrx_word' id='word_1_269' title='bbox 563 1856 613 1894; x_wconf 75' lang='grc' dir='ltr'><strong>γὰρ</strong></span> <span class='ocrx_word' id='word_1_270' title='bbox 642 1857 664 1884; x_wconf 84' lang='grc' dir='ltr'><strong>εἰ</strong></span> <span class='ocrx_word' id='word_1_271' title='bbox 694 1856 732 1894; x_wconf 76' lang='grc' dir='ltr'>μὴ</span> <span class='ocrx_word' id='word_1_272' title='bbox 757 1856 822 1896; x_wconf 79' lang='grc'><strong>(⁸71)</strong></span> <span class='ocrx_word' id='word_1_273' title='bbox 845 1857 889 1885; x_wconf 82' lang='grc' dir='ltr'><strong>καὶ</strong></span> <span class='ocrx_word' id='word_1_274' title='bbox 911 1858 1011 1886; x_wconf 82' lang='grc' dir='ltr'>τούτων</span> 
     </span>
    </p>
   </div>
   <div class='ocr_carea' id='block_1_38' title="bbox 187 1900 1011 1940">
    <p class='ocr_par' dir='ltr' id='par_1_38' title="bbox 187 1900 1011 1940">
     <span class='ocr_line' id='line_1_39' title="bbox 187 1900 1011 1940; baseline 0.004 -12"><span class='ocrx_word' id='word_1_275' title='bbox 187 1900 311 1940; x_wconf 68' lang='grc' dir='ltr'>ἑκάτερος</span> <span class='ocrx_word' id='word_1_276' title='bbox 340 1900 464 1928; x_wconf 75' lang='grc' dir='ltr'>τάναντία</span> <span class='ocrx_word' id='word_1_277' title='bbox 492 1900 592 1939; x_wconf 71' lang='grc' dir='ltr'>θατέρῳ</span> <span class='ocrx_word' id='word_1_278' title='bbox 606 1900 670 1940; x_wconf 63' lang='lat'><strong>(79)</strong></span> <span class='ocrx_word' id='word_1_279' title='bbox 686 1902 832 1940; x_wconf 67' lang='grc' dir='ltr'>φανήσεται</span> <span class='ocrx_word' id='word_1_280' title='bbox 861 1902 958 1940; x_wconf 76' lang='grc' dir='ltr'>λέγων.</span> <span class='ocrx_word' id='word_1_281' title='bbox 984 1906 1011 1933; x_wconf 83' lang='grc' dir='ltr'><strong>Εἰ</strong></span> 
     </span>
    </p>
   </div>
   <div class='ocr_carea' id='block_1_39' title="bbox 186 1943 1009 1986">
    <p class='ocr_par' dir='ltr' id='par_1_39' title="bbox 186 1943 1009 1986">
     <span class='ocr_line' id='line_1_40' title="bbox 186 1943 1009 1986; baseline 0 -13"><span class='ocrx_word' id='word_1_282' title='bbox 186 1943 214 1973; x_wconf 75' lang='grc' dir='ltr'>δὲ</span> <span class='ocrx_word' id='word_1_283' title='bbox 244 1945 288 1973; x_wconf 81' lang='grc' dir='ltr'><strong>καὶ</strong></span> <span class='ocrx_word' id='word_1_284' title='bbox 315 1945 420 1977; x_wconf 76' lang='grc' dir='ltr'>τούτους</span> <span class='ocrx_word' id='word_1_285' title='bbox 443 1945 482 1983; x_wconf 75' lang='grc' dir='ltr'><strong>μὴ</strong></span> <span class='ocrx_word' id='word_1_286' title='bbox 504 1949 709 1985; x_wconf 56' lang='grc' dir='ltr'>συμνξωνοῦντας</span> <span class='ocrx_word' id='word_1_287' title='bbox 735 1945 862 1981; x_wconf 78' lang='grc' dir='ltr'>ἀλλήλοις</span> <span class='ocrx_word' id='word_1_288' title='bbox 878 1945 1009 1986; x_wconf 70' lang='grc' dir='ltr'>εὕροιμεν,</span> 
     </span>
    </p>
   </div>
   <div class='ocr_carea' id='block_1_40' title="bbox 185 1988 1010 2029">
    <p class='ocr_par' dir='ltr' id='par_1_40' title="bbox 185 1988 1010 2029">
     <span class='ocr_line' id='line_1_41' title="bbox 185 1988 1010 2029; baseline 0.002 -12"><span class='ocrx_word' id='word_1_289' title='bbox 185 1988 274 2028; x_wconf 69' lang='grc' dir='ltr'>ῥᾴδιον</span> <span class='ocrx_word' id='word_1_290' title='bbox 289 1991 366 2027; x_wconf 77' lang='grc' dir='ltr'>οἶμαι</span> <span class='ocrx_word' id='word_1_291' title='bbox 395 1991 439 2018; x_wconf 85' lang='grc' dir='ltr'><strong>καὶ</strong></span> <span class='ocrx_word' id='word_1_292' title='bbox 464 1990 510 2023; x_wconf 77' lang='grc' dir='ltr'>τὴν</span> <span class='ocrx_word' id='word_1_293' title='bbox 536 1990 637 2018; x_wconf 71' lang='grc' dir='ltr'>τούτων</span> <span class='ocrx_word' id='word_1_294' title='bbox 663 1989 771 2028; x_wconf 66' lang='grc' dir='ltr'>ἄγνοιαν</span> <span class='ocrx_word' id='word_1_295' title='bbox 792 1991 932 2029; x_wconf 75' lang='grc' dir='ltr'>γινώσκειν</span> <span class='ocrx_word' id='word_1_296' title='bbox 960 2003 1010 2020; x_wconf 88' lang='grc' dir='ltr'>σα-</span> 
     </span>
    </p>
   </div>
   <div class='ocr_carea' id='block_1_41' title="bbox 185 2033 1012 2074">
    <p class='ocr_par' dir='ltr' id='par_1_41' title="bbox 185 2033 1012 2074">
     <span class='ocr_line' id='line_1_42' title="bbox 185 2033 1012 2074; baseline 0.002 -12"><span class='ocrx_word' id='word_1_297' title='bbox 185 2037 254 2074; x_wconf 77' lang='grc' dir='ltr'>φῶς,</span> <span class='ocrx_word' id='word_1_298' title='bbox 273 2033 382 2063; x_wconf 65' lang='grc' dir='ltr'>Πλάτων</span> <span class='ocrx_word' id='word_1_299' title='bbox 403 2035 453 2072; x_wconf 76' lang='grc' dir='ltr'>μὲν</span> <span class='ocrx_word' id='word_1_300' title='bbox 483 2035 543 2074; x_wconf 74' lang='grc' dir='ltr'>γὰρ,</span> <span class='ocrx_word' id='word_1_301' title='bbox 573 2035 608 2067; x_wconf 82' lang='grc' dir='ltr'>ὡς</span> <span class='ocrx_word' id='word_1_302' title='bbox 624 2033 722 2062; x_wconf 67' lang='grc' dir='ltr'>ἄνωθεν</span> <span class='ocrx_word' id='word_1_303' title='bbox 748 2033 945 2072; x_wconf 67' lang='grc' dir='ltr'>κατεληλυθὼς,</span> <span class='ocrx_word' id='word_1_304' title='bbox 967 2037 1012 2065; x_wconf 72' lang='grc' dir='ltr'>καὶ</span> 
     </span>
    </p>
   </div>
   <div class='ocr_carea' id='block_1_42' title="bbox 185 2077 1011 2120">
    <p class='ocr_par' dir='ltr' id='par_1_42' title="bbox 185 2077 1011 2120">
     <span class='ocr_line' id='line_1_43' title="bbox 185 2077 1011 2120; baseline 0.005 -14"><span class='ocrx_word' id='word_1_305' title='bbox 185 2080 219 2106; x_wconf 78' lang='grc' dir='ltr'><strong>τὰ</strong></span> <span class='ocrx_word' id='word_1_306' title='bbox 234 2078 260 2107; x_wconf 71' lang='grc' dir='ltr'>ἓν</span> <span class='ocrx_word' id='word_1_307' title='bbox 289 2079 410 2119; x_wconf 69' lang='grc' dir='ltr'>οὖρκνοϊς</span> <span class='ocrx_word' id='word_1_308' title='bbox 438 2079 539 2107; x_wconf 70' lang='grc' dir='ltr'>ἅπαντι</span> <span class='ocrx_word' id='word_1_309' title='bbox 568 2077 683 2118; x_wconf 63' lang='grc' dir='ltr'>ἀκριϐῶς</span> <span class='ocrx_word' id='word_1_310' title='bbox 708 2080 869 2117; x_wconf 81' lang='grc' dir='ltr'>μεμαθηκὼς</span> <span class='ocrx_word' id='word_1_311' title='bbox 886 2080 954 2120; x_wconf 80' lang='grc' dir='ltr'><strong>(Ἱ3)</strong></span> <span class='ocrx_word' id='word_1_312' title='bbox 968 2082 1011 2110; x_wconf 84' lang='grc' dir='ltr'>καὶ</span> 
     </span>
    </p>
   </div>
   <div class='ocr_carea' id='block_1_43' title="bbox 188 2159 1014 2200">
    <p class='ocr_par' dir='ltr' id='par_1_43' title="bbox 188 2159 1014 2200">
     <span class='ocr_line' id='line_1_44' title="bbox 188 2159 1014 2200; baseline 0.002 -13"><span class='ocrx_word' id='word_1_313' title='bbox 188 2161 219 2188; x_wconf 81' lang='grc' dir='ltr'>τὸ</span> <span class='ocrx_word' id='word_1_314' title='bbox 237 2161 329 2197; x_wconf 77' lang='grc' dir='ltr'>κακὸν,</span> <span class='ocrx_word' id='word_1_315' title='bbox 346 2161 404 2199; x_wconf 83' lang='grc' dir='ltr'>περὶ</span> <span class='ocrx_word' id='word_1_316' title='bbox 419 2162 452 2195; x_wconf 76' lang='grc' dir='ltr'>ἥν</span> <span class='ocrx_word' id='word_1_317' title='bbox 468 2161 522 2188; x_wconf 71' lang='grc' dir='ltr'>ἐστι</span> <span class='ocrx_word' id='word_1_318' title='bbox 548 2171 576 2188; x_wconf 79' lang='grc' dir='ltr'><strong>το</strong></span> <span class='ocrx_word' id='word_1_319' title='bbox 595 2159 684 2187; x_wconf 66' lang='grc' dir='ltr'>ὑλικὸι</span> <span class='ocrx_word' id='word_1_320' title='bbox 696 2159 807 2196; x_wconf 79' lang='grc' dir='ltr'>πλῆθος,</span> <span class='ocrx_word' id='word_1_321' title='bbox 821 2160 878 2188; x_wconf 74' lang='grc' dir='ltr'>ἔστι</span> <span class='ocrx_word' id='word_1_322' title='bbox 893 2161 936 2189; x_wconf 78' lang='grc' dir='ltr'><strong>καὶ</strong></span> <span class='ocrx_word' id='word_1_323' title='bbox 952 2162 1014 2200; x_wconf 81' lang='grc' dir='ltr'>ὁρα-</span> 
     </span>
    </p>
   </div>
   <div class='ocr_carea' id='block_1_44' title="bbox 187 2200 1013 2240">
    <p class='ocr_par' dir='ltr' id='par_1_44' title="bbox 187 2200 1013 2240">
     <span class='ocr_line' id='line_1_45' title="bbox 187 2200 1013 2240; baseline 0.005 -12"><span class='ocrx_word' id='word_1_324' title='bbox 187 2201 234 2233; x_wconf 81' lang='grc' dir='ltr'><strong>τὸς</strong></span> <span class='ocrx_word' id='word_1_325' title='bbox 251 2201 265 2228; x_wconf 83' lang='grc' dir='ltr'><strong>ὁ</strong></span> <span class='ocrx_word' id='word_1_326' title='bbox 281 2200 591 2239; x_wconf 66' lang='lat' dir='ltr'><strong>xdcpo:.Pytlmgoras</strong></span> <span class='ocrx_word' id='word_1_327' title='bbox 604 2208 642 2230; x_wconf 69' lang='lat' dir='ltr'><strong>cc</strong></span> <span class='ocrx_word' id='word_1_328' title='bbox 647 2200 813 2240; x_wconf 75' lang='lat' dir='ltr'><strong>principiis</strong></span> <span class='ocrx_word' id='word_1_329' title='bbox 824 2200 953 2231; x_wconf 83' lang='lat' dir='ltr'><strong>alterum</strong></span> <span class='ocrx_word' id='word_1_330' title='bbox 964 2210 1013 2232; x_wconf 79' lang='lat' dir='ltr'><strong>vo-</strong></span> 
     </span>
    </p>
   </div>
   <div class='ocr_carea' id='block_1_45' title="bbox 188 2240 1015 2281">
    <p class='ocr_par' dir='ltr' id='par_1_45' title="bbox 188 2240 1015 2281">
     <span class='ocr_line' id='line_1_46' title="bbox 188 2240 1015 2281; baseline 0.004 -11"><span class='ocrx_word' id='word_1_331' title='bbox 188 2243 237 2271; x_wconf 81' lang='lat' dir='ltr'><strong>cat</strong></span> <span class='ocrx_word' id='word_1_332' title='bbox 252 2241 413 2281; x_wconf 75' lang='lat' dir='ltr'><strong>unitatem,</strong></span> <span class='ocrx_word' id='word_1_333' title='bbox 426 2241 519 2271; x_wconf 83' lang='lat' dir='ltr'><strong>Deum</strong></span> <span class='ocrx_word' id='word_1_334' title='bbox 523 2251 536 2276; x_wconf 84' lang='lat'><em>;</em></span> <span class='ocrx_word' id='word_1_335' title='bbox 547 2240 677 2281; x_wconf 73' lang='lat' dir='ltr'><strong>alterum</strong></span> <span class='ocrx_word' id='word_1_336' title='bbox 689 2248 758 2270; x_wconf 82' lang='lat' dir='ltr'><strong>vero</strong></span> <span class='ocrx_word' id='word_1_337' title='bbox 766 2241 956 2281; x_wconf 70' lang='lat' dir='ltr'><strong>indeﬁnitum</strong></span> <span class='ocrx_word' id='word_1_338' title='bbox 968 2241 1015 2273; x_wconf 77' lang='lat' dir='ltr'><strong>bi-</strong></span> 
     </span>
    </p>
   </div>
   <div class='ocr_carea' id='block_1_46' title="bbox 187 2279 1017 2320">
    <p class='ocr_par' dir='ltr' id='par_1_46' title="bbox 187 2279 1017 2320">
     <span class='ocr_line' id='line_1_47' title="bbox 187 2279 1017 2320; baseline 0.004 -10"><span class='ocrx_word' id='word_1_339' title='bbox 187 2281 323 2318; x_wconf 75' lang='lat' dir='ltr'><strong>nartum,</strong></span> <span class='ocrx_word' id='word_1_340' title='bbox 336 2284 364 2312; x_wconf 80' lang='lat' dir='ltr'><strong>et</strong></span> <span class='ocrx_word' id='word_1_341' title='bbox 378 2279 541 2312; x_wconf 64' lang='lat' dir='ltr'><strong>diemcncm</strong></span> <span class='ocrx_word' id='word_1_342' title='bbox 555 2285 581 2311; x_wconf 84' lang='lat' dir='ltr'><strong>el</strong></span> <span class='ocrx_word' id='word_1_343' title='bbox 602 2279 731 2316; x_wconf 86' lang='lat' dir='ltr'><strong>malum.</strong></span> <span class='ocrx_word' id='word_1_344' title='bbox 744 2280 783 2311; x_wconf 84' lang='lat' dir='ltr'><strong>ad</strong></span> <span class='ocrx_word' id='word_1_345' title='bbox 791 2279 874 2320; x_wconf 76' lang='grc' dir='ltr'><strong>ι]υοτί</strong></span> <span class='ocrx_word' id='word_1_346' title='bbox 885 2283 1017 2320; x_wconf 79' lang='lat' dir='ltr'><strong>refertur</strong></span> 
     </span>
    </p>
   </div>
   <div class='ocr_carea' id='block_1_47' title="bbox 187 2320 1015 2362">
    <p class='ocr_par' dir='ltr' id='par_1_47' title="bbox 187 2320 1015 2362">
     <span class='ocr_line' id='line_1_48' title="bbox 187 2320 1015 2362; baseline 0.001 -11"><span class='ocrx_word' id='word_1_347' title='bbox 187 2321 358 2362; x_wconf 59' lang='lat' dir='ltr'><strong>neotericus</strong></span> <span class='ocrx_word' id='word_1_348' title='bbox 368 2321 532 2352; x_wconf 81' lang='lat' dir='ltr'><strong>multitudo</strong></span> <span class='ocrx_word' id='word_1_349' title='bbox 540 2326 564 2351; x_wconf 76' lang='grc' dir='ltr'><strong>ει</strong></span> <span class='ocrx_word' id='word_1_350' title='bbox 574 2320 707 2362; x_wconf 56' lang='lat' dir='ltr'><strong>visibilis</strong></span> <span class='ocrx_word' id='word_1_351' title='bbox 716 2321 1015 2362; x_wconf 79' lang='lat' dir='ltr'><strong>mundus.0rigenes,</strong></span> 
     </span>
    </p>
   </div>
   <div class='ocr_carea' id='block_1_48' title="bbox 186 2361 1013 2401">
    <p class='ocr_par' dir='ltr' id='par_1_48' title="bbox 186 2361 1013 2401">
     <span class='ocr_line' id='line_1_49' title="bbox 186 2361 1013 2401; baseline 0.002 -10"><span class='ocrx_word' id='word_1_352' title='bbox 186 2361 207 2391; x_wconf 83' lang='grc'><strong>4</strong></span> <span class='ocrx_word' id='word_1_353' title='bbox 220 2361 253 2391; x_wconf 78' lang='lat' dir='ltr'><strong>in</strong></span> <span class='ocrx_word' id='word_1_354' title='bbox 265 2361 358 2398; x_wconf 53' lang='grc' dir='ltr'>ϐείω,</span> <span class='ocrx_word' id='word_1_355' title='bbox 371 2371 401 2401; x_wconf 92' lang='lat' dir='ltr'><strong>p.</strong></span> <span class='ocrx_word' id='word_1_356' title='bbox 413 2362 481 2398; x_wconf 77' lang='lat'><strong>205,</strong></span> <span class='ocrx_word' id='word_1_357' title='bbox 495 2361 754 2401; x_wconf 70' lang='lat' dir='ltr'><strong>prmelarissimum</strong></span> <span class='ocrx_word' id='word_1_358' title='bbox 772 2366 853 2391; x_wconf 86' lang='lat' dir='ltr'><strong>vocat</strong></span> <span class='ocrx_word' id='word_1_359' title='bbox 868 2361 939 2392; x_wconf 91' lang='lat' dir='ltr'><strong>illud</strong></span> <span class='ocrx_word' id='word_1_360' title='bbox 958 2361 1013 2393; x_wconf 61' lang='lat' dir='ltr'><strong>do-i</strong></span> 
     </span>
    </p>
   </div>
   <div class='ocr_carea' id='block_1_49' title="bbox 186 2401 1013 2442">
    <p class='ocr_par' dir='ltr' id='par_1_49' title="bbox 186 2401 1013 2442">
     <span class='ocr_line' id='line_1_50' title="bbox 186 2401 1013 2442; baseline 0.001 -12"><span class='ocrx_word' id='word_1_361' title='bbox 186 2409 268 2442; x_wconf 74' lang='lat' dir='ltr'><strong>gina,</strong></span> <span class='ocrx_word' id='word_1_362' title='bbox 285 2410 342 2441; x_wconf 92' lang='lat' dir='ltr'><strong>quo</strong></span> <span class='ocrx_word' id='word_1_363' title='bbox 356 2402 467 2432; x_wconf 90' lang='lat' dir='ltr'><strong>malum</strong></span> <span class='ocrx_word' id='word_1_364' title='bbox 484 2411 550 2432; x_wconf 77' lang='lat' dir='ltr'><strong>esse</strong></span> <span class='ocrx_word' id='word_1_365' title='bbox 565 2401 752 2432; x_wconf 82' lang='lat' dir='ltr'><strong>indefinitum</strong></span> <span class='ocrx_word' id='word_1_366' title='bbox 768 2401 916 2442; x_wconf 89' lang='lat' dir='ltr'><strong>statuitur,</strong></span> <span class='ocrx_word' id='word_1_367' title='bbox 929 2401 1013 2441; x_wconf 67' lang='grc' dir='ltr'>δάγμπ</span> 
     </span>
    </p>
   </div>
   <div class='ocr_carea' id='block_1_50' title="bbox 186 2440 871 2481">
    <p class='ocr_par' dir='ltr' id='par_1_50' title="bbox 186 2440 871 2481">
     <span class='ocr_line' id='line_1_51' title="bbox 186 2440 871 2481; baseline 0.001 -12"><span class='ocrx_word' id='word_1_368' title='bbox 186 2440 331 2470; x_wconf 75' lang='grc' dir='ltr'>κάλλιστον</span> <span class='ocrx_word' id='word_1_369' title='bbox 347 2443 405 2481; x_wconf 84' lang='grc' dir='ltr'>περὶ</span> <span class='ocrx_word' id='word_1_370' title='bbox 421 2446 466 2471; x_wconf 65' lang='grc' dir='ltr'>τοῦ</span> <span class='ocrx_word' id='word_1_371' title='bbox 482 2442 602 2481; x_wconf 75' lang='grc' dir='ltr'>ἀόριστον</span> <span class='ocrx_word' id='word_1_372' title='bbox 618 2449 687 2469; x_wconf 69' lang='grc' dir='ltr'>εἶναι</span> <span class='ocrx_word' id='word_1_373' title='bbox 703 2441 752 2473; x_wconf 81' lang='grc' dir='ltr'><strong>τὴν</strong></span> <span class='ocrx_word' id='word_1_374' title='bbox 767 2443 871 2471; x_wconf 82' lang='grc' dir='ltr'>κακίαν.</span> 
     </span>
    </p>
   </div>
   <div class='ocr_carea' id='block_1_51' title="bbox 230 2480 930 2520">
    <p class='ocr_par' dir='ltr' id='par_1_51' title="bbox 230 2480 930 2520">
     <span class='ocr_line' id='line_1_52' title="bbox 230 2480 930 2520; baseline -0.003 -9"><span class='ocrx_word' id='word_1_375' title='bbox 230 2481 292 2520; x_wconf 70' lang='grc'><strong>(64)</strong></span> <span class='ocrx_word' id='word_1_376' title='bbox 311 2480 469 2514; x_wconf 79' lang='grc' dir='ltr'>Διάπλασιν,</span> <span class='ocrx_word' id='word_1_377' title='bbox 487 2480 566 2512; x_wconf 84' lang='lat' dir='ltr'><strong>Plut.</strong></span> <span class='ocrx_word' id='word_1_378' title='bbox 582 2486 610 2512; x_wconf 80' lang='lat' dir='ltr'><strong>et</strong></span> <span class='ocrx_word' id='word_1_379' title='bbox 625 2481 735 2513; x_wconf 77' lang='lat' dir='ltr'><strong>Euseb.</strong></span> <span class='ocrx_word' id='word_1_380' title='bbox 749 2480 930 2519; x_wconf 79' lang='grc' dir='ltr'>διαπλασμὸν.</span> 
     </span>
    </p>
   </div>
   <div class='ocr_carea' id='block_1_52' title="bbox 228 2481 958 2562">
    <p class='ocr_par' dir='ltr' id='par_1_52' title="bbox 228 2481 958 2562">
     <span class='ocr_line' id='line_1_53' title="bbox 230 2481 930 2520; baseline -0.003 -9"><span class='ocrx_word' id='word_1_381' title='bbox 230 2481 280 2520; x_wconf 70' lang='grc'><strong>(64</strong></span> <span class='ocrx_word' id='word_1_382' title='bbox 311 2481 469 2514; x_wconf 79' lang='grc' dir='ltr'>Διάπλασιν,</span> <span class='ocrx_word' id='word_1_383' title='bbox 487 2481 566 2512; x_wconf 84' lang='lat' dir='ltr'><strong>Plut.</strong></span> <span class='ocrx_word' id='word_1_384' title='bbox 582 2486 610 2512; x_wconf 80' lang='lat' dir='ltr'><strong>et</strong></span> <span class='ocrx_word' id='word_1_385' title='bbox 625 2481 735 2513; x_wconf 77' lang='lat' dir='ltr'><strong>Euseb.</strong></span> <span class='ocrx_word' id='word_1_386' title='bbox 749 2481 930 2519; x_wconf 79' lang='grc' dir='ltr'>διαπλασμὸν.</span> 
     </span>
     <span class='ocr_line' id='line_1_54' title="bbox 228 2481 958 2562; baseline 0.004 -12"><span class='ocrx_word' id='word_1_387' title='bbox 228 2481 293 2561; x_wconf 56' lang='lat' dir='ltr'><strong>(osi</strong></span> <span class='ocrx_word' id='word_1_388' title='bbox 312 2525 368 2551; x_wconf 70' lang='lat' dir='ltr'><strong>Tam</strong></span> <span class='ocrx_word' id='word_1_389' title='bbox 384 2522 412 2550; x_wconf 77' lang='grc' dir='ltr'>δὲ</span> <span class='ocrx_word' id='word_1_390' title='bbox 427 2522 501 2562; x_wconf 81' lang='grc' dir='ltr'>ἀέρα.</span> <span class='ocrx_word' id='word_1_391' title='bbox 514 2522 583 2553; x_wconf 74' lang='lat' dir='ltr'><strong>Haec</strong></span> <span class='ocrx_word' id='word_1_392' title='bbox 595 2522 702 2552; x_wconf 84' lang='lat' dir='ltr'><strong>desunt</strong></span> <span class='ocrx_word' id='word_1_393' title='bbox 713 2521 743 2551; x_wconf 90' lang='lat' dir='ltr'><strong>in</strong></span> <span class='ocrx_word' id='word_1_394' title='bbox 754 2521 862 2562; x_wconf 84' lang='lat' dir='ltr'><strong>codice</strong></span> <span class='ocrx_word' id='word_1_395' title='bbox 874 2522 958 2554; x_wconf 91' lang='lat' dir='ltr'><strong>Colb.</strong></span> 
     </span>
    </p>
   </div>
   <div class='ocr_carea' id='block_1_53' title="bbox 231 2561 1010 2601">
    <p class='ocr_par' dir='ltr' id='par_1_53' title="bbox 231 2561 1010 2601">
     <span class='ocr_line' id='line_1_55' title="bbox 231 2561 1010 2601; baseline 0.001 -9"><span class='ocrx_word' id='word_1_396' title='bbox 231 2561 369 2596; x_wconf 74' lang='grc' dir='ltr'>(66)Τοῖς</span> <span class='ocrx_word' id='word_1_397' title='bbox 388 2561 514 2598; x_wconf 76' lang='grc' dir='ltr'>σώζεσθαι</span> <span class='ocrx_word' id='word_1_398' title='bbox 540 2562 718 2601; x_wconf 73' lang='grc' dir='ltr'>βουλομένοις.</span> <span class='ocrx_word' id='word_1_399' title='bbox 752 2561 793 2592; x_wconf 90' lang='lat' dir='ltr'><strong>lta</strong></span> <span class='ocrx_word' id='word_1_400' title='bbox 814 2563 886 2601; x_wconf 78' lang='lat' dir='ltr'><strong>Reg.</strong></span> <span class='ocrx_word' id='word_1_401' title='bbox 905 2563 917 2593; x_wconf 81' lang='grc'>1</span> <span class='ocrx_word' id='word_1_402' title='bbox 936 2567 966 2593; x_wconf 88' lang='lat' dir='ltr'><strong>et</strong></span> <span class='ocrx_word' id='word_1_403' title='bbox 980 2562 1010 2601; x_wconf 70' lang='grc'>2,</span> 
     </span>
    </p>
   </div>
   <div class='ocr_carea' id='block_1_54' title="bbox 186 2601 850 2640">
    <p class='ocr_par' dir='ltr' id='par_1_54' title="bbox 186 2601 850 2640">
     <span class='ocr_line' id='line_1_56' title="bbox 186 2601 850 2640; baseline -0.003 -7"><span class='ocrx_word' id='word_1_404' title='bbox 186 2606 218 2633; x_wconf 89' lang='lat' dir='ltr'><strong>et</strong></span> <span class='ocrx_word' id='word_1_405' title='bbox 230 2601 350 2633; x_wconf 84' lang='lat' dir='ltr'><strong>Colbert</strong></span> <span class='ocrx_word' id='word_1_406' title='bbox 361 2602 432 2633; x_wconf 75' lang='lat' dir='ltr'><strong>Eliti</strong></span> <span class='ocrx_word' id='word_1_407' title='bbox 447 2604 506 2636; x_wconf 78' lang='grc' dir='ltr'>τοὺς</span> <span class='ocrx_word' id='word_1_408' title='bbox 522 2603 649 2638; x_wconf 77' lang='grc' dir='ltr'>σὼζεσθαι</span> <span class='ocrx_word' id='word_1_409' title='bbox 664 2601 850 2640; x_wconf 81' lang='grc' dir='ltr'>βουλομένους.</span> 
     </span>
    </p>
   </div>
   <div class='ocr_carea' id='block_1_55' title="bbox 229 2641 1011 2679">
    <p class='ocr_par' dir='ltr' id='par_1_55' title="bbox 229 2641 1011 2679">
     <span class='ocr_line' id='line_1_57' title="bbox 229 2641 1011 2679; baseline 0.004 -7"><span class='ocrx_word' id='word_1_410' title='bbox 229 2643 289 2679; x_wconf 70' lang='grc' dir='ltr'><strong>(ϋἹ)</strong></span> <span class='ocrx_word' id='word_1_411' title='bbox 306 2642 379 2677; x_wconf 80' lang='grc' dir='ltr'><strong>Μηὂέ</strong></span> <span class='ocrx_word' id='word_1_412' title='bbox 394 2643 501 2674; x_wconf 73' lang='grc' dir='ltr'>ἑαυτούς</span> <span class='ocrx_word' id='word_1_413' title='bbox 518 2643 567 2674; x_wconf 87' lang='lat' dir='ltr'><strong>Sic</strong></span> <span class='ocrx_word' id='word_1_414' title='bbox 584 2646 643 2673; x_wconf 88' lang='lat' dir='ltr'><strong>tres</strong></span> <span class='ocrx_word' id='word_1_415' title='bbox 667 2641 757 2672; x_wconf 89' lang='lat' dir='ltr'><strong>iidem</strong></span> <span class='ocrx_word' id='word_1_416' title='bbox 785 2642 914 2675; x_wconf 83' lang='lat' dir='ltr'><strong>codices.</strong></span> <span class='ocrx_word' id='word_1_417' title='bbox 930 2643 1011 2676; x_wconf 90' lang='lat' dir='ltr'><strong>Editi</strong></span> 
     </span>
    </p>
   </div>
   <div class='ocr_carea' id='block_1_56' title="bbox 184 2681 384 2720">
    <p class='ocr_par' dir='ltr' id='par_1_56' title="bbox 184 2681 384 2720">
     <span class='ocr_line' id='line_1_58' title="bbox 184 2681 384 2720; baseline 0.01 -11"><span class='ocrx_word' id='word_1_418' title='bbox 184 2682 251 2720; x_wconf 77' lang='grc' dir='ltr'>μηδ’</span> <span class='ocrx_word' id='word_1_419' title='bbox 267 2681 371 2715; x_wconf 76' lang='grc' dir='ltr'>ἑαυτούς</span> <span class='ocrx_word' id='word_1_420' title='bbox 378 2707 384 2714; x_wconf 88' lang='grc'>.</span> 
     </span>
    </p>
   </div>
   <div class='ocr_carea' id='block_1_57' title="bbox 229 2722 824 2763">
    <p class='ocr_par' dir='ltr' id='par_1_57' title="bbox 229 2722 824 2763">
     <span class='ocr_line' id='line_1_59' title="bbox 229 2722 824 2763; baseline -0.003 -11"><span class='ocrx_word' id='word_1_421' title='bbox 229 2723 292 2763; x_wconf 86' lang='grc'><strong>(68)</strong></span> <span class='ocrx_word' id='word_1_422' title='bbox 310 2722 516 2763; x_wconf 80' lang='grc' dir='ltr'>Παρειληιρέναι.</span> <span class='ocrx_word' id='word_1_423' title='bbox 534 2722 664 2754; x_wconf 82' lang='lat' dir='ltr'><strong>Colbert.</strong></span> <span class='ocrx_word' id='word_1_424' title='bbox 678 2722 824 2762; x_wconf 80' lang='grc' dir='ltr'>εἰληφέναι,</span> 
     </span>
    </p>
   </div>
   <div class='ocr_carea' id='block_1_58' title="bbox 223 2723 1013 2834">
    <p class='ocr_par' dir='ltr' id='par_1_58' title="bbox 223 2723 1013 2834">
     <span class='ocr_line' id='line_1_60' title="bbox 229 2723 824 2763; baseline -0.003 -11"><span class='ocrx_word' id='word_1_425' title='bbox 229 2723 280 2762; x_wconf 85' lang='grc'><strong>(68</strong></span> <span class='ocrx_word' id='word_1_426' title='bbox 310 2723 516 2763; x_wconf 80' lang='grc' dir='ltr'>Παρειληιρέναι.</span> <span class='ocrx_word' id='word_1_427' title='bbox 534 2723 664 2754; x_wconf 82' lang='lat' dir='ltr'><strong>Colbert.</strong></span> <span class='ocrx_word' id='word_1_428' title='bbox 678 2723 824 2762; x_wconf 80' lang='grc' dir='ltr'>εἰληφέναι,</span> 
     </span>
     <span class='ocr_line' id='line_1_61' title="bbox 223 2723 1013 2834; baseline 0 -39"><span class='ocrx_word' id='word_1_429' title='bbox 223 2723 449 2834; x_wconf 51' lang='grc' dir='ltr'><strong>(ἓξὲἐοιῖἒέῐμνός</strong></span> <span class='ocrx_word' id='word_1_430' title='bbox 465 2775 506 2795; x_wconf 82' lang='grc' dir='ltr'>τε.</span> <span class='ocrx_word' id='word_1_431' title='bbox 524 2763 670 2795; x_wconf 86' lang='lat' dir='ltr'><strong>Particula</strong></span> <span class='ocrx_word' id='word_1_432' title='bbox 685 2763 785 2793; x_wconf 85' lang='lat' dir='ltr'><strong>addita</strong></span> <span class='ocrx_word' id='word_1_433' title='bbox 801 2771 835 2793; x_wconf 83' lang='lat' dir='ltr'><strong>ex</strong></span> <span class='ocrx_word' id='word_1_434' title='bbox 853 2762 927 2802; x_wconf 87' lang='lat' dir='ltr'><strong>Reg.</strong></span> <span class='ocrx_word' id='word_1_435' title='bbox 953 2764 964 2795; x_wconf 89' lang='lat' dir='ltr'><strong>l</strong></span> <span class='ocrx_word' id='word_1_436' title='bbox 984 2768 1013 2795; x_wconf 88' lang='lat' dir='ltr'><strong>et</strong></span> 
     </span>
    </p>
   </div>
   <div class='ocr_carea' id='block_1_59' title="bbox 182 2803 404 2840">
    <p class='ocr_par' dir='ltr' id='par_1_59' title="bbox 182 2803 404 2840">
     <span class='ocr_line' id='line_1_62' title="bbox 182 2803 404 2840; baseline 0 -6"><span class='ocrx_word' id='word_1_437' title='bbox 182 2803 214 2840; x_wconf 73' lang='grc'>2,</span> <span class='ocrx_word' id='word_1_438' title='bbox 234 2808 263 2834; x_wconf 91' lang='lat' dir='ltr'><strong>et</strong></span> <span class='ocrx_word' id='word_1_439' title='bbox 273 2803 404 2835; x_wconf 83' lang='lat' dir='ltr'><strong>Colbert.</strong></span> 
     </span>
    </p>
   </div>
   <div class='ocr_carea' id='block_1_60' title="bbox 225 2842 1010 2883">
    <p class='ocr_par' dir='ltr' id='par_1_60' title="bbox 225 2842 1010 2883">
     <span class='ocr_line' id='line_1_63' title="bbox 225 2842 1010 2883; baseline 0 -8"><span class='ocrx_word' id='word_1_440' title='bbox 225 2843 283 2883; x_wconf 84' lang='lat'><strong>(70)</strong></span> <span class='ocrx_word' id='word_1_441' title='bbox 310 2843 462 2873; x_wconf 76' lang='grc' dir='ltr'>Ἀδύνατον.</span> <span class='ocrx_word' id='word_1_442' title='bbox 484 2843 553 2874; x_wconf 66' lang='lat' dir='ltr'><strong>Haec</strong></span> <span class='ocrx_word' id='word_1_443' title='bbox 576 2843 724 2874; x_wconf 89' lang='lat' dir='ltr'><strong>didicerat</strong></span> <span class='ocrx_word' id='word_1_444' title='bbox 741 2842 874 2883; x_wconf 69' lang='lat' dir='ltr'><strong>lustinus</strong></span> <span class='ocrx_word' id='word_1_445' title='bbox 898 2851 933 2874; x_wconf 88' lang='lat' dir='ltr'><strong>ex</strong></span> <span class='ocrx_word' id='word_1_446' title='bbox 959 2844 1010 2875; x_wconf 92' lang='lat' dir='ltr'><strong>illo</strong></span> 
     </span>
    </p>
   </div>
   <div class='ocr_carea' id='block_1_61' title="bbox 182 2882 1008 2926">
    <p class='ocr_par' dir='ltr' id='par_1_61' title="bbox 182 2882 1008 2926">
     <span class='ocr_line' id='line_1_64' title="bbox 182 2882 1008 2926; baseline 0.001 -11"><span class='ocrx_word' id='word_1_447' title='bbox 182 2882 366 2926; x_wconf 75' lang='lat' dir='ltr'><strong>sene,qu_em</strong></span> <span class='ocrx_word' id='word_1_448' title='bbox 384 2884 516 2926; x_wconf 83' lang='lat' dir='ltr'><strong>primum</strong></span> <span class='ocrx_word' id='word_1_449' title='bbox 525 2884 700 2926; x_wconf 83' lang='lat' dir='ltr'><strong>Christianae</strong></span> <span class='ocrx_word' id='word_1_450' title='bbox 714 2882 870 2926; x_wconf 80' lang='lat' dir='ltr'><strong>religionis</strong></span> <span class='ocrx_word' id='word_1_451' title='bbox 893 2885 1008 2926; x_wconf 79' lang='lat' dir='ltr'><strong>ample-</strong></span> 
     </span>
    </p>
   </div>
   <div class='ocr_carea' id='block_1_62' title="bbox 181 2923 1008 2966">
    <p class='ocr_par' dir='ltr' id='par_1_62' title="bbox 181 2923 1008 2966">
     <span class='ocr_line' id='line_1_65' title="bbox 181 2923 1008 2966; baseline 0.001 -10"><span class='ocrx_word' id='word_1_452' title='bbox 181 2923 299 2956; x_wconf 73' lang='lat' dir='ltr'><strong>ctendte</strong></span> <span class='ocrx_word' id='word_1_453' title='bbox 314 2923 494 2956; x_wconf 78' lang='lat' dir='ltr'><strong>hortatorem</strong></span> <span class='ocrx_word' id='word_1_454' title='bbox 510 2924 625 2966; x_wconf 88' lang='lat' dir='ltr'><strong>habuit,</strong></span> <span class='ocrx_word' id='word_1_455' title='bbox 642 2929 675 2956; x_wconf 87' lang='lat' dir='ltr'><strong>ut</strong></span> <span class='ocrx_word' id='word_1_456' title='bbox 691 2923 855 2965; x_wconf 86' lang='lat' dir='ltr'><strong>pespicitur</strong></span> <span class='ocrx_word' id='word_1_457' title='bbox 871 2933 906 2954; x_wconf 83' lang='lat' dir='ltr'><strong>ex</strong></span> <span class='ocrx_word' id='word_1_458' title='bbox 921 2923 1008 2957; x_wconf 83' lang='lat' dir='ltr'><strong>initio</strong></span> 
     </span>
    </p>
   </div>
   <div class='ocr_carea' id='block_1_63' title="bbox 780 134 1282 170">
    <p class='ocr_par' dir='ltr' id='par_1_63' title="bbox 780 134 1282 170">
     <span class='ocr_line' id='line_1_66' title="bbox 780 134 1282 170; baseline -0.004 -2"><span class='ocrx_word' id='word_1_459' title='bbox 780 134 1022 170; x_wconf 80' lang='lat' dir='ltr'><strong>COHORTATIO</strong></span> <span class='ocrx_word' id='word_1_460' title='bbox 1046 135 1096 166; x_wconf 79' lang='lat' dir='ltr'><strong>AD</strong></span> <span class='ocrx_word' id='word_1_461' title='bbox 1116 135 1282 167; x_wconf 69' lang='lat' dir='ltr'><strong>GRIECOS.</strong></span> 
     </span>
    </p>
   </div>
   <div class='ocr_carea' id='block_1_64' title="bbox 1814 133 1873 166">
    <p class='ocr_par' dir='ltr' id='par_1_64' title="bbox 1814 133 1873 166">
     <span class='ocr_line' id='line_1_67' title="bbox 1814 133 1873 166; baseline 0 0"><span class='ocrx_word' id='word_1_462' title='bbox 1814 133 1873 166; x_wconf 77' lang='lat'><strong>250</strong></span> 
     </span>
    </p>
   </div>
   <div class='ocr_carea' id='block_1_65' title="bbox 1022 198 1869 241">
    <p class='ocr_par' dir='ltr' id='par_1_65' title="bbox 1022 198 1869 241">
     <span class='ocr_line' id='line_1_68' title="bbox 1022 198 1869 241; baseline 0.004 -13"><span class='ocrx_word' id='word_1_463' title='bbox 1022 202 1042 227; x_wconf 77' lang='grc' dir='ltr'><strong>Α</strong></span> <span class='ocrx_word' id='word_1_464' title='bbox 1054 198 1132 230; x_wconf 83' lang='lat' dir='ltr'><strong>ﬁlius</strong></span> <span class='ocrx_word' id='word_1_465' title='bbox 1143 200 1378 237; x_wconf 83' lang='lat' dir='ltr'><strong>Neoclis,rerum</strong></span> <span class='ocrx_word' id='word_1_466' title='bbox 1390 200 1535 241; x_wconf 87' lang='lat' dir='ltr'><strong>principia</strong></span> <span class='ocrx_word' id='word_1_467' title='bbox 1549 209 1616 232; x_wconf 86' lang='lat' dir='ltr'><strong>esse</strong></span> <span class='ocrx_word' id='word_1_468' title='bbox 1624 200 1724 232; x_wconf 84' lang='lat' dir='ltr'><strong>statuit</strong></span> <span class='ocrx_word' id='word_1_469' title='bbox 1733 208 1869 240; x_wconf 87' lang='lat' dir='ltr'><strong>corpora,</strong></span> 
     </span>
    </p>
   </div>
   <div class='ocr_carea' id='block_1_66' title="bbox 1050 244 1871 286">
    <p class='ocr_par' dir='ltr' id='par_1_66' title="bbox 1050 244 1871 286">
     <span class='ocr_line' id='line_1_69' title="bbox 1050 244 1871 286; baseline 0.001 -11"><span class='ocrx_word' id='word_1_470' title='bbox 1050 253 1115 284; x_wconf 74' lang='lat' dir='ltr'><strong>qute</strong></span> <span class='ocrx_word' id='word_1_471' title='bbox 1130 244 1244 276; x_wconf 80' lang='lat' dir='ltr'><strong>ratione</strong></span> <span class='ocrx_word' id='word_1_472' title='bbox 1260 245 1477 286; x_wconf 87' lang='lat' dir='ltr'><strong>percipiuntur,</strong></span> <span class='ocrx_word' id='word_1_473' title='bbox 1493 245 1577 277; x_wconf 81' lang='lat' dir='ltr'><strong>vacui</strong></span> <span class='ocrx_word' id='word_1_474' title='bbox 1591 245 1724 286; x_wconf 82' lang='lat' dir='ltr'><strong>expertia</strong></span> <span class='ocrx_word' id='word_1_475' title='bbox 1738 249 1768 276; x_wconf 87' lang='lat' dir='ltr'><strong>et</strong></span> <span class='ocrx_word' id='word_1_476' title='bbox 1784 245 1871 285; x_wconf 78' lang='lat' dir='ltr'><strong>inge--</strong></span> 
     </span>
    </p>
   </div>
   <div class='ocr_carea' id='block_1_67' title="bbox 1051 289 1869 331">
    <p class='ocr_par' dir='ltr' id='par_1_67' title="bbox 1051 289 1869 331">
     <span class='ocr_line' id='line_1_70' title="bbox 1051 289 1869 331; baseline 0.001 -12"><span class='ocrx_word' id='word_1_477' title='bbox 1051 289 1123 327; x_wconf 89' lang='lat' dir='ltr'><strong>nita,</strong></span> <span class='ocrx_word' id='word_1_478' title='bbox 1138 299 1262 331; x_wconf 82' lang='lat' dir='ltr'><strong>quaeque</strong></span> <span class='ocrx_word' id='word_1_479' title='bbox 1277 299 1333 322; x_wconf 86' lang='lat' dir='ltr'><strong>nec</strong></span> <span class='ocrx_word' id='word_1_480' title='bbox 1356 291 1505 331; x_wconf 86' lang='lat' dir='ltr'><strong>corrumpi</strong></span> <span class='ocrx_word' id='word_1_481' title='bbox 1533 300 1588 322; x_wconf 88' lang='lat' dir='ltr'><strong>nec</strong></span> <span class='ocrx_word' id='word_1_482' title='bbox 1617 290 1711 330; x_wconf 80' lang='lat' dir='ltr'><strong>frangi</strong></span> <span class='ocrx_word' id='word_1_483' title='bbox 1736 294 1869 331; x_wconf 88' lang='lat' dir='ltr'><strong>possunl,</strong></span> 
     </span>
    </p>
   </div>
   <div class='ocr_carea' id='block_1_68' title="bbox 1050 334 1871 375">
    <p class='ocr_par' dir='ltr' id='par_1_68' title="bbox 1050 334 1871 375">
     <span class='ocr_line' id='line_1_71' title="bbox 1050 334 1871 375; baseline 0.002 -11"><span class='ocrx_word' id='word_1_484' title='bbox 1050 342 1105 364; x_wconf 86' lang='lat' dir='ltr'><strong>nec</strong></span> <span class='ocrx_word' id='word_1_485' title='bbox 1121 343 1155 364; x_wconf 78' lang='lat' dir='ltr'><strong>ex</strong></span> <span class='ocrx_word' id='word_1_486' title='bbox 1173 334 1307 374; x_wconf 87' lang='lat' dir='ltr'><strong>partibus</strong></span> <span class='ocrx_word' id='word_1_487' title='bbox 1323 334 1506 366; x_wconf 84' lang='lat' dir='ltr'><strong>conformari</strong></span> <span class='ocrx_word' id='word_1_488' title='bbox 1522 340 1571 366; x_wconf 91' lang='lat' dir='ltr'><strong>aut</strong></span> <span class='ocrx_word' id='word_1_489' title='bbox 1584 335 1746 375; x_wconf 91' lang='lat' dir='ltr'><strong>immutari,</strong></span> <span class='ocrx_word' id='word_1_490' title='bbox 1763 343 1797 366; x_wconf 85' lang='lat' dir='ltr'><strong>ac</strong></span> <span class='ocrx_word' id='word_1_491' title='bbox 1808 343 1871 375; x_wconf 89' lang='lat' dir='ltr'><strong>pro-</strong></span> 
     </span>
    </p>
   </div>
   <div class='ocr_carea' id='block_1_69' title="bbox 1050 379 1858 420">
    <p class='ocr_par' dir='ltr' id='par_1_69' title="bbox 1050 379 1858 420">
     <span class='ocr_line' id='line_1_72' title="bbox 1050 379 1858 420; baseline 0.001 -11"><span class='ocrx_word' id='word_1_492' title='bbox 1050 382 1151 419; x_wconf 88' lang='lat' dir='ltr'><strong>pterea</strong></span> <span class='ocrx_word' id='word_1_493' title='bbox 1166 379 1281 410; x_wconf 84' lang='lat' dir='ltr'><strong>ratione</strong></span> <span class='ocrx_word' id='word_1_494' title='bbox 1293 379 1508 420; x_wconf 90' lang='lat' dir='ltr'><strong>percipiuntur.</strong></span> <span class='ocrx_word' id='word_1_495' title='bbox 1522 379 1718 420; x_wconf 85' lang='lat' dir='ltr'><strong>Empedocles</strong></span> <span class='ocrx_word' id='word_1_496' title='bbox 1729 379 1858 419; x_wconf 83' lang='lat' dir='ltr'><strong>Agrigen</strong></span> 
     </span>
    </p>
   </div>
   <div class='ocr_carea' id='block_1_70' title="bbox 1050 423 1872 465">
    <p class='ocr_par' dir='ltr' id='par_1_70' title="bbox 1050 423 1872 465">
     <span class='ocr_line' id='line_1_73' title="bbox 1050 423 1872 465; baseline 0.002 -11"><span class='ocrx_word' id='word_1_497' title='bbox 1050 423 1264 462; x_wconf 85' lang='lat' dir='ltr'><strong>tinus,Metonis</strong></span> <span class='ocrx_word' id='word_1_498' title='bbox 1279 424 1368 461; x_wconf 86' lang='lat' dir='ltr'><strong>ﬁlius,</strong></span> <span class='ocrx_word' id='word_1_499' title='bbox 1385 428 1511 465; x_wconf 86' lang='lat' dir='ltr'><strong>quatuor</strong></span> <span class='ocrx_word' id='word_1_500' title='bbox 1525 424 1682 463; x_wconf 85' lang='lat' dir='ltr'><strong>elementa,</strong></span> <span class='ocrx_word' id='word_1_501' title='bbox 1697 425 1807 464; x_wconf 84' lang='lat' dir='ltr'><strong>ignem,</strong></span> <span class='ocrx_word' id='word_1_502' title='bbox 1823 433 1872 456; x_wconf 82' lang='lat' dir='ltr'><strong>ae-</strong></span> 
     </span>
    </p>
   </div>
   <div class='ocr_carea' id='block_1_71' title="bbox 1049 469 1870 510">
    <p class='ocr_par' dir='ltr' id='par_1_71' title="bbox 1049 469 1870 510">
     <span class='ocr_line' id='line_1_74' title="bbox 1049 469 1870 510; baseline 0 -10"><span class='ocrx_word' id='word_1_503' title='bbox 1049 478 1125 510; x_wconf 90' lang='lat' dir='ltr'><strong>rem,</strong></span> <span class='ocrx_word' id='word_1_504' title='bbox 1142 478 1259 509; x_wconf 90' lang='lat' dir='ltr'><strong>aquam,</strong></span> <span class='ocrx_word' id='word_1_505' title='bbox 1277 473 1398 506; x_wconf 89' lang='lat' dir='ltr'><strong>terram,</strong></span> <span class='ocrx_word' id='word_1_506' title='bbox 1415 469 1532 509; x_wconf 85' lang='lat' dir='ltr'><strong>vimque</strong></span> <span class='ocrx_word' id='word_1_507' title='bbox 1546 470 1694 510; x_wconf 84' lang='lat' dir='ltr'><strong>duplicem</strong></span> <span class='ocrx_word' id='word_1_508' title='bbox 1717 469 1870 510; x_wconf 83' lang='lat' dir='ltr'><strong>imperan-</strong></span> 
     </span>
    </p>
   </div>
   <div class='ocr_carea' id='block_1_72' title="bbox 1049 514 1871 555">
    <p class='ocr_par' dir='ltr' id='par_1_72' title="bbox 1049 514 1871 555">
     <span class='ocr_line' id='line_1_75' title="bbox 1049 514 1871 555; baseline 0.001 -11"><span class='ocrx_word' id='word_1_509' title='bbox 1049 519 1120 551; x_wconf 86' lang='lat' dir='ltr'><strong>tem,</strong></span> <span class='ocrx_word' id='word_1_510' title='bbox 1140 515 1182 544; x_wconf 84' lang='lat' dir='ltr'><strong>I0</strong></span> <span class='ocrx_word' id='word_1_511' title='bbox 1197 514 1360 545; x_wconf 81' lang='lat' dir='ltr'><strong>amicitiam</strong></span> <span class='ocrx_word' id='word_1_512' title='bbox 1376 518 1405 545; x_wconf 88' lang='lat' dir='ltr'><strong>et</strong></span> <span class='ocrx_word' id='word_1_513' title='bbox 1428 514 1621 555; x_wconf 88' lang='lat' dir='ltr'><strong>discordiam,</strong></span> <span class='ocrx_word' id='word_1_514' title='bbox 1637 523 1762 555; x_wconf 88' lang='lat' dir='ltr'><strong>quarum</strong></span> <span class='ocrx_word' id='word_1_515' title='bbox 1779 514 1871 546; x_wconf 87' lang='lat' dir='ltr'><strong>altera</strong></span> 
     </span>
    </p>
   </div>
   <div class='ocr_carea' id='block_1_73' title="bbox 1049 558 1872 599">
    <p class='ocr_par' dir='ltr' id='par_1_73' title="bbox 1049 558 1872 599">
     <span class='ocr_line' id='line_1_76' title="bbox 1049 558 1872 599; baseline 0.001 -10"><span class='ocrx_word' id='word_1_516' title='bbox 1049 559 1222 599; x_wconf 88' lang='lat' dir='ltr'><strong>copulandi,</strong></span> <span class='ocrx_word' id='word_1_517' title='bbox 1238 558 1332 590; x_wconf 87' lang='lat' dir='ltr'><strong>altera</strong></span> <span class='ocrx_word' id='word_1_518' title='bbox 1348 558 1506 599; x_wconf 83' lang='lat' dir='ltr'><strong>separandi</strong></span> <span class='ocrx_word' id='word_1_519' title='bbox 1522 559 1658 590; x_wconf 79' lang='lat' dir='ltr'><strong>facultate</strong></span> <span class='ocrx_word' id='word_1_520' title='bbox 1675 558 1807 599; x_wconf 73' lang='lat' dir='ltr'><strong>praedita.</strong></span> <span class='ocrx_word' id='word_1_521' title='bbox 1820 559 1872 590; x_wconf 90' lang='lat' dir='ltr'><strong>Vi-</strong></span> 
     </span>
    </p>
   </div>
   <div class='ocr_carea' id='block_1_74' title="bbox 1048 602 1871 644">
    <p class='ocr_par' dir='ltr' id='par_1_74' title="bbox 1048 602 1871 644">
     <span class='ocr_line' id='line_1_77' title="bbox 1048 602 1871 644; baseline 0 -10"><span class='ocrx_word' id='word_1_522' title='bbox 1048 602 1124 634; x_wconf 80' lang='lat' dir='ltr'><strong>detis</strong></span> <span class='ocrx_word' id='word_1_523' title='bbox 1138 603 1228 643; x_wconf 84' lang='lat' dir='ltr'><strong>igitur</strong></span> <span class='ocrx_word' id='word_1_524' title='bbox 1243 603 1493 643; x_wconf 85' lang='lat' dir='ltr'><strong>perturbationem</strong></span> <span class='ocrx_word' id='word_1_525' title='bbox 1510 613 1626 643; x_wconf 90' lang='lat' dir='ltr'><strong>eorum,</strong></span> <span class='ocrx_word' id='word_1_526' title='bbox 1649 603 1698 644; x_wconf 91' lang='lat' dir='ltr'><strong>qui</strong></span> <span class='ocrx_word' id='word_1_527' title='bbox 1718 603 1797 644; x_wconf 91' lang='lat' dir='ltr'><strong>apud</strong></span> <span class='ocrx_word' id='word_1_528' title='bbox 1822 612 1871 634; x_wconf 87' lang='lat' dir='ltr'><strong>vos</strong></span> 
     </span>
    </p>
   </div>
   <div class='ocr_carea' id='block_1_75' title="bbox 1049 647 1871 689">
    <p class='ocr_par' dir='ltr' id='par_1_75' title="bbox 1049 647 1871 689">
     <span class='ocr_line' id='line_1_78' title="bbox 1049 647 1871 689; baseline 0 -11"><span class='ocrx_word' id='word_1_529' title='bbox 1049 647 1197 688; x_wconf 86' lang='lat' dir='ltr'><strong>sapientes</strong></span> <span class='ocrx_word' id='word_1_530' title='bbox 1212 648 1304 678; x_wconf 88' lang='lat' dir='ltr'><strong>habiti</strong></span> <span class='ocrx_word' id='word_1_531' title='bbox 1320 652 1400 684; x_wconf 87' lang='lat' dir='ltr'><strong>sunt,</strong></span> <span class='ocrx_word' id='word_1_532' title='bbox 1415 658 1547 689; x_wconf 78' lang='lat' dir='ltr'><strong>quosque</strong></span> <span class='ocrx_word' id='word_1_533' title='bbox 1562 648 1647 680; x_wconf 88' lang='lat' dir='ltr'><strong>vobis</strong></span> <span class='ocrx_word' id='word_1_534' title='bbox 1663 648 1816 688; x_wconf 87' lang='lat' dir='ltr'><strong>magistros</strong></span> <span class='ocrx_word' id='word_1_535' title='bbox 1826 657 1871 679; x_wconf 88' lang='lat' dir='ltr'><strong>re-</strong></span> 
     </span>
    </p>
   </div>
   <div class='ocr_carea' id='block_1_76' title="bbox 1049 692 1871 735">
    <p class='ocr_par' dir='ltr' id='par_1_76' title="bbox 1049 692 1871 735">
     <span class='ocr_line' id='line_1_79' title="bbox 1049 692 1871 735; baseline 0.001 -12"><span class='ocrx_word' id='word_1_536' title='bbox 1049 692 1166 732; x_wconf 89' lang='lat' dir='ltr'><strong>ligionis</strong></span> <span class='ocrx_word' id='word_1_537' title='bbox 1181 692 1273 724; x_wconf 87' lang='lat' dir='ltr'><strong>fuisse</strong></span> <span class='ocrx_word' id='word_1_538' title='bbox 1297 693 1416 735; x_wconf 85' lang='lat' dir='ltr'><strong>dicitis;</strong></span> <span class='ocrx_word' id='word_1_539' title='bbox 1432 694 1498 725; x_wconf 88' lang='lat' dir='ltr'><strong>aliis</strong></span> <span class='ocrx_word' id='word_1_540' title='bbox 1513 703 1618 735; x_wconf 84' lang='lat' dir='ltr'><strong>aquam</strong></span> <span class='ocrx_word' id='word_1_541' title='bbox 1639 693 1770 725; x_wconf 88' lang='lat' dir='ltr'><strong>omnium</strong></span> <span class='ocrx_word' id='word_1_542' title='bbox 1787 694 1871 734; x_wconf 88' lang='lat' dir='ltr'><strong>prin-</strong></span> 
     </span>
    </p>
   </div>
   <div class='ocr_carea' id='block_1_77' title="bbox 1049 737 1872 778">
    <p class='ocr_par' dir='ltr' id='par_1_77' title="bbox 1049 737 1872 778">
     <span class='ocr_line' id='line_1_80' title="bbox 1049 737 1872 778; baseline 0 -9"><span class='ocrx_word' id='word_1_543' title='bbox 1049 737 1160 778; x_wconf 91' lang='lat' dir='ltr'><strong>cipium</strong></span> <span class='ocrx_word' id='word_1_544' title='bbox 1190 747 1254 768; x_wconf 85' lang='lat' dir='ltr'><strong>esse</strong></span> <span class='ocrx_word' id='word_1_545' title='bbox 1284 738 1555 778; x_wconf 73' lang='lat' dir='ltr'><strong>pronuntiantibus,</strong></span> <span class='ocrx_word' id='word_1_546' title='bbox 1581 738 1646 770; x_wconf 91' lang='lat' dir='ltr'><strong>aliis</strong></span> <span class='ocrx_word' id='word_1_547' title='bbox 1669 747 1782 776; x_wconf 89' lang='lat' dir='ltr'><strong>aerem,</strong></span> <span class='ocrx_word' id='word_1_548' title='bbox 1806 738 1872 769; x_wconf 90' lang='lat' dir='ltr'><strong>aliis</strong></span> 
     </span>
    </p>
   </div>
   <div class='ocr_carea' id='block_1_78' title="bbox 1051 782 1870 825">
    <p class='ocr_par' dir='ltr' id='par_1_78' title="bbox 1051 782 1870 825">
     <span class='ocr_line' id='line_1_81' title="bbox 1051 782 1870 825; baseline 0.002 -13"><span class='ocrx_word' id='word_1_549' title='bbox 1051 782 1159 821; x_wconf 81' lang='lat' dir='ltr'><strong>ignem,</strong></span> <span class='ocrx_word' id='word_1_550' title='bbox 1177 782 1242 813; x_wconf 90' lang='lat' dir='ltr'><strong>aliis</strong></span> <span class='ocrx_word' id='word_1_551' title='bbox 1253 782 1330 813; x_wconf 86' lang='lat' dir='ltr'><strong>aliud</strong></span> <span class='ocrx_word' id='word_1_552' title='bbox 1348 783 1500 824; x_wconf 88' lang='lat' dir='ltr'><strong>quidpiam</strong></span> <span class='ocrx_word' id='word_1_553' title='bbox 1517 793 1632 821; x_wconf 84' lang='lat' dir='ltr'><strong>eorum,</strong></span> <span class='ocrx_word' id='word_1_554' title='bbox 1646 793 1712 825; x_wconf 72' lang='lat' dir='ltr'><strong>qute</strong></span> <span class='ocrx_word' id='word_1_555' title='bbox 1732 783 1870 824; x_wconf 57' lang='lat' dir='ltr'><strong>praedixi-</strong></span> 
     </span>
    </p>
   </div>
   <div class='ocr_carea' id='block_1_79' title="bbox 1022 826 1871 878">
    <p class='ocr_par' dir='ltr' id='par_1_79' title="bbox 1022 826 1871 878">
     <span class='ocr_line' id='line_1_82' title="bbox 1022 826 1871 878; baseline 0.001 -20"><span class='ocrx_word' id='word_1_556' title='bbox 1022 853 1041 878; x_wconf 71' lang='grc' dir='ltr'><strong>Β</strong></span> <span class='ocrx_word' id='word_1_557' title='bbox 1053 835 1131 865; x_wconf 89' lang='lat' dir='ltr'><strong>mus;</strong></span> <span class='ocrx_word' id='word_1_558' title='bbox 1147 826 1285 858; x_wconf 89' lang='lat' dir='ltr'><strong>omnibus</strong></span> <span class='ocrx_word' id='word_1_559' title='bbox 1300 828 1440 878; x_wconf 75' lang='lat' dir='ltr'><strong>vendibili</strong></span> <span class='ocrx_word' id='word_1_560' title='bbox 1460 828 1587 869; x_wconf 88' lang='lat' dir='ltr'><strong>quadam</strong></span> <span class='ocrx_word' id='word_1_561' title='bbox 1610 829 1745 860; x_wconf 87' lang='lat' dir='ltr'><strong>oratione</strong></span> <span class='ocrx_word' id='word_1_562' title='bbox 1765 828 1801 859; x_wconf 90' lang='lat' dir='ltr'><strong>ad</strong></span> <span class='ocrx_word' id='word_1_563' title='bbox 1819 837 1871 859; x_wconf 90' lang='lat' dir='ltr'><strong>eo-</strong></span> 
     </span>
    </p>
   </div>
   <div class='ocr_carea' id='block_1_80' title="bbox 1052 872 1869 913">
    <p class='ocr_par' dir='ltr' id='par_1_80' title="bbox 1052 872 1869 913">
     <span class='ocr_line' id='line_1_83' title="bbox 1052 872 1869 913; baseline 0.002 -11"><span class='ocrx_word' id='word_1_564' title='bbox 1052 881 1130 910; x_wconf 86' lang='lat' dir='ltr'><strong>rum,</strong></span> <span class='ocrx_word' id='word_1_565' title='bbox 1148 881 1213 913; x_wconf 66' lang='lat' dir='ltr'><strong>quaa</strong></span> <span class='ocrx_word' id='word_1_566' title='bbox 1235 882 1294 903; x_wconf 93' lang='lat' dir='ltr'><strong>non</strong></span> <span class='ocrx_word' id='word_1_567' title='bbox 1318 872 1395 904; x_wconf 88' lang='lat' dir='ltr'><strong>belle</strong></span> <span class='ocrx_word' id='word_1_568' title='bbox 1415 877 1590 910; x_wconf 86' lang='lat' dir='ltr'><strong>statuerunt,</strong></span> <span class='ocrx_word' id='word_1_569' title='bbox 1615 873 1869 904; x_wconf 82' lang='lat' dir='ltr'><strong>confirmationem</strong></span> 
     </span>
    </p>
   </div>
   <div class='ocr_carea' id='block_1_81' title="bbox 1052 916 1869 958">
    <p class='ocr_par' dir='ltr' id='par_1_81' title="bbox 1052 916 1869 958">
     <span class='ocr_line' id='line_1_84' title="bbox 1052 916 1869 958; baseline 0 -11"><span class='ocrx_word' id='word_1_570' title='bbox 1052 916 1215 955; x_wconf 88' lang='lat' dir='ltr'><strong>utentibus,</strong></span> <span class='ocrx_word' id='word_1_571' title='bbox 1233 927 1267 948; x_wconf 90' lang='lat' dir='ltr'><strong>ac</strong></span> <span class='ocrx_word' id='word_1_572' title='bbox 1294 922 1325 948; x_wconf 92' lang='lat' dir='ltr'><strong>ut</strong></span> <span class='ocrx_word' id='word_1_573' title='bbox 1353 917 1457 958; x_wconf 87' lang='lat' dir='ltr'><strong>propia</strong></span> <span class='ocrx_word' id='word_1_574' title='bbox 1486 918 1587 958; x_wconf 91' lang='lat' dir='ltr'><strong>opinio</strong></span> <span class='ocrx_word' id='word_1_575' title='bbox 1613 917 1799 958; x_wconf 70' lang='lat' dir='ltr'><strong>prmstantior</strong></span> <span class='ocrx_word' id='word_1_576' title='bbox 1828 917 1869 948; x_wconf 91' lang='lat' dir='ltr'><strong>vi-</strong></span> 
     </span>
    </p>
   </div>
   <div class='ocr_carea' id='block_1_82' title="bbox 1053 961 1871 1002">
    <p class='ocr_par' dir='ltr' id='par_1_82' title="bbox 1053 961 1871 1002">
     <span class='ocr_line' id='line_1_85' title="bbox 1053 961 1871 1002; baseline 0.001 -10"><span class='ocrx_word' id='word_1_577' title='bbox 1053 961 1167 1002; x_wconf 87' lang='lat' dir='ltr'><strong>deatur,</strong></span> <span class='ocrx_word' id='word_1_578' title='bbox 1185 961 1376 993; x_wconf 89' lang='lat' dir='ltr'><strong>enitentibus.</strong></span> <span class='ocrx_word' id='word_1_579' title='bbox 1396 961 1464 993; x_wconf 67' lang='lat' dir='ltr'><strong>Hzec</strong></span> <span class='ocrx_word' id='word_1_580' title='bbox 1479 962 1517 993; x_wconf 87' lang='lat' dir='ltr'><strong>ab</strong></span> <span class='ocrx_word' id='word_1_581' title='bbox 1533 962 1592 994; x_wconf 89' lang='lat' dir='ltr'><strong>illis</strong></span> <span class='ocrx_word' id='word_1_582' title='bbox 1608 963 1697 995; x_wconf 88' lang='lat' dir='ltr'><strong>dicta.</strong></span> <span class='ocrx_word' id='word_1_583' title='bbox 1718 962 1871 999; x_wconf 87' lang='lat' dir='ltr'><strong>Quomodo</strong></span> 
     </span>
    </p>
   </div>
   <div class='ocr_carea' id='block_1_83' title="bbox 1052 1005 1869 1048">
    <p class='ocr_par' dir='ltr' id='par_1_83' title="bbox 1052 1005 1869 1048">
     <span class='ocr_line' id='line_1_86' title="bbox 1052 1005 1869 1048; baseline 0.002 -12"><span class='ocrx_word' id='word_1_584' title='bbox 1052 1005 1141 1044; x_wconf 79' lang='lat' dir='ltr'><strong>igitur</strong></span> <span class='ocrx_word' id='word_1_585' title='bbox 1165 1006 1221 1042; x_wconf 89' lang='lat' dir='ltr'><strong>his,</strong></span> <span class='ocrx_word' id='word_1_586' title='bbox 1239 1006 1289 1047; x_wconf 90' lang='lat' dir='ltr'><strong>qui</strong></span> <span class='ocrx_word' id='word_1_587' title='bbox 1315 1007 1441 1038; x_wconf 90' lang='lat' dir='ltr'><strong>salutem</strong></span> <span class='ocrx_word' id='word_1_588' title='bbox 1469 1007 1595 1045; x_wconf 82' lang='lat' dir='ltr'><strong>adispici</strong></span> <span class='ocrx_word' id='word_1_589' title='bbox 1617 1008 1750 1048; x_wconf 87' lang='lat' dir='ltr'><strong>cupiunt,</strong></span> <span class='ocrx_word' id='word_1_590' title='bbox 1775 1009 1869 1039; x_wconf 81' lang='lat' dir='ltr'><strong>tutum</strong></span> 
     </span>
    </p>
   </div>
   <div class='ocr_carea' id='block_1_84' title="bbox 1050 1050 1871 1091">
    <p class='ocr_par' dir='ltr' id='par_1_84' title="bbox 1050 1050 1871 1091">
     <span class='ocr_line' id='line_1_87' title="bbox 1050 1050 1871 1091; baseline 0 -9"><span class='ocrx_word' id='word_1_591' title='bbox 1050 1050 1089 1082; x_wconf 87' lang='lat' dir='ltr'><strong>sit</strong></span> <span class='ocrx_word' id='word_1_592' title='bbox 1117 1050 1296 1090; x_wconf 77' lang='lat' dir='ltr'><strong>existimare,</strong></span> <span class='ocrx_word' id='word_1_593' title='bbox 1314 1061 1330 1083; x_wconf 91' lang='lat'><strong>0</strong></span> <span class='ocrx_word' id='word_1_594' title='bbox 1346 1053 1452 1090; x_wconf 61' lang='lat' dir='ltr'><strong>Graeci,</strong></span> <span class='ocrx_word' id='word_1_595' title='bbox 1468 1061 1501 1084; x_wconf 88' lang='lat' dir='ltr'><strong>se</strong></span> <span class='ocrx_word' id='word_1_596' title='bbox 1516 1062 1614 1084; x_wconf 86' lang='lat' dir='ltr'><strong>veram</strong></span> <span class='ocrx_word' id='word_1_597' title='bbox 1637 1052 1810 1091; x_wconf 80' lang='lat' dir='ltr'><strong>religionem</strong></span> <span class='ocrx_word' id='word_1_598' title='bbox 1835 1051 1871 1082; x_wconf 91' lang='lat' dir='ltr'><strong>ab</strong></span> 
     </span>
    </p>
   </div>
   <div class='ocr_carea' id='block_1_85' title="bbox 1051 1094 1871 1138">
    <p class='ocr_par' dir='ltr' id='par_1_85' title="bbox 1051 1094 1871 1138">
     <span class='ocr_line' id='line_1_88' title="bbox 1051 1094 1871 1138; baseline 0.002 -13"><span class='ocrx_word' id='word_1_599' title='bbox 1051 1094 1098 1126; x_wconf 87' lang='lat' dir='ltr'><strong>his</strong></span> <span class='ocrx_word' id='word_1_600' title='bbox 1115 1104 1201 1135; x_wconf 85' lang='lat' dir='ltr'><strong>posse</strong></span> <span class='ocrx_word' id='word_1_601' title='bbox 1231 1096 1414 1137; x_wconf 69' lang='lat' dir='ltr'><strong>perdiscere,</strong></span> <span class='ocrx_word' id='word_1_602' title='bbox 1439 1097 1489 1138; x_wconf 93' lang='lat' dir='ltr'><strong>qui</strong></span> <span class='ocrx_word' id='word_1_603' title='bbox 1520 1106 1557 1128; x_wconf 87' lang='lat' dir='ltr'><strong>ne</strong></span> <span class='ocrx_word' id='word_1_604' title='bbox 1582 1097 1638 1128; x_wconf 90' lang='lat' dir='ltr'><strong>sibi</strong></span> <span class='ocrx_word' id='word_1_605' title='bbox 1663 1097 1733 1137; x_wconf 86' lang='lat' dir='ltr'><strong>ipsis</strong></span> <span class='ocrx_word' id='word_1_606' title='bbox 1750 1095 1871 1137; x_wconf 89' lang='lat' dir='ltr'><strong>quidem</strong></span> 
     </span>
    </p>
   </div>
   <div class='ocr_carea' id='block_1_86' title="bbox 1052 1140 1871 1181">
    <p class='ocr_par' dir='ltr' id='par_1_86' title="bbox 1052 1140 1871 1181">
     <span class='ocr_line' id='line_1_89' title="bbox 1052 1140 1871 1181; baseline 0.001 -11"><span class='ocrx_word' id='word_1_607' title='bbox 1052 1140 1231 1180; x_wconf 90' lang='lat' dir='ltr'><strong>persuadere</strong></span> <span class='ocrx_word' id='word_1_608' title='bbox 1254 1145 1420 1181; x_wconf 86' lang='lat' dir='ltr'><strong>potuerunt,</strong></span> <span class='ocrx_word' id='word_1_609' title='bbox 1440 1146 1470 1172; x_wconf 90' lang='lat' dir='ltr'><strong>ut</strong></span> <span class='ocrx_word' id='word_1_610' title='bbox 1491 1152 1528 1173; x_wconf 89' lang='lat' dir='ltr'><strong>ne</strong></span> <span class='ocrx_word' id='word_1_611' title='bbox 1554 1142 1633 1173; x_wconf 88' lang='lat' dir='ltr'><strong>inter</strong></span> <span class='ocrx_word' id='word_1_612' title='bbox 1656 1151 1689 1173; x_wconf 90' lang='lat' dir='ltr'><strong>se</strong></span> <span class='ocrx_word' id='word_1_613' title='bbox 1711 1141 1871 1181; x_wconf 82' lang='lat' dir='ltr'><strong>litigarent,</strong></span> 
     </span>
    </p>
   </div>
   <div class='ocr_carea' id='block_1_87' title="bbox 1052 1185 1871 1227">
    <p class='ocr_par' dir='ltr' id='par_1_87' title="bbox 1052 1185 1871 1227">
     <span class='ocr_line' id='line_1_90' title="bbox 1052 1185 1871 1227; baseline 0.001 -12"><span class='ocrx_word' id='word_1_614' title='bbox 1052 1188 1080 1215; x_wconf 90' lang='lat' dir='ltr'><strong>et</strong></span> <span class='ocrx_word' id='word_1_615' title='bbox 1095 1193 1112 1216; x_wconf 89' lang='lat' dir='ltr'><strong>a</strong></span> <span class='ocrx_word' id='word_1_616' title='bbox 1127 1185 1188 1216; x_wconf 88' lang='lat' dir='ltr'><strong>suis</strong></span> <span class='ocrx_word' id='word_1_617' title='bbox 1203 1185 1330 1217; x_wconf 88' lang='lat' dir='ltr'><strong>invicem</strong></span> <span class='ocrx_word' id='word_1_618' title='bbox 1356 1187 1545 1227; x_wconf 83' lang='lat' dir='ltr'><strong>opinionibus</strong></span> <span class='ocrx_word' id='word_1_619' title='bbox 1561 1186 1709 1218; x_wconf 89' lang='lat' dir='ltr'><strong>dissidere</strong></span> <span class='ocrx_word' id='word_1_620' title='bbox 1733 1186 1871 1217; x_wconf 87' lang='lat' dir='ltr'><strong>videren-</strong></span> 
     </span>
    </p>
   </div>
   <div class='ocr_carea' id='block_1_88' title="bbox 1052 1229 1123 1260">
    <p class='ocr_par' dir='ltr' id='par_1_88' title="bbox 1052 1229 1123 1260">
     <span class='ocr_line' id='line_1_91' title="bbox 1052 1229 1123 1260; baseline 0 -1"><span class='ocrx_word' id='word_1_621' title='bbox 1052 1233 1099 1260; x_wconf 89' lang='lat' dir='ltr'><strong>tur</strong></span> <span class='ocrx_word' id='word_1_622' title='bbox 1108 1229 1123 1259; x_wconf 75' lang='lat' dir='ltr'><strong>‘P</strong></span> 
     </span>
    </p>
   </div>
   <div class='ocr_carea' id='block_1_89' title="bbox 1091 1274 1872 1317">
    <p class='ocr_par' dir='ltr' id='par_1_89' title="bbox 1091 1274 1872 1317">
     <span class='ocr_line' id='line_1_92' title="bbox 1091 1274 1872 1317; baseline 0.001 -12"><span class='ocrx_word' id='word_1_623' title='bbox 1091 1274 1121 1305; x_wconf 83' lang='lat'><strong>5.</strong></span> <span class='ocrx_word' id='word_1_624' title='bbox 1139 1274 1195 1306; x_wconf 85' lang='lat' dir='ltr'><strong>Sed</strong></span> <span class='ocrx_word' id='word_1_625' title='bbox 1220 1275 1293 1306; x_wconf 89' lang='lat' dir='ltr'><strong>forte</strong></span> <span class='ocrx_word' id='word_1_626' title='bbox 1320 1277 1368 1317; x_wconf 90' lang='lat' dir='ltr'><strong>qui</strong></span> <span class='ocrx_word' id='word_1_627' title='bbox 1388 1276 1425 1307; x_wconf 89' lang='lat' dir='ltr'><strong>ab</strong></span> <span class='ocrx_word' id='word_1_628' title='bbox 1441 1276 1561 1317; x_wconf 87' lang='lat' dir='ltr'><strong>antiquo</strong></span> <span class='ocrx_word' id='word_1_629' title='bbox 1583 1276 1634 1307; x_wconf 93' lang='lat' dir='ltr'><strong>illo</strong></span> <span class='ocrx_word' id='word_1_630' title='bbox 1657 1279 1686 1306; x_wconf 91' lang='lat' dir='ltr'><strong>et</strong></span> <span class='ocrx_word' id='word_1_631' title='bbox 1709 1275 1872 1306; x_wconf 89' lang='lat' dir='ltr'><strong>inveterato</strong></span> 
     </span>
    </p>
   </div>
   <div class='ocr_carea' id='block_1_90' title="bbox 1052 1319 1872 1361">
    <p class='ocr_par' dir='ltr' id='par_1_90' title="bbox 1052 1319 1872 1361">
     <span class='ocr_line' id='line_1_93' title="bbox 1052 1319 1872 1361; baseline 0.002 -12"><span class='ocrx_word' id='word_1_632' title='bbox 1052 1319 1206 1350; x_wconf 88' lang='lat' dir='ltr'><strong>discedere</strong></span> <span class='ocrx_word' id='word_1_633' title='bbox 1222 1320 1325 1352; x_wconf 89' lang='lat' dir='ltr'><strong>nolunt</strong></span> <span class='ocrx_word' id='word_1_634' title='bbox 1341 1329 1456 1359; x_wconf 89' lang='lat' dir='ltr'><strong>errore,</strong></span> <span class='ocrx_word' id='word_1_635' title='bbox 1474 1331 1532 1352; x_wconf 88' lang='lat' dir='ltr'><strong>non</strong></span> <span class='ocrx_word' id='word_1_636' title='bbox 1548 1320 1667 1357; x_wconf 72' lang='lat' dir='ltr'><strong>abistis,</strong></span> <span class='ocrx_word' id='word_1_637' title='bbox 1680 1329 1754 1361; x_wconf 92' lang='lat' dir='ltr'><strong>quos</strong></span> <span class='ocrx_word' id='word_1_638' title='bbox 1766 1329 1872 1351; x_wconf 87' lang='lat' dir='ltr'><strong>recen-</strong></span> 
     </span>
    </p>
   </div>
   <div class='ocr_carea' id='block_1_91' title="bbox 1052 1363 1871 1405">
    <p class='ocr_par' dir='ltr' id='par_1_91' title="bbox 1052 1363 1871 1405">
     <span class='ocr_line' id='line_1_94' title="bbox 1052 1363 1871 1405; baseline 0.001 -12"><span class='ocrx_word' id='word_1_639' title='bbox 1052 1363 1176 1401; x_wconf 91' lang='lat' dir='ltr'><strong>suimus,</strong></span> <span class='ocrx_word' id='word_1_640' title='bbox 1194 1364 1358 1396; x_wconf 88' lang='lat' dir='ltr'><strong>doctrinam</strong></span> <span class='ocrx_word' id='word_1_641' title='bbox 1381 1365 1533 1405; x_wconf 70' lang='lat' dir='ltr'><strong>religionis</strong></span> <span class='ocrx_word' id='word_1_642' title='bbox 1559 1374 1625 1396; x_wconf 89' lang='lat' dir='ltr'><strong>sese</strong></span> <span class='ocrx_word' id='word_1_643' title='bbox 1652 1364 1800 1404; x_wconf 84' lang='lat' dir='ltr'><strong>accepisse</strong></span> <span class='ocrx_word' id='word_1_644' title='bbox 1823 1363 1871 1394; x_wconf 92' lang='lat' dir='ltr'><strong>di-</strong></span> 
     </span>
    </p>
   </div>
   <div class='ocr_carea' id='block_1_92' title="bbox 1052 1408 1872 1450">
    <p class='ocr_par' dir='ltr' id='par_1_92' title="bbox 1052 1408 1872 1450">
     <span class='ocr_line' id='line_1_95' title="bbox 1052 1408 1872 1450; baseline 0.001 -13"><span class='ocrx_word' id='word_1_645' title='bbox 1052 1408 1187 1446; x_wconf 90' lang='lat' dir='ltr'><strong>cunt,sed</strong></span> <span class='ocrx_word' id='word_1_646' title='bbox 1206 1418 1223 1440; x_wconf 91' lang='lat' dir='ltr'><strong>a</strong></span> <span class='ocrx_word' id='word_1_647' title='bbox 1239 1408 1444 1440; x_wconf 82' lang='lat' dir='ltr'><strong>celeberrimis</strong></span> <span class='ocrx_word' id='word_1_648' title='bbox 1454 1409 1531 1450; x_wconf 90' lang='lat' dir='ltr'><strong>apud</strong></span> <span class='ocrx_word' id='word_1_649' title='bbox 1543 1418 1595 1441; x_wconf 89' lang='lat' dir='ltr'><strong>eos</strong></span> <span class='ocrx_word' id='word_1_650' title='bbox 1606 1413 1635 1440; x_wconf 85' lang='lat' dir='ltr'><strong>et</strong></span> <span class='ocrx_word' id='word_1_651' title='bbox 1650 1408 1872 1449; x_wconf 66' lang='lat' dir='ltr'><strong>perfectissimae</strong></span> 
     </span>
    </p>
   </div>
   <div class='ocr_carea' id='block_1_93' title="bbox 1053 1452 1872 1495">
    <p class='ocr_par' dir='ltr' id='par_1_93' title="bbox 1053 1452 1872 1495">
     <span class='ocr_line' id='line_1_96' title="bbox 1053 1452 1872 1495; baseline 0.002 -13"><span class='ocrx_word' id='word_1_652' title='bbox 1053 1452 1167 1484; x_wconf 90' lang='lat' dir='ltr'><strong>virtutis</strong></span> <span class='ocrx_word' id='word_1_653' title='bbox 1182 1454 1352 1494; x_wconf 89' lang='lat' dir='ltr'><strong>opinionem</strong></span> <span class='ocrx_word' id='word_1_654' title='bbox 1368 1454 1482 1495; x_wconf 87' lang='lat' dir='ltr'><strong>adeptis</strong></span> <span class='ocrx_word' id='word_1_655' title='bbox 1499 1454 1694 1495; x_wconf 85' lang='lat' dir='ltr'><strong>philosophis,</strong></span> <span class='ocrx_word' id='word_1_656' title='bbox 1707 1453 1827 1484; x_wconf 86' lang='lat' dir='ltr'><strong>Platone</strong></span> <span class='ocrx_word' id='word_1_657' title='bbox 1842 1459 1872 1484; x_wconf 91' lang='lat' dir='ltr'><strong>et</strong></span> 
     </span>
    </p>
   </div>
   <div class='ocr_carea' id='block_1_94' title="bbox 1053 1497 1873 1539">
    <p class='ocr_par' dir='ltr' id='par_1_94' title="bbox 1053 1497 1873 1539">
     <span class='ocr_line' id='line_1_97' title="bbox 1053 1497 1873 1539; baseline 0.001 -12"><span class='ocrx_word' id='word_1_658' title='bbox 1053 1497 1222 1529; x_wconf 86' lang='lat' dir='ltr'><strong>Aristotele.</strong></span> <span class='ocrx_word' id='word_1_659' title='bbox 1240 1498 1299 1530; x_wconf 83' lang='lat' dir='ltr'><strong>Hos</strong></span> <span class='ocrx_word' id='word_1_660' title='bbox 1322 1500 1400 1530; x_wconf 87' lang='lat' dir='ltr'><strong>enim</strong></span> <span class='ocrx_word' id='word_1_661' title='bbox 1431 1499 1593 1539; x_wconf 84' lang='lat' dir='ltr'><strong>perfectam</strong></span> <span class='ocrx_word' id='word_1_662' title='bbox 1621 1503 1650 1530; x_wconf 91' lang='lat' dir='ltr'><strong>et</strong></span> <span class='ocrx_word' id='word_1_663' title='bbox 1671 1507 1768 1529; x_wconf 86' lang='lat' dir='ltr'><strong>veram</strong></span> <span class='ocrx_word' id='word_1_664' title='bbox 1793 1498 1873 1528; x_wconf 89' lang='lat' dir='ltr'><strong>aiunt</strong></span> 
     </span>
    </p>
   </div>
   <div class='ocr_carea' id='block_1_95' title="bbox 1053 1541 1873 1584">
    <p class='ocr_par' dir='ltr' id='par_1_95' title="bbox 1053 1541 1873 1584">
     <span class='ocr_line' id='line_1_98' title="bbox 1053 1541 1873 1584; baseline 0.001 -12"><span class='ocrx_word' id='word_1_665' title='bbox 1053 1541 1193 1574; x_wconf 87' lang='lat' dir='ltr'><strong>didicisse</strong></span> <span class='ocrx_word' id='word_1_666' title='bbox 1207 1543 1395 1583; x_wconf 78' lang='lat' dir='ltr'><strong>religionem.</strong></span> <span class='ocrx_word' id='word_1_667' title='bbox 1414 1543 1557 1584; x_wconf 81' lang='lat' dir='ltr'><strong>Equidem</strong></span> <span class='ocrx_word' id='word_1_668' title='bbox 1576 1543 1670 1583; x_wconf 90' lang='lat' dir='ltr'><strong>primo</strong></span> <span class='ocrx_word' id='word_1_669' title='bbox 1694 1552 1728 1574; x_wconf 80' lang='lat' dir='ltr'><strong>ex</strong></span> <span class='ocrx_word' id='word_1_670' title='bbox 1752 1542 1809 1579; x_wconf 92' lang='lat' dir='ltr'><strong>his,</strong></span> <span class='ocrx_word' id='word_1_671' title='bbox 1823 1543 1873 1583; x_wconf 90' lang='lat' dir='ltr'><strong>qui</strong></span> 
     </span>
    </p>
   </div>
   <div class='ocr_carea' id='block_1_96' title="bbox 1054 1586 1872 1629">
    <p class='ocr_par' dir='ltr' id='par_1_96' title="bbox 1054 1586 1872 1629">
     <span class='ocr_line' id='line_1_99' title="bbox 1054 1586 1872 1629; baseline 0.001 -13"><span class='ocrx_word' id='word_1_672' title='bbox 1054 1586 1092 1617; x_wconf 89' lang='lat' dir='ltr'><strong>ita</strong></span> <span class='ocrx_word' id='word_1_673' title='bbox 1107 1587 1222 1626; x_wconf 87' lang='lat' dir='ltr'><strong>dicunt,</strong></span> <span class='ocrx_word' id='word_1_674' title='bbox 1245 1588 1375 1619; x_wconf 91' lang='lat' dir='ltr'><strong>libenter</strong></span> <span class='ocrx_word' id='word_1_675' title='bbox 1389 1588 1569 1629; x_wconf 83' lang='lat' dir='ltr'><strong>quaesierim,</strong></span> <span class='ocrx_word' id='word_1_676' title='bbox 1588 1587 1694 1628; x_wconf 90' lang='lat' dir='ltr'><strong>quibus</strong></span> <span class='ocrx_word' id='word_1_677' title='bbox 1719 1587 1786 1617; x_wconf 91' lang='lat' dir='ltr'><strong>illos</strong></span> <span class='ocrx_word' id='word_1_678' title='bbox 1808 1596 1872 1618; x_wconf 84' lang='lat' dir='ltr'><strong>ma-</strong></span> 
     </span>
    </p>
   </div>
   <div class='ocr_carea' id='block_1_97' title="bbox 1052 1631 1874 1672">
    <p class='ocr_par' dir='ltr' id='par_1_97' title="bbox 1052 1631 1874 1672">
     <span class='ocr_line' id='line_1_100' title="bbox 1052 1631 1874 1672; baseline 0.001 -11"><span class='ocrx_word' id='word_1_679' title='bbox 1052 1631 1151 1671; x_wconf 84' lang='lat' dir='ltr'><strong>gistris</strong></span> <span class='ocrx_word' id='word_1_680' title='bbox 1167 1642 1237 1663; x_wconf 90' lang='lat' dir='ltr'><strong>usos</strong></span> <span class='ocrx_word' id='word_1_681' title='bbox 1252 1633 1315 1664; x_wconf 71' lang='lat' dir='ltr'><strong>haec</strong></span> <span class='ocrx_word' id='word_1_682' title='bbox 1330 1633 1502 1672; x_wconf 82' lang='lat' dir='ltr'><strong>cognovisse</strong></span> <span class='ocrx_word' id='word_1_683' title='bbox 1519 1632 1712 1664; x_wconf 87' lang='lat' dir='ltr'><strong>dicant.Fieri</strong></span> <span class='ocrx_word' id='word_1_684' title='bbox 1727 1632 1805 1662; x_wconf 88' lang='lat' dir='ltr'><strong>enim</strong></span> <span class='ocrx_word' id='word_1_685' title='bbox 1816 1641 1874 1662; x_wconf 88' lang='lat' dir='ltr'><strong>non</strong></span> 
     </span>
    </p>
   </div>
   <div class='ocr_carea' id='block_1_98' title="bbox 1054 1676 1872 1718">
    <p class='ocr_par' dir='ltr' id='par_1_98' title="bbox 1054 1676 1872 1718">
     <span class='ocr_line' id='line_1_101' title="bbox 1054 1676 1872 1718; baseline -0.001 -11"><span class='ocrx_word' id='word_1_686' title='bbox 1054 1681 1148 1716; x_wconf 88' lang='lat' dir='ltr'><strong>potest</strong></span> <span class='ocrx_word' id='word_1_687' title='bbox 1165 1683 1196 1707; x_wconf 83' lang='lat' dir='ltr'><strong>ut</strong></span> <span class='ocrx_word' id='word_1_688' title='bbox 1210 1677 1257 1718; x_wconf 88' lang='lat' dir='ltr'><strong>qui</strong></span> <span class='ocrx_word' id='word_1_689' title='bbox 1287 1681 1344 1708; x_wconf 89' lang='lat' dir='ltr'><strong>tam</strong></span> <span class='ocrx_word' id='word_1_690' title='bbox 1367 1687 1472 1717; x_wconf 88' lang='lat' dir='ltr'><strong>magna</strong></span> <span class='ocrx_word' id='word_1_691' title='bbox 1497 1681 1526 1708; x_wconf 79' lang='lat' dir='ltr'><strong>et</strong></span> <span class='ocrx_word' id='word_1_692' title='bbox 1550 1676 1649 1708; x_wconf 90' lang='lat' dir='ltr'><strong>divina</strong></span> <span class='ocrx_word' id='word_1_693' title='bbox 1664 1686 1681 1707; x_wconf 89' lang='lat' dir='ltr'><strong>a</strong></span> <span class='ocrx_word' id='word_1_694' title='bbox 1696 1676 1797 1718; x_wconf 88' lang='lat' dir='ltr'><strong>peritis</strong></span> <span class='ocrx_word' id='word_1_695' title='bbox 1814 1686 1872 1706; x_wconf 94' lang='lat' dir='ltr'><strong>non</strong></span> 
     </span>
    </p>
   </div>
   <div class='ocr_carea' id='block_1_99' title="bbox 1053 1720 1872 1762">
    <p class='ocr_par' dir='ltr' id='par_1_99' title="bbox 1053 1720 1872 1762">
     <span class='ocr_line' id='line_1_102' title="bbox 1053 1720 1872 1762; baseline 0 -11"><span class='ocrx_word' id='word_1_696' title='bbox 1053 1720 1233 1762; x_wconf 89' lang='lat' dir='ltr'><strong>didicerunt,</strong></span> <span class='ocrx_word' id='word_1_697' title='bbox 1250 1726 1278 1753; x_wconf 91' lang='lat' dir='ltr'><strong>et</strong></span> <span class='ocrx_word' id='word_1_698' title='bbox 1293 1726 1342 1753; x_wconf 86' lang='lat' dir='ltr'><strong>aut</strong></span> <span class='ocrx_word' id='word_1_699' title='bbox 1356 1722 1452 1753; x_wconf 84' lang='lat' dir='ltr'><strong>sciant</strong></span> <span class='ocrx_word' id='word_1_700' title='bbox 1463 1722 1532 1762; x_wconf 91' lang='lat' dir='ltr'><strong>ipsi,</strong></span> <span class='ocrx_word' id='word_1_701' title='bbox 1548 1726 1597 1752; x_wconf 91' lang='lat' dir='ltr'><strong>aut</strong></span> <span class='ocrx_word' id='word_1_702' title='bbox 1621 1721 1696 1752; x_wconf 89' lang='lat' dir='ltr'><strong>alios</strong></span> <span class='ocrx_word' id='word_1_703' title='bbox 1725 1725 1805 1752; x_wconf 88' lang='lat' dir='ltr'><strong>recte</strong></span> <span class='ocrx_word' id='word_1_704' title='bbox 1821 1730 1872 1751; x_wconf 91' lang='lat' dir='ltr'><strong>va-</strong></span> 
     </span>
    </p>
   </div>
   <div class='ocr_carea' id='block_1_100' title="bbox 1053 1765 1872 1807">
    <p class='ocr_par' dir='ltr' id='par_1_100' title="bbox 1053 1765 1872 1807">
     <span class='ocr_line' id='line_1_103' title="bbox 1053 1765 1872 1807; baseline 0 -11"><span class='ocrx_word' id='word_1_705' title='bbox 1053 1765 1133 1797; x_wconf 89' lang='lat' dir='ltr'><strong>leant</strong></span> <span class='ocrx_word' id='word_1_706' title='bbox 1147 1765 1403 1798; x_wconf 89' lang='lat' dir='ltr'><strong>edocere.Deinde</strong></span> <span class='ocrx_word' id='word_1_707' title='bbox 1417 1776 1486 1797; x_wconf 91' lang='lat' dir='ltr'><strong>vero</strong></span> <span class='ocrx_word' id='word_1_708' title='bbox 1501 1776 1603 1798; x_wconf 90' lang='lat' dir='ltr'><strong>eorum</strong></span> <span class='ocrx_word' id='word_1_709' title='bbox 1625 1775 1742 1807; x_wconf 88' lang='lat' dir='ltr'><strong>quoque</strong></span> <span class='ocrx_word' id='word_1_710' title='bbox 1756 1765 1872 1804; x_wconf 88' lang='lat' dir='ltr'><strong>opinio-</strong></span> 
     </span>
    </p>
   </div>
   <div class='ocr_carea' id='block_1_101' title="bbox 1052 1811 1872 1851">
    <p class='ocr_par' dir='ltr' id='par_1_101' title="bbox 1052 1811 1872 1851">
     <span class='ocr_line' id='line_1_104' title="bbox 1052 1811 1872 1851; baseline -0.001 -10"><span class='ocrx_word' id='word_1_711' title='bbox 1052 1819 1105 1841; x_wconf 79' lang='lat' dir='ltr'><strong>nes</strong></span> <span class='ocrx_word' id='word_1_712' title='bbox 1117 1811 1243 1851; x_wconf 78' lang='lat' dir='ltr'><strong>expendi</strong></span> <span class='ocrx_word' id='word_1_713' title='bbox 1260 1811 1388 1842; x_wconf 90' lang='lat' dir='ltr'><strong>arbitror</strong></span> <span class='ocrx_word' id='word_1_714' title='bbox 1398 1811 1726 1851; x_wconf 87' lang='lat' dir='ltr'><strong>oportere.Videbimus</strong></span> <span class='ocrx_word' id='word_1_715' title='bbox 1742 1811 1820 1840; x_wconf 85' lang='lat' dir='ltr'><strong>euim</strong></span> <span class='ocrx_word' id='word_1_716' title='bbox 1836 1819 1872 1841; x_wconf 83' lang='lat' dir='ltr'><strong>an</strong></span> 
     </span>
    </p>
   </div>
   <div class='ocr_carea' id='block_1_102' title="bbox 1053 1855 1871 1897">
    <p class='ocr_par' dir='ltr' id='par_1_102' title="bbox 1053 1855 1871 1897">
     <span class='ocr_line' id='line_1_105' title="bbox 1053 1855 1871 1897; baseline 0 -11"><span class='ocrx_word' id='word_1_717' title='bbox 1053 1865 1111 1886; x_wconf 93' lang='lat' dir='ltr'><strong>non</strong></span> <span class='ocrx_word' id='word_1_718' title='bbox 1121 1856 1226 1886; x_wconf 91' lang='lat' dir='ltr'><strong>horum</strong></span> <span class='ocrx_word' id='word_1_719' title='bbox 1239 1856 1326 1886; x_wconf 90' lang='lat' dir='ltr'><strong>etiam</strong></span> <span class='ocrx_word' id='word_1_720' title='bbox 1340 1861 1464 1897; x_wconf 86' lang='lat' dir='ltr'><strong>uterque</strong></span> <span class='ocrx_word' id='word_1_721' title='bbox 1480 1866 1547 1887; x_wconf 89' lang='lat' dir='ltr'><strong>cum</strong></span> <span class='ocrx_word' id='word_1_722' title='bbox 1572 1856 1664 1887; x_wconf 87' lang='lat' dir='ltr'><strong>altero</strong></span> <span class='ocrx_word' id='word_1_723' title='bbox 1682 1865 1812 1896; x_wconf 85' lang='lat' dir='ltr'><strong>pugnare</strong></span> <span class='ocrx_word' id='word_1_724' title='bbox 1829 1855 1871 1886; x_wconf 88' lang='lat' dir='ltr'><strong>vi-</strong></span> 
     </span>
    </p>
   </div>
   <div class='ocr_carea' id='block_1_103' title="bbox 1052 1900 1874 1941">
    <p class='ocr_par' dir='ltr' id='par_1_103' title="bbox 1052 1900 1874 1941">
     <span class='ocr_line' id='line_1_106' title="bbox 1052 1900 1874 1941; baseline 0 -10"><span class='ocrx_word' id='word_1_725' title='bbox 1052 1900 1167 1932; x_wconf 89' lang='lat' dir='ltr'><strong>deatur.</strong></span> <span class='ocrx_word' id='word_1_726' title='bbox 1187 1900 1270 1937; x_wconf 89' lang='lat' dir='ltr'><strong>Quod</strong></span> <span class='ocrx_word' id='word_1_727' title='bbox 1280 1901 1303 1931; x_wconf 90' lang='lat' dir='ltr'><strong>si</strong></span> <span class='ocrx_word' id='word_1_728' title='bbox 1313 1910 1351 1931; x_wconf 89' lang='lat' dir='ltr'><strong>ne</strong></span> <span class='ocrx_word' id='word_1_729' title='bbox 1362 1901 1416 1932; x_wconf 84' lang='lat' dir='ltr'><strong>hos</strong></span> <span class='ocrx_word' id='word_1_730' title='bbox 1427 1901 1545 1941; x_wconf 87' lang='lat' dir='ltr'><strong>quidem</strong></span> <span class='ocrx_word' id='word_1_731' title='bbox 1562 1900 1641 1932; x_wconf 89' lang='lat' dir='ltr'><strong>inter</strong></span> <span class='ocrx_word' id='word_1_732' title='bbox 1655 1910 1688 1931; x_wconf 81' lang='lat' dir='ltr'><strong>se</strong></span> <span class='ocrx_word' id='word_1_733' title='bbox 1703 1900 1874 1932; x_wconf 82' lang='lat' dir='ltr'><strong>consentire</strong></span> 
     </span>
    </p>
   </div>
   <div class='ocr_carea' id='block_1_104' title="bbox 1052 1945 1875 1986">
    <p class='ocr_par' dir='ltr' id='par_1_104' title="bbox 1052 1945 1875 1986">
     <span class='ocr_line' id='line_1_107' title="bbox 1052 1945 1875 1986; baseline -0.001 -10"><span class='ocrx_word' id='word_1_734' title='bbox 1052 1945 1291 1986; x_wconf 81' lang='lat' dir='ltr'><strong>reperimus,non</strong></span> <span class='ocrx_word' id='word_1_735' title='bbox 1302 1945 1744 1986; x_wconf 85' lang='lat' dir='ltr'><strong>difficile,arbitror,eriteorum</strong></span> <span class='ocrx_word' id='word_1_736' title='bbox 1758 1955 1875 1986; x_wconf 83' lang='lat' dir='ltr'><strong>quoque</strong></span> 
     </span>
    </p>
   </div>
   <div class='ocr_carea' id='block_1_105' title="bbox 1052 1989 1874 2031">
    <p class='ocr_par' dir='ltr' id='par_1_105' title="bbox 1052 1989 1874 2031">
     <span class='ocr_line' id='line_1_108' title="bbox 1052 1989 1874 2031; baseline 0.001 -11"><span class='ocrx_word' id='word_1_737' title='bbox 1052 1989 1267 2029; x_wconf 86' lang='lat' dir='ltr'><strong>ignorationem</strong></span> <span class='ocrx_word' id='word_1_738' title='bbox 1283 1990 1440 2023; x_wconf 83' lang='lat' dir='ltr'><strong>manifeste</strong></span> <span class='ocrx_word' id='word_1_739' title='bbox 1451 1991 1773 2031; x_wconf 88' lang='lat' dir='ltr'><strong>deprehendere.Plato</strong></span> <span class='ocrx_word' id='word_1_740' title='bbox 1785 1991 1874 2029; x_wconf 77' lang='lat' dir='ltr'><strong>igitur</strong></span> 
     </span>
    </p>
   </div>
   <div class='ocr_carea' id='block_1_106' title="bbox 1053 2035 1874 2076">
    <p class='ocr_par' dir='ltr' id='par_1_106' title="bbox 1053 2035 1874 2076">
     <span class='ocr_line' id='line_1_109' title="bbox 1053 2035 1874 2076; baseline 0 -12"><span class='ocrx_word' id='word_1_741' title='bbox 1053 2039 1189 2075; x_wconf 83' lang='lat' dir='ltr'><strong>tanquam</strong></span> <span class='ocrx_word' id='word_1_742' title='bbox 1207 2044 1223 2065; x_wconf 88' lang='lat' dir='ltr'><strong>e</strong></span> <span class='ocrx_word' id='word_1_743' title='bbox 1238 2036 1377 2076; x_wconf 83' lang='lat' dir='ltr'><strong>supernis</strong></span> <span class='ocrx_word' id='word_1_744' title='bbox 1390 2035 1607 2076; x_wconf 80' lang='lat' dir='ltr'><strong>descendisset,</strong></span> <span class='ocrx_word' id='word_1_745' title='bbox 1623 2040 1651 2066; x_wconf 91' lang='lat' dir='ltr'><strong>et</strong></span> <span class='ocrx_word' id='word_1_746' title='bbox 1662 2045 1727 2075; x_wconf 65' lang='lat' dir='ltr'><strong>qua:</strong></span> <span class='ocrx_word' id='word_1_747' title='bbox 1743 2036 1772 2065; x_wconf 88' lang='lat' dir='ltr'><strong>in</strong></span> <span class='ocrx_word' id='word_1_748' title='bbox 1800 2035 1874 2066; x_wconf 73' lang='lat' dir='ltr'><strong>cwlo</strong></span> 
     </span>
    </p>
   </div>
   <div class='ocr_carea' id='block_1_107' title="bbox 1052 2079 1875 2121">
    <p class='ocr_par' dir='ltr' id='par_1_107' title="bbox 1052 2079 1875 2121">
     <span class='ocr_line' id='line_1_110' title="bbox 1052 2079 1875 2121; baseline -0.001 -10"><span class='ocrx_word' id='word_1_749' title='bbox 1052 2083 1122 2112; x_wconf 84' lang='lat' dir='ltr'><strong>sunt</strong></span> <span class='ocrx_word' id='word_1_750' title='bbox 1147 2080 1402 2121; x_wconf 60' lang='lat' dir='ltr'><strong>accuratepmnia</strong></span> <span class='ocrx_word' id='word_1_751' title='bbox 1426 2079 1582 2111; x_wconf 81' lang='lat' dir='ltr'><strong>didicisset</strong></span> <span class='ocrx_word' id='word_1_752' title='bbox 1599 2084 1630 2111; x_wconf 86' lang='lat' dir='ltr'><strong>et</strong></span> <span class='ocrx_word' id='word_1_753' title='bbox 1645 2080 1774 2120; x_wconf 78' lang='lat' dir='ltr'><strong>vidisset,</strong></span> <span class='ocrx_word' id='word_1_754' title='bbox 1793 2089 1875 2110; x_wconf 92' lang='lat' dir='ltr'><strong>sum-</strong></span> 
     </span>
    </p>
   </div>
   <div class='ocr_carea' id='block_1_108' title="bbox 1026 2159 1876 2199">
    <p class='ocr_par' dir='ltr' id='par_1_108' title="bbox 1026 2159 1876 2199">
     <span class='ocr_line' id='line_1_111' title="bbox 1026 2159 1876 2199; baseline -0.002 -7"><span class='ocrx_word' id='word_1_755' title='bbox 1026 2159 1176 2199; x_wconf 89' lang='lat' dir='ltr'><strong>Ddialogi.</strong></span> <span class='ocrx_word' id='word_1_756' title='bbox 1190 2159 1271 2190; x_wconf 82' lang='lat' dir='ltr'><strong>Idem</strong></span> <span class='ocrx_word' id='word_1_757' title='bbox 1288 2160 1375 2190; x_wconf 88' lang='lat' dir='ltr'><strong>docet</strong></span> <span class='ocrx_word' id='word_1_758' title='bbox 1389 2159 1590 2198; x_wconf 79' lang='lat' dir='ltr'><strong>Athenagoras</strong></span> <span class='ocrx_word' id='word_1_759' title='bbox 1605 2160 1722 2199; x_wconf 82' lang='lat' dir='ltr'><strong>Legat.,</strong></span> <span class='ocrx_word' id='word_1_760' title='bbox 1740 2169 1769 2189; x_wconf 93' lang='lat' dir='ltr'><strong>n.</strong></span> <span class='ocrx_word' id='word_1_761' title='bbox 1781 2159 1811 2190; x_wconf 88' lang='grc'><strong>7.</strong></span> <span class='ocrx_word' id='word_1_762' title='bbox 1828 2159 1876 2190; x_wconf 90' lang='lat' dir='ltr'><strong>Sic</strong></span> 
     </span>
    </p>
   </div>
   <div class='ocr_carea' id='block_1_109' title="bbox 1058 2199 1878 2237">
    <p class='ocr_par' dir='ltr' id='par_1_109' title="bbox 1058 2199 1878 2237">
     <span class='ocr_line' id='line_1_112' title="bbox 1058 2199 1878 2237; baseline -0.004 -5"><span class='ocrx_word' id='word_1_763' title='bbox 1058 2201 1146 2232; x_wconf 87' lang='lat' dir='ltr'><strong>etiam</strong></span> <span class='ocrx_word' id='word_1_764' title='bbox 1161 2200 1337 2237; x_wconf 85' lang='lat' dir='ltr'><strong>Lactantius,</strong></span> <span class='ocrx_word' id='word_1_765' title='bbox 1358 2199 1504 2235; x_wconf 77' lang='lat' dir='ltr'><strong>lnslt&#39;tut.,</strong></span> <span class='ocrx_word' id='word_1_766' title='bbox 1523 2200 1540 2230; x_wconf 97' lang='lat' dir='ltr'><strong>l.</strong></span> <span class='ocrx_word' id='word_1_767' title='bbox 1560 2209 1600 2235; x_wconf 80' lang='lat' dir='ltr'><strong>m.</strong></span> <span class='ocrx_word' id='word_1_768' title='bbox 1617 2209 1644 2231; x_wconf 91' lang='lat' dir='ltr'><strong>c.</strong></span> <span class='ocrx_word' id='word_1_769' title='bbox 1665 2199 1878 2236; x_wconf 83' lang='lat' dir='ltr'><strong>t,demonslrat</strong></span> 
     </span>
    </p>
   </div>
   <div class='ocr_carea' id='block_1_110' title="bbox 1059 2239 1876 2281">
    <p class='ocr_par' dir='ltr' id='par_1_110' title="bbox 1059 2239 1876 2281">
     <span class='ocr_line' id='line_1_113' title="bbox 1059 2239 1876 2281; baseline -0.002 -9"><span class='ocrx_word' id='word_1_770' title='bbox 1059 2240 1250 2281; x_wconf 81' lang='lat' dir='ltr'><strong>philosophos</strong></span> <span class='ocrx_word' id='word_1_771' title='bbox 1261 2249 1329 2271; x_wconf 89' lang='lat' dir='ltr'><strong>vere</strong></span> <span class='ocrx_word' id='word_1_772' title='bbox 1349 2239 1429 2280; x_wconf 84' lang='lat' dir='ltr'><strong>loqui</strong></span> <span class='ocrx_word' id='word_1_773' title='bbox 1445 2239 1525 2281; x_wconf 89' lang='lat' dir='ltr'><strong>nullo</strong></span> <span class='ocrx_word' id='word_1_774' title='bbox 1542 2240 1629 2271; x_wconf 91' lang='lat' dir='ltr'><strong>modo</strong></span> <span class='ocrx_word' id='word_1_775' title='bbox 1646 2239 1785 2279; x_wconf 76' lang='lat' dir='ltr'><strong>potuisse,</strong></span> <span class='ocrx_word' id='word_1_776' title='bbox 1803 2241 1876 2279; x_wconf 84' lang='lat' dir='ltr'><strong>quia</strong></span> 
     </span>
    </p>
   </div>
   <div class='ocr_carea' id='block_1_111' title="bbox 1057 2280 1876 2320">
    <p class='ocr_par' dir='ltr' id='par_1_111' title="bbox 1057 2280 1876 2320">
     <span class='ocr_line' id='line_1_114' title="bbox 1057 2280 1876 2320; baseline -0.005 -7"><span class='ocrx_word' id='word_1_777' title='bbox 1057 2280 1216 2313; x_wconf 59' lang='lat' dir='ltr'><strong>ueritatem</strong></span> <span class='ocrx_word' id='word_1_778' title='bbox 1228 2290 1290 2312; x_wconf 82' lang='lat' dir='ltr'><strong>non</strong></span> <span class='ocrx_word' id='word_1_779' title='bbox 1305 2281 1475 2311; x_wconf 70' lang='lat' dir='ltr'><strong>dcdiccrant</strong></span> <span class='ocrx_word' id='word_1_780' title='bbox 1487 2280 1523 2311; x_wconf 82' lang='lat' dir='ltr'><strong>ab</strong></span> <span class='ocrx_word' id='word_1_781' title='bbox 1535 2290 1568 2310; x_wconf 85' lang='lat' dir='ltr'><strong>co</strong></span> <span class='ocrx_word' id='word_1_782' title='bbox 1579 2281 1706 2320; x_wconf 18' lang='lat' dir='ltr'><strong>quircjus</strong></span> <span class='ocrx_word' id='word_1_783' title='bbox 1717 2283 1820 2320; x_wconf 77' lang='lat' dir='ltr'><strong>potens</strong></span> <span class='ocrx_word' id='word_1_784' title='bbox 1831 2289 1876 2310; x_wconf 86' lang='lat' dir='ltr'><strong>es—</strong></span> 
     </span>
    </p>
   </div>
   <div class='ocr_carea' id='block_1_112' title="bbox 1057 2319 1874 2359">
    <p class='ocr_par' dir='ltr' id='par_1_112' title="bbox 1057 2319 1874 2359">
     <span class='ocr_line' id='line_1_115' title="bbox 1057 2319 1874 2359; baseline -0.002 -6"><span class='ocrx_word' id='word_1_785' title='bbox 1057 2321 1230 2358; x_wconf 81' lang='lat' dir='ltr'><strong>set,scilicel</strong></span> <span class='ocrx_word' id='word_1_786' title='bbox 1241 2331 1258 2352; x_wconf 85' lang='lat' dir='ltr'><strong>a</strong></span> <span class='ocrx_word' id='word_1_787' title='bbox 1268 2320 1398 2351; x_wconf 86' lang='lat' dir='ltr'><strong>Deo.Vid</strong></span> <span class='ocrx_word' id='word_1_788' title='bbox 1415 2319 1764 2359; x_wconf 31' lang='lat' dir='ltr'><strong>l:b.vn.c.’l,’etCyri|lum</strong></span> <span class='ocrx_word' id='word_1_789' title='bbox 1778 2319 1874 2356; x_wconf 83' lang='lat' dir='ltr'><strong>Alex..</strong></span> 
     </span>
    </p>
   </div>
   <div class='ocr_carea' id='block_1_113' title="bbox 1059 2359 1873 2406">
    <p class='ocr_par' dir='ltr' id='par_1_113' title="bbox 1059 2359 1873 2406">
     <span class='ocr_line' id='line_1_116' title="bbox 1059 2359 1873 2406; baseline -0.004 -13"><span class='ocrx_word' id='word_1_790' title='bbox 1059 2361 1195 2406; x_wconf 77' lang='lat' dir='ltr'><strong>libAdv.</strong></span> <span class='ocrx_word' id='word_1_791' title='bbox 1209 2360 1617 2406; x_wconf 57' lang='lat' dir='ltr'><strong>Juliaiium,pag.16.Quaerit</strong></span> <span class='ocrx_word' id='word_1_792' title='bbox 1628 2359 1764 2391; x_wconf 86' lang='lat' dir='ltr'><strong>Clemens</strong></span> <span class='ocrx_word' id='word_1_793' title='bbox 1774 2359 1873 2393; x_wconf 81' lang='lat' dir='ltr'><strong>Alex..</strong></span> 
     </span>
    </p>
   </div>
   <div class='ocr_carea' id='block_1_114' title="bbox 1056 2400 1876 2442">
    <p class='ocr_par' dir='ltr' id='par_1_114' title="bbox 1056 2400 1876 2442">
     <span class='ocr_line' id='line_1_117' title="bbox 1056 2400 1876 2442; baseline -0.004 -9"><span class='ocrx_word' id='word_1_794' title='bbox 1056 2402 1226 2442; x_wconf 81' lang='lat' dir='ltr'><strong>Strom,v1,</strong></span> <span class='ocrx_word' id='word_1_795' title='bbox 1241 2411 1258 2442; x_wconf 83' lang='lat' dir='ltr'><strong>p</strong></span> <span class='ocrx_word' id='word_1_796' title='bbox 1283 2400 1459 2442; x_wconf 77' lang='lat' dir='ltr'><strong>696,ilidein</strong></span> <span class='ocrx_word' id='word_1_797' title='bbox 1476 2400 1805 2442; x_wconf 46' lang='lat' dir='ltr'><strong>utdustinugquosnam</strong></span> <span class='ocrx_word' id='word_1_798' title='bbox 1818 2410 1876 2431; x_wconf 88' lang='lat' dir='ltr'><strong>ma-</strong></span> 
     </span>
    </p>
   </div>
   <div class='ocr_carea' id='block_1_115' title="bbox 1057 2426 1875 2481">
    <p class='ocr_par' dir='ltr' id='par_1_115' title="bbox 1057 2426 1875 2481">
     <span class='ocr_line' id='line_1_118' title="bbox 1057 2426 1875 2481; baseline -0.004 -8"><span class='ocrx_word' id='word_1_799' title='bbox 1057 2426 1457 2481; x_wconf 54' lang='lat' dir='ltr'><strong>gistros,habberint,ﬁrzeci,</strong></span> <span class='ocrx_word' id='word_1_800' title='bbox 1471 2440 1521 2480; x_wconf 89' lang='lat' dir='ltr'><strong>qui</strong></span> <span class='ocrx_word' id='word_1_801' title='bbox 1532 2426 1875 2480; x_wconf 43' lang='lat' dir='ltr'><strong>veritatisjcognitionem</strong></span> 
     </span>
    </p>
   </div>
   <div class='ocr_carea' id='block_1_116' title="bbox 1057 2481 1874 2521">
    <p class='ocr_par' dir='ltr' id='par_1_116' title="bbox 1057 2481 1874 2521">
     <span class='ocr_line' id='line_1_119' title="bbox 1057 2481 1874 2521; baseline -0.002 -9"><span class='ocrx_word' id='word_1_802' title='bbox 1057 2483 1114 2513; x_wconf 82' lang='lat' dir='ltr'><strong>sibi</strong></span> <span class='ocrx_word' id='word_1_803' title='bbox 1129 2487 1277 2521; x_wconf 74' lang='lat' dir='ltr'><strong>arrogant.</strong></span> <span class='ocrx_word' id='word_1_804' title='bbox 1294 2481 1440 2513; x_wconf 67' lang='lat' dir='ltr'><strong>Praeclare</strong></span> <span class='ocrx_word' id='word_1_805' title='bbox 1456 2481 1669 2518; x_wconf 84' lang='lat' dir='ltr'><strong>Tertullianus,</strong></span> <span class='ocrx_word' id='word_1_806' title='bbox 1691 2481 1792 2512; x_wconf 84' lang='lat' dir='ltr'><strong>lib.De</strong></span> <span class='ocrx_word' id='word_1_807' title='bbox 1805 2482 1874 2511; x_wconf 80' lang='lat' dir='ltr'><strong>ani-</strong></span> 
     </span>
    </p>
   </div>
   <div class='ocr_carea' id='block_1_117' title="bbox 1055 2521 1880 2563">
    <p class='ocr_par' dir='ltr' id='par_1_117' title="bbox 1055 2521 1880 2563">
     <span class='ocr_line' id='line_1_120' title="bbox 1055 2521 1880 2563; baseline -0.002 -9"><span class='ocrx_word' id='word_1_808' title='bbox 1055 2532 1115 2560; x_wconf 88' lang='lat' dir='ltr'><strong>ma,</strong></span> <span class='ocrx_word' id='word_1_809' title='bbox 1132 2523 1294 2563; x_wconf 83' lang='lat' dir='ltr'><strong>cap.l:Cui</strong></span> <span class='ocrx_word' id='word_1_810' title='bbox 1308 2521 1397 2561; x_wconf 79' lang='lat' dir='ltr'><strong>enim,</strong></span> <span class='ocrx_word' id='word_1_811' title='bbox 1410 2521 1515 2562; x_wconf 87' lang='lat' dir='ltr'><strong>inquit,</strong></span> <span class='ocrx_word' id='word_1_812' title='bbox 1527 2522 1637 2563; x_wconf 18' lang='lat' dir='ltr'><strong>veg-ritas</strong></span> <span class='ocrx_word' id='word_1_813' title='bbox 1653 2522 1880 2563; x_wconf 66' lang='lat' dir='ltr'><strong>comperlositte</strong></span> 
     </span>
    </p>
   </div>
   <div class='ocr_carea' id='block_1_118' title="bbox 1057 2561 1875 2601">
    <p class='ocr_par' dir='ltr' id='par_1_118' title="bbox 1057 2561 1875 2601">
     <span class='ocr_line' id='line_1_121' title="bbox 1057 2561 1875 2601; baseline -0.001 -9"><span class='ocrx_word' id='word_1_814' title='bbox 1057 2563 1133 2594; x_wconf 85' lang='lat' dir='ltr'><strong>[)eo?</strong></span> <span class='ocrx_word' id='word_1_815' title='bbox 1149 2561 1207 2594; x_wconf 82' lang='lat' dir='ltr'><strong>Cui</strong></span> <span class='ocrx_word' id='word_1_816' title='bbox 1223 2563 1301 2594; x_wconf 87' lang='lat' dir='ltr'><strong>Ceus</strong></span> <span class='ocrx_word' id='word_1_817' title='bbox 1316 2561 1457 2601; x_wconf 72' lang='lat' dir='ltr'><strong>cognitus</strong></span> <span class='ocrx_word' id='word_1_818' title='bbox 1467 2564 1533 2593; x_wconf 82' lang='lat' dir='ltr'><strong>sine</strong></span> <span class='ocrx_word' id='word_1_819' title='bbox 1548 2561 1684 2593; x_wconf 60' lang='lat' dir='ltr'><strong>Christo?</strong></span> <span class='ocrx_word' id='word_1_820' title='bbox 1701 2564 1750 2592; x_wconf 81' lang='lat' dir='ltr'><strong>cui</strong></span> <span class='ocrx_word' id='word_1_821' title='bbox 1773 2562 1875 2593; x_wconf 78' lang='lat' dir='ltr'><strong>Chris-</strong></span> 
     </span>
    </p>
   </div>
   <div class='ocr_carea' id='block_1_119' title="bbox 1054 2602 1879 2643">
    <p class='ocr_par' dir='ltr' id='par_1_119' title="bbox 1054 2602 1879 2643">
     <span class='ocr_line' id='line_1_122' title="bbox 1054 2602 1879 2643; baseline -0.002 -10"><span class='ocrx_word' id='word_1_822' title='bbox 1054 2607 1101 2634; x_wconf 83' lang='lat' dir='ltr'><strong>Ius</strong></span> <span class='ocrx_word' id='word_1_823' title='bbox 1115 2604 1293 2643; x_wconf 66' lang='lat' dir='ltr'><strong>exploratus</strong></span> <span class='ocrx_word' id='word_1_824' title='bbox 1307 2603 1372 2633; x_wconf 65' lang='lat' dir='ltr'><strong>sine</strong></span> <span class='ocrx_word' id='word_1_825' title='bbox 1388 2602 1507 2641; x_wconf 75' lang='lat' dir='ltr'><strong>bpiritu</strong></span> <span class='ocrx_word' id='word_1_826' title='bbox 1523 2603 1643 2643; x_wconf 75' lang='lat' dir='ltr'><strong>sancto?</strong></span> <span class='ocrx_word' id='word_1_827' title='bbox 1669 2602 1726 2633; x_wconf 74' lang='lat' dir='ltr'><strong>Cui</strong></span> <span class='ocrx_word' id='word_1_828' title='bbox 1746 2602 1879 2643; x_wconf 62' lang='lat' dir='ltr'><strong>Spirittts</strong></span> 
     </span>
    </p>
   </div>
   <div class='ocr_carea' id='block_1_120' title="bbox 1052 2641 1881 2682">
    <p class='ocr_par' dir='ltr' id='par_1_120' title="bbox 1052 2641 1881 2682">
     <span class='ocr_line' id='line_1_123' title="bbox 1052 2641 1881 2682; baseline -0.005 -7"><span class='ocrx_word' id='word_1_829' title='bbox 1052 2641 1172 2676; x_wconf 69' lang='lat' dir='ltr'><strong>sanctus</strong></span> <span class='ocrx_word' id='word_1_830' title='bbox 1184 2643 1423 2675; x_wconf 78' lang='lat' dir='ltr'><strong>accommodatus</strong></span> <span class='ocrx_word' id='word_1_831' title='bbox 1438 2643 1502 2673; x_wconf 78' lang='lat' dir='ltr'><strong>sine</strong></span> <span class='ocrx_word' id='word_1_832' title='bbox 1519 2642 1590 2682; x_wconf 80' lang='lat' dir='ltr'><strong>ﬁdei</strong></span> <span class='ocrx_word' id='word_1_833' title='bbox 1600 2641 1881 2674; x_wconf 67' lang='lat' dir='ltr'><strong>saci&#39;ttinentoi’Vide</strong></span> 
     </span>
    </p>
   </div>
   <div class='ocr_carea' id='block_1_121' title="bbox 1055 2682 1877 2723">
    <p class='ocr_par' dir='ltr' id='par_1_121' title="bbox 1055 2682 1877 2723">
     <span class='ocr_line' id='line_1_124' title="bbox 1055 2682 1877 2723; baseline -0.004 -9"><span class='ocrx_word' id='word_1_834' title='bbox 1055 2683 1228 2723; x_wconf 86' lang='lat' dir='ltr'><strong>Origenem,</strong></span> <span class='ocrx_word' id='word_1_835' title='bbox 1245 2684 1265 2715; x_wconf 90' lang='lat' dir='ltr'><strong>l.</strong></span> <span class='ocrx_word' id='word_1_836' title='bbox 1283 2692 1311 2715; x_wconf 78' lang='grc' dir='ltr'><strong>ιν</strong></span> <span class='ocrx_word' id='word_1_837' title='bbox 1327 2682 1405 2714; x_wconf 80' lang='lat' dir='ltr'><strong>Adv.</strong></span> <span class='ocrx_word' id='word_1_838' title='bbox 1424 2682 1553 2720; x_wconf 78' lang='lat' dir='ltr'><strong>Celsum,</strong></span> <span class='ocrx_word' id='word_1_839' title='bbox 1571 2692 1599 2722; x_wconf 89' lang='lat' dir='ltr'><strong>p.</strong></span> <span class='ocrx_word' id='word_1_840' title='bbox 1625 2683 1696 2719; x_wconf 80' lang='lat'><strong>207,</strong></span> <span class='ocrx_word' id='word_1_841' title='bbox 1711 2687 1739 2714; x_wconf 85' lang='lat' dir='ltr'><strong>ct</strong></span> <span class='ocrx_word' id='word_1_842' title='bbox 1754 2682 1806 2714; x_wconf 92' lang='lat' dir='ltr'><strong>lib.</strong></span> <span class='ocrx_word' id='word_1_843' title='bbox 1825 2690 1877 2717; x_wconf 86' lang='lat' dir='ltr'><strong>vu,</strong></span> 
     </span>
    </p>
   </div>
   <div class='ocr_carea' id='block_1_122' title="bbox 1056 2725 1289 2764">
    <p class='ocr_par' dir='ltr' id='par_1_122' title="bbox 1056 2725 1289 2764">
     <span class='ocr_line' id='line_1_125' title="bbox 1056 2725 1289 2764; baseline -0.004 -9"><span class='ocrx_word' id='word_1_844' title='bbox 1056 2733 1084 2764; x_wconf 89' lang='lat' dir='ltr'><strong>p.</strong></span> <span class='ocrx_word' id='word_1_845' title='bbox 1105 2725 1163 2755; x_wconf 72' lang='lat'><strong>359</strong></span> <span class='ocrx_word' id='word_1_846' title='bbox 1179 2729 1208 2755; x_wconf 89' lang='lat' dir='ltr'><strong>et</strong></span> <span class='ocrx_word' id='word_1_847' title='bbox 1219 2725 1289 2756; x_wconf 75' lang='lat' dir='ltr'><strong>36L</strong></span> 
     </span>
    </p>
   </div>
   <div class='ocr_carea' id='block_1_123' title="bbox 1093 2761 1830 2805">
    <p class='ocr_par' dir='ltr' id='par_1_123' title="bbox 1093 2761 1830 2805">
     <span class='ocr_line' id='line_1_126' title="bbox 1093 2761 1830 2805; baseline -0.004 -10"><span class='ocrx_word' id='word_1_848' title='bbox 1093 2765 1156 2805; x_wconf 83' lang='lat'><strong>(7|)</strong></span> <span class='ocrx_word' id='word_1_849' title='bbox 1173 2767 1201 2794; x_wconf 78' lang='grc' dir='ltr'>Εἰ</span> <span class='ocrx_word' id='word_1_850' title='bbox 1217 2766 1266 2802; x_wconf 76' lang='grc' dir='ltr'>μή.</span> <span class='ocrx_word' id='word_1_851' title='bbox 1283 2764 1373 2795; x_wconf 84' lang='lat' dir='ltr'><strong>Deest</strong></span> <span class='ocrx_word' id='word_1_852' title='bbox 1387 2763 1481 2805; x_wconf 84' lang='lat' dir='ltr'><strong>prima</strong></span> <span class='ocrx_word' id='word_1_853' title='bbox 1495 2761 1636 2805; x_wconf 78' lang='lat' dir='ltr'><strong>vocabula</strong></span> <span class='ocrx_word' id='word_1_854' title='bbox 1653 2762 1682 2792; x_wconf 90' lang='lat' dir='ltr'><strong>in</strong></span> <span class='ocrx_word' id='word_1_855' title='bbox 1702 2761 1830 2805; x_wconf 74' lang='lat' dir='ltr'><strong>Colbert.</strong></span> 
     </span>
    </p>
   </div>
   <div class='ocr_carea' id='block_1_124' title="bbox 1094 2801 1877 2845">
    <p class='ocr_par' dir='ltr' id='par_1_124' title="bbox 1094 2801 1877 2845">
     <span class='ocr_line' id='line_1_127' title="bbox 1094 2801 1877 2845; baseline -0.008 -9"><span class='ocrx_word' id='word_1_856' title='bbox 1094 2801 1157 2845; x_wconf 70' lang='grc'><strong>(72)</strong></span> <span class='ocrx_word' id='word_1_857' title='bbox 1174 2801 1290 2845; x_wconf 58' lang='grc' dir='ltr'>Θκὲέριρ.</span> <span class='ocrx_word' id='word_1_858' title='bbox 1329 2801 1449 2843; x_wconf 85' lang='lat' dir='ltr'><strong>Legitur</strong></span> <span class='ocrx_word' id='word_1_859' title='bbox 1471 2812 1506 2833; x_wconf 89' lang='lat' dir='ltr'><strong>ea</strong></span> <span class='ocrx_word' id='word_1_860' title='bbox 1524 2812 1576 2833; x_wconf 84' lang='lat' dir='ltr'><strong>vox</strong></span> <span class='ocrx_word' id='word_1_861' title='bbox 1596 2803 1626 2833; x_wconf 93' lang='lat' dir='ltr'><strong>in</strong></span> <span class='ocrx_word' id='word_1_862' title='bbox 1642 2811 1734 2842; x_wconf 81' lang='lat' dir='ltr'><strong>marg.</strong></span> <span class='ocrx_word' id='word_1_863' title='bbox 1755 2803 1830 2842; x_wconf 78' lang='lat' dir='ltr'><strong>Reg.</strong></span> <span class='ocrx_word' id='word_1_864' title='bbox 1848 2801 1877 2841; x_wconf 76' lang='lat'><strong>2,</strong></span> 
     </span>
    </p>
   </div>
   <div class='ocr_carea' id='block_1_125' title="bbox 1053 2844 1350 2876">
    <p class='ocr_par' dir='ltr' id='par_1_125' title="bbox 1053 2844 1350 2876">
     <span class='ocr_line' id='line_1_128' title="bbox 1053 2844 1350 2876; baseline 0 -2"><span class='ocrx_word' id='word_1_865' title='bbox 1053 2844 1108 2876; x_wconf 86' lang='lat' dir='ltr'><strong>nec</strong></span> <span class='ocrx_word' id='word_1_866' title='bbox 1123 2844 1293 2876; x_wconf 87' lang='lat' dir='ltr'><strong>necessaria</strong></span> <span class='ocrx_word' id='word_1_867' title='bbox 1305 2848 1350 2875; x_wconf 90' lang='lat' dir='ltr'><strong>est</strong></span> 
     </span>
    </p>
   </div>
   <div class='ocr_carea' id='block_1_126' title="bbox 1093 2882 1874 2923">
    <p class='ocr_par' dir='ltr' id='par_1_126' title="bbox 1093 2882 1874 2923">
     <span class='ocr_line' id='line_1_129' title="bbox 1093 2882 1874 2923; baseline -0.003 -9"><span class='ocrx_word' id='word_1_868' title='bbox 1093 2885 1153 2923; x_wconf 84' lang='grc'><strong>(73)</strong></span> <span class='ocrx_word' id='word_1_869' title='bbox 1171 2885 1336 2918; x_wconf 74' lang='grc' dir='ltr'>Μεμαθηκώς</span> <span class='ocrx_word' id='word_1_870' title='bbox 1377 2884 1467 2916; x_wconf 84' lang='lat' dir='ltr'><strong>Deest</strong></span> <span class='ocrx_word' id='word_1_871' title='bbox 1493 2882 1567 2914; x_wconf 87' lang='lat' dir='ltr'><strong>illud</strong></span> <span class='ocrx_word' id='word_1_872' title='bbox 1589 2882 1715 2914; x_wconf 88' lang='lat' dir='ltr'><strong>verbum</strong></span> <span class='ocrx_word' id='word_1_873' title='bbox 1728 2882 1757 2914; x_wconf 91' lang='lat' dir='ltr'><strong>in</strong></span> <span class='ocrx_word' id='word_1_874' title='bbox 1770 2883 1842 2922; x_wconf 79' lang='lat' dir='ltr'><strong>Reg.</strong></span> <span class='ocrx_word' id='word_1_875' title='bbox 1863 2883 1874 2912; x_wconf 85' lang='lat' dir='ltr'><strong>t</strong></span> 
     </span>
    </p>
   </div>
   <div class='ocr_carea' id='block_1_127' title="bbox 1030 2925 1329 2964">
    <p class='ocr_par' dir='ltr' id='par_1_127' title="bbox 1030 2925 1329 2964">
     <span class='ocr_line' id='line_1_130' title="bbox 1030 2925 1329 2964; baseline -0.007 -7"><span class='ocrx_word' id='word_1_876' title='bbox 1030 2955 1032 2957; x_wconf 85' lang='lat'><strong>.</strong></span> <span class='ocrx_word' id='word_1_877' title='bbox 1052 2930 1090 2957; x_wconf 90' lang='lat' dir='ltr'><strong>et</strong></span> <span class='ocrx_word' id='word_1_878' title='bbox 1105 2926 1135 2964; x_wconf 65' lang='grc'>2,</span> <span class='ocrx_word' id='word_1_879' title='bbox 1153 2930 1182 2958; x_wconf 89' lang='lat' dir='ltr'><strong>et</strong></span> <span class='ocrx_word' id='word_1_880' title='bbox 1198 2925 1329 2958; x_wconf 88' lang='lat' dir='ltr'><strong>Colbert.</strong></span> 
     </span>
    </p>
   </div>
  </div>
