1979 3071
166 125 225 158 305

765 120 1008 154 COHORTATIO
1027 121 1079 153 AD
1101 121 1267 153 GR/ECOS.

1802 120 1860 153 306

165 191 296 230 ὁμολογεῖ
323 191 406 229 μηδὲν
432 190 539 228 εἰδέναι,
566 192 624 222 πῶς
655 190 677 219 οἶ
714 188 774 227 μετ’
796 188 874 217 αὐτὸν
898 189 942 217 καὶ
956 187 977 218 τὶ

1030 188 1056 219 si
1071 188 1131 229 hic,
1146 189 1277 229 inquam,
1296 188 1370 219 nihil
1385 197 1417 219 se
1432 189 1509 220 scire
1523 189 1690 226 conﬁtetur,
1708 189 1857 229 quomodo

166 236 193 264 ἐν
222 236 343 276 οὐρανοῖς
379 235 576 276 ἐπηγγέλλοντο
612 233 705 264 εἰδέναι
729 245 738 271 ;
768 233 913 273 Σωκράτης
940 233 991 274 γὰρ

167 281 261 309 ἑαυτὸν
289 281 371 320 σοφὸν
386 280 427 309 διὰ
447 280 518 309 τοῦτ’
533 281 649 320 εἰρῆσθαι
671 279 734 319 ἔφη,
766 277 806 306 ὅτι
820 281 873 306 τῶν
889 277 990 307 λοιπῶν

166 325 310 365 ἀνθρώπων
340 326 356 354 ἃ
384 325 423 364 μὴ
451 325 525 353 ἴσασι
554 323 788 365 προσποιουμένων
816 322 921 363 εἰδέναι,
938 323 989 352 αὖ·

166 370 212 401 τὸς
221 370 270 398 οὐκ
278 370 358 399 ὤκνει
373 369 456 409 μηδὲν
468 369 613 409 ὁμολογεῖν
630 368 707 410 (49’)
725 367 828 397 εἰδέναί.
846 366 925 407 ’Ἔφη
938 368 988 408 γὰρ

164 415 259 447 οὕτως·
300 425 312 443 ε
343 415 451 444 ’Ἔοικᾶ
463 415 489 454 γ’
512 415 556 444 οὖν
586 415 656 451 αὖτῷ
670 414 756 451 τούτῳ
776 416 880 452 σμικρῷ
895 413 987 453 σοφώ-

163 470 242 491 τατος
256 460 340 497 εῖναι,
356 459 396 488 ὅτι
418 459 434 487 ἄ
449 459 488 497 μὴ
501 458 572 499 οῖδα,
588 457 646 488 οὐδὲ
661 457 755 496 οἴομαι
771 456 876 486 εἰδέναι.
896 468 908 486 ι
926 461 985 491 Μη-

163 503 216 536 δεὶς
245 503 272 532 δὲ
301 504 394 533 οἰέσθω
425 504 627 544 εἰρωνευόμενον
648 503 755 543 ἀγνοιον
782 502 986 542 προσποιεῖσθαι

163 549 320 589 Σωκράτην,
351 548 443 584 ἐπειδὴ
472 548 602 581 πολλάκις
630 549 659 577 ιν
673 554 731 580 τοῖς
747 546 881 587 διαλόγοις
907 547 985 577 εἴωθε

164 597 242 622 τοῦτο
268 601 370 627 ποιεῖν,
396 589 427 623 Ἠ
442 594 492 634 γὰρ
506 593 643 622 τελευταία
664 593 740 633 ῥῆσις
755 595 805 626 τῆς
826 591 982 632 ἀπολογίας,

161 638 196 672 -ἱίν
224 638 266 667 ἐπὶ
280 639 310 667 το
333 638 514 678 δεσμωτήριον
535 639 622 667 ἀπιὼν
643 637 706 678 ἔφη,
719 636 800 671 δηλοῖ
814 637 882 675 μετὰ
897 648 984 667 σπου-

162 682 211 717 δῆς
239 683 318 712 αὐτὸν
339 684 383 712 καὶ
397 683 521 717 ἀληθείας
538 684 585 717 τὴν
606 681 714 722 ἂγνοιαν
729 681 887 722 ὁμολογεῖν.
903 681 982 722 ’Ἔφη

161 728 212 767 γὰρ
240 727 335 760 οὕτως’
356 739 368 757 ε
400 727 484 757 Ἀλλὰ
511 729 561 768 γὰρ
582 727 634 762 ἤδη
649 728 705 766 ὢρα
720 727 838 766 ἀπιὶναι,
855 726 914 765 ἐμοὶ
934 728 983 766 μὲν

161 772 354 812 τεθνηξομένῳ,
389 774 453 811 ὑμῖν
495 771 523 801 δὲ
548 767 551 768 ν
572 772 759 811 βιωσομένοις.
791 767 928 812 Ὀπότεροι
954 772 982 801 δὲ

1033 232 1084 273 qui
1100 236 1166 273 post
1180 241 1248 264 eum
1263 234 1319 264 orti
1336 237 1417 272 sunt,
1436 233 1527 265 etiam
1544 233 1678 264 caelestia
1702 233 1759 263 sibi
1787 238 1857 264 nota

1032 286 1098 308 esse
1110 277 1301 317 proﬁtentur?
1317 277 1454 309 Socrates
1466 278 1545 308 enim
1559 282 1717 318 propterea
1732 278 1855 318 sapien-

1031 325 1090 352 tem
1107 331 1139 353 se
1154 331 1220 353 esse
1235 322 1345 353 dictum
1361 322 1413 362 ait,
1427 322 1505 363 quod
1518 332 1585 353 cum
1601 323 1701 353 cmteri
1717 322 1854 353 homines

1030 366 1172 397 simulent
1187 375 1219 397 se
1235 367 1312 398 scire
1322 376 1387 407 quae
1403 367 1547 404 nesciant,
1565 367 1629 407 ipse
1645 377 1704 398 non
1721 367 1854 407 pigretur

1028 410 1104 441 nihil
1120 420 1154 442 se
1169 411 1246 442 scire
1260 411 1407 442 conﬁteri.
1425 412 1466 442 Ita
1481 411 1560 442 enim
1577 411 1729 443 dicebat:«
1742 411 1854 443 Videor

1027 455 1119 494 igitur
1136 456 1191 486 hac
1209 465 1242 486 re
1260 456 1422 496 perexigua
1439 466 1506 487 esse
1521 456 1854 497 sapientissimus,quod

1028 509 1094 541 quae
1105 500 1236 531 nesciam
1250 510 1308 532 non
1324 510 1371 532 me
1381 501 1539 533 existimen
1551 501 1639 533 scire.
1658 512 1671 531 )
1688 501 1780 532 Nemo
1796 511 1851 532 au-

1028 549 1087 576 tem
1104 545 1251 576 existimet
1265 546 1416 577 Socratem
1433 546 1528 577 ironia
1543 546 1851 587 quadam,igncratio-

1027 598 1095 620 nem
1126 599 1186 630 prie
1213 599 1245 621 se
1260 590 1350 628 ferre,
1367 592 1413 621 55
1429 599 1465 622 eo
1499 591 1576 631 quod
1597 591 1637 622 ita
1652 600 1684 622 se
1700 601 1806 630 gerere
1821 592 1850 622 in

1025 634 1180 675 colloquiis
1195 635 1445 667 soleat.Extrema
1456 636 1535 666 enim
1548 635 1637 666 verba
1649 635 1848 676 defensionis,

1024 688 1111 719 quam
1126 679 1156 710 in
1172 688 1323 710 carcerem
1339 680 1441 711 abiens
1455 680 1847 720 pronuntiavit,argumento

1024 728 1104 761 sunt,
1121 723 1200 754 serio
1221 724 1305 756 illum
1322 728 1351 754 et
1367 734 1434 755 vere
1460 725 1675 764 ignorationem
1692 734 1758 756 esse
1773 734 1846 755 con-

1022 767 1144 800 fessum.
1163 769 1212 799 Sic
1234 769 1314 799 enim
1331 769 1472 809 loquitur:
1493 781 1504 797 ι
1524 769 1582 800 Sed
1596 770 1658 809 jam
1674 774 1790 810 tempus
1802 774 1848 801 est

161 817 241 854 ἡμῶν
279 817 323 846 ἐπὶ
343 818 374 846 τὸ
389 817 498 856 ἄμεινον
513 820 622 857 πρᾶγμα
636 816 773 857 ἔρχονται,
788 815 893 855 ,ἃδηλον
908 818 977 846 παντ

1026 817 1057 844 ut
1072 814 1225 854 abeamus,
1243 823 1297 853 ego
1309 815 1429 854 quidem
1443 815 1615 851 moriturus,
1631 823 1682 845 vos
1693 819 1791 846 autem
1801 815 1846 845 vi—

160 861 232 896 πλὴν
246 862 264 896 ἧ
285 866 323 900 τῷ
337 866 406 900 Θεῷ.
424 872 440 893 )
457 861 542 891 Ἀλλὰ
556 862 701 902 Σωκράτης
714 862 776 900 μὲν,
791 862 889 896 ταύτην
904 862 985 891 ὑστά-

159 918 209 940 την
243 907 271 935 ἐν
298 911 334 945 τῷ
354 907 449 947 Ἀρείῳ
463 907 542 946 πάγῳ
556 907 647 947 φωνὴν
661 906 752 947 ἀφεὶς,
774 906 816 935 ἐπὶ
831 907 862 935 τὸ
876 906 983 943 δεσμω-

160 952 250 991 τὴριον
264 952 385 991 ὥρμησε,
398 955 436 990 τῷ
447 955 505 989 Θεῷ
512 951 586 990 μόνῳ
595 950 644 986 τὴν
658 954 711 980 τῶν
721 950 784 991 παρ’
793 952 862 989 ἡμῖν
877 950 982 987 ἀδήλων

159 997 323 1036 πραγμάτων
352 997 486 1037 ἀναφέρων
514 998 622 1036 γνῶσιν·
640 997 664 1024 οἱ
680 994 708 1024 δὲ
724 994 783 1033 μετ’
806 995 897 1034 αὑτὸν,
913 995 981 1035 μηδὲ

159 1042 191 1071 τὰ
217 1041 259 1070 ἐπὶ
286 1043 337 1081 γῆς
365 1045 462 1080 γνῶναι
484 1041 632 1080 δυνάμενοι,
649 1041 682 1070 τὰ
698 1041 728 1082 ὲν
741 1043 844 1081 οὐρανῷ
862 1041 925 1082 (50)
942 1043 980 1074 ὡς

159 1086 306 1125 ἑωρακότες
342 1085 433 1115 εἰδέναι
462 1085 683 1126 ἐπαγγέλλονται.
722 1081 751 1115 ’0
766 1085 828 1126 γοῦν
853 1081 980 1126 Ἀριστο-

158 1131 251 1172 τέλης,
281 1133 317 1164 ὡς
354 1131 536 1172 ἀκριϐέστερον
573 1131 712 1164 Πλάτωνος
737 1132 770 1160 τὰ
798 1132 826 1160 ἄν
855 1132 978 1172 οὐρανοῖς

159 1177 293 1216 ὶωρακὼς,
318 1178 369 1218 οὔχ
399 1179 489 1217 ὥσπερ
516 1178 530 1206 ὁ
552 1176 663 1205 Πλάτων
681 1178 708 1205 ὲν
722 1179 756 1216 τῇ
777 1175 889 1217 πυρώδει
905 1178 980 1215 οὐσίᾳ

158 1223 202 1251 τὸν
232 1223 296 1251 Θεὸν
325 1223 396 1252 εἶναι
426 1222 510 1262 λέγει,
533 1222 601 1251 οὕτω
615 1222 660 1251 καὶ
680 1222 759 1254 αὐτὸς
783 1222 848 1262 ἐφη,
875 1221 934 1251 ἁλλ’
950 1222 978 1252 ἐν

157 1270 196 1304 τῷ
230 1267 373 1308 αἰθεριώδει
400 1268 515 1306 πέμπτῳ
549 1267 676 1308 στοιχείῳ
690 1269 760 1295 εἶναι
776 1267 854 1296 αὐτὸν
868 1267 977 1308 ἀπεφή-

157 1323 231 1344 νατο,
269 1314 317 1342 Καὶ
344 1313 403 1353 περὶ
430 1313 531 1342 τούτων
548 1312 715 1341 πιστεύεσθαι
737 1312 830 1341 ἑαυτὸν
844 1310 886 1340 διὰ
901 1311 976 1342 δοκι-

157 1357 262 1395 μότητα
289 1358 410 1398 φράσεως
437 1357 528 1395 ἀξιῶν,
556 1356 614 1387 οὐδὲ
630 1357 679 1391 τὴν
691 1356 737 1385 τοῦ
759 1357 871 1396 Εὐρίπου
900 1357 976 1397 φύσιν

157 1403 204 1431 τοῦ
231 1401 305 1435 ὄντος
335 1403 362 1431 ἰν
398 1402 507 1432 Χαλκίδι
536 1403 634 1442 γνῶναι
657 1401 784 1439 δυνηθεὶς,
801 1401 843 1431 διὰ
872 1401 976 1436 πολλὴν

156 1446 259 1481 ἀδοξίαν
287 1448 330 1476 καὶ
374 1448 502 1488 αἰσχύνην
531 1447 666 1485 λυπηθεὶς,
692 1446 809 1485 μετέστη
833 1457 879 1476 του
907 1447 974 1486 βίου·

1027 859 1114 889 cturi:
1133 858 1191 890 utri
1226 863 1323 890 autem
1340 859 1375 890 ad
1392 860 1515 890 meliora
1536 859 1773 901 proﬁciscantur,
1790 868 1846 892 ne-

1026 903 1097 934 mini
1114 907 1216 934 notum
1235 904 1293 934 nisi
1309 905 1380 936 Deo.
1403 917 1416 934 ι
1435 904 1574 936 Socrates
1589 905 1643 936 hac
1659 904 1762 935 ultima
1774 914 1846 936 voce

1024 950 1055 981 in
1070 952 1224 992 Areopago
1240 951 1348 982 emissa
1364 951 1394 982 in
1416 961 1566 983 carcerem
1583 951 1667 989 abiit,
1699 951 1755 982 soli
1783 951 1845 982 Deo

1023 1004 1122 1026 rerum
1138 995 1224 1026 uobis
1244 995 1410 1036 ignotarum
1425 996 1625 1036 cognitionem
1641 995 1845 1033 tribuens.Qui

1021 1044 1118 1070 autem
1131 1044 1197 1081 post
1210 1049 1278 1072 eum
1294 1042 1386 1072 exorti
1404 1046 1486 1079 sunt,
1501 1051 1569 1072 cum
1586 1050 1624 1072 ne
1641 1045 1760 1072 terrena
1774 1042 1843 1082 qui—

1019 1083 1087 1115 dem
1107 1084 1278 1125 cognitione
1301 1086 1420 1126 assequi
1445 1087 1623 1126 potuissent,
1639 1086 1770 1118 coelestia
1786 1087 1844 1117 sibi

1019 1129 1170 1169 explorata
1185 1138 1252 1160 esse
1267 1129 1394 1170 professi
1420 1135 1501 1169 Sunt,
1532 1134 1671 1172 tanquam
1686 1140 1721 1162 ea
1749 1131 1844 1162 oculis

1020 1174 1082 1204 suis
1096 1174 1248 1205 vidissent.
1265 1175 1316 1205 Sic
1344 1175 1520 1207 Aristoteles
1547 1175 1632 1217 quasi
1661 1176 1841 1216 accuratius,

1019 1226 1108 1258 quam
1131 1218 1363 1256 Plato,caelestia
1375 1220 1573 1257 vidisset,non
1589 1224 1621 1250 ut
1636 1220 1693 1251 iste
1708 1220 1738 1250 in
1754 1220 1840 1260 ignea

1018 1262 1180 1294 substantia
1196 1263 1249 1299 (ita
1264 1264 1344 1294 enim
1361 1264 1474 1295 Platoni
1487 1265 1605 1302 visum),
1616 1265 1668 1295 sed
1682 1265 1712 1295 in
1738 1265 1840 1305 quinto

1018 1307 1147 1338 aethereo
1165 1308 1312 1339 elemento
1330 1309 1422 1340 Deum
1446 1319 1512 1340 esse
1529 1309 1775 1350 pronuntiavit.Et
1791 1310 1840 1350 qui

1018 1351 1107 1383 ﬁdem
1123 1352 1181 1383 sibi
1198 1353 1243 1383 his
1258 1353 1295 1384 de
1310 1353 1401 1384 rebus
1415 1354 1452 1384 ob
1479 1358 1642 1394 spectatum
1656 1360 1689 1384 et
1718 1355 1839 1394 elegans

1018 1396 1139 1428 dicendi
1154 1407 1247 1437 genus
1260 1397 1364 1428 haberi
1387 1398 1526 1439 postulat,
1542 1398 1622 1429 idem
1650 1408 1717 1429 cum
1736 1399 1838 1439 Euripi

1017 1441 1181 1473 Chalcidici
1193 1446 1328 1473 naturam
1340 1443 1518 1482 investigare
1531 1453 1590 1474 non
1600 1443 1839 1483 posset,collecto

158 1490 256 1525 Μηδεὶς
292 1492 336 1521 οὖν
363 1486 473 1521 τῶν-εὗ
509 1492 674 1533 φρονούντων
700 1492 827 1532 προτέραν
862 1491 977 1532 ἡγείσθω

1023 1495 1051 1517 ex
1070 1486 1217 1518 dedecore
1233 1491 1262 1518 et
1273 1487 1434 1527 ignominia
1449 1488 1553 1518 dolore
1579 1488 1736 1528 perculsus
1751 1488 1838 1518 vitam

155 1539 205 1570 τῆς
230 1537 323 1565 ἑαυτοῦ
351 1537 482 1576 σωτηρίας
524 1537 572 1571 τὴν
600 1537 700 1565 τούτων
716 1535 886 1577 εὖγλωττίαν,
907 1536 977 1565 ἀλλὰ

153 1581 222 1609 κατὰ
249 1581 299 1615 τὴν
327 1581 443 1610 παλαιὰν
477 1581 579 1615 ἐκείνην
607 1582 734 1622 ἱστορίαν,
762 1583 838 1621 κηρῷ
859 1581 892 1609 τὰ
920 1581 977 1610 ὦτα

155 1624 330 1665 φραξάμενος,
373 1626 423 1660 τὴν
446 1627 476 1654 εκ
490 1627 542 1655 τῶν
558 1626 687 1666 σειρήνων
702 1625 786 1656 αὐτῶν
813 1625 977 1666 ἐνοχλοῦσαν

155 1669 249 1703 ἡδεῖαν
278 1669 396 1710 φευγέτω
410 1669 523 1711 βλάϐην,
547 1671 577 1700 Οἱ
592 1671 642 1710 γὰρ
657 1669 845 1710 προειρημένοι
874 1669 976 1710 ἄνδρες,

156 1714 245 1754 ὥσπερ
266 1726 290 1743 τι
318 1714 410 1750 δέλεαρ
437 1716 488 1749 τὴν
502 1715 662 1755 εὐγλωττίαν
682 1715 890 1755 προϊσχόμενοι,
906 1714 977 1744 πολ-

156 1759 219 1792 λοὺς
247 1759 359 1800 ἁπάγειν
393 1762 442 1794 τῆς
468 1761 546 1800 ὀρθῆς
567 1759 714 1794 θεοσεϐείας
735 1761 911 1800 προῄρηνται,
928 1771 977 1798 μι-

157 1805 285 1842 μούμενοι
312 1806 358 1834 τὸν
386 1805 436 1839 τὴν
457 1803 640 1840 πολυθεότητα
660 1805 722 1838 τοὺς
742 1805 862 1845 πρώτους
878 1805 978 1844 ἀνθρώ-

155 1860 222 1882 πους
250 1847 348 1882 διδάξαι
375 1849 560 1887 τολμήσαντα.
601 1852 650 1882 Οἷς
684 1850 724 1888 μὴ
750 1850 884 1879 πείθεσθαι
908 1850 976 1888 ὑμᾶς

155 1893 231 1934 ἀξιῶ,
262 1894 432 1935 ἐντυγχάνειν
469 1893 496 1923 δὲ
512 1901 573 1928 ταῖς
588 1895 641 1924 τῶν
661 1895 737 1932 ἱερῶν
753 1893 851 1934 ἀνδρῶν
867 1906 976 1935 προφη-

155 1939 249 1970 τείαις.
267 1940 296 1968 Εἰ
312 1938 339 1968 δέ
353 1950 394 1971 τις
409 1938 496 1979 ὄκνος,
512 1939 530 1974 ἢ
559 1939 660 1969 παλαιὰ
675 1940 728 1969 τῶν
750 1939 888 1980 προγόνων
902 1940 974 1978 ὑμῶν

155 1982 344 2022 δεισιδαιμονία
379 1984 446 2016 τέως
460 1984 631 2025 ἐντυγχάνειν
644 1985 713 2021 ὑμᾶς
727 1991 788 2017 ταῖς
812 1985 865 2014 τῶν
894 1985 975 2024 ἁγίων

154 2027 255 2067 ἀνδρῶν
283 2029 454 2070 προφητείαις
469 2028 576 2067 κωλύει,
599 2029 634 2058 δι’
655 2031 692 2059 ὧν
706 2029 814 2059 δυνατὸν
832 2030 975 2068 μανθάνειν

154 2074 223 2111 ὑμᾶς
252 2072 297 2101 ἕνα
323 2074 366 2102 καὶ
408 2073 489 2112 μόνον
505 2074 575 2103 εἶναι
591 2075 656 2103 Θεὸν
670 2074 747 2114 (51),
771 2074 785 2102 ὅ
801 2074 905 2114 πρῶτόν
920 2074 975 2103 ἔστι

154 2121 206 2152 τῆς
236 2117 349 2152 ἀληθοῦς
383 2117 533 2151 θεοσεϐείας
548 2119 696 2159 γνώρισμα,
713 2123 752 2157 τῷ
772 2120 834 2159 γοῦν
849 2119 975 2159 πρότερον

153 2164 223 2201 ὑμᾶς
250 2163 299 2197 τὴν
326 2163 507 2197 πολυθεότητα
541 2163 682 2205 διδάξαντι,
711 2163 820 2204 ὕστερον
843 2163 870 2192 δὲ
901 2163 976 2193 λυσι-

1016 1532 1147 1572 reliquit.
1164 1533 1260 1564 Nemo
1274 1533 1362 1571 igitur
1377 1542 1411 1563 ex
1427 1532 1473 1564 his
1502 1532 1553 1574 qui
1569 1533 1687 1573 sapiunt
1713 1533 1838 1563 salutem

1017 1585 1100 1607 suam
1116 1576 1222 1608 horum
1234 1577 1384 1607 hominum
1398 1577 1574 1617 eloquentiae
1588 1577 1772 1617 posthabeat;
1785 1578 1838 1608 sed

1017 1630 1104 1652 aures
1115 1631 1183 1652 suas
1194 1621 1357 1652 secundum
1381 1626 1509 1653 veterem
1523 1622 1675 1653 historiam
1692 1632 1759 1653 cera
1781 1622 1837 1653 ob-

1018 1669 1133 1706 turans,
1158 1666 1320 1706 perniciem
1336 1675 1371 1697 ex
1386 1666 1432 1697 his
1448 1666 1598 1698 sirenibus
1614 1667 1744 1698 suaviter
1754 1667 1837 1698 inse—

1018 1714 1146 1742 ctantem
1162 1710 1406 1751 fugiatPraedicti
1422 1712 1499 1742 enim
1512 1712 1756 1752 scriptores,dum
1770 1722 1837 1743 ser-

1019 1756 1115 1786 monis
1127 1756 1298 1787 suavitatem
1315 1756 1405 1786 veluti
1420 1757 1577 1797 quamdam
1595 1766 1692 1788 escam
1707 1761 1837 1797 praeten-

1018 1800 1101 1837 dunt,
1121 1800 1229 1832 mullos
1245 1810 1262 1831 a
1275 1809 1343 1832 vera
1358 1801 1501 1840 religione
1516 1801 1665 1833 abducere
1680 1806 1836 1839 conantur,

1018 1846 1168 1877 imitantes
1184 1856 1250 1878 eum
1266 1847 1319 1888 qui
1342 1847 1561 1879 multitudinem
1577 1848 1700 1879 deorum
1726 1848 1837 1888 primos

1017 1891 1154 1923 homines
1169 1891 1277 1922 docere
1293 1901 1381 1923 ausus
1396 1892 1506 1923 est.His
1517 1893 1709 1925 auctorvobis
1723 1902 1786 1923 sum
1800 1902 1838 1924 ne

1017 1936 1236 1978 obsequamini,
1248 1937 1300 1968 sed
1317 1937 1416 1977 potius
1429 1943 1597 1969 sanctorum
1613 1938 1768 1968 hominum
1785 1947 1836 1968 va—

1018 1981 1126 2012 ticiniis
1155 1991 1276 2022 operam
1298 1981 1387 2013 detis.
1402 1983 1454 2014 Sin
1469 1986 1567 2013 autem
1585 1982 1700 2022 pigritia
1715 1986 1765 2013 aut
1779 1992 1836 2012 an-

1018 2026 1097 2067 tiqua
1116 2027 1261 2066 majorum
1272 2026 1444 2067 superstitio
1459 2031 1627 2057 sanctorum
1641 2027 1768 2057 virorum
1788 2037 1836 2057 va-

1020 2071 1118 2102 ticinia
1130 2071 1229 2110 legere
1243 2071 1394 2111 prohibet,
1412 2080 1447 2102 ex
1463 2070 1570 2111 quibus
1585 2070 1700 2102 discere
1717 2072 1837 2112 potestis

1017 2124 1111 2146 unum
1127 2125 1162 2146 ac
1177 2116 1271 2147 solum
1285 2125 1351 2146 esse
1366 2115 1556 2156 Deum,quod
1572 2115 1692 2156 quidem
1709 2116 1836 2155 primum

1018 2164 1064 2191 est
1091 2169 1168 2191 verae
1193 2160 1346 2200 religionis
1374 2159 1511 2199 insigne;
1545 2160 1648 2190 saltem
1667 2160 1705 2196 ei,
1721 2160 1770 2201 qui
1787 2169 1837 2190 vos

154 2208 221 2242 τελή
257 2218 301 2237 και
319 2209 480 2250 ,ἀναγκαίαν
510 2204 678 2247 παλινῳδίαν
703 2210 766 2246 ᾆσαι
794 2208 975 2250 προελομένῳ,

1023 2205 1115 2246 primo
1131 2205 1349 2235 multitudinem
1365 2205 1488 2250 deorum
1501 2204 1654 2250 docuerat,
1669 2204 1721 2235 sed
1737 2209 1839 2245 postea

154 2254 281 2287 πείσθητε
317 2248 421 2294 Ὀρφεῖ,
450 2253 523 2282 ταῦτ’
553 2254 669 2294 εἰρηκότι
698 2254 716 2283 ἃ
748 2248 836 2294 μικρῷ
865 2248 976 2294 πρόσθεν

154 2305 286 2338 γεγραφν
317 2298 360 2326 καὶ
387 2305 447 2330 τοῖς
475 2297 594 2339 λοιποῖς,
623 2299 667 2327 καὶ
680 2305 740 2331 τοῖς
768 2299 801 2327 τὰ
825 2298 891 2328 αὒτὰ
919 2298 979 2338 περὶ

154 2343 214 2374 ἐνὸς
243 2345 308 2371 Θεοῦ
335 2342 479 2383 γεγραφόσι
508 2343 643 2377 πείσθητε,
660 2344 736 2376 Θείας
760 2343 810 2383 γὰρ
823 2343 889 2383 ὑπὲρ
903 2343 978 2381 ὑμῶν

153 2387 280 2426 προνοίας
308 2386 384 2427 ἔργον
416 2387 522 2428 γέγονε,
536 2388 568 2416 τὸ
583 2389 627 2417 καὶ
641 2387 756 2420 ἄκοντας
770 2388 877 2420 τούτους
906 2399 977 2428 μαρ-

154 2438 244 2472 τυρεῖν
277 2432 310 2461 τὰ
335 2433 386 2461 ὑπὸ
414 2434 468 2460 τῶν
495 2436 640 2473 προφητῶν
667 2434 726 2473 περὶ
741 2433 799 2466 ἑνὸς
814 2436 880 2462 Θεοό
900 2433 976 2472 εἰρη-

154 2476 224 2514 μένα
258 2476 345 2511 ἀληθῆ
373 2479 455 2514 εἶναι,
486 2477 533 2506 ἵνα
547 2478 620 2518 παρὰ
632 2478 739 2506 πάντων
755 2479 769 2506 δ
783 2480 834 2512 τῆς
848 2477 978 2507 πολυθεό-

154 2533 237 2555 τητος
253 2521 314 2561 (52)
328 2521 500 2561 ἆθετούμενος
521 2522 601 2563 λόγος
623 2523 745 2563 ἀφορμὴν
780 2524 845 2562 ὖμῖν
872 2522 979 2564 παρέχῃ

155 2569 207 2601 τῆς
221 2565 337 2600 ἀληθοῦς
353 2567 489 2607 γνώσεως.

196 2610 248 2643 37.
266 2611 369 2642 ’Ἔσται
403 2611 431 2640 δὶ
465 2613 530 2651 ὑμῖν
557 2611 651 2652 ῥᾳδίως
665 2613 715 2648 τὴν
729 2613 808 2653 ὀρθὴν
832 2611 980 2641 θεοσέϐειαν

196 2676 281 2749 ἓίῖφ)
298 2673 470 2717 ὀμολογεῖν.
491 2677 614 2718 Legitur
626 2678 767 2749 epulo-gi»;
792 2677 825 2710 in
851 2679 926 2719 Reg.
949 2677 980 2717 3,

232 2726 327 2749 arom.
344 2721 373 2749 et
388 2718 424 2749 ad
440 2717 552 2749 calcem
566 2719 645 2749 apud
662 2720 697 2749 Β.
737 2722 759 2749 t.

156 2722 186 2750 et
196 2717 327 2750 Clarom.
344 2721 373 2749 et
388 2718 424 2749 ad
440 2717 552 2751 calcem
566 2719 645 2759 apud
662 2720 697 2750 Β.
715 2717 759 2751 St.
899 2717 910 2719 ⁷

197 2760 260 2798 (⁵ο)
275 2758 320 2787 Ἐν
343 2759 456 2799 αόρανῷ.
472 2760 546 2799 Reg.
567 2759 587 2791 3
612 2764 643 2792 et
653 2759 784 2792 Claram.
814 2759 842 2788 ἐν
859 2760 980 2800 οὗρανοῖς

156 2803 188 2831 et
202 2798 247 2831 sic
257 2798 296 2830 ad
307 2797 419 2830 calcem
429 2798 467 2831 Β.
483 2800 528 2832 St.

155 2807 188 2831 et
202 2808 247 2831 διο
257 2807 296 2830 au
307 2807 419 2830 calcem
430 2807 467 2831 ιι.
483 2807 528 2833 δι.

1019 2250 1120 2282 utilem
1137 2260 1171 2281 ac
1186 2249 1382 2281 necessariam
1398 2249 1454 2280 sibi
1468 2249 1645 2289 palinodiam
1662 2250 1836 2280 cantandam

1019 2304 1085 2326 esse
1100 2299 1191 2333 ratus,
1209 2304 1245 2326 ea
1267 2294 1341 2326 dixit
1361 2304 1428 2335 quae
1451 2294 1538 2334 paulo
1567 2298 1635 2325 ante
1658 2294 1836 2332 scribebam,

1019 2340 1139 2380 Orpheo
1155 2339 1268 2371 credite
1284 2339 1387 2370 etaliis
1402 2339 1453 2379 qui
1468 2339 1506 2369 de
1521 2338 1642 2370 unoDeu
1650 2339 1754 2370 eadem
1768 2339 1840 2370 scri-

1019 2394 1117 2426 psere.
1134 2385 1187 2416 Dai
1204 2385 1282 2416 enim
1299 2386 1328 2415 in
1349 2393 1404 2414 nos
1420 2383 1604 2424 providentia
1616 2384 1724 2414 factum
1740 2388 1795 2422 est,
1808 2388 1840 2415 ut

1019 2430 1050 2461 hi
1066 2439 1134 2461 vera
1152 2439 1217 2461 esse
1234 2429 1447 2470 prophetarum
1464 2428 1500 2459 de
1516 2438 1574 2459 uno
1597 2428 1658 2460 Deo
1689 2428 1766 2460 dicta
1793 2430 1838 2459 vel

1020 2474 1104 2505 inviti
1116 2475 1289 2512 faterentur,
1301 2477 1341 2507 ut.
1357 2474 1466 2513 rejecta
1493 2473 1529 2504 ab
1545 2473 1682 2505 omnibus
1709 2474 1839 2505 multitu-

1020 2520 1100 2551 dinis
1115 2529 1218 2551 eorum
1234 2519 1381 2556 doctrina,
1400 2518 1517 2558 copiam
1549 2518 1629 2550 vobis
1644 2519 1706 2549 veri
1727 2528 1838 2558 cogno-

1020 2565 1124 2597 scendi
1140 2563 1296 2604 praeberet.

1063 2609 1111 2641 37.
1125 2609 1187 2640 Erit
1198 2613 1297 2639 autem
1309 2607 1391 2638 vobis
1403 2607 1543 2648 perfacile
1550 2616 1648 2639 veram
1664 2608 1839 2648 religionem

1064 2678 1125 2718 (51)
1141 2678 1219 2707 Εἶναι
1232 2677 1307 2706 Θεόν.
1332 2675 1459 2707 Clarom.
1474 2675 1579 2714 εἰδέναι,
1597 2676 1638 2707 sic
1650 2676 1738 2708 etiam
1754 2677 1837 2708 Colb-

1023 2718 1060 2749 ad
1076 2726 1171 2758 marg.

1065 2758 1125 2799 (5?)
1142 2755 1349 2791 Ῐιολυθεότητος.
1365 2755 1448 2788 Colb.
1459 2755 1613 2788 πολυθείας.
