1979 3071
128 119 186 151 379

593 121 622 152 S.
647 120 795 153 JUSTINI
818 122 1048 154 PHILOSOPHI
1072 122 1120 153 ET
1144 123 1358 154 MARTYRIS.

1763 120 1823 153 380

125 187 169 217 rei
183 187 366 228 experientia
380 187 518 218 credere.
544 187 586 219 Ex
601 188 682 219 omni
699 188 778 219 enim
797 189 952 219 hominum
963 193 984 217 Α
996 200 1036 218 σιν

1063 190 1142 219 αὐτὸν
1164 189 1244 218 πάλιν
1274 189 1548 229 παραγενησόμινον·
1584 188 1648 227 ὅπερ
1677 189 1738 227 ὄψει
1760 190 1829 226 ὑμῖν

125 241 235 272 genere
251 236 423 272 exspectant
434 232 518 264 illum
533 233 563 263 in
582 232 683 264 Iudaea
697 233 956 274 cruciﬁxum,post

126 286 214 317 quem
227 277 325 308 statim
339 277 419 308 bello
433 282 517 318 capta
525 277 698 309 Judatorum
713 282 792 309 terra
804 278 886 309 vobis
896 281 956 310 tra-

126 321 187 353 dita
197 321 339 353 est.Istud
353 324 563 363 porro,lz‘gans
574 323 614 354 ad
625 324 713 354 vitem
720 323 842 364 pullum
849 332 954 364 suum,

127 371 156 398 et
164 366 272 398 laoans
279 368 311 398 in
321 369 473 406 sanguine
482 376 548 398 uvm
556 367 665 399 stolam
674 377 775 405 suam,
785 367 955 407 symbolum

127 416 190 443 erat
206 421 256 443 res
271 412 440 452 signiﬁcans
452 413 557 452 partim
574 412 691 444 Christo
705 417 874 450 eventurns,
886 422 954 453 par-

127 457 178 488 tim
191 456 228 488 ab
244 457 310 497 ipso
326 457 486 497 gerendas.
515 457 588 489 Nam
605 458 702 498 pullus
730 458 848 498 quidam
865 457 957 488 asina;

128 502 225 533 stabat
236 502 266 532 in
279 502 408 543 quodam
422 502 545 534 introitu
562 503 618 534 vici
633 503 669 534 ad
690 503 780 534 vitem
798 502 955 542 alligatus;

127 556 214 588 quem
231 556 298 578 cum
314 547 371 577 sibi
395 556 412 578 a
428 548 583 588 discipulis
597 554 666 579 tunc
681 548 790 578 adduci
803 547 955 587 jussisset,

127 591 288 623 adductum
301 592 488 629 conscendit,
498 593 586 633 eique
598 593 733 624 insidens
743 592 956 632 Jerosolymam

127 638 278 676 ingressus
294 641 350 674 est,
368 636 417 667 ubi
445 637 606 668 maximum
623 637 794 669 Iudaeorum
813 636 957 677 templum

128 685 201 718 erat,
218 680 296 721 quod
313 686 415 721 postea
431 691 447 712 a
473 682 557 713 vobis
584 691 720 713 eversum
739 681 840 713 est.Ac
856 685 957 721 postea

126 726 156 756 in
171 735 291 757 crucem
302 729 384 757 actus
393 730 484 766 est,ut
494 727 572 768 quod
585 727 732 768 reliquum
745 731 807 758 erat
824 727 956 767 prophe-

128 772 175 803 tia:
188 772 445 813 expleretur.Nam
463 773 533 804 illud
552 774 660 804 lavans
675 775 707 805 tu
723 774 874 814 sanguine
888 781 956 804 uvae

126 819 238 848 stolam
247 817 522 858 suam,passionem
537 818 617 849 illam
635 817 955 858 przenuntiabat,quam

997 235 1121 274 πάρεστιν
1137 233 1215 271 ἰδεῖν,
1244 235 1289 262 καὶ
1317 233 1386 274 ἔργῳ
1410 235 1563 267 πεισθῆναι.
1581 233 1629 262 Ἐκ
1655 233 1763 262 πάντων
1778 233 1829 272 γὰρ

997 279 1081 317 γενῶν
1109 279 1252 318 ἀνθρώπων
1280 277 1446 318 προσδοκῶσι
1468 279 1514 306 τὸν
1550 278 1578 306 ἐν
1607 277 1718 315 Ἰουδαίᾳ
1742 289 1827 307 σταυ-

997 324 1122 364 ρωθέντα,
1146 324 1203 362 μεθ’
1240 325 1268 352 ὃν
1298 324 1370 356 εὐθὺς
1398 322 1558 363 δοριάλωτος
1583 323 1648 362 ὑμῖν
1671 324 1689 357 ἡ
1705 323 1740 362 γῆ
1755 323 1828 352 Ἰου-

997 368 1074 397 δοίων
1098 368 1241 407 παρεδόθη.
1283 369 1319 398 Τὸ
1361 367 1399 403 δὲ,
1438 369 1578 406 Δεσμεύων
1613 369 1678 409 πρὸς
1707 368 1827 406 ἄμπελον

997 415 1042 442 τὸν
1065 417 1156 443 πῶλον
1191 415 1283 454 αὐτοῦ,
1325 413 1369 442 καὶ
1399 412 1506 442 πλύνων
1541 414 1590 447 τὴν
1621 413 1718 448 στολὴν
1748 414 1829 442 αὑτοῦ

997 459 1024 486 ἐν
1050 459 1146 495 α’ἷματι
1172 458 1322 500 σταφυλῆς,
1359 457 1492 496 σύμϐολον
1525 457 1674 492 δηλωτικὸν
1712 458 1746 492 ἧν
1774 461 1829 486 τῶν

998 503 1184 542 γενησομένων
1212 507 1251 541 τῷ
1280 506 1397 543 Χριστῷ,
1420 503 1465 531 καὶ
1494 503 1547 532 τῶν
1575 502 1620 532 ὑπ’
1647 502 1727 533 αὺτοῦ
1753 513 1828 542 πρα-

996 548 1185 588 χθησομένων.
1212 547 1304 581 Πῶλος
1333 547 1384 588 γάρ
1412 559 1452 580 τις
1477 547 1538 576 ὅνου
1569 548 1685 583 εἱστήκει
1716 548 1744 576 ἔν
1772 558 1828 580 τινι

998 592 1090 630 εἰσόδῳ
1111 593 1206 631 κώμης
1225 594 1290 632 πρὸς
1313 592 1433 631 ἄμπελον
1456 592 1521 633 (73)
1537 591 1688 632 δεδεμένος,
1711 593 1741 621 ὃν
1763 591 1828 621 ἰκέ-

997 637 1088 666 λευσεν
1103 638 1215 678 ἀγαγεῖν
1231 639 1302 675 αὒτῷ
1328 638 1388 666 τότε
1414 639 1476 670 τοὺς
1497 638 1645 678 γνωρίμους
1661 639 1753 678 αὺτοῦ,
1783 638 1830 666 καὶ

997 682 1125 722 ἀχθέντος
1152 682 1246 714 επιϐὰς
1284 682 1400 719 ἐκάθισε,
1443 684 1487 711 καὶ
1524 682 1691 718 εἰσελήλυθεν
1730 683 1766 716 et;
1794 682 1828 710 τὰ

998 721 1178 766 Ἰεροσόλυμα,
1210 728 1269 756 ’ἔνθα
1297 729 1329 756 τὸ
1359 727 1487 767 μέγιστον
1508 728 1579 767 ἱερὸν
1593 727 1627 762 ἦν
1641 727 1786 767 Ἰουδαίων,
1813 726 1828 755 ὅ

996 771 1039 811 ὑφ’
1080 773 1153 810 ὑμῶν
1188 772 1294 811 ὕστερον
1332 775 1514 813 κατεστρέφη.
1558 773 1607 802 Καὶ
1649 772 1718 810 μετὰ
1745 775 1828 800 ταῦτα

997 816 1162 856 ἐσταυρώθη,
1193 817 1266 848 ὅπως
1288 818 1318 845 τὸ
1345 816 1441 846 λεῖπον
1470 819 1520 851 τῆς
1548 817 1709 857 προφητείας
1732 827 1828 845 συντε-

128 866 190 893 erat
208 871 358 902 passurus,
372 863 517 901 sanguine
546 872 597 894 eos
614 863 736 903 expians
753 863 803 903 qui
817 862 875 903 ipsi
887 871 955 893 cre—
969 874 987 899 Β
998 861 1057 889 λεσθ

1040 863 1089 900 πθῇ.
1107 862 1143 891 Τὸ
1170 862 1234 902 γὰρ,
1265 861 1372 890 Πλύνων
1401 862 1451 895 τὴν
1485 861 1584 895 στολὴν
1613 861 1693 891 αὐτοῦ
1721 861 1748 889 ἓν
1777 860 1828 890 αἴ-

127 906 286 938 dunt.Nam
299 916 364 947 quw
373 907 482 938 dicitur
493 917 509 938 τι
519 907 618 938 divino
631 908 742 948 Spiritu
753 917 808 947 per
823 907 955 947 prophe-

128 956 185 982 tam
194 951 421 988 stola,homines
433 956 501 983 sunt
512 952 538 983 ei
548 952 752 990 credentes,in
764 952 871 993 quibus
882 951 956 983 illud

127 1006 143 1027 a
159 997 222 1028 Deo
234 1005 335 1027 semen
351 996 463 1027 habitat
478 996 624 1029 Verbum.
638 997 721 1033 Quod
736 1001 834 1027 autem
848 996 959 1027 dicitur

126 1041 246 1081 sanguis
269 1051 342 1080 uvae,
359 1041 389 1073 id
406 1041 595 1080 signiﬁcabat
611 1051 691 1079 eum,
706 1042 756 1082 qui
767 1040 958 1082 appariturus

128 1086 382 1126 erat,sanguinem
400 1086 520 1127 quidem
533 1086 774 1124 babiturum,sed
787 1096 846 1117 non
859 1095 893 1116 ex
905 1085 958 1116 hu-

129 1140 215 1161 mano
230 1131 466 1171 semine,verum
485 1141 520 1162 ex
535 1131 638 1162 divina
654 1131 770 1163 virtute.
788 1131 887 1162 Prima
902 1140 958 1161 au—

129 1180 186 1206 tem
203 1176 367 1207 secundum
398 1180 553 1216 parentem
587 1176 721 1207 omnium
750 1181 778 1207 et
799 1175 957 1206 Dominum

127 1220 227 1251 Virtus
243 1227 273 1251 et
289 1221 391 1258 Filius,
408 1220 538 1251 Verbum
553 1225 616 1262 est;
636 1221 715 1261 quod
744 1220 893 1261 quomodo
909 1219 958 1250 in-

128 1270 280 1297 carnatum
288 1266 491 1297 homotactum
501 1265 960 1306 sit,deincepsdicemus.Quem-

127 1311 288 1342 admodum
314 1312 395 1342 enim
426 1320 488 1342 uvae
517 1311 692 1351 sanguinem
722 1312 767 1342 64
793 1320 854 1341 non
870 1310 959 1341 homo

127 1356 263 1393 fecit,sed
277 1355 365 1388 Deus:
378 1357 418 1388 ita
427 1356 515 1387 ethic
525 1356 644 1396 sanguis
661 1356 884 1396 signiﬁcabatur
899 1364 959 1385 non

128 1411 162 1433 ex
175 1403 305 1432 humano
317 1401 526 1440 sanguine,sed
541 1410 575 1431 ex
587 1401 694 1432 virtute
705 1401 806 1440 Dei,ut
812 1401 873 1440 jam
885 1398 960 1430 dixi-

129 1446 436 1487 mus,futurus.Atque
446 1445 534 1476 Isaias
542 1445 618 1476 alius
629 1446 774 1486 propheta
785 1445 889 1476 eadem
897 1451 960 1474 ver-

127 1490 172 1523 bis
186 1491 313 1522 diversis
327 1491 493 1531 praedicens
509 1490 553 1520 sic
569 1490 658 1520 fatur:
677 1491 803 1521 Orietur
816 1489 904 1521 stella
920 1496 960 1518 ea;

125 1535 218 1567 Jacob
229 1540 256 1567 et
266 1536 321 1574 flos
331 1544 348 1566 e
357 1536 461 1566 radice
470 1536 553 1566 Jesse
566 1535 748 1573 ascendet,et
760 1535 793 1566 in
803 1535 958 1571 brachium

999 917 1064 943 ματι
1094 906 1240 946 σταφυλῆς,
1280 905 1491 946 προαγγελτικὸν
1528 906 1561 940 ἧν
1588 911 1636 936 τοῦ
1669 906 1768 939 πάθους
1797 905 1828 934 οὗ

999 950 1116 991 πάσχειν
1139 950 1249 988 ἔμελλε,
1279 949 1312 978 δι’
1335 950 1451 986 αἵματος
1466 951 1598 991 καθαίρων
1613 951 1674 984 τοὺς
1691 950 1829 980 πιστεύον-

998 1008 1046 1027 τας
1068 998 1150 1034 αὐτῷ.
1169 992 1200 1024 Ἠ
1222 996 1272 1035 γὰρ
1293 995 1450 1034 κεκλημένη
1477 996 1528 1024 ὑπὸ
1551 999 1598 1024 τοῦ
1611 996 1680 1024 θείου
1702 996 1828 1034 Πνεύμα-

999 1052 1043 1074 τος
1072 1039 1115 1069 διὰ
1143 1045 1189 1070 τοῦ
1218 1040 1358 1080 προφήτου
1382 1039 1478 1077 στολὴ,
1505 1041 1529 1069 οἱ
1557 1041 1725 1073 πιστεύοντες
1756 1041 1829 1078 αὐτῷ

999 1088 1064 1115 εἰσιν
1107 1085 1251 1126 ἅνθρωποι,
1275 1086 1302 1114 ἐν
1316 1086 1361 1118 οἷς
1377 1087 1447 1114 οὶκετ
1468 1087 1498 1115 τὸ
1513 1086 1586 1126 παρὰ
1596 1090 1643 1115 τοῦ
1665 1090 1730 1115 Θεοῦ
1742 1085 1828 1125 σπέρ-

1000 1143 1048 1170 μα,
1072 1133 1086 1160 ὁ
1115 1132 1200 1171 Λόγος
1222 1132 1249 1171 (7
1254 1131 1295 1169 4),
1319 1132 1355 1160 Τὸ
1371 1130 1398 1159 δὲ
1416 1131 1554 1170 εἰρημένον
1576 1131 1647 1170 αἷμα
1661 1131 1710 1165 τῆς
1725 1141 1828 1170 σταφυ-

999 1176 1049 1210 λῆς
1077 1176 1242 1213 σημαντικὸν
1257 1179 1303 1205 τοῦ
1316 1175 1390 1216 ἔχειν
1405 1175 1455 1214 μὲν
1470 1176 1543 1213 αἷμα
1557 1176 1602 1204 τὸν
1624 1175 1828 1216 φανησόμενον,

1000 1220 1060 1250 ἀλλ’
1081 1221 1129 1249 οὒκ
1157 1220 1183 1254 ἐξ
1211 1221 1373 1261 ἀνθρωπείου
1401 1220 1565 1260 σπέρματος,
1595 1219 1654 1248 ἀλλ’
1691 1221 1721 1249 ὲκ
1756 1220 1827 1252 θείας

1000 1266 1148 1304 δυνάμεως.
1180 1261 1212 1294 Ἠ
1240 1265 1268 1293 δὲ
1295 1265 1389 1305 πρώτη
1414 1264 1522 1303 δύναμις
1545 1265 1610 1305 (75)
1631 1266 1699 1304 μετὰ
1712 1266 1758 1294 τὸν
1773 1269 1827 1293 Πει-

1000 1311 1061 1352 τὲρνι
1093 1311 1198 1339 πάντων
1226 1311 1271 1339 καὶ
1294 1310 1432 1344 Δεσπότην
1461 1311 1539 1351 Θεὸν,
1554 1310 1598 1339 καὶ
1616 1311 1686 1347 Υἱὸς,
1711 1311 1726 1338 ὁ
1741 1310 1828 1350 Λόγος

1002 1356 1071 1385 ἐστίν
1089 1364 1096 1372 ³
1127 1355 1157 1389 ’ὃς
1185 1356 1243 1384 τίνα
1262 1356 1359 1395 τρόπον
1386 1355 1588 1395 σαρκοπριηθεὶς
1619 1355 1754 1395 ἄνθρωπος
1776 1354 1827 1394 γέ-

1001 1412 1089 1440 γονεν,
1121 1400 1147 1429 ἐν
1177 1407 1236 1431 τοῖς
1258 1391 1318 1434 ἑξῆς
1334 1391 1456 1439 ἐροῦμεν.
1480 1391 1533 1430 "Ov
1549 1399 1645 1439 ¹τρόπον
1666 1391 1718 1440 γὰρ
1729 1401 1760 1428 τὸ
1775 1391 1827 1434 τῆς

1001 1445 1121 1483 ἀμπέλου
1143 1447 1213 1483 αἷμα
1228 1447 1276 1474 οὐκ
1301 1443 1436 1484 ἅνθρωπος
1459 1446 1617 1485 πεποίηκεν,
1642 1443 1701 1473 ἀλλ’
1716 1445 1730 1474 ὁ
1747 1445 1825 1481 Θεὸς,

1002 1491 1084 1523 οὕτως
1119 1491 1163 1519 καὶ
1191 1491 1268 1519 τοῦτο
1293 1489 1422 1528 ἐμηνύετο
1453 1490 1515 1529 (76)
1545 1492 1592 1520 οὐκ
1611 1489 1639 1523 ιε
1666 1490 1828 1528 ἀνθρωπείου

1002 1535 1152 1574 σπέρματος
1180 1535 1336 1574 γενήσεσθαι
1374 1535 1404 1562 τὸ
1431 1536 1514 1574 αἷμα,
1544 1533 1604 1562 ἀλλ’
1633 1534 1664 1563 ἐκ
1691 1533 1828 1572 δυνάμεως

125 1582 194 1619 ejus
204 1573 308 1620 gentes
317 1580 482 1620 sperabunt
492 1579 534 1609 70.
552 1579 645 1611 Stella
655 1588 727 1610 sane
742 1579 841 1610 lucida
855 1583 956 1610 exorta
967 1574 988 1600 ο
1000 1583 1057 1608 θεοί

1040 1573 1077 1617 οὗ,
1107 1580 1144 1612 ὡς
1166 1573 1331 1619 προέφημεν.
1357 1579 1406 1608 Καὶ
1429 1573 1543 1611 Ἠσαίας
1569 1577 1597 1607 δὲ
1621 1578 1701 1612 ἄλλος
1717 1579 1826 1619 προφή-

131 1630 187 1665 est,
205 1629 233 1656 et
248 1625 302 1655 llos
328 1624 463 1656 ascendit
478 1634 494 1655 e
509 1624 613 1655 radice
629 1625 724 1661 .lesse,
742 1624 791 1655 hic
808 1623 956 1656 Christus.

129 1670 203 1701 Nam
220 1679 256 1700 ex
273 1669 395 1708 Virgine
420 1669 545 1700 seminis
571 1668 686 1704 Jacobi,
713 1669 763 1709 qui
778 1669 862 1700 Judae
874 1674 958 1709 pater

132 1714 243 1745 exstitit
256 1714 378 1750 (ludam
396 1718 494 1745 autem
513 1713 681 1745 Iudaeorum
699 1719 811 1753 patrem
827 1723 894 1745 esse
908 1723 957 1744 os-

130 1759 288 1798 tendimus)
307 1768 360 1799 per
375 1759 513 1790 virtutem
532 1758 584 1789 Dei
607 1759 724 1797 genitus
744 1763 800 1790 est.
817 1758 859 1795 Ac
873 1760 958 1791 Jesse

129 1804 251 1844 quidem
267 1813 394 1844 proavus
410 1804 521 1835 Christi
542 1803 706 1834 secundum
724 1804 876 1834 oraculum
892 1803 959 1843 fuit;

129 1847 230 1880 Jacobi
246 1852 342 1879 autem
357 1852 386 1879 et
400 1848 485 1880 Judae
496 1847 575 1879 ﬁlius
586 1848 751 1880 secundum
764 1849 883 1888 generis
895 1858 959 1880 suc-

127 1902 307 1924 οοεειοηοιιι.

999 1636 1049 1659 της
1065 1625 1098 1654 τὰ
1123 1624 1189 1653 αὕτα
1217 1622 1251 1652 δι’
1280 1622 1369 1651 ἄλλων
1393 1623 1497 1662 ῥήσεων
1525 1624 1710 1664 προφητεύων,
1741 1623 1827 1656 οὕτως

1000 1671 1078 1699 εἶπεν
1094 1677 1102 1685 '
1136 1667 1275 1698 Ἀνατελεϊ
1303 1667 1398 1705 ἄστρον
1429 1668 1488 1708 (77)
1517 1667 1543 1701 ἐξ
1572 1668 1679 1709 Ἰακὼϐ,
1703 1672 1748 1697 καὶ
1775 1667 1826 1696 ἄν·

999 1717 1043 1748 θος
1068 1714 1230 1750 ἀναϐήσεται
1269 1713 1322 1742 ἀπὸ
1360 1715 1411 1747 τῆς
1450 1713 1523 1753 eam
1560 1713 1680 1743 Ἰεσσαί·
1715 1714 1758 1742 καὶ
1782 1713 1826 1742 επὶ

1000 1761 1046 1788 τὸν
1089 1759 1219 1800 βραχίονα
1258 1757 1336 1786 αξιτοῦ
1372 1757 1434 1791 ἔθνη
1469 1757 1614 1790 ἐλπιοῦσιν.
1646 1757 1770 1797 ’¹Λστρνν
1799 1757 1827 1786 δὲ

1001 1806 1128 1845 φωτεινὴν
1157 1803 1285 1839 ἀνέτειλε,
1309 1804 1354 1832 καὶ
1385 1803 1462 1835 ἄνθος
1490 1803 1572 1837 ἀνέϐη
1594 1804 1647 1832 ἀπὸ
1676 1804 1726 1837 τῆς
1753 1803 1828 1842 ῥίζης

1001 1850 1108 1886 Ἰεσσαὶ,
1139 1849 1215 1880 οὗτος
1243 1849 1257 1877 ὁ
1292 1848 1419 1888 Χριστός.
1451 1848 1501 1876 Διὰ
1536 1849 1587 1888 γὰρ
1622 1847 1749 1887 παρθένου
1777 1848 1843 1881 τῆς

1000 1895 1054 1924 ἀπὸ
1081 1893 1128 1922 τοῦ
1170 1893 1322 1931 σπέρματος
1368 1891 1475 1930 Ἰακώϐ,
1511 1894 1557 1921 τοῦ
1591 1892 1735 1932 γενομένου
1769 1903 1828 1921 πα-

127 1939 187 1978 τρὸς
213 1937 309 1976 Ἰούδα,
340 1943 386 1968 τοῦ
413 1937 599 1976 δεδηλωμένον
629 1937 760 1968 Ἰουδαίων
805 1940 916 1979 πατρὸς,
962 1939 1005 1968 διὰ
1046 1938 1181 1977 δυνάμεως
1220 1942 1286 1967 Θεοῦ
1313 1937 1453 1973 ἀπικυήθη
1471 1945 1479 1953 ⁸
1516 1938 1560 1966 καὶ
1589 1937 1686 1967 Ἰεσσαὶ
1714 1937 1830 1977 προπώ-

130 1995 184 2022 τωρ
213 1983 262 2021 μὲν
303 1984 372 2012 κατὰ
414 1985 444 2012 τὸ
478 1983 568 2023 λόγιον
611 1983 750 2023 γεγένητοι
766 1993 772 2001 ·
804 1987 851 2012 τοῦ
893 1983 921 2012 δὲ
958 1983 1055 2014 Ἰακὼϐ
1095 1985 1140 2012 καὶ
1173 1986 1219 2012 τοῦ
1261 1981 1347 2012 Ἰούδα
1382 1982 1450 2011 κατὰ
1488 1982 1580 2023 γένους
1607 1981 1740 2023 διαδοχὴν
1773 1982 1829 2014 υίὸς

131 2039 219 2060 υπηογ
225 2039 263 2060 εν.

293 2082 361 2104 vero
372 2073 622 2114 quemadmodum
631 2082 666 2104 ex
678 2073 798 2114 virgine
809 2073 956 2105 oriturum

124 2118 277 2159 conceptis
289 2118 387 2149 verbis
396 2118 488 2150 Isaias
500 2118 682 2158 praedixerit,
704 2118 818 2151 audite.
835 2117 885 2150 Sic
900 2128 956 2151 au—

170 2186 201 2211 70
216 2185 275 2217 lsa.
292 2194 334 2224 XI,
351 2186 380 2216 1.

1041 2073 1093 2106 33.
1123 2074 1172 2104 Καὶ
1199 2073 1278 2102 πάλιν
1315 2073 1352 2105 ὡς
1382 2072 1515 2106 αὖτολεξεὶ
1556 2071 1598 2102 διὰ
1624 2071 1753 2112 παρθένου
1789 2071 1824 2109 μὲ

997 2118 1198 2160 τεχθησόμενος
1221 2117 1264 2146 διὰ
1289 2128 1336 2146 του
1372 2113 1484 2147 Ἡσαΐου
1513 2118 1709 2158 προεφητεύθη,
1743 2116 1827 2145 ἀκού-

171 2267 233 2308 (73)
246 2268 317 2313 μρὸς
330 2266 463 2313 ἄμπελον,
478 2266 563 2313 Hune
580 2266 694 2308 pullum
720 2267 756 2313 ad
782 2267 870 2313 vitem
885 2267 954 2313 alli-
966 2272 1057 2313 Dsant

1040 2271 1142 2313 ictum:
1150 2265 1180 2297 id
1197 2265 1412 2313 novumnvideri
1428 2275 1488 2313 non
1503 2265 1604 2313 debet,
1611 2265 1825 2313 sedusitatuni

129 2307 227 2347 gatum
244 2307 336 2338 fuisse
350 2316 406 2348 nec
421 2307 618 2347 Evangelistae
628 2311 823 2348 narrant,nec
835 2309 899 2348 ipse
908 2309 957 2339 Ju—

129 2348 224 2378 stinus
240 2348 268 2378 in
285 2347 414 2388 Dlalogo
430 2357 462 2379 n.
475 2348 580 2386 75,ubi
597 2348 673 2379 hanc
689 2347 874 2388 prophetiam
886 2347 958 2380 ube-

130 2388 192 2418 rius
208 2388 344 2428 explicat.

169 2429 228 2466 (74)
244 2430 279 2469 ’ξὸ
297 2429 373 2469 *παρὰ
390 2432 445 2469 ,νοῦν
459 2432 524 2457 Θεοῦ
545 2428 660 2466 σπέρμα,
679 2430 692 2456 ὁ
708 2428 807 2469 Λόφος.
840 2428 957 2469 [θεοηέ

130 2469 199 2499 dum
216 2467 366 2499 existimat
381 2467 504 2500 Crabius
520 2470 550 2497 τὸ
563 2472 744 2509 πνευμα,ιυ1η
754 2467 823 2509 quia
838 2467 957 2508 Spiritui

130 2509 238 2539 melius
256 2509 405 2543 convenit.
425 2512 456 2539 ut
476 2510 505 2539 in
531 2508 670 2540 ﬁdelibus
685 2508 799 2539 dicatur
812 2509 957 2547 habitare;

131 2554 192 2579 tum
209 2548 279 2590 quia
294 2558 352 2590 non
365 2550 457 2579 multo
469 2553 702 2590 post,nempe4n.
713 2548 956 2590 33,Verbumvo-

128 2588 366 2630 catur’Spiritus.
399 2588 477 2620 Scio‘
493 2588 632 2630 equidem
663 2588 759 2630 Verbo
776 2588 925 2630 interdum
942 2598 959 2620 a

128 2629 242 2674 lustino
267 2628 396 2675 Spiritus
411 2628 531 2675 nomen
548 2629 678 2675 aitribui;
694 2629 795 2675 albos
817 2629 881 2675 loco
899 2639 958 2675 non

130 2670 320 2700 incommode
337 2673 456 2700 vocatur
467 2679 581 2701 semen.
601 2669 652 2701 Sic
667 2669 696 2700 in
714 2669 817 2710 Apol,
831 2672 859 2703 2.
875 2679 904 2700 n.
916 2670 934 2700 5
949 2680 956 2701 ;

129 2710 270 2750 ’Έμιρυτον
287 2712 364 2738 παντὶ
379 2710 452 2749 γένει
482 2711 626 2750 ἀνθρώπων
653 2710 757 2748 σπέρμα
787 2714 832 2739 τοῦ
856 2711 954 2751 Λόγου,

128 2756 158 2782 et
173 2760 202 2780 n.
221 2751 238 2781 7
251 2761 272 2789 _:
297 2751 364 2779 κατὰ
379 2755 560 2788 σπερματικοῦ
582 2750 666 2789 Λόγου
681 2751 773 2789 μέρος.

251 2786 281 2819 Ἠ
315 2789 343 2818 δὲ
374 2786 466 2831 πρώτη
501 2786 631 2831 δύναμις..
758 2789 800 2820 ait
822 2790 958 2831 Justinus

130 2829 261 2862 Verbum
279 2839 345 2862 esse
358 2829 496 2862 virtutem
511 2830 674 2871 illam,qua3
688 2830 876 2862 obumbravit
886 2830 957 2871 Vir-

127 2871 198 2911 gini;
221 2871 361 2912 quodque
378 2870 450 2902 illud
467 2880 549 2902 nam.
565 2870 701 2912 sequenti
717 2875 800 2902 vocat
816 2870 958 2912 Spiritum

999 2307 1053 2338 fuit
1066 2307 1143 2347 apud
1159 2310 1278 2337 sanctos
1296 2307 1397 2347 Patres
1411 2311 1480 2337 ante
1491 2311 1522 2337 et
1534 2311 1599 2347 post
1612 2305 1774 2347 Justinum,
1794 2310 1827 2338 ut

1000 2345 1138 2388 pluribus
1149 2347 1336 2388 demonstrat
1348 2345 1825 2388 doctissimus’SﬂilariiOperam

1000 2387 1106 2424 editor,
1123 2387 1239 2418 Praefat.
1257 2395 1288 2417 n.
1304 2387 1334 2417 2.

1039 2427 1100 2473 QG)
1116 2431 1199 2457 Τοῦτο
1213 2426 1453 2473 ἐμηνύετοημθείί
1466 2429 1562 2473 τούτου,
1578 2426 1743 2473 Thirlbius,
1760 2435 1826 2472 quae

1000 2468 1119 2508 quidem
1136 2467 1306 2513 emendatio
1321 2467 1391 2498 satis
1405 2471 1472 2508 apta
1486 2468 1615 2506 videtur,
1632 2467 1685 2499 sed
1701 2467 1826 2498 minime

999 2516 1180 2539 ιιθεθεεδῖιο.

1041 2549 1065 2588 (7
1072 2549 1100 2588 7)
1117 2547 1256 2577 Ἀνατελετ
1269 2548 1364 2588 ἄστρον
1379 2546 1524 2580 Observat
1537 2548 1664 2582 Grabius
1685 2548 1742 2579 hoc
1763 2547 1824 2588 Ba:

1000 2587 1087 2634 taami
1113 2587 1290 2634 oraculum,_
1310 2587 1547 2634 Orieturﬂstellq
1565 2599 1603 2634 ea:
1616 2587 1825 2634 J_acob,_apud

999 2630 1144 2660 Irenaeum
1161 2628 1245 2659 citari
1261 2627 1314 2669 lib.
1332 2637 1416 2669 unc.
1436 2629 1467 2666 9,
1485 2633 1515 2662 et
1536 2630 1619 2662 Isaiae
1634 2630 1662 2660 in
1678 2627 1825 2669 antiquis-

1000 2669 1075 2700 simo
1093 2669 1188 2710 Vossii
1204 2668 1314 2710 codice
1325 2668 1456 2710 attaibui.
1470 2674 1502 2701 ut
1516 2671 1616 2702 eidem
1643 2668 1794 2710 prophetae
1809 2676 1828 2698 α

996 2711 1113 2740 Justino
1127 2709 1277 2740 tribuitur.
1296 2708 1355 2740 Sed
1369 2709 1433 2740 haec
1446 2710 1522 2742 ratio
1538 2721 1597 2742 non
1622 2708 1670 2740 me
1695 2708 1829 2739 deterret

999 2750 1159 2790 quominus
1174 2749 1295 2790 credam
1309 2749 1471 2790 Iustinum,
1490 2751 1560 2782 dum
1574 2750 1756 2790 Scripturam
1766 2756 1828 2790 me-

1000 2787 1124 2834 moriter
1135 2789 1219 2834 citat,
1229 2798 1265 2820 ex
1281 2788 1398 2820 duobus
1413 2787 1552 2830 oraculis,
1564 2787 1680 2823 Balaam
1692 2793 1721 2820 et
1731 2787 1827 2826 Isaias,

999 2840 1091 2862 unum
1107 2830 1225 2862 fecisse.
