1979 3071
111 127 172 159 419

576 129 606 160 S.
629 128 777 160 JUSTINI
798 124 1025 160 PHILOSOPHI
1048 127 1096 160 ET
1119 128 1333 161 MARTYRIS.

1747 128 1807 161 420

109 194 147 226 do
159 195 279 226 exitium
295 195 384 226 tradit
400 196 611 235 eﬁ'ugisse.llis
626 197 710 228 lectis
726 197 877 233 Plato,nec
888 204 932 226 sa-
943 205 962 229 Α
974 196 1097 230 θήσεσθε·
1123 197 1171 225 Καὶ
1193 196 1333 235 γενομένου

1000 196 1097 230 ςσεσθε.
1123 197 1171 225 Καὶ
1193 196 1336 235 γενομένου
1364 197 1467 236 τούτου,
1499 197 1560 229 τοὺς
1577 197 1626 234 μὲν
1641 196 1717 236 ὄφεις
1733 197 1806 225 ἄπο-

109 240 146 270 tis
161 245 296 271 accurate
321 241 496 281 perspectis.
515 250 581 272 cum
605 241 726 281 ﬁguram
753 241 850 272 crucis
867 248 933 271 esse

108 296 168 318 non
184 287 362 324 attenderet,
379 288 430 318 sed
449 288 687 319 decussationem
704 298 769 319 esse
784 290 931 322 crederet;

108 331 232 362 alteram
249 331 344 373 illam,
357 336 421 372 post
437 333 603 373 principem
620 334 724 370 Deum,
742 332 889 364 Virtutem
904 333 933 362 in

109 376 160 406 uni
177 385 260 408 verso
275 376 459 408 decussatam
474 386 539 408 esse
556 377 727 414 dixil.Quod
742 382 839 408 autem
850 376 886 408 ab
899 386 934 407 eo

108 422 228 452 tertium
245 420 365 462 dicitur,
390 422 459 452 inde
485 426 580 452 ortum
610 422 688 462 quod
710 421 852 462 Spiritum
881 423 934 454 Dei

106 466 184 505 apud
207 468 351 505 Moysem,
374 470 407 497 ut
430 475 519 506 supra
543 466 675 497 diximus
685 466 723 504 ³2,
739 476 828 507 super
843 475 934 507 aquas

105 510 228 550 legerat.
241 509 412 541 Secundum
429 511 508 542 enim
525 511 622 542 locum
649 512 702 542 Dei
728 511 835 549 Verbo,
853 512 931 551 quod

104 555 135 586 in
152 556 289 586 universo
304 556 493 586 decussatum
510 565 578 587 esse
593 556 799 594 dixit,tertium
810 565 880 587 vero
890 556 929 593 ei,

107 600 158 640 qui
174 609 264 640 super
278 609 369 640 aquas
394 600 465 632 ferri
487 601 585 632 dictus
609 606 664 636 est.
689 600 811 641 Spiritui
829 601 931 632 tribuit

104 644 203 675 verbis
220 653 227 676 :
245 655 258 674 ι
275 643 376 675 Tertia
392 650 489 676 autem
507 645 586 676 circa
602 647 733 678 tertium.
765 659 776 674 »ι
797 645 929 682 Quomo-

101 689 138 720 de
153 695 250 720 autem
267 688 393 720 futuram
419 690 679 730 conﬂagrationem
697 691 824 731 Spiritus
840 689 928 722 Sanc-

102 737 147 764 tus
159 743 212 774 per
223 735 352 774 Moysem
377 734 557 775 praedixerit,
579 735 689 766 audite.
707 735 755 767 Sic
771 736 851 766 enim
866 736 926 767 ait:

103 778 268 810 Descende!
277 780 355 818 ignis
370 788 490 820 semper
505 781 646 817 vivens,et
661 781 820 812 devorabt’t
836 789 930 821 usque

974 241 1064 268 θανεῖν
1086 240 1217 280 ἀνέγραψε
1235 249 1241 256 ·
1273 242 1318 269 τὸν
1343 240 1369 269 δὲ
1395 241 1459 270 λαὸν
1487 242 1612 282 ἐκφυγεῖν
1631 243 1676 270 τὸν
1695 242 1806 270 θάνατον

976 284 1059 315 οὕτως
1089 284 1252 319 παρέδωκεν.
1283 285 1424 325 Ἀναγνοὺς
1455 285 1577 327 Πλέτων,
1607 287 1705 324 καὶμὴ
1728 287 1803 326 ἀκρι-

976 328 1028 361 ϐῶς
1055 329 1241 370 ἐπιστάμενος,
1269 329 1336 365 μηδὲ
1359 332 1454 366 νοήσας
1481 332 1563 360 τύπον
1593 333 1663 359 εἶναι
1679 336 1801 371 σταυροῦ,

977 373 1044 402 ἄλλα
1066 375 1169 414 χὶασμα
1186 376 1297 415 νοήσας,
1312 376 1360 409 τὴν
1387 377 1455 413 μετὰ
1483 377 1528 404 τὸν
1543 378 1649 415 πρῶτον
1664 377 1729 404 Θεὸν
1758 376 1804 404 δύ-

977 430 1054 456 ναμιν
1069 421 1211 459 κεχιὰσθαι
1227 420 1254 447 ἐν
1269 423 1307 457 τῷ
1322 421 1401 448 παντὶ
1430 423 1503 452 εἷπε,
1529 421 1576 449 Καὶ
1601 421 1630 449 τὸ
1643 422 1730 449 εἰπεῖν
1754 422 1799 449 αὺ-

975 463 1019 492 τὸν
1048 464 1147 504 τρίτον,
1176 463 1280 505 ἐπειδὴ,
1304 465 1341 497 ὡς
1369 465 1540 504 προείπομεν,
1570 465 1659 493 ἐπάνω
1673 468 1725 493 τῶν
1741 464 1804 492 5811'-

975 519 1027 536 των
1058 508 1159 548 ἀνέγνω
1187 510 1237 537 ὑπὸ
1270 509 1386 541 Μωσέως
1414 510 1552 548 εἰρημένον
1587 509 1752 550 ἐπιφέρεσθαι
1774 510 1805 538 τὸ

974 555 1021 581 τοῦ
1047 557 1112 581 Θεοῦ
1141 557 1257 591 Πνεῦμα.
1278 554 1405 594 Δευτέραν
1421 554 1469 592 μὲο
1494 555 1543 594 γὰρ
1558 555 1652 594 χώραν
1673 558 1711 592 τῷ
1733 555 1804 594 παρὰ

973 601 1039 628 Θεοῦ
1065 598 1154 637 Λόγῳ,
1183 598 1213 626 ὃν
1239 600 1381 638 κεχιάσθαι
1409 600 1437 626 ἓν
1458 603 1496 636 τῷ
1519 600 1598 627 παντὶ
1622 599 1685 640 ἔφη,
1701 598 1802 639 δίδωσι,

971 642 1020 676 τὴν
1049 641 1076 670 δὲ
1104 643 1206 682 τρίτην,
1244 647 1282 680 τῷ
1310 643 1435 683 λεχθέντι
1467 643 1636 682 ἒπιφὲρεσθαι
1665 648 1703 681 τῷ
1729 643 1802 672 ὕδατι

972 688 1116 725 Πνεῦματι,
1133 689 1214 716 εἰπών
1231 698 1237 704 ·
1262 698 1276 717 ι
1287 688 1326 717 Τὰ
1339 687 1367 716 δὲ
1379 689 1452 728 τρίτα
1467 690 1526 727 περὶ
1540 689 1585 717 τὸν
1600 689 1686 726 τρίτον
1703 688 1799 728 (68).»

972 732 1021 761 Καὶ
1044 733 1080 764 ὡς
1111 732 1258 772 ἐκπύρωσιν
1288 733 1445 772 γενήσεσθαι
1475 732 1517 761 διὰ
1545 733 1661 766 Μωσέως
1676 734 1800 771 προεμή-

970 787 1029 806 νυσε
1055 777 1086 805 τὸ
1108 778 1272 817 προφητικὸν
1294 781 1411 815 Πνεῦμα,
1435 777 1577 809 ἀκούσατε,
1593 777 1675 818 ’Ἐφη
1697 777 1725 806 δὲ
1753 778 1801 806 οὔ-

100 823 140 854 ad
167 824 259 854 imam
285 824 424 864 abyssum
438 824 475 856 ³³.
502 824 566 855 Non
590 834 659 864 ergo
686 825 791 856 eadem
816 820 929 856 nosac
969 831 1048 853 τως·
1082 820 1268 857 Καταϐήσεται
1310 822 1333 849 ἀι

1000 832 1024 853 )ς
1042 831 1048 839 ·
1082 820 1268 857 Καταϐήσεται
1310 822 1419 858 ἀείζωον
1453 826 1516 862 πῦρ,
1547 823 1591 850 καὶ
1619 823 1800 863 καταφάγεται

98 867 149 898 alii
169 868 335 908 opinamus;
353 869 405 899 sed
436 873 536 900 nostra
563 878 667 900 omnes
691 869 795 900 imitati
811 865 1052 906 edisse-Bttéxpl
1082 868 1131 899 τῆς
1159 866 1274 895 ἀϐύσσου
1307 878 1333 895 κε

1000 865 1052 906 ἱχρι
1082 868 1131 899 τῆς
1159 866 1274 895 ἀϐύσσου
1307 868 1392 898 κάτω.
1424 869 1460 897 Οὐ
1493 868 1526 895 τὰ
1552 868 1617 896 αὐτὰ
1647 869 1691 896 οὖν
1719 869 1800 905 ἡμεῖς

99 916 180 944 runt.
195 911 264 943 Haec
279 922 351 944 sane
365 913 442 953 apud
459 923 513 944 nos
528 913 633 945 audire
659 920 704 945 est
721 917 750 944 et
764 914 881 944 discere
893 922 928 944 ex
969 909 1061 942 ἄλλοις
1083 910 1223 949 δοξάζομεν
1240 921 1247 928 ·
1271 910 1333 940 ἀλλ’

1000 910 1061 942 ,λοις
1083 910 1223 949 δοξάζομεν
1240 921 1247 928 ·
1271 910 1334 940 ἀλλ’
1355 913 1378 940 οἱ
1393 913 1491 944 πάντες
1510 913 1543 940 τὰ
1571 912 1689 952 ἡμετέρα
1702 915 1801 950 μιμού-

100 957 147 993 iis,
160 958 209 997 qui
235 965 272 989 ne
287 957 395 997 ﬁguras
411 958 533 998 quidem
550 959 714 990 litterarum
732 962 853 999 norunt,
867 959 926 989 im-
968 966 1043 993 μενοι
1075 955 1193 995 λέγουσι.
1224 956 1289 996 Παρ’
1318 957 1333 990 ἡ

1000 967 1043 984 ,νοι
1075 955 1193 995 λέγουσι.
1224 956 1289 996 [Ιαρ’
1318 957 1386 994 ἡμῖν
1416 958 1460 985 οὖν
1489 957 1546 986 ἐστι
1576 961 1658 986 ταῦτα
1689 957 1801 986 ἀκοῦσαι

101 1001 206 1041 peritis
221 1002 393 1033 hominibus
409 1007 438 1033 et
447 1003 547 1043 lingua
556 1003 758 1042 barbaris,sed
768 1010 867 1035 mente
882 1013 927 1035 sa-
968 1002 1011 1028 καὶ
1040 1002 1135 1037 μαθεῖν
1163 1001 1234 1040 παρὰ
1263 1004 1316 1029 τῶν

1000 1002 1011 1028 μὶ
1040 1002 1135 1037 μαθεῖν
1163 1001 1234 1040 παρὰ
1263 1004 1316 1029 τῶν
1354 1001 1411 1030 οὐδὲ
1439 1001 1502 1033 αοὺς
1543 1004 1716 1041 χαρακτῆρας
1746 1005 1800 1030 τῶν

104 1045 254 1086 pientibus
270 1051 299 1077 et
309 1047 458 1085 ﬁdelibus,
476 1057 602 1088 quorum
618 1049 707 1079 etiam
722 1048 857 1079 nonnulli
872 1048 920 1079 de-
966 1045 1108 1085 στοιχείων
1137 1044 1333 1085 ἐπισταμένων,

1000 1045 1108 1085 οιχείων
1137 1044 1333 1085 ἐπισταμένων,
1374 1044 1485 1074 ἰδιωτῶν
1510 1045 1558 1084 μὲν
1589 1047 1633 1074 καὶ
1660 1045 1760 1086 βαρὸάρ
1776 1058 1798 1074 ω

101 1090 176 1122 biles
191 1096 220 1122 et
235 1092 329 1123 oculis
345 1092 435 1132 capti;
451 1096 483 1122 ut
497 1092 584 1124 facile
601 1097 696 1134 pateat
720 1103 778 1124 non
793 1093 920 1124 humana
961 1090 992 1118 τὸ
1021 1090 1135 1130 φθέγμα,
1154 1091 1240 1130 σοφῶν
1256 1089 1283 1118 δὲ
1305 1102 1333 1119 κο

1021 1090 1135 1130 φθέγμα,
1154 1091 1240 1130 σοφῶν
1256 1089 1283 1118 δὲ
1305 1091 1349 1119 καὶ
1369 1094 1470 1120 πιστῶν
1483 1091 1530 1119 τὸν
1550 1094 1610 1120 νοῦν
1630 1090 1726 1128 ὄντων,
1743 1092 1802 1130 χιὶν

100 1136 246 1176 sapientia
255 1137 318 1168 haec
334 1137 412 1178 ﬁeri,
428 1137 480 1168 sed
498 1138 552 1169 Dei
568 1138 673 1169 virtute
688 1138 758 1170 dici.
962 1138 1066 1173 πηρῶν,
1085 1135 1128 1163 καὶ
1144 1135 1239 1175 χήρων
1268 1138 1333 1163 τινῶ

1000 1138 1066 1173 ρῶν,
1085 1135 1128 1163 καὶ
1144 1135 1239 1175 χήρων
1268 1138 1348 1163 τινῶν
1370 1136 1416 1167 τὰς
1439 1135 1515 1173 ὄψεις
1533 1143 1540 1150 ·
1568 1137 1604 1168 ὡς
1621 1143 1740 1164 συνεῖναι
1771 1146 1801 1173 οὗ

963 1181 1042 1220 σοφίᾳ
1082 1180 1230 1220 ἀνθρωπεία
1271 1185 1352 1209 ταῦτα
1395 1181 1544 1221 γεγονέναι,
1583 1181 1650 1209 ἀλλὰ
1685 1180 1797 1219 δυνάμει

964 1229 1030 1253 Θεοῦ
1043 1224 1165 1271 λέγεσθαι
1171 1247 1177 1254 .

136 1272 186 1304 61.
210 1272 365 1309 Quomodo
381 1278 479 1305 autem
496 1284 550 1305 nos
564 1274 625 1306 Deo
647 1274 923 1306 consecraverimus
1004 1269 1056 1301 61.
1082 1267 1136 1299 ”ον
1151 1271 1247 1310 τρόπον
1259 1270 1287 1299 δὲ
1300 1281 1333 1299 κα

1004 1269 1056 1301 61.
1082 1267 1136 1299 1’ον
1151 1271 1247 1310 τρόπον
1259 1270 1287 1299 δὲ
1300 1271 1345 1299 καὶ
1359 1270 1526 1308 ἀνεθήκαμεν
1541 1271 1650 1303 ἑαυτοῦς
1665 1274 1704 1308 τῷ
1725 1274 1794 1309 Θεῷ,

97 1326 151 1357 per
166 1317 316 1349 Christum
333 1319 478 1357 renovati,
496 1319 525 1350 id
541 1329 659 1360 quoque
677 1328 872 1360 exponemus;
887 1328 924 1350 ne
964 1315 1198 1349 καινοποιηθέντες
1226 1315 1268 1345 διὰ
1296 1318 1333 1343 το(

1001 1315 1198 1349 ινοποιηθέντες
1226 1315 1268 1345 διὰ
1296 1318 1341 1343 τοῦ
1366 1319 1477 1354 Χριστοῦ
1489 1315 1673 1355 ἐξηγησόμεθα
1689 1324 1698 1334 ⁸
1721 1315 1795 1348 ὅπως

97 1363 167 1402 quid
184 1363 362 1404 improlie,si
379 1364 435 1394 hoc
449 1359 722 1404 praetermittamus,
741 1366 770 1394 in
784 1372 924 1395 enarran-
967 1361 1031 1404 tm.
1048 1360 1127 1388 τοῦτο
1155 1359 1333 1399 παραλιπόντε

1000 1372 1017 1399 λ,
1048 1360 1127 1388 τοῦτο
1155 1359 1363 1399 παραλιπόντες,
1394 1359 1510 1397 δόξωμεν
1533 1361 1689 1400 πονηρεύειν
1712 1372 1737 1388 τι
1767 1361 1795 1390 ἐν

98 1407 143 1437 dis
158 1407 248 1438 rebus
272 1417 360 1447 agere
375 1403 540 1439 videamur.
553 1408 729 1449 Quicunque
746 1417 921 1449 persuasum
963 1407 997 1441 τῇ
1011 1403 1151 1442 ἐξηγήσει·
1165 1403 1246 1449 θὀσοι
1262 1403 1292 1432 ἂν
1307 1415 1333 1432 π¹

1011 1403 1151 1442 ἐξηγήσει.
1167 1403 1246 1433 ’Όσοι
1262 1403 1292 1432 ἂν
1307 1406 1434 1432 πεισθῶσι
1461 1405 1504 1433 καὶ
1525 1406 1686 1433 πιστεύωσιν
1707 1405 1797 1439 ἀληθῆ

96 1450 298 1484 habuerintet
311 1453 493 1484 crediderint
511 1463 576 1484 vera
585 1448 733 1494 esse,qute
747 1448 764 1484 a
779 1453 863 1485 nobis
873 1453 924 1484 do-
963 1453 1045 1478 ταῦτα
1067 1449 1100 1477 τὰ
1127 1448 1170 1488 ὑφ’
1196 1450 1273 1486 ἡμῶν
1298 1449 1333 1477 διε

1000 1453 1045 1478 ῦτα
1067 1449 1100 1477 τὰ
1127 1448 1170 1488 ὑφ’
1196 1450 1273 1486 ἡμῶν
1298 1449 1474 1487 διδασκόμενα
1498 1451 1542 1478 καὶ
1558 1449 1689 1489 λεγόμενα
1711 1450 1798 1490 εἶναι,

93 1500 200 1527 centur
212 1497 405 1534 etdicuntur,
423 1507 515 1538 seque
531 1498 570 1528 ita
582 1498 679 1529 vivere
694 1507 781 1538 posse
808 1497 922 1538 promi-
963 1494 1008 1522 καὶ
1033 1494 1106 1532 βιοῦν
1132 1494 1216 1526 οὕτως
1249 1494 1333 1522 δύνασε

1000 1494 1008 1521 ὶ
1033 1494 1106 1532 βιοῦν
1132 1494 1216 1526 οὕτως
1249 1494 1373 1522 δύνασθαι
1402 1496 1594 1535 ὑπισχνῶνται,
1619 1495 1742 1535 εὔχεσθαί
1769 1507 1799 1524 τε

92 1541 222 1578 serint,ii
234 1542 349 1581 precari
363 1546 393 1572 et
399 1541 571 1582 jejunantés
588 1543 721 1583 priorum
732 1547 921 1582 peccatorum
932 1556 952 1581 ο
964 1540 1007 1567 καὶ
1033 1538 1120 1567 αἰτεῖν
1163 1540 1333 1572 νηστεύοντες

1000 1540 1007 1566 ἱ
1033 1538 1120 1567 αἰτεῖν
1163 1540 1335 1572 νηστεύοντες
1379 1539 1441 1579 (69)
1477 1540 1548 1579 παρὰ
1579 1543 1625 1569 τοῦ
1654 1544 1720 1568 Θεοῦ
1745 1544 1799 1575 τῶν

96 1585 210 1616 veniam
222 1595 238 1616 a
253 1585 315 1617 Deo
329 1591 431 1626 petere
442 1587 599 1628 docentur,
616 1587 703 1618 nobis
720 1596 778 1617 una
795 1596 923 1627 precan-

95 1629 175 1660 tibus
188 1634 218 1661 et
230 1630 566 1670 jejunantibus.Deinde
581 1641 616 1663 eo
632 1632 779 1663 docuntur
792 1641 809 1662 a
824 1631 922 1669 nobis,

96 1674 146 1704 ubi
163 1684 238 1715 aqua
251 1679 306 1715 est,
325 1681 354 1706 et
370 1676 476 1707 eodem
491 1676 725 1715 regenerationis
742 1676 829 1707 modo
841 1686 924 1716 rege-

96 1724 248 1761 nerantur,
267 1730 323 1760 quo
351 1725 380 1751 et
407 1721 462 1761 ipsi
487 1731 591 1752 sumus
608 1721 787 1761 regenerati.
803 1721 875 1752 Nam
893 1722 923 1752 in

95 1765 217 1796 nomine
243 1765 375 1805 parentis
398 1766 605 1797 universorum
631 1775 665 1797 ac
688 1767 804 1797 Domini
821 1766 876 1798 Dei
889 1775 925 1798 ac

91 1809 256 1840 Saivatoris
272 1811 364 1841 nostri
380 1811 449 1842 Jesu
469 1810 579 1842 Christi
593 1815 621 1841 et
636 1810 764 1851 Spiritus
780 1813 874 1842 sancti
886 1811 926 1842 la-

95 1863 212 1885 vacrum
223 1855 255 1885 in
270 1864 346 1896 aqua
357 1859 426 1887 tunc
435 1855 613 1896 suscipiunt.
631 1856 711 1887 Dixit
728 1856 808 1887 enim
826 1856 926 1888 Chris.

95 1902 158 1930 tus:
174 1899 243 1930 Nisi
254 1901 432 1940 regeneratt'
442 1901 642 1939 fueritis,non
657 1901 813 1932 intrabiu‘s
829 1901 876 1931 8t)
890 1904 925 1931 in

91 1952 220 1984 regnum
229 1944 492 1976 caloruma‘Fieri
506 1948 605 1976 autem
616 1954 674 1976 non
689 1950 823 1986 posse,ut
831 1954 924 1984 semel

94 1989 153 2019 nati
164 1988 194 2019 in
209 1993 308 2020 uteros
321 1996 447 2020 matrum
464 1989 826 2029 ingrediantur,omnibus
839 1999 923 2030 pers.

93 2033 211 2074 picuum
224 2038 279 2064 est.
297 2034 413 2065 Dictum
426 2034 514 2064 etiam
526 2035 616 2066 estab
628 2034 703 2066 Isaia
722 2035 875 2075 propheta,
892 2043 924 2068 ut

93 2087 184 2118 supra
200 2078 377 2119 scripsimus
387 2079 425 2119 3‘,
438 2079 578 2119 quoniam
596 2079 683 2110 modo
707 2083 828 2119 peccata
843 2079 922 2110 eﬂ'u-

964 1584 1214 1624 προημιρτημένων
1254 1584 1345 1614 diosum
1377 1584 1556 1623 διδάσκονται,
1590 1586 1667 1623 ἡμῶν
1704 1597 1798 1614 συνευ-

966 1628 1093 1669 χομένων
1119 1630 1164 1658 καὶ
1187 1630 1414 1663 συννηστευόντων
1445 1631 1548 1663 αὐτοῖς.
1573 1629 1696 1659 ’Ἔπειτα
1715 1630 1799 1670 ἄγον-

964 1685 1007 1702 ται
1031 1673 1073 1714 ὑφ’
1096 1675 1175 1711 ἡμῶν
1199 1674 1259 1702 ἔνθα
1288 1673 1357 1714 ὕδωρ
1383 1674 1450 1711 ἐστὶ,
1478 1675 1522 1703 καὶ
1538 1675 1634 1714 τρόπον
1649 1674 1799 1714 ἀναγεννή-

965 1729 1046 1756 σεως,
1077 1719 1105 1746 ὃν
1138 1720 1182 1747 καὶ
1207 1720 1289 1757 ἡμεῖς
1321 1718 1396 1747 αὐτοὶ
1431 1719 1656 1760 ἂναγεννήθημεν,
1683 1720 1799 1759 ἀναγεν-

966 1767 1072 1794 νῶνται.
1097 1762 1157 1792 Ἐπ’
1181 1764 1313 1801 ὀνόματος
1337 1765 1387 1804 γὰρ
1415 1767 1462 1792 τοῦ
1490 1765 1591 1804 [ἰατρὸς
1603 1768 1656 1792 τῶν
1671 1764 1739 1794 ὅλων
1754 1767 1799 1794 καὶ

969 1809 1103 1838 Δεσπότου
1118 1812 1195 1846 Θεοῦ,
1214 1809 1258 1836 καὶ
1272 1814 1318 1838 τοῦ
1334 1810 1461 1849 Σωτηρος
1476 1810 1554 1847 ἡμῶν
1570 1809 1657 1843 Ἰησοῦ
1674 1813 1797 1850 Χριστοῦ,

967 1855 1009 1882 καὶ
1040 1854 1189 1891 [ινεύματος
1215 1854 1301 1894 ἁγίου,
1324 1855 1355 1882 τὸ
1383 1854 1411 1882 ἐν
1432 1858 1470 1891 τῷ
1499 1853 1571 1882 ὕδατι
1599 1855 1660 1894 τοτε,
1689 1854 1798 1894 λουτρὸν

967 1890 1117 1930 ποιοῦνται,
1147 1900 1195 1927 Καὶ
1225 1890 1274 1938 γ-ὰρ
1294 1890 1317 1926 ⁷ὁ
1347 1890 1461 1937 Χριστὸς
1482 1899 1559 1927 εἶπεν
1576 1907 1583 1915 ·
1603 1890 1657 1927 υΑν
1674 1900 1713 1937 μὴ
1729 1890 1796 1927 ἀνα-

966 1946 1123 1983 γεννηθῆτε,
1159 1944 1189 1972 οὗ
1232 1944 1270 1980 μὴ
1310 1943 1445 1977 εἰσέλθητε
1489 1945 1526 1975 εἰς
1569 1944 1618 1978 τὴν
1661 1943 1796 1983 βασιλείαν

966 1982 1018 2017 τῶν
1041 1990 1168 2029 οὐρανῶν.
1202 1982 1267 2017 ”Οτι
1288 1987 1316 2016 δὲ
1338 1989 1382 2017 καὶ
1413 1987 1537 2017 ἀδύνατον
1566 1990 1602 2021 εἰς
1617 1989 1664 2021 τὰς
1692 1989 1795 2031 μὴτρας

965 2037 1017 2063 τῶν
1041 2037 1174 2063 τεκουσὼν
1203 2035 1264 2065 τοὺς
1293 2033 1363 2066 ἅπαξ
1391 2033 1569 2078 γεννωμένους
1591 2034 1652 2074 (70)
1668 2033 1795 2079 ἐμϐῆναι,

964 2080 1076 2120 φανερὸν
1101 2079 1179 2108 πᾶσίν
1202 2078 1270 2111 ἐστι,
1294 2079 1343 2108 Καὶ
1365 2078 1407 2107 διὰ
1448 2080 1561 2116 Ησαίου,
1591 2082 1636 2106 τοῦ
1658 2078 1797 2118 προφήτου

95 2123 434 2164 giantquipeccaverunt
447 2124 685 2164 etptenitentiam
701 2123 854 2164 agunt.Sic
867 2133 921 2155 au-
933 2125 999 2156 ῡὼς
1029 2123 1246 2164 προεγράψαμεν,
1274 2122 1333 2163 εἵρη

1029 2123 1246 2164 προεγράψαμεν,
1274 2122 1380 2163 εἴρηται
1402 2124 1460 2152 τίνα
1484 2123 1581 2163 τρόπον
1597 2123 1732 2163 φεύξονται
1747 2124 1795 2156 τὰς

96 2172 156 2199 tem
182 2168 297 2199 locutus
312 2168 545 2207 est:Lavamim’,
562 2169 670 2200 mundi
684 2172 787 2209 estote,
804 2169 923 2208 auferte

94 2212 177 2244 mala
190 2221 229 2244 ea:
242 2213 404 2244 animabus
417 2214 537 2251 vestris,
554 2213 661 2245 discite
680 2213 783 2253 facere
799 2213 919 2260 bonum,

87 2259 227 2298 judicale
238 2258 367 2299 pupillo,
379 2259 552 2299 justiﬁcate
566 2259 689 2290 viduam
709 2269 716 2290 :
733 2262 761 2289 et
784 2258 882 2290 venite
893 2258 921 2290 el

963 2169 1091 2208 ἁμαρτίας
1107 2169 1130 2197 οἱ
1155 2168 1357 2208 ἀμαρτήσαντες
1381 2169 1426 2197 καὶ
1449 2175 1652 2206 μετανοοῦντες.
1677 2167 1794 2208 Ἐλέχθη

962 2214 989 2242 δὲ
1020 2214 1103 2245 οὕτως
1119 2221 1125 2228 '
1157 2214 1301 2251 Λούσασθε,
1330 2215 1437 2252 καθαροὶ
1458 2213 1565 2253 γένεσθε
1581 2222 1587 2228 ·
1619 2213 1730 2254 ἀφέλετε
1744 2214 1792 2244 τὰς

961 2259 1088 2297 πονηρίας
1117 2258 1171 2286 ἀπὸ
1209 2261 1261 2286 τῶν
1305 2259 1400 2298 ψυχῶν
1449 2259 1522 2291 ὑμῶν
1541 2267 1547 2273 ·
1584 2259 1682 2296 μάθετε
1709 2257 1795 2313 καλὸν

132 2327 165 2353 39
181 2336 271 2367 supra
286 2337 318 2359 ο.
333 2326 383 2358 ()9.
427 2326 453 2348 ³³
468 2326 555 2359 Deut.
570 2335 662 2365 χχιιι,
679 2326 730 2358 22.
772 2325 801 2348 3‘
812 2326 898 2358 Joan.
914 2335 958 2365 ni,
975 2327 1005 2359 5.
1046 2325 1074 2347 ³⁵
1088 2334 1177 2366 supra
1193 2334 1223 2357 n.
1235 2325 1286 2356 44.

1000 2348 1005 2357 .
1046 2325 1074 2347 ³⁵
1088 2334 1177 2366 supra
1193 2334 1223 2357 n.
1235 2325 1286 2356 44.

94 2393 321 2424 similitudinem
331 2393 430 2424 carnis
441 2393 553 2433 peccati
565 2392 595 2423 in
606 2392 684 2432 ligno
696 2391 828 2432 martyrii
840 2392 922 2423 exal-

96 2439 174 2465 tatur
200 2443 217 2464 a
241 2438 319 2464 terra
347 2438 375 2464 et
404 2433 505 2464 omnia
533 2433 621 2464 trahit
647 2433 683 2463 ad
709 2442 741 2463 se
757 2438 786 2463 et
801 2433 924 2463 viviﬁcat

95 2479 227 2505 mortuos
245 2485 256 2503 ι)
276 2474 460 2505 Probabilius
475 2473 601 2514 videtur,
617 2473 694 2513 quod
707 2473 749 2504 ait
759 2474 924 2504 Massuetus

93 2519 194 2545 noster
206 2514 235 2544 in
261 2514 451 2544 adnotatione
465 2514 500 2544 ad
518 2514 598 2544 hunc
609 2514 720 2549 locum,
737 2522 923 2553 nequaquam

94 2555 157 2585 lim
170 2564 187 2585 e
201 2554 286 2585 libris
300 2554 475 2595 apocryphis
490 2555 658 2595 desumpta,
676 2553 727 2584 sed
753 2553 922 2595 nihilaliud

94 2604 159 2640 esse
174 2593 479 2640 quamparaphrasim
494 2599 543 2625 aut
569 2594 736 2625 versionem
753 2593 923 2625 liberiorem

89 2635 253 2666 verborum
269 2635 389 2674 Moysis.

964 2391 1109 2433 Qrigenes
1123 2392 1176 2425 lib.
1189 2391 1290 2433 vuqdv
1308 2391 1402 2433 Cels.,
1415 2402 1443 2431 p.
1457 2392 1526 2433 288;
1541 2391 1688 2424 Eusebius
1702 2392 1754 2424 lib.
1772 2401 1793 2424 ll

964 2431 1229 2473 ΡγωρανῈυαηῃ,
1242 2431 1320 2463 Nihil
1333 2437 1430 2464 tamen
1448 2431 1619 2464 mutandum
1631 2433 1659 2463 in
1674 2433 1792 2464 Iustino

965 2477 1076 2503 nostro.
1101 2474 1175 2505 Nam
1201 2473 1323 2504 Proclus
1338 2473 1424 2505 lib.u
1441 2473 1607 2512 Theologiaz
1631 2473 1794 2504 Platonicw

965 2522 1030 2553 cap.
1048 2514 1097 2553 11,
1112 2513 1216 2544 eodem
1231 2513 1319 2543 modo
1332 2513 1403 2553 legit
1414 2523 1448 2544 ac
1459 2513 1490 2544 S.
1508 2518 1631 2553 martyr,
1647 2513 1724 2553 quod
1739 2521 1792 2543 ar-

964 2557 1108 2594 gumento
1131 2557 1176 2584 est
1188 2562 1248 2584 non
1274 2553 1404 2585 defuisse
1420 2553 1549 2591 codiccs,
1567 2555 1596 2584 in
1612 2553 1717 2594 quibus
1729 2553 1792 2584 haec

965 2593 1084 2633 legendi
1099 2594 1175 2624 ratio
1191 2597 1372 2624 occurreret.

1003 2634 1067 2674 (69)
1083 2634 1273 2668 Νηστεύοντες.
1291 2633 1551 2674 σοηδιίιιιιπροδι.
1569 2633 1707 2672 lib.xn,c.
1724 2633 1762 2664 22
1780 2641 1788 2665 :

130 2676 191 2716 (68ρ
210 2676 247 2704 Τὰ
277 2674 304 2703 δὲ
320 2673 404 2716 γτρίτα
432 2676 490 2714 περὶ
512 2675 557 2703 τὸν
572 2674 676 2716 τρίτην.
704 2673 826 2716 Legitur
840 2673 916 2716 apud
959 2673 1013 2716 Ι]ρὸ
1037 2674 1064 2702 δὲ
1086 2678 1131 2703 τοῦ
1145 2675 1326 2713 βαπτίσματος
1348 2673 1517 2711 νηστευσάτῳ
1542 2676 1556 2703 ὁ
1583 2675 1788 2713 βαπτιζόμενος,

89 2713 242 2746 Platonem
258 2716 289 2743 τὸ
304 2713 388 2755 τρι-ιον
404 2713 508 2754 περὶτὰ
535 2727 550 2743 τ
568 2715 621 2755 tu,
646 2715 796 2754 nempein
811 2713 866 2754 ep.’
885 2715 915 2745 ‘2.
959 2713 1098 2746 GRABIUS.

89 2755 136 2785 Sic
152 2756 240 2785 etiam
255 2755 360 2785 letzunt
374 2757 512 2785 Clemens
526 2726 598 2785 Aie:
629 2755 748 2785 Strom.
761 2763 824 2785 v.0.
837 2754 915 2785 598:
998 2754 1062 2785 (70)
1081 2755 1272 2785 Γεννωμένους.
1289 2754 1333 2785 Cl:

1000 2722 1098 2745 annos.

1000 2754 1062 2785 (70)
1081 2758 1098 2782 r

89 2755 136 2786 Sic
152 2756 240 2787 etiam
255 2755 360 2795 legunt
374 2757 512 2787 Clemens
526 2754 609 2795 Alexi
629 2755 748 2786 Strom.
761 2763 824 2794 v,p.
837 2754 915 2788 598;

998 2754 1062 2794 (70)
1081 2755 1272 2793 Γεννωμένους.
1289 2754 1419 2788 Clarom.
1432 2755 1601 2795 γενομένους,
1620 2758 1649 2785 et
1662 2763 1678 2786 a
1693 2762 1787 2795 marg.

88 2795 268 2838 Porphyrius
278 2794 356 2837 apud
373 2795 461 2837 Cyril.
478 2795 563 2826 Alex.
580 2794 633 2826 lib.
650 2802 659 2824 ι
673 2795 706 2826 in
715 2795 793 2832 Jul.,
811 2803 841 2835 p.
858 2795 916 2833 35;
958 2795 1142 2835 γεννηθέντας,

1000 2795 1142 2829 ινηθέντας.
