1981 3072
183 71 240 103 491

648 69 678 100 S.
700 69 850 101 JUSTINI
873 67 1102 101 PHILOSOPHI
1126 69 1173 101 ET
1195 70 1406 102 MARTYRIS.

1808 67 1869 100 492

185 140 328 178 perpetuo
343 144 451 176 corpus
465 144 532 166 cum
543 135 641 167 anima
657 135 847 175 conjunctum
863 139 909 167 est
925 148 933 174 ς
949 136 1018 168 sedi

1052 139 1133 177 ιιυφὴν
1161 138 1258 176 μηκέτι
1294 139 1375 179 εἶναι,
1411 138 1514 172 ἀπέστη
1536 137 1583 166 ἀπ’
1598 138 1679 171 αὐτῆς
1694 138 1725 165 τὸ
1753 137 1868 172 ζωτικὸν

184 191 251 213 cum
266 181 338 212 solvi
353 184 472 221 oportet
485 180 561 210 hanc
578 179 922 220 harmoniam,relinquit
935 190 1004 212 cor-

183 236 238 267 pus
248 227 357 263 auima,
374 234 430 256 nec
446 225 509 265 jam
525 228 619 256 exstat
633 225 722 255 homo
736 235 742 255 :
759 225 801 255 sic
817 225 917 264 etiam,
936 235 1003 257 cum

184 271 313 302 animam
330 279 389 301 non
403 270 463 309 jam
478 278 543 300 esse
556 269 733 309 oportuerit,
765 269 892 300 discedit
919 270 956 301 ab
970 279 1005 301 ea

184 318 306 359 spiritus
320 316 487 357 vitalis,nec
497 316 558 356 jam
575 320 672 346 exstat
685 315 796 353 anima,
821 316 872 347 sed
888 321 917 347 et
941 317 1006 358 ipsa

184 362 264 394 unde
280 363 384 394 educta
398 365 452 399 est,
469 370 505 391 eo
516 360 684 397 revertitur,

224 409 254 439 7.
278 407 415 438 Veritatis
429 405 564 445 cognitio
579 414 597 435 a
607 404 761 445 prophetis
775 406 849 436 solis
857 407 1002 445 petenda.

185 470 224 476 —
235 452 367 489 Quonam
380 461 450 491 ergo
462 451 525 491 jam
540 450 615 490 quis,
634 450 766 490 inquam,
797 454 895 482 utatur
910 452 1005 491 magi-

185 501 256 535 stro,
274 501 323 528 aut
334 495 414 527 unde
428 495 593 535 adjuvetur,
607 495 630 525 si
647 504 684 525 ne
695 495 745 526 isti
764 494 885 535 quidem
899 504 1004 527 verum

184 542 349 573 viderunt?

223 585 369 617 Exstitere
383 585 471 624 longe
479 583 516 615 ab
532 584 588 615 hoc
600 588 734 624 tempore
743 583 798 615 viri
811 584 929 625 quidam
941 585 1005 626 istis

184 630 334 667 omnibus,
344 629 395 670 qui
404 628 571 670 philosophi
586 628 1003 670 existimanlur,antiquiores,

184 675 263 706 beati
278 679 307 706 et
324 674 399 715 justi
414 678 445 704 et
458 673 519 704 Deo
535 672 629 711 chari,
645 672 696 713 qui
711 672 827 712 Spiritu
841 678 943 705 sancto
957 674 1004 705 af-

184 721 274 752 ﬂante
289 719 381 751 locuti
395 722 476 760 sunt,
501 721 532 749 et
544 717 644 749 futura
663 717 813 749 vaticinati
843 722 923 756 sunt,
939 728 1006 760 quae

1046 187 1159 221 πνεῦμα,
1197 184 1240 212 καὶ
1269 186 1315 214 οὐκ
1340 183 1410 212 ἔστιν
1438 184 1456 218 ἡ
1472 183 1549 223 ψυχή
1571 182 1622 219 ἔτι,
1638 181 1706 212 ἀλλὰ
1720 182 1764 210 καὶ
1787 181 1868 221 αὑτὴ,

1046 227 1108 256 ὃθεν
1122 227 1236 268 ἐλήφθη,
1259 228 1348 258 ἐκεῖσε
1364 235 1451 269 χωρεῖ
1467 228 1559 259 πάλιν,

1086 407 1116 437 ’7.
1133 407 1187 435 Τίνι
1223 407 1279 447 οὖν,
1309 407 1389 447 φημὶ,
1413 407 1453 436 ἔτι
1475 418 1515 439 τις
1532 407 1664 448 χρήσαιτο
1684 404 1834 442 διδασκάλῳ
1849 405 1868 438 ἦ

1045 451 1124 479 πόθεν
1159 451 1308 491 ὠφεληθείη
1343 463 1395 488 τις,
1433 453 1455 481 εί
1469 451 1538 490 μηδὲ
1553 452 1580 480 ἐν
1595 452 1697 483 τούτοις
1713 451 1743 479 τὸ
1768 450 1866 484 ἀληθές

1046 495 1116 524 ἐστιν
1134 505 1142 536 ;

1087 585 1225 625 Ἐγένοντο
1252 596 1322 618 τινες
1352 587 1405 626 πρὸ
1419 586 1520 616 πολλοῦ
1533 588 1632 627 χρόνου
1645 586 1752 614 πάντων
1767 585 1868 613 τούτων

1045 634 1097 659 τῶν
1126 631 1305 668 νομιζομένωιι
1339 630 1490 672 φιλοσόφων
1519 631 1687 670 παλοιότεροι
1727 630 1866 669 μακάριοι,

1046 676 1089 704 καὶ
1124 674 1233 715 δίκαιοι,
1259 677 1303 705 καὶ
1330 675 1478 717 γεοφιλετς,
1507 677 1568 713 θείῳ
1582 676 1711 714 πνεύματι
1727 674 1868 709 λαλὴσαν-

1045 730 1101 760 τες,
1131 720 1176 748 καὶ
1204 720 1236 749 τὰ
1251 720 1382 759 μέλλοντα
1396 722 1579 762 θεσπίσαντες,
1596 721 1614 750 ἅ
1638 719 1671 755 δὴ
1693 723 1738 748 νῦν
1753 720 1867 759 γίνττιι’

184 765 304 806 quidem
319 773 399 795 nunc
412 763 497 795 ﬁunt:
515 762 669 803 propheta;
682 767 836 795 vocantur.
849 762 886 795 Hi
900 772 1003 795 verum
1016 782 1018 803 λ

1052 766 1183 805 προφήτας
1212 764 1239 793 δί
1267 765 1358 798 αὺτούς
1381 765 1517 798 καλοῦσιν,
1534 766 1609 796 οὗτοι
1626 765 1702 804 μόνοι
1717 765 1748 793 τὸ
1769 763 1868 798 ἆλήθὶς

183 809 240 841 soli
251 813 281 840 et
289 808 470 846 viderunt,et
483 806 656 838 hominibus
663 807 1004 849 nuntiarunt,neminem

184 852 520 891 metuentes,neminem
532 851 722 890 reveriti,nec
731 851 834 892 gloriae
843 852 1006 894 cupiditate

183 898 317 936 victi,sed
332 907 367 929 ea
382 901 494 928 tantum
510 896 715 938 praedicantes,
728 905 794 937 quae
803 896 959 929 audierant
975 901 1006 929 et

183 943 315 974 viderant
332 942 445 984 Spiritu
459 947 561 972 sancto
576 940 817 982 repleti.ExstanI
837 942 933 974 adhuc
949 952 1003 974 eo-

183 997 249 1019 rum
264 988 389 1028 scripta,
400 995 466 1028 quae
480 986 505 1017 si
516 985 583 1026 quis
609 985 698 1026 legat,
716 986 874 1026 plurimum
892 987 960 1019 inde
976 992 1006 1019 et

183 1033 220 1064 ad
238 1032 452 1073 principiorum
468 1034 498 1061 et
508 1030 544 1061 ad
560 1030 630 1061 linis
640 1035 670 1061 et
684 1029 721 1061 ad
737 1040 840 1061 eorum
855 1040 920 1071 quae
936 1032 1003 1072 phi-

184 1077 328 1118 losophus
340 1077 417 1108 scire
430 1075 734 1114 debet,cognitionem
750 1075 874 1116 adipisci
885 1077 1003 1116 poterit,

184 1121 273 1153 fidem
293 1122 352 1152 illis
365 1121 488 1152 habens.
505 1120 607 1160 Neque
623 1120 701 1150 enim
730 1124 800 1151 tunc
816 1120 1003 1153 demonstra-

183 1167 314 1198 tionibus
326 1166 356 1197 in
363 1164 538 1196 disserendo
549 1164 830 1205 utebantur;quippe
837 1175 903 1196 cum
915 1175 1004 1207 supra

182 1211 467 1242 demonstrationem
483 1218 601 1240 omnem
618 1209 781 1248 gravissimi
794 1213 883 1241 testes
894 1211 1004 1242 fuerint

158 1293 159 1299 γ
184 1258 323 1298 veritatis;
338 1257 392 1288 sed
405 1265 472 1297 quae
487 1261 649 1286 evenerunt
665 1259 694 1286 et
707 1255 858 1294 eveniunt,
869 1258 1009 1292 assentiri

181 1305 292 1342 cogunt
304 1310 407 1333 eorum
421 1299 582 1331 vaticiniis.
598 1299 772 1340 Quanquam
789 1301 878 1332 etiam
895 1301 933 1332 ob
949 1303 1007 1332 mi-

181 1347 282 1378 racula
298 1356 363 1387 quae
373 1346 544 1382 ediderunt,
561 1344 644 1383 digni
654 1344 862 1385 fuere,quibus
872 1346 1006 1377 credere-

183 1392 392 1432 tur;siquidem
409 1394 573 1421 creatorem
585 1390 788 1420 universorum
805 1389 897 1421 Deum
911 1395 940 1421 et
951 1393 1007 1422 Pa-

182 1441 257 1468 trem
274 1435 479 1472 celebrabant,
493 1438 522 1465 et
535 1434 658 1464 missum
674 1434 713 1465 ab
728 1444 763 1465 eo
779 1435 942 1474 Christum,
955 1437 1006 1476 qui

181 1481 273 1513 Filius
288 1482 353 1522 ejus
370 1485 430 1530 est,‘
458 1478 630 1530 hominibps
645 1479 833 1530 nuntiabant;
849 1480 927 1530 quod
943 1481 1033 1530 qui-c

181 1527 249 1557 dem
264 1527 330 1557 falsi
348 1523 652 1566 prophetze,mendaci
664 1527 692 1554 et
707 1524 825 1563 impuro
840 1524 946 1564 spiritu
959 1535 1004 1556 re-

182 1571 324 1612 pleti,nec
339 1570 509 1606 fecere,nec
521 1568 643 1604 faciunt,
659 1567 711 1598 sed
723 1568 858 1608 quaedam
871 1570 1005 1609 prodigia

182 1615 272 1646 edere
285 1615 395 1646 audent
405 1614 441 1645 ad
455 1611 662 1653 percellendos
674 1612 822 1650 homines,
834 1623 869 1644 ac
883 1614 1005 1654 spiritus

183 1659 294 1690 erroris
303 1664 332 1690 et
341 1658 489 1690 daemonia
499 1657 662 1688 celebrant.
681 1656 725 1688 Tu
740 1666 809 1688 vero
826 1662 894 1689 ante
906 1659 1007 1690 omnia

183 1711 307 1745 precare
323 1703 398 1734 lucis
415 1707 513 1743 portas
530 1701 583 1732 tibi
594 1701 723 1741 aperiri;
740 1711 835 1742 neque
847 1703 927 1734 enim
942 1704 1005 1735 haec

182 1748 338 1789 quisquam
356 1747 528 1788 perspicere
543 1750 572 1776 et
587 1745 754 1785 intelligere
771 1747 876 1789 possit,
889 1748 946 1780 nisi
957 1750 1006 1781 cui

182 1794 262 1825 Deus
276 1793 444 1832 intelligere
459 1791 576 1822 dederit
591 1795 620 1821 et
631 1790 765 1822 Christus
779 1792 856 1832 ejus.

223 1838 252 1869 8.
269 1838 406 1868 Justinus
420 1845 459 1867 ex
471 1836 526 1867 hoc
534 1834 684 1875 colloquio
693 1835 735 1866 ad
744 1844 879 1868 amorem
890 1837 1006 1869 Christi

182 1883 371 1914 accenditur.
382 1899 417 1903 —
431 1880 500 1912 Haec
513 1880 562 1911 ille
573 1879 705 1910 etmulta
717 1880 774 1910 alia
789 1889 855 1911 cum
871 1881 1004 1924 dixisset,

183 1936 250 1968 qua:
263 1927 377 1958 referre
390 1935 450 1956 non
466 1929 511 1956 est
528 1925 616 1964 hujus
624 1924 886 1964 temporis,abiens
896 1935 1007 1967 prace-

183 1973 225 2013 pit
235 1977 266 2002 ut
277 1981 311 2003 ea
327 1970 495 2001 meditando
518 1977 718 2009 persequerer
733 1978 741 2007 ;
754 1979 852 2010 neque
862 1980 929 2002 eum
938 1981 1004 2002 am—

184 2016 262 2058 plius
277 2015 422 2046 vidiMihi
431 2023 501 2045 vero
513 2014 608 2044 statim
624 2014 655 2043 in
669 2014 769 2045 animo
778 2014 853 2054 ignis
860 2025 1006 2048 accensus

184 2069 352 2101 est,meque
368 2068 452 2090 amor
461 2059 567 2089 invasit
578 2060 789 2099 prophetarum
806 2060 1004 2100 etjhominum

185 2104 371 2145 illorum,qui
387 2104 497 2135 Christi
510 2108 579 2134 sunt
592 2103 828 2144 amici.Cumque
843 2104 923 2136 illius
937 2114 1003 2136 ser-

185 2159 290 2181 mones
304 2149 382 2190 apud
397 2148 529 2178 animum
543 2157 752 2188 proponerem,
765 2148 841 2179 hanc
849 2149 940 2180 solam
953 2159 1004 2181 re-

1044 810 1089 838 καὶ
1130 809 1203 838 εϊδον
1224 810 1268 838 καὶ
1289 809 1394 843 ἐξεῖπον
1415 810 1572 851 ἀνθρώποις,
1590 810 1655 848 μήτ’
1677 808 1868 843 εὐλαϐηθέντες

1045 855 1114 892 μήτε
1139 853 1336 888 δυσωπηθέντες
1363 856 1433 891 τινὰ,
1466 855 1505 894 μὴ
1519 855 1667 893 ἡττημένοι
1683 853 1772 892 δειξης,
1798 853 1869 882 ἀλλὰ

1046 898 1113 937 μόνα
1141 902 1223 928 ταῦτα
1250 899 1368 932 εἰπόντες
1395 899 1414 928 ἅ
1440 899 1553 934 ἤκουσαν
1577 900 1621 928 καὶ
1649 898 1665 928 ἄ
1687 898 1772 935 εἶδον,
1798 898 1868 938 ἁγίῳ

1045 942 1227 981 πληρωθέντες
1262 943 1406 981 Πνεύματι.
1437 944 1637 984 Συγγράμματκ
1665 942 1692 971 δὲ
1717 944 1803 972 αὐτῶν
1827 942 1867 971 ἔτι

1045 988 1090 1016 καὶ
1103 991 1147 1017 νῦν
1162 987 1292 1029 διαμένει,
1307 989 1351 1017 καὶ
1367 988 1437 1017 ἔττιν
1451 989 1598 1030 ιντυχόντα
1613 989 1715 1020 τούτοις
1737 987 1866 1017 πλεῖστον

1046 1032 1215 1072 ὠφελῆΘῆναι
1241 1033 1285 1062 καὶ
1313 1034 1371 1072 περὶ
1384 1034 1492 1074 ἀρχῶν,
1508 1035 1553 1062 καὶ
1567 1034 1626 1073 περὶ
1640 1033 1742 1070 τέλους,
1771 1033 1816 1061 καὶ
1830 1033 1869 1062 ὧν

1046 1077 1103 1117 χρὴ
1131 1075 1224 1106 εἰδέναι
1250 1078 1296 1106 τὸν
1332 1077 1486 1119 φιλόσοφον,
1503 1079 1680 1107 πιστεύσαντα
1695 1078 1817 1109 ἐκείνοις,
1831 1079 1869 1107 οὒ

1046 1123 1095 1162 γὰρ
1111 1123 1179 1160 μετὰ
1200 1121 1356 1156 ἅποδείξεως
1371 1124 1529 1158 πεποίηνται
1537 1124 1596 1152 τότε
1614 1122 1677 1163 (97)
1687 1123 1747 1155 τοὺς
1757 1121 1867 1161 λόγους,

1046 1167 1091 1195 ἅτε
1114 1167 1238 1207 ἀνωτέρω
1260 1168 1348 1202 πάσης
1369 1167 1525 1201 ἀποδείξεως
1543 1169 1617 1199 ὃντες
1634 1167 1779 1200 ἀξιόπιστοι
1795 1167 1870 1206 μάρ-

1045 1223 1119 1251 τυρες
1148 1213 1196 1246 τῆς
1223 1211 1357 1246 ἀληθείας’
1374 1214 1406 1241 τὰ
1421 1212 1448 1241 δὲ
1469 1212 1606 1242 ἀποϐάντα
1620 1214 1664 1241 καὶ
1689 1211 1869 1241 ἀποϐαίνοντα

1049 1257 1218 1297 ἐξαναγκάζει
1241 1259 1400 1286 συντίθεσθαι
1415 1264 1474 1290 τοῖς
1497 1257 1690 1295 λελαλημένοις
1714 1255 1746 1285 δι’
1768 1257 1869 1288 αὐτῶν,

1051 1303 1141 1331 Καίτοι
1169 1313 1199 1341 γε
1227 1303 1270 1330 καὶ
1296 1301 1337 1332 διὰ
1365 1303 1413 1335 τὰς
1441 1301 1578 1341 δυνάμενις
1594 1301 1625 1335 ἅς
1647 1302 1798 1336 ἐπετέλουν,
1815 1313 1869 1330 πι-

1047 1347 1182 1375 στεύεσθαι
1212 1346 1307 1375 δίκαιοι
1343 1349 1422 1382 ἦσαν’
1447 1347 1538 1382 ἐπειδὴ
1553 1348 1597 1376 καὶ
1611 1348 1657 1376 τὸν
1682 1347 1800 1381 ποιητὴν
1813 1350 1869 1375 τῶν

1048 1390 1116 1420 ὂλων
1146 1392 1211 1419 Θεὸν
1237 1392 1280 1420 καὶ
1308 1392 1410 1431 Πατέρα
1425 1391 1556 1432 ἐδόξαζον,
1572 1392 1616 1420 καὶ
1637 1393 1681 1420 τὸν
1698 1390 1760 1431 παρ’
1788 1393 1870 1421 αὒτοῦ

1048 1437 1159 1475 Χριστὸν
1188 1437 1248 1464 Υἱον
1273 1436 1351 1464 αἶντοῦ
1378 1436 1573 1476 κατήγγελλον
1603 1435 1668 1477 ὅπερ
1696 1437 1721 1465 οἱ
1748 1436 1802 1464 ἀπὸ
1822 1439 1869 1464 τοῦ

1046 1479 1146 1508 πλάνου
1160 1480 1204 1508 καὶ
1232 1480 1377 1520 ἀκαθάρτου
1412 1482 1562 1519 πνεύματος
1577 1480 1772 1519 ἐμπιπλάμενοι
1799 1483 1870 1518 ψευ-

1045 1523 1210 1564 δοπροφῆται
1240 1524 1299 1553 οὕτε
1330 1525 1456 1559 ἐποίησαν
1471 1526 1530 1554 οὔτε
1544 1529 1676 1563 ποιοῦσιν,
1696 1524 1764 1554 ἄλλα
1786 1524 1868 1553 δυνά-

1046 1580 1105 1607 μεις
1132 1569 1203 1602 τινὰς
1232 1569 1349 1609 ἐνεργεῖν
1383 1571 1420 1603 εἰς
1449 1570 1614 1605 κατάπληξιν
1636 1571 1687 1600 τῶν
1723 1570 1868 1609 ἀνθρώπων

1046 1613 1176 1651 ἰολμῶσι¹
1205 1615 1248 1643 καὶ
1275 1615 1308 1643 τὰ
1335 1617 1384 1649 τῆς
1399 1614 1504 1649 πλάνης
1533 1615 1671 1653 πνεύματα
1686 1616 1730 1644 καὶ
1744 1614 1868 1653 δαιμόνια

1047 1657 1241 1698 δοξολογοῦσιν.
1271 1659 1359 1700 Εὒχου
1385 1658 1413 1688 δέ
1439 1670 1482 1688 σοι
1497 1661 1547 1699 πρὸ
1561 1660 1669 1689 πάντων
1684 1661 1771 1701 φωτὸς
1797 1660 1869 1689 ἀνοι-

1046 1704 1145 1743 χθῆναι
1172 1703 1268 1737 πύλας·
1297 1704 1328 1733 οὖ
1350 1704 1400 1744 γὰρ
1430 1705 1545 1734 συνοπτὰ
1559 1704 1618 1734 οὑδὲ
1643 1705 1773 1738 συννοητὰ
1788 1705 1867 1734 πᾶσίν

1047 1747 1129 1788 ἐστιν,
1166 1748 1188 1776 εἰ
1214 1749 1254 1787 μὴ
1269 1760 1307 1786 τῳ
1323 1750 1388 1781 Θεὸς
1403 1748 1441 1786 δῷ
1454 1749 1572 1778 συνῖέναι
1593 1750 1637 1778 καὶ
1653 1750 1667 1778 ὁ
1683 1750 1796 1789 Χριστὸς
1811 1749 1863 1778 αὒ-

1046 1803 1105 1833 του,

1089 1838 1119 1870 8.
1149 1841 1235 1867 rem
1259 1838 1304 1866 καὶ
1319 1837 1357 1866 ἔτι
1371 1837 1440 1867 ἄλλα
1454 1837 1542 1867 πολλᾶ
1557 1839 1638 1868 εἰπὼν
1651 1838 1767 1876 ὶκιτνος,
1783 1838 1800 1867 ἄ
1823 1842 1867 1867 νῦν

1046 1883 1137 1922 καιρὸς
1166 1883 1213 1911 οὒκ
1242 1881 1297 1911 ’ἐστι
1326 1881 1424 1924 λέγειν,
1454 1881 1556 1924 ᾤχετο,
1595 1882 1720 1917 κελεύσας
1764 1882 1869 1912 διώκειν

1047 1927 1125 1956 ιιίιτόιι
1153 1927 1196 1955 καὶ
1225 1929 1273 1956 οὒκ
1305 1926 1343 1955 ἔτι
1368 1928 1447 1956 αὐτὸν
1461 1928 1543 1958 εἶδον.
1561 1926 1643 1966 Ἐμοῦ
1663 1927 1722 1965 (98)
1736 1926 1765 1956 δὲ
1779 1939 1867 1968 παρα-

1047 1972 1142 2012 χρῆμα
1163 1971 1214 2010 πῦρ
1224 1972 1253 2000 ὲν
1267 1972 1301 2010 τῇ
1406 1971 1521 2012 ἀνήφθη,
1538 1972 1581 2000 καὶ
1603 1971 1668 2012 ἔρως
1693 1972 1751 2013 ἕχει
1767 1983 1802 2010 με
1815 1974 1868 2001 τῶν

1046 2018 1202 2056 προφητῶν,
1234 2016 1278 2044 καὶ
1305 2018 1357 2044 τῶν
1386 2015 1486 2055 ἀνδρῶν
1513 2016 1619 2045 ἐκείνων
1642 2015 1671 2044 οἵ
1686 2017 1735 2045 εἰσι
1756 2016 1869 2056 Χριστοῦ

1047 2060 1128 2101 φίλοι·
1157 2059 1370 2099 διαλογιζόμενός
1404 2071 1432 2088 τε
1467 2061 1532 2100 πρὸς
1557 2061 1671 2099 ἐμαυτὸν
1686 2061 1746 2094 τοὺς
1771 2061 1867 2100 λόγους

1047 2105 1137 2143 αὐτοῦ,
1173 2109 1271 2139 ταύτην
1300 2105 1385 2143 μόνην
1407 2105 1525 2143 εὕρισκον
1541 2105 1696 2146 φιλοσοφίαν
1720 2105 1867 2147 άσφαλῆτε

1046 2151 1089 2179 καὶ
1124 2150 1270 2190 σύμφορον.
1292 2149 1383 2182 Οὕτως
1419 2149 1451 2180 δὴ
1495 2151 1540 2179 καὶ
1557 2149 1600 2179 διὰ
1620 2154 1702 2179 ταῦτα
1724 2150 1867 2191 φιλόσοφος

186 2188 339 2236 periebam
356 2193 585 2233 philoSOphiam,
599 2202 664 2233 quae
676 2192 795 2233 quidem
813 2197 874 2224 tuta
889 2189 1018 2226 etutilis1

1052 2195 1112 2235 ἱγώ,
1144 2188 1292 2234 Βούλοίμην
1314 2194 1375 2235 (99)
1390 2194 1414 2223 δ’
1428 2195 1460 2225 ἄν
1473 2196 1518 2224 καὶ
1537 2195 1649 2233 πάντας,
1673 2188 1736 2225 ἴσον
1747 2196 1805 2234 ἐμοὶ

185 2240 275 2270 foret.
290 2239 335 2270 Ad
350 2239 431 2269 hunc
451 2247 503 2277 ego
520 2238 639 2268 modum
656 2242 743 2278 atque
771 2238 826 2268 hac
851 2238 888 2269 de
917 2249 1006 2270 causa

186 2282 512 2325 philosophus.Vellem
529 2283 667 2322 equidem
684 2287 717 2313 ut
741 2291 845 2313 omnes
860 2283 1004 2315 rationem

187 2338 261 2359 mem
274 2328 400 2358 similem
418 2326 567 2367 ineuntes,
583 2336 600 2357 a
615 2326 772 2358 Salvatoris
798 2327 930 2360 doctrina
947 2338 1006 2360 non

187 2373 370 2404 aberrarent.
389 2371 568 2403 Habetenim
585 2372 614 2402 in
625 2381 657 2402 se
672 2371 834 2403 terribilem
849 2373 1005 2412 quamdam

188 2417 383 2457 majestalem,
397 2420 426 2447 et
435 2419 471 2446 ad
483 2425 535 2447 eos
551 2416 767 2456 permovendos
778 2416 886 2448 idonea
898 2418 1007 2458 est,qui

188 2461 226 2494 de
240 2465 322 2492 recta
335 2461 381 2492 via
395 2461 590 2499 deﬂexerunt;
606 2461 652 2491 his
666 2464 776 2501 autem,
793 2461 843 2501 qui
854 2471 917 2492 eam
939 2472 1006 2494 me-

231 2527 291 2567 (9‘7;
314 2527 389 2557 τότε.
406 2525 577 2566 Legendum
593 2526 657 2554 ποτέ
679 2525 857 2566 conjiciebat
886 2528 1009 2561 Pearso—

189 2577 295 2647 ιωῗρξς)
310 2607 401 2645 Ἐμοῦ.
418 2605 505 2647 Libet
520 2606 636 2637 erudito
651 2605 834 2647 Londinensi
845 2608 952 2640 editori
969 2610 1010 2642 le-

189 2645 259 2687 gere
274 2645 343 2686 ἐμοί.
361 2648 425 2678 Mox
441 2645 523 2676 idem
539 2647 604 2686 εἶχε
619 2645 758 2687 preﬁxe-

310 2687 497 2726 Βουλοίμην...
510 2685 608 2727 λόγων.
620 2685 788 2718 ColbfAct.
813 2693 911 2728 apost.
927 2698 1010 2731 XXVI,

1047 2241 1096 2278 μὸν
1131 2239 1338 2280 ποιησαμένους,
1369 2240 1408 2278 μὴ
1436 2240 1589 2279 ἂφίστισθοι
1603 2244 1657 2269 τῶν
1670 2244 1717 2269 τοῦ
1741 2243 1868 2280 Σωτῆρος

1047 2284 1078 2313 λό
1087 2296 1145 2324 ἰων,
1165 2285 1229 2317 Δέος
1244 2285 1294 2324 γὰρ
1304 2296 1328 2312 τι
1344 2284 1452 2325 ἔχουσιν
1466 2284 1494 2313 ἐν
1515 2285 1633 2322 ἑαυτοῖς,
1649 2286 1692 2314 καὶ
1707 2286 1790 2315 ἱκανοὶ
1804 2284 1870 2314 δυσ-

1048 2332 1155 2363 ωπῆσαι
1183 2330 1242 2361 τοὺς
1273 2329 1478 2368 ἐκτρεπομένους
1505 2332 1553 2364 της
1592 2329 1670 2369 ὀρθῆς
1699 2329 1770 2370 ὁδοῦ,
1800 2331 1851 2361 ἆνέ

1048 2374 1143 2406 παυσίς
1178 2385 1206 2402 τε
1223 2374 1317 2408 ἡδίστη
1343 2374 1443 2413 γίνεται
1471 2381 1530 2407 τοῖς
1558 2374 1735 2412 ἐκμελετῶσιν
1763 2375 1868 2408 αὐτούς.

1049 2421 1078 2449 Εἰ
1107 2419 1150 2448 οὖν
1179 2430 1203 2447 τι
1233 2419 1275 2447 καὶ
1305 2420 1344 2447 σοὶ
1370 2420 1429 2457 περὶ
1450 2420 1560 2447 σεαυτοῦ
1582 2419 1669 2459 μέλει,
1685 2420 1729 2448 καὶ
1744 2420 1870 2459 ἀντιποιῇ

1049 2465 1195 2503 σωτηρίας,
1222 2464 1266 2491 καὶ
1302 2462 1345 2491 ἐπὶ
1365 2466 1403 2500 τῷ
1416 2466 1473 2500 Θεῷ
1487 2463 1625 2503 πέποιθας,
1642 2462 1708 2503 ἅπερ
1722 2466 1769 2494 οὐκ
1784 2463 1870 2492 ἀλλο-

1051 2529 1220 2574 29._l_’raeter
1228 2528 1450 2574 aliosjatianlis
1460 2538 1579 2574 quoque
1587 2528 1685 2574 ιρι-αι.
1695 2529 1871 2574 adamas.

1051 2581 1078 2602 ο.
1092 2570 1141 2609 29,
1155 2569 1223 2600 coll.
1240 2578 1267 2600 c.
1285 2569 1335 2609 3h,
1353 2568 1676 2609 etrTheophilusAnt.
1690 2570 1744 2605 (ad
1770 2571 1870 2602 Autol.

1051 2619 1071 2651 ι,
1090 2607 1198 2651 es“),
1216 2618 1283 2639 cum
1299 2607 1872 2651 YeterisTestamentitumscriptorum

1051 2648 1293 2691 propheticorum
1309 2648 1436 2680 lectione
1451 2649 1488 2680 ad
1502 2658 1566 2680 rem
1582 2648 1778 2681 Christianam
1802 2659 1874 2690 per-

1053 2698 1174 2722 venere.
