1981 3072
185 141 246 174 499

186 209 319 249 illudque
330 209 360 239 in
372 209 470 238 lucem
485 207 776 247 gentium;,videmus
785 212 883 238 autem
896 215 930 237 ac
942 215 1006 246 per-
1016 209 1037 234 A

185 263 304 284 suasum
320 252 464 284 habemus
485 261 538 292 per
557 261 664 282 nomen
682 252 774 292 ipsius
790 251 921 282 cruciﬁxi
935 249 1007 282 Jesu

183 297 323 335 Christi,a
337 297 505 328 simulacris
519 301 549 328 et
564 297 600 327 ab
611 297 668 327 alia
680 297 812 336 nequitia
823 296 958 326 homines
969 295 1005 325 ad

185 342 276 374 Deum
293 342 447 378 accedere,
463 350 497 372 ac
515 351 552 372 no
569 346 664 372 morte
682 341 801 381 quidem
828 340 976 380 proposita
990 349 1007 370 a

184 387 371 418 confessione
386 391 415 417 et
430 386 537 426 pietate
550 386 720 423 discedere;
731 395 796 416 cum
807 395 841 415 ex
854 384 1005 425 operibus,

185 435 246 462 tum
261 440 295 462 ex
306 431 558 471 consequentibus
574 430 727 461 miraculis
739 429 1007 460 licetomnibusin—

185 476 319 516 telligere
335 476 414 506 hunc
429 484 495 506 esse
510 485 612 506 novam
631 477 768 514 |egem,et
781 483 885 504 novum
900 476 1006 505 Testa-

186 526 320 552 mentum
336 525 365 551 ct
379 520 628 560 exspectationem
642 529 744 550 eorum
760 520 852 560 quiex
869 518 1006 549 omnibus

184 565 323 603 gentibus
337 574 353 595 a
365 564 424 595 Deo
434 565 510 595 bona
523 565 742 605 exspectabant.
756 565 864 594 Vt-rum
876 563 954 594 enim
967 565 1004 595 ls-

182 609 360 643 raeliticum.
376 609 521 649 spiritale,
538 614 566 640 et
581 609 662 640 Judae
687 618 791 649 genus,
817 613 846 639 et
871 608 961 638 Jacob
978 611 1007 639 et

183 654 264 686 Isaac
290 658 319 685 et
333 654 494 688 Abraham.
512 655 597 693 cujus
612 654 642 684 in
657 654 799 694 przeputio
816 654 902 684 tidem
921 652 1005 683 testi-

183 699 284 730 monio
295 708 348 730 suo
363 698 567 738 comprobavit
581 699 672 735 Deus,
690 700 776 738 eique
792 698 954 731 benedixit.
972 706 1006 728 ac

183 747 296 784 patrem
314 742 471 774 multarum
488 743 620 782 gentium
637 743 760 780 vocavit,
784 752 849 777 nos.
870 742 1002 782 inquam,

182 789 238 819 hoc
254 797 348 828 genus
363 788 528 828 sumus,qui
553 788 590 818 ad
612 787 705 819 Deum
724 797 776 827 per
792 788 869 817 hunc
885 786 1004 817 cruciﬁ-

182 842 251 864 xum
262 833 411 864 Christum
427 832 562 872 perducti
578 841 691 864 sumus.
713 832 963 872 quemadmodum
977 834 1005 862 et

183 877 317 909 oratione
333 877 420 908 nobis
435 877 616 917 procedente
630 876 894 908 demonstrabitur.

222 922 272 954 12.
279 921 379 953 Judaei
384 926 531 953 aeternam
542 921 635 961 legem
643 921 768 957 violant,
775 922 938 952 Mowicam
944 929 994 951 ma

182 967 211 999 le
222 966 657 1007 interpretantur.—Dicebam
674 966 763 998 etiam
775 970 803 996 et
819 965 1005 1005 proferebam

182 1012 261 1052 quod
278 1011 335 1042 alio
351 1011 416 1042 loco
432 1011 542 1042 clamat
553 1010 644 1042 Isaias
659 1019 665 1042 :
681 1022 695 1040 α
707 1011 817 1041 Audite
839 1010 926 1040 verba
942 1018 1008 1040 mea

183 1061 213 1088 et
223 1056 300 1087 vivet
313 1055 412 1086 anima
423 1059 532 1091 vestra.
551 1060 579 1086 et
596 1055 725 1086 testabor
745 1055 828 1086 vobis
843 1059 1005 1085 testamen-

183 1105 244 1131 tum
257 1101 589 1140 sempiternum,sancta
602 1100 720 1130 Davidis
736 1100 854 1130 ﬁdelia:
875 1101 948 1130 Ecce
960 1103 1006 1129 te-

182 1150 256 1176 stem
268 1145 384 1185 populis
396 1145 464 1175 dedi
477 1154 556 1175 eum.
576 1146 686 1176 Gentes
701 1154 764 1185 qum
789 1154 846 1174 non
864 1147 1008 1174 noverunt

184 1196 222 1227 te,
244 1189 421 1220 invocabunt
435 1194 482 1220 te:
502 1189 599 1230 populi
625 1189 675 1229 qui
693 1189 829 1220 nesciant
845 1193 884 1225 te,
901 1188 1007 1219 confu-

183 1234 262 1274 gient
277 1234 312 1264 ad
331 1239 368 1269 te,
384 1236 507 1274 propter
521 1233 615 1264 Denm
632 1239 712 1264 tuum
729 1238 861 1264 sanctum
881 1232 1005 1270 Israelis,

182 1279 321 1319 quoniam
338 1279 511 1316 gloriﬁcavit
522 1284 551 1309 te
564 1278 707 1311 5".nHanc
724 1279 816 1317 ipsam
829 1278 923 1317 legem
940 1286 1010 1308 con—

136 1330 140 1332 ‘
185 1324 306 1354 lumelia
316 1324 468 1362 at'fecistis,
485 1333 518 1354 ac
529 1325 643 1356 Novum
660 1324 739 1354 illius
752 1328 886 1353 sanctum
903 1322 1007 1353 Testa-

184 1373 315 1399 mentum
330 1369 578 1404 ﬂoccifecistis,ac
589 1379 625 1400 ne
638 1379 715 1399 nunc
728 1368 848 1407 quidem
861 1367 1004 1406 recipitis,

183 1423 238 1444 nec
256 1423 344 1453 prave
357 1414 501 1444 factorum
524 1414 727 1453 penitentiam
744 1413 828 1452 agitis
845 1423 851 1443 :
874 1426 884 1437 ε·
903 1411 1008 1443 Adhuc

182 1458 261 1489 enim
285 1467 374 1488 aures
399 1462 505 1488 vestrae
520 1458 664 1488 obturataa
687 1462 766 1493 sunt,
784 1462 813 1487 et
828 1457 904 1487 oculi
921 1455 1008 1486 vestri

183 1503 334 1538 obcaecati,
351 1507 381 1534 et
402 1503 596 1534 incrassatum
613 1507 659 1533 est
680 1512 732 1532 cor
754 1506 897 1532 vestrum.
918 1513 928 1528 υ
947 1500 1006 1530 Ex—

182 1547 290 1578 clamat
304 1547 460 1584 Jeremias,
478 1556 513 1576 ac
526 1557 562 1577 ne
579 1547 621 1577 sic
637 1547 757 1586 quidem
773 1546 882 1576 auditis
898 1555 904 1576 :
922 1545 1007 1576 adest

183 1591 405 1630 legislator,nec
417 1591 522 1622 videtis
534 1600 540 1622 :
553 1583 697 1631 pauperes
708 1590 895 1629 Evangelium
910 1589 1006 1620 su‘sci-
1016 1583 1037 1609 ο

183 1636 355 1676 piunt.creci
372 1636 486 1673 vident;
499 1645 553 1666 nec
564 1635 915 1674 intelligitisAlterajam
933 1644 1007 1674 opus

183 1684 228 1710 est
242 1680 483 1716 circumcisione;
496 1689 546 1710 vos
561 1685 659 1710 autem
689 1681 716 1710 in
739 1689 830 1710 carne
846 1679 1006 1719 plurimum

182 1725 507 1765 gloriamini.Praecipit
518 1734 592 1755 nova
604 1724 696 1762 lex,ut
713 1729 887 1764 perpetuum
904 1723 1007 1754 sabba-

183 1775 244 1800 tum
261 1769 420 1800 celebretis
437 1779 446 1800 :
462 1779 514 1800 vos
527 1773 624 1800 autem
641 1770 719 1808 quod
747 1769 858 1799 inertes
872 1768 942 1798 estis
955 1777 1009 1808 per

183 1824 275 1844 unum
292 1815 381 1851 diem,
400 1814 440 1854 pii
455 1814 541 1844 vobis
557 1823 623 1844 esse
641 1813 793 1850 videmini,
813 1822 870 1843 nun
895 1812 1006 1843 intelli-

184 1863 287 1898 gentes
302 1867 356 1889 cur
370 1858 398 1888 id
413 1859 496 1889 vobis
508 1859 711 1899 praescriptum
729 1859 785 1889 sit:
797 1864 826 1888 et
842 1857 1008 1898 panemab-

183 1912 257 1943 sque
272 1903 419 1933 fermento
435 1903 459 1933 si
477 1903 584 1940 edatis,
602 1913 618 1934 a
631 1904 714 1934 vobis
730 1903 857 1933 divinam
871 1903 1006 1932 volunta—

184 1952 242 1978 tem
259 1948 412 1988 impletam
429 1947 528 1978 dicitis
542 1947 606 1978 Non
620 1949 681 1979 haec
691 1949 817 1979 Domino
829 1947 889 1977 Deo
907 1950 1008 1978 nostro

185 1991 347 2031 placent.Si
362 1992 430 2032 quis
444 1994 455 2021 1
467 1994 510 2022 l5
531 1993 560 2022 in
581 1992 664 2023 vobis
677 1997 722 2023 est
734 1993 871 2032 perjurus
884 1996 933 2023 aut
948 1990 1006 2027 fur,

184 2036 309 2073 desinat;
323 2037 346 2066 si
363 2037 432 2075 quis
446 2037 590 2072 mwchus.
606 2037 808 2077 pcenitentiam
822 2040 930 2075 agat;et
941 2044 1006 2066 sua-

183 2079 304 2111 vissima
318 2090 351 2112 ac
364 2090 431 2112 vera
446 2081 498 2112 Dei
514 2081 638 2113 sabbata
653 2080 857 2112 celebravit.St
875 2080 941 2120 quis
951 2090 1008 2120 pu-

183 2134 232 2156 ras
247 2134 350 2156 manus
365 2134 424 2156 non
440 2125 539 2163 habet,
556 2127 632 2157 lavet
646 2131 675 2157 et
693 2135 784 2166 purus
800 2130 855 2156 est.

211 2172 224 2199 1
232 2169 357 2201 3.Isaias
363 2169 446 2201 docet
451 2175 573 2210 peccata
582 2172 697 2202 dimitti
699 2180 752 2210 per
759 2170 1006 2209 Christisangui-

223 2235 250 2257 ⁵⁷
266 2235 321 2267 lsa.
341 2245 390 2277 LV,
406 2237 436 2275 3,
452 2237 482 2268 5.

225 2305 287 2341 (14)
306 2306 354 2334 Καὶ
383 2307 557 2343 πεπείσμεθα.
577 2305 651 2336 Vide
666 2316 747 2337 num.
779 2308 943 2343 πεπύσμεθα,
960 2305 1009 2336 in-

185 2343 251 2386 quit
272 2343 308 2375 R.
341 2345 521 2385 Stephanus.
548 2346 605 2377 Sed
623 2355 744 2386 prorsus
769 2346 931 2386 rejicienda
947 2347 1008 2377 hth

186 2384 369 2423 conjectura.

228 2424 289 2460 (15)
304 2426 385 2457 Οὗτός
408 2425 480 2454 ἐστιν
497 2428 509 2454 ὁ
525 2427 615 2458 iur/'0:
631 2429 721 2463 νόμος.
740 2426 807 2457 Haec
825 2426 861 2457 de
891 2426 1008 2458 Christo

186 2463 391 2506 intelligenda,
405 2471 436 2496 ut
453 2470 532 2505 patet
545 2475 580 2496 ex
598 2467 643 2496 his
657 2476 723 2506 quae
752 2467 837 2497 modo
868 2467 1006 2498 diximus.

188 2503 229 2534 Ita
242 2508 329 2535 etiam
346 2505 437 2535 visum
450 2503 564 2537 erudito
577 2503 755 2537 Londi'nettsi
768 2507 884 2539 edituri.
899 2508 947 2546 qui
960 2507 1009 2537 in-

187 2547 333 2583 terpretes
345 2546 550 2586 reprehendit,
563 2547 644 2585 quod
658 2547 698 2578 ita
713 2547 1010 2583 reddiderint,«hanc

188 2593 254 2614 esse
270 2593 373 2615 novam
390 2585 498 2625 legem.

228 2625 290 2659 (16)
318 2624 383 2653 Ἰδοὺ
413 2627 538 2659 μάρτυρα.
572 2626 650 2657 Infra
689 2636 771 2658 num.
819 2628 850 2659 14

819 2633 863 2665 ιίί,

228 2625 290 2662 (16)
318 2624 383 2653 Ἰδοὺ
413 2627 538 2664 μάρτυρα.
572 2626 650 2657 Infra
689 2636 771 2658 num.

187 2675 255 2708 ptoy.
276 2669 307 2695 ut
323 2670 367 2708 est
381 2665 460 2708 apud
474 2665 678 2708 Septuaginta,
696 2667 773 2707 quod
800 2668 919 2708 quidem
939 2665 1013 2708 mihi

187 2703 428 2748 videtur_.lustini
444 2703 599 2748 proposito
605 2703 844 2748 conveniendus.
876 2707 903 2737 ls
930 2707 1010 2738 enim

187 2744 335 2787 ejusmodi
351 2744 539 2787 testimoniis,
558 2751 589 2777 ut
607 2747 669 2787 jam
685 2747 849 2785 observavi,
866 2748 1011 2778 adductus

187 2783 313 2855 ligatur,
331 2789 361 2815 ut
371 2785 518 2816 Christum
534 2783 630 2827 ipsum
645 2797 750 2819 novam
766 2797 832 2819 esse
843 2783 939 2828 legem
952 2787 1010 2819 do-

904 2627 1007 2667 μαρτύ-

644 143 675 173 δ.
697 140 846 172 JUSTINI
866 136 1095 171 PHILOSOPHI
1117 136 1165 167 ET
1188 135 1397 167 MARTYRIS.

1814 132 1874 165 500

1047 206 1150 244 ὁρῶμεν
1177 204 1205 233 δὲ
1227 206 1271 234 καὶ
1292 205 1454 241 πεπείσμεθα
1469 203 1534 243 (14)
1551 203 1593 231 διὰ
1609 207 1654 232 τοῦ
1676 204 1805 236 ὀνόματος
1823 203 1878 231 αὖ·

1047 253 1093 278 τοῦ
1115 251 1160 278 ν(ιῦ
1181 249 1374 288 παυρωθέντος
1398 249 1486 282 ἰησοῦ
1509 249 1699 289 Χριστοῡ,ὰπὸ
1721 249 1774 277 τῶν
1791 248 1875 276 εἰδώ-

1047 298 1102 322 Αωψ
1129 293 1173 322 καὶ
1187 297 1236 327 τῆς
1252 293 1337 327 ἂίλλης
1352 293 1450 325 ἀδικίας
1467 292 1658 332 προσελθόντας
1674 297 1712 331 τῷ
1734 296 1804 332 Θεῷ,
1829 293 1875 320 καὶ

1047 338 1129 378 μέχρι
1160 339 1273 367 θανάτου
1302 337 1482 376 ὑπομένοντας
1498 338 1547 371 τὴν
1570 337 1714 377 ὃμολογίαν
1731 338 1778 366 καί
1796 337 1871 366 εὗσέ-

1047 381 1120 411 ϐειαν
1149 384 1295 411 ποιεῖσθαι*
1312 384 1356 411 καὶ
1391 382 1421 410 ἐκ
1436 385 1488 410 τῶν
1503 381 1586 422 ἔργων
1609 384 1652 411 καὶ
1667 382 1698 411 ἐκ
1713 385 1762 416 τῆς
1785 393 1875 421 παρα-

1047 427 1222 461 κολουθούσης
1244 427 1378 465 δυνάμεως
1410 427 1524 455 συνιέναι
1562 431 1626 456 πᾶσι
1676 427 1796 464 δυνατὸν,
1833 425 1875 454 ὅτι

1047 471 1123 504 οὗτός
1146 472 1215 501 ἐστιν
1251 473 1264 500 ὁ
1293 474 1384 504 καινὸς
1419 472 1499 510 νόμος
1515 471 1592 512 (15),
1615 472 1658 500 καὶ
1672 473 1689 506 ἡ
1710 473 1789 506 καινὴ
1812 470 1874 499 δια-

1047 517 1131 553 θήκη,
1166 518 1210 545 καὶ
1238 518 1256 551 ἡ
1286 516 1429 556 προσδοκία
1464 520 1517 545 τῶν
1532 518 1584 545 ἀπὸ
1605 518 1711 545 πάντων
1726 520 1778 544 τῶν
1793 517 1875 544 ἔθνων

1047 561 1233 599 ἀναμενόντων
1262 563 1295 590 τὰ
1324 562 1395 600 παρὰ
1423 565 1470 590 τοῦ
1485 565 1551 590 Θεοῦ
1566 562 1661 601 ἀγαθά,
1679 561 1875 601 ’ῐσραηλιτικὸν

1048 607 1098 645 γὰρ
1133 607 1164 634 τὸ
1185 606 1322 644 ἀληθινὸν,
1346 608 1536 645 πνευματικὸν,
1553 607 1596 635 καὶ
1625 606 1711 636 Ἰούδα
1725 607 1812 646 γένος,
1829 607 1876 634 καὶ

1047 650 1154 691 Ἰακὼϐ,
1186 652 1229 679 καὶ
1259 650 1361 691 Ἰσαὰκ,
1384 653 1427 679 καὶ
1442 650 1576 691 ’Λϐραὰμ,
1591 653 1638 680 τοῦ
1658 654 1686 681 ἒν
1716 650 1876 690 ἂκροϐωστίᾳ

1047 695 1089 723 ἐπὶ
1117 699 1151 730 τῆ
1164 696 1251 724 πίστει
1268 696 1477 736 μαρτδρηθέντος
1498 697 1550 724 ὑπὸ
1570 698 1616 724 τοῦ
1631 698 1707 734 Θεοῦ,
1732 697 1777 725 καὶ
1798 695 1875 725 εὔλο-

1047 740 1185 779 γηθέντος,
1215 741 1259 769 καὶ
1275 741 1375 780 πατρὸς
1390 740 1497 769 πολλῶν
1517 742 1599 769 ἱθνῶν
1620 742 1775 777 κληθέντος,
1790 742 1874 778 ἡμεῖς

1046 784 1125 822 ἐσμεν
1149 786 1173 813 οἱ
1203 784 1245 813 διὰ
1276 786 1368 814 τούτου
1396 789 1442 814 τοῦ
1469 786 1664 825 σταυρωθέντος
1693 789 1805 826 Χριστοῦ
1835 788 1875 822 τῷ

1046 832 1104 866 Θεῷ
1131 829 1339 869 προσαχθέντες,
1365 831 1401 862 ὡς
1431 831 1474 858 καὶ
1511 831 1713 870 προκοπτόντων
1727 832 1796 869 ἡμῖν
1818 833 1873 859 τῶν

1047 873 1135 912 λόγων
1147 873 1382 914 ἀποδειχθήσεται.

1088 919 1138 950 12.
1165 918 1285 958 ’Ἔλεγον
1305 918 1333 947 δὲ
1354 919 1393 948 ’ἐτι
1416 921 1459 949 καὶ
1473 921 1647 961 προσέφερον,
1663 920 1704 949 ὅτι
1719 922 1763 949 καὶ
1778 920 1805 948 ἐν
1822 920 1874 949 ἆλ-

1048 963 1105 995 λοις
1136 963 1229 1004 λόγοις
1264 963 1379 996 Ἠσαίας
1401 966 1461 1004 βοᾷ·
1483 976 1496 993 ι
1514 965 1658 994 Ἀκούσατέ
1674 977 1725 1003 μου
1747 965 1808 997 τοὺς
1823 965 1874 994 λό-

1048 1019 1121 1047 γους,
1156 1010 1199 1038 καὶ
1213 1010 1321 1044 ζήσεται
1343 1010 1360 1044 ἡ
1376 1010 1453 1050 ψυχὴ
1468 1011 1552 1048 ὑμῶν·
1573 1011 1616 1039 καὶ
1631 1010 1788 1048 διαθήσομαι
1809 1011 1875 1043 ὑμῖν

1048 1051 1177 1088 διαθήκην
1206 1054 1321 1090 αἰώνιον,
1338 1055 1372 1082 τὰ
1387 1054 1448 1082 ὅσια
1463 1053 1542 1083 Δαϐὶδ
1555 1055 1588 1083 τὰ
1603 1055 1695 1084 πιστά.
1725 1054 1791 1084 Ἰδοὺ
1807 1056 1876 1094 μάρ-

1047 1108 1111 1137 τυρα
1146 1098 1204 1135 (16)
1222 1099 1299 1126 αὑτὸν
1315 1098 1397 1126 ἔθνεσι
1413 1098 1524 1127 δέδωκα*
1541 1099 1602 1133 ἔθνη
1619 1099 1635 1127 ἃ
1659 1101 1707 1128 οὒκ
1728 1099 1817 1128 οἴδασί
1832 1111 1875 1140 σε,

1049 1141 1251 1171 ἒπικαλέσονταί
1277 1150 1317 1170 σε·
1355 1142 1414 1171 λαοὶ
1449 1144 1476 1172 οἵ
1493 1146 1539 1173 οὒκ
1555 1144 1707 1173 ἐπίστανταί
1725 1156 1766 1181 σε,
1790 1156 1876 1172 κατα-

1048 1186 1183 1226 φεύξονται
1212 1187 1254 1215 ἐπὶ
1283 1187 1324 1215 σέ·
1355 1187 1444 1216 ἕνεκεν
1473 1192 1519 1217 τοῦ
1556 1192 1621 1217 Θεοῦ
1657 1201 1703 1217 σου
1731 1193 1778 1218 τοῦ
1799 1189 1876 1229 ἁγίου

1050 1231 1169 1272 Ἰσραὴλ,
1195 1232 1235 1260 ὃτι
1264 1231 1368 1264 ἐδόξασέ
1398 1243 1438 1264 σε.
1482 1244 1493 1262 ι
1512 1238 1609 1263 Τοῦτον
1626 1235 1703 1262 αὖτὸν
1715 1235 1795 1272 ὑμεῖς
1810 1235 1875 1268 ἠτι-

1050 1276 1158 1313 μώσατε
1186 1278 1231 1305 τὸν
1262 1277 1354 1315 νόμον,
1372 1278 1415 1306 καὶ
1429 1280 1478 1312 τὴν
1501 1279 1595 1313 καινὴν
1617 1280 1694 1318 ἁγίαν
1712 1281 1791 1309 αὺτοῦ
1807 1284 1875 1307 Δια-

1048 1321 1135 1356 θήκην
1163 1321 1330 1361 ἔφαυλίσατε·
1368 1323 1411 1350 καὶ
1439 1322 1497 1352 υῦδὲ
1527 1328 1571 1352 νῦν
1597 1323 1792 1364 παραδέχεσθε,
1816 1323 1876 1352 063‘s

1049 1372 1205 1402 μετανοεῖοε
1230 1366 1374 1405 πράξαντες
1403 1370 1505 1398 κακῶς.
1546 1379 1556 1395 ι
1583 1359 1650 1396 "En
1677 1370 1727 1408 γὰρ
1762 1370 1794 1397 τὰ
1818 1370 1877 1397 ὦτα

1049 1411 1121 1447 ὑμῶν
1156 1410 1316 1450 πέφρακται,
1340 1411 1362 1439 o't
1384 1412 1513 1451 ὀφθαλμοὶ
1529 1413 1600 1450 ὖμῶν
1617 1414 1801 1452 πεπήρωνται,
1832 1411 1877 1441 καὶ

1049 1455 1217 1494 πεπάχυνται
1246 1457 1264 1489 ἡ
1293 1455 1394 1495 καρδία⁶
1413 1468 1425 1483 ι
1446 1457 1575 1496 κέκραγεν
1600 1453 1728 1495 Ἰερεμίας
1742 1458 1814 1498 (17),
1830 1459 1877 1486 κ-ὶ

1049 1498 1102 1526 οὐδ’
1127 1498 1209 1530 οὕτως
1239 1500 1356 1528 ἀκούετε.
1387 1502 1513 1535 Πάρεστιν
1550 1503 1563 1530 ὁ
1587 1502 1743 1539 νομοθέτης,
1760 1503 1804 1530 καὶ
1822 1503 1875 1543 οὔχ

1049 1543 1137 1577 ὁρᾶτε.
1176 1545 1282 1584 πτωχοὶ
1303 1544 1514 1584 εὐαγγελίζονται
1532 1545 1606 1586 (18),
1625 1546 1717 1587 τυφλοὶ
1732 1547 1874 1587 βλέπουσι,

1048 1588 1140 1617 καὶού
1175 1589 1284 1618 συνίετε.
1316 1590 1442 1628 Δευτέρας
1470 1589 1522 1624 ἢδη
1551 1591 1629 1631 χρεία
1651 1593 1812 1630 περιτομῆς,
1830 1593 1876 1620 καὶ

1047 1632 1125 1669 ὑμεῖς
1153 1632 1196 1661 ἐπὶ
1226 1636 1258 1671 τῇ
1287 1634 1362 1674 σαρκὶ
1393 1634 1463 1672 μέγα
1478 1642 1600 1674 φρονεῖτε
1616 1634 1783 1671 Ζαϐϐιτίζειν
1803 1637 1876 1674 ὑμᾶς

1049 1678 1063 1704 ὃ
1090 1678 1180 1710 καινὸς
1209 1678 1289 1716 νόμος
1315 1678 1457 1711 διαπαντὸς
1472 1679 1567 1715 ἐθέλει,
1584 1681 1627 1708 καὶ
1642 1681 1721 1717 ὑμεῖς
1737 1681 1800 1718 μίαν
1823 1681 1877 1719 ἁρ-

1048 1721 1155 1761 γοῦντες
1182 1723 1283 1763 ἡμέραν
1309 1722 1427 1752 εὗσεϐεῒν
1463 1723 1567 1753 δοκεῖτε
1583 1726 1621 1763 μὴ
1643 1736 1762 1756 νοουντες
1779 1724 1821 1754 διὰ
1850 1727 1878 1754 τί

1048 1767 1112 1804 ὑμῖν
1139 1768 1303 1807 προσετάγη⁸
1335 1769 1380 1796 καί
1408 1769 1453 1796 ἐὰν
1484 1768 1581 1807 ἄζυμον
1597 1769 1674 1807 ἄρτον
1689 1770 1806 1810 φάγητε,
1823 1781 1878 1798 πε-

1048 1811 1218 1851 πληρωκέναι
1247 1814 1278 1841 τὸ
1291 1812 1395 1850 θέλημα
1420 1819 1466 1843 τοῦ
1481 1818 1547 1843 Θεοῦ
1561 1825 1638 1854 φατε.
1655 1816 1709 1844 Οὐκ
1723 1814 1749 1842 ἐν
1771 1815 1878 1848 τούτοις

1048 1855 1152 1884 εὐδοκεῖ
1180 1858 1271 1896 Κύριος
1296 1859 1310 1886 ὁ
1336 1858 1402 1890 Θεὸς
1437 1859 1527 1896 ἡμῶν
1557 1859 1584 1887 εἴ
1598 1860 1637 1891 τίς
1653 1859 1724 1888 ἐστιν
1754 1859 1782 1887 ἐν
1810 1861 1877 1897 ὑμῖν

1050 1901 1172 1940 ἒπίορκος
1202 1901 1218 1935 ἥ
1232 1901 1364 1939 κλέπτης,
1381 1904 1535 1932 παυσάσθω·
1553 1903 1580 1932 εέ
1601 1915 1641 1936 τις
1657 1905 1770 1944 μοιχὸς,
1786 1915 1856 1942 μετα
1866 1922 1878 1928 -

1050 1946 1186 1989 νοησάτω,
1216 1947 1260 1975 καὶ
1295 1946 1467 1975 σεσαϐϐάτιιιε
1496 1949 1529 1976 τὰ
1544 1949 1657 1989 τρυφερὰ
1681 1950 1725 1983 καὶ
1759 1949 1877 1983 ἀληθινὰ

1049 1988 1168 2034 σάϐϐατα
1193 1994 1238 2019 τοῦ
1267 1994 1343 2034 Θεοῦ,
1377 1991 1410 2020 Εἴ
1431 2004 1470 2025 τις
1492 1993 1608 2031 καθαρὰς
1624 1994 1671 2022 οὒκ
1686 1993 1745 2034 ἕχει
1761 2000 1875 2034 χεῖρας,

1047 2032 1195 2072 λουσιέσθω,
1212 2035 1256 2063 καὶ
1271 2032 1384 2075 καθαρός
1406 2036 1475 2065 ἐστιν
1486 2036 1560 2076 (19.)

1089 2168 1137 2200 13.
1155 2169 1191 2198 Οὗ
1212 2169 1262 2208 γὰρ
1290 2168 1318 2197 δέ
1334 2168 1395 2210 (20)
1419 2181 1449 2210 γε
1463 2171 1499 2202 εἷς
1521 2170 1662 2209 βαλανεῖον
1690 2172 1759 2210 ὑμᾶς
1787 2172 1876 2211 ἔπεμ-

1020 2309 1042 2335 D
1129 2303 1303 2351 7)‘_Kixpat~{s;;
1338 2301 1474 2351 Ἱερεμίας.
1493 2305 1546 2351 vel
1563 2307 1707 2351 memoria
1723 2308 1769 2338 hic
1785 2307 1876 2351 efflu—

1050 2343 1093 2387 xit
1102 2343 1231 2382 Iustino,
1248 2343 1273 2374 si
1285 2343 1425 2376 Jeremiae
1448 2347 1584 2378 attribuit
1611 2347 1742 2387 proxima
1770 2348 1873 2386 verba,

1052 2395 1064 2412 α
1079 2385 1176 2430 Aures
1193 2389 1335 2430 vesti-te,_n
1350 2390 1396 2417 etc
1414 2410 1421 2426 ,
1436 2387 1481 2430 vel
1494 2385 1618 2427 respicit
1630 2387 1667 2418 od
1682 2388 1818 2430 superius
1827 2385 1878 2420 Je-

1049 2427 1153 2468 remig
1169 2427 1387 2468 testimonium,
1398 2427 1482 2466 cujus
1497 2431 1699 2468 contemptum
1717 2428 1878 2468 exprobrat

1048 2464 1493 2508 ludaais.Proleremialian‘gus
1502 2467 1530 2497 in
1538 2464 1764 2508 interpretando
1775 2470 1877 2508 p05uit

1051 2504 1153 2536 Isaias:
1174 2504 1275 2536 mallet
1292 2503 1451 2537 Thirlbius'
1459 2507 1584 2541 Ἰωάννης
1605 2503 1654 2538 aut
1670 2503 1760 2539 Ἠλίας
1775 2503 1874 2540 ’δεή-

1051 2549 1131 2584 ptum
1148 2549 1212 2588 erat
1227 2545 1256 2575 in
1270 2545 1335 2575 aliis
1364 2546 1555 2588 editionibus,
1585 2548 1602 2581 ἡ
1637 2547 1740 2587 καρδία,
1773 2549 1875 2588 κέκρα-

1049 2596 1106 2626 γεν,
1114 2584 1415 2629 etqulntarpunctio,
1431 2596 1518 2627 quam
1535 2584 1657 2618 secutus
1672 2584 1749 2623 sum,
1768 2584 1877 2629 proba-

1050 2624 1103 2655 tur'
1114 2624 1260 2655 Thirlbio.

1096 2665 1158 2710 (i8‘)
1173 2665 1522 2710 Πτωχοὶ-εὒαχγελ-ίζονται.
1539 2667 1672 2710 Respicit
1694 2667 1731 2698 ad
1745 2676 1877 2710 respon-

1052 2713 1118 2736 sum
1133 2703 1261 2746 Joannis
1277 2703 1432 2746 discipulis
1447 2717 1462 2738 a
1479 2703 1725 2739 Christo'datum.
1741 2703 1828 2739 λεώ.

1092 2745 1156 2785 (19)
1189 2746 1305 2787 Κξιθαράς
1348 2745 1435 2787 Ejmv.
1475 2747 1595 2778 Frustra
1621 2748 1734 2787 legatur
1760 2750 1875 2787 καθαρὸς

1050 2785 1186 2828 ﬁatﬁat
1199 2785 1326 2828 Arcerio
1340 2785 1488 2828 placuisse
1504 2791 1628 2819 testatur
1643 2785 1830 2828 Sylburgius.

1089 2823 1156 2866 (20)
1174 2825 1220 2864 Δέ,
1236 2824 1268 2864 δή
1284 2823 1492 2858 οά.Ἰθιιθιιεὶε.
