1981 3072
153 80 212 114 519

625 79 656 112 S.
679 78 826 112 JUSTINI
847 76 1076 111 PHILOSOPHI
1098 76 1147 109 ET
1169 74 1380 109 MARTYRIS.

1782 73 1842 106 520

151 144 291 186 occupavi
303 153 355 184 ego
370 153 377 174 :
394 143 453 176 Cur
461 153 519 174 non
530 143 636 181 illud,«
650 147 683 175 ut
697 143 779 175 olera
790 143 923 185 herbae,»
939 153 975 177 eo
986 151 1005 175 Α
1017 143 1067 184 λάχ

1027 145 1124 184 λάχανα
1147 143 1258 184 χόρτου,
1277 155 1291 172 »
1317 148 1364 174 τοῦ
1379 144 1419 182 μὴ
1449 144 1592 172 ἀκούσεσθε
1608 142 1671 182 (67)
1685 142 1721 174 ὡς
1737 140 1844 181 εἴρηται

149 199 238 221 sensu
252 188 414 228 accipietis,
430 197 488 228 quo
512 187 624 218 dictum
653 192 696 218 est
715 196 732 218 a
748 187 827 218 Deo?
854 188 975 220 Scilicet

149 232 509 274 Deum,quemadmodum
519 232 627 263 herbas
635 232 807 263 hominibus
816 233 852 263 ad
863 234 972 265 victum

149 277 355 321 paraverat,ita
364 277 503 308 animalia
518 276 686 315 dedisse,ut
698 286 818 308 carnem
836 278 970 309 ederent.

148 324 207 356 Sed
223 322 292 364 quia
319 321 452 363 quaadam
478 321 560 353 olera
587 331 646 353 non
671 322 798 359 edimus,
817 326 974 363 propterea

147 367 309 400 discrimen
321 366 383 407 jam
399 370 460 397 tum
487 365 549 397 Noe
578 366 646 397 120
672 367 878 407 praescriptum
908 377 974 399 esse

147 413 257 445 dicitis.
280 410 471 452 Nequaquam
496 414 528 441 ut
543 411 703 451 exponitis,
719 411 760 442 ita
775 411 971 444 credendum.

147 457 246 490 Primo
263 455 342 488 enim
358 455 423 487 olus
434 464 523 487 omne
537 455 660 486 herbam
673 465 739 487 esse
755 459 785 486 et
801 454 974 488 manducari

147 512 214 534 cum
232 501 332 532 dicere
347 505 376 531 et
390 500 567 531 conﬁrmare
583 501 705 541 possim,
718 500 749 531 in
764 500 821 531 hoc
837 510 895 532 non
911 501 970 532 im-

147 546 297 579 morabor.
308 545 380 586 Sed,
396 544 452 577 etsi
465 545 548 576 olera
562 545 663 577 herba;
685 545 895 584 discernimus,
909 555 969 578 non

144 593 244 625 omnia
259 592 394 632 edentes,
415 601 474 622 non
490 591 600 622 idcirco
618 591 697 632 quod
713 592 831 632 impura
844 596 895 623 aut
908 592 969 623 im-

144 637 253 669 munda
264 637 334 674 sint,
351 645 411 667 non
427 635 554 674 edimus,
572 635 625 667 sed
640 636 718 676 quod
733 639 786 668 aut
796 646 906 675 amara,
919 640 969 668 aot

142 682 291 718 lethil‘era,
318 685 369 712 aut
396 680 527 722 spinosa.
557 681 660 712 Dulcia
674 685 772 712 antem
790 684 819 713 et
833 681 869 712 ad
886 681 967 713 alen-

141 726 213 758 dum
229 726 380 767 aptissima
396 734 520 766 quaeque
542 729 571 757 et
599 725 811 766 pulcherrima,
834 725 896 757 sive
908 726 967 757 sint

141 771 303 812 maritima,
319 770 380 802 sive
394 770 558 805 terrestria,
581 770 748 810 appetimus
763 774 792 801 et
806 770 964 803 sumimus.

140 815 190 849 Sic
217 816 304 847 etiam
330 820 362 846 ut
385 815 422 846 ab
445 814 572 855 impuris
585 819 614 846 et
630 815 748 854 injustis
763 819 792 845 et
807 814 966 855 rapacibus

1013 189 1064 217 ὑπὸ
1085 194 1132 218 τοῦ
1153 189 1231 227 Θεοῦ,
1254 189 1295 217 ὅτι
1325 190 1362 221 ὡς
1388 189 1422 216 τὰ
1443 189 1552 229 λάχανα
1574 189 1611 221 εἰς
1631 187 1732 227 τροφὴν
1747 188 1785 222 τῷ
1798 186 1845 214 ἆν-

1013 233 1110 272 θρώπῳ
1141 233 1298 268 ἐπεποιήκει
1328 234 1342 261 ὁ
1368 233 1445 270 Θεὸς,
1484 232 1568 265 οὕτως
1595 232 1694 260 καὶτὰ
1719 234 1773 266 ζῶα
1804 231 1842 262 εἱς

1013 278 1181 318 κρεωφαγίαν
1206 276 1354 314 ἐδεδώκεις
1379 277 1454 305 Ἀλλ’
1488 277 1546 306 ἐπει
1572 287 1630 305 τινα
1650 279 1704 304 τῶν
1733 275 1840 315 χόρτων

1014 322 1062 350 οὒκ
1090 322 1221 359 ἐσθίομεν,
1247 322 1316 351 οὕτω
1349 322 1393 350 καὶ
1422 321 1566 355 διαστολὴν
1592 321 1684 349 ἔκτοτε
1711 322 1750 356 τῷ
1779 322 1839 348 Νῶε

1013 365 1161 395 διεστάλθαι
1202 368 1279 407 φατὲ,
1307 368 1376 407 Οὐχ,
1418 368 1455 399 ὡς
1491 366 1639 405 ἑξηγεϊσθε,
1670 364 1836 394 πιστευτέον.

1014 411 1121 450 Πρῶτον
1143 411 1192 449 μὲν
1215 412 1265 451 γὰρ
1289 411 1331 439 ὅτι
1360 414 1412 440 πᾶν
1440 412 1559 451 Λάχανον
1588 411 1686 450 χόρτος
1714 409 1769 437 εστὶ
1794 408 1839 436 καὶ

1013 454 1205 494 βιϐρώσκῑσθαι
1232 457 1305 492 (68),
1337 454 1480 494 δυνάμενος
1511 455 1596 494 λέγειν
1623 455 1668 483 καὶ
1689 453 1837 492 κρατύνειν,

1013 500 1060 528 οὐκ.
1074 499 1101 528 ἐν
1122 500 1207 537 τούτῳ
1228 500 1466 540 ὰσχοληθήσομαι.
1490 499 1573 528 Ἀλλὰ
1588 500 1610 527 εἰ
1623 499 1668 528 καὶ
1681 499 1715 528 τὰ
1729 497 1838 538 λάχανα

1010 548 1057 573 τοῦ
1078 545 1178 585 χόρτου
1199 544 1378 585 διακρίνομεν,
1404 545 1443 582 μὴ
1466 545 1554 573 πάντα
1581 544 1722 583 ἐσθίοντες,
1745 543 1775 571 οὔ
1796 541 1838 570 διὰ

1009 588 1040 616 τὸ
1070 589 1143 617 εἶναι
1166 590 1231 618 αὐτὰ
1253 591 1327 618 κοινὸ
1351 589 1369 624 ἢ
1398 589 1543 629 ἀκάθαρτα,
1558 590 1606 617 οὐκ
1621 588 1753 625 ἐσθίομεν,
1768 585 1838 614 ἆλλὰ

1010 635 1027 669 ἢ
1056 634 1099 663 διὰ
1128 636 1159 664 τὸ
1187 635 1280 676 πικρὰ,
1346 635 1489 674 θανάσιμα,
1513 635 1532 669 ἢ
1560 633 1711 667 ἄκανθιέήἲη.
1734 636 1794 662 Τῶν
1808 632 1837 660 δὲ

1009 678 1128 718 γλυκέων
1158 681 1264 709 πάντων
1287 681 1330 709 ιαὶ
1359 680 1565 720 τροφιμωτάτων
1602 680 1646 710 καὶ
1671 677 1834 715 καλλίστων,

1007 723 1157 753 θαλασσίων
1187 735 1216 753 τε
1238 725 1282 753 καὶ
1310 725 1456 765 χερσαίων,
1486 724 1611 765 ἐφιέμεθα
1638 724 1683 752 καὶ
1712 722 1834 762 μετέχο-

1006 778 1067 806 μεν.
1088 768 1164 798 Οὕτω
1192 770 1236 798 καὶ
1263 771 1317 798 τῶν
1345 770 1499 809 ἀκαθάρτων
1515 769 1576 806 (69)
1602 769 1646 797 καὶ
1672 767 1768 796 ὰὸίιων
1788 767 1834 797 ιαὶ

1006 814 1168 853 παρανόμων
1197 814 1346 854 ἀπέχεσθαι
1375 815 1445 852 ὑμᾶς
1472 813 1608 842 ἐκέλευσεν
1644 815 1658 841 ὁ
1694 813 1759 844 Θεὸς
1789 811 1833 840 διὰ

139 860 339 898 abstineretis,
369 850 510 901 praecepit
533 859 617 890 vobis
637 850 716 891 Deus
738 867 791 898 per
817 850 937 900 M-oysen
955 850 1067 892 εΒΜώϋ

1027 850 1139 890 ἰωυσέως
1158 869 1164 876 ·
1182 850 1273 894 Erras};
1287 860 1331 887 καὶ
1353 850 1397 887 τὸ.
1414 860 1499 897 μάννα
1524 858 1585 897 (70)
1605 859 1734 890 ἓσθίοντες
1748 858 1775 885 ὲν
1797 859 1833 895 τῇ

139 906 207 946 quia
219 910 371 945 tum,cum
388 913 496 936 manna
520 904 653 936 ederetis
668 904 698 934 in
715 904 845 944 deserto,
862 909 891 936 et
908 905 964 935 mi-

137 949 238 982 racula
252 950 352 981 omnia
366 948 449 979 vobis
464 958 481 979 a
493 949 555 980 Deo
573 948 705 980 exhibita
719 947 871 989 videretis,
887 948 964 979 vitu-

136 994 197 1025 lum
213 1003 335 1025 aureum
351 993 502 1024 conﬁastis
533 997 571 1027 et.
587 993 746 1024 adorastis.
776 992 964 1033 Quapropter

138 1039 244 1071 merito
273 1038 380 1069 clamat
406 1038 612 1069 indesinenter
629 1047 636 1069 :
657 1050 671 1066 (ι
687 1037 757 1069 Filii
773 1037 961 1078 insipientes,

136 1093 196 1116 non
212 1087 256 1114 est
270 1082 344 1114 ﬁdes
359 1083 388 1113 in
404 1082 477 1122 ipsis
492 1082 529 1114 ⁷⁸.
544 1096 555 1111 ι

173 1128 224 1160 21.
236 1127 370 1160 Sabbata
380 1128 495 1158 inuata
509 1130 579 1159 sunt
592 1126 627 1158 ob
643 1130 770 1168 peccata
780 1126 963 1168 populi,non

134 1176 168 1205 ut
181 1181 255 1213 opus
263 1173 407 1213 justitiw.
424 1172 507 1208 Quod
537 1176 637 1203 autem
666 1176 786 1212 propter
801 1175 914 1203 vestras
927 1182 962 1204 ac

135 1223 250 1258 patrum
266 1221 433 1249 vestrorum
448 1216 632 1257 iniquitates.
652 1216 682 1247 in
707 1218 836 1257 signum,
853 1221 884 1247 ut
895 1217 957 1257 jam

132 1261 360 1299 dixi,sabbatum
376 1261 465 1292 etiam
478 1270 494 1292 a
509 1260 592 1292 vobis
606 1260 686 1292 Deus
698 1261 957 1300 jussitobservari,

132 1312 162 1337 et
177 1306 235 1338 alia
253 1309 400 1347 praecepta
428 1306 582 1346 imposuit,
610 1305 750 1346 quodque
766 1305 913 1345 signiﬁcat
927 1315 959 1337 se

131 1357 254 1392 propter
268 1355 424 1391 gentes,ne
434 1359 544 1382 nomen
555 1359 641 1381 suum
655 1351 733 1389 apud
750 1359 800 1381 eas
818 1350 957 1390 profana-

131 1395 344 1436 retur,aliquos
362 1395 484 1426 omnino
501 1404 536 1425 ex
554 1394 635 1425 vobis
650 1394 732 1426 vivos
748 1394 916 1435 reliquisse,
927 1395 957 1426 id

129 1440 215 1471 vobis
231 1440 294 1481 ipsa
309 1441 374 1479 ejus
404 1439 494 1471 verba
520 1439 727 1470 demonstrare
749 1443 883 1479 possunt.
915 1440 958 1470 Ita

129 1489 227 1516 autem
239 1489 308 1516 sunt
324 1493 378 1525 per
394 1484 583 1517 Ezechielem
600 1492 743 1524 expressa
759 1494 766 1514 :
788 1495 799 1511 ι
819 1483 880 1522 Ego
895 1483 957 1514 Do-

130 1531 229 1561 minus
243 1529 320 1560 Deus
336 1533 436 1560 vester
448 1537 455 1560 :
470 1529 498 1559 in
509 1529 665 1568 praeceptis
674 1527 749 1559 meis
764 1527 960 1566 ambulate,et

125 1573 356 1614 justiﬁcationes
372 1582 454 1605 meas
470 1572 627 1610 custodite,
644 1577 674 1604 et
689 1575 718 1603 in
734 1572 960 1604 adenventioni-

128 1619 185 1649 bus
199 1618 316 1659 )Egypti
345 1627 383 1649 ne
406 1617 675 1657 commisceamini,
691 1621 720 1648 et
746 1616 868 1648 sabbata
892 1626 960 1648 mea

128 1663 324 1695 sanctiﬁcata.
349 1662 385 1694 Et
407 1664 464 1694 erit
489 1662 606 1701 signum
633 1661 712 1693 inter
737 1670 786 1692 me
812 1665 841 1692 et
854 1671 907 1692 vos
921 1661 960 1693 ad

127 1707 281 1738 sciendum
297 1707 366 1748 quia
381 1716 436 1747 ego
451 1707 596 1739 Dominus
610 1705 690 1737 Deus
709 1710 818 1738 vester.
834 1706 873 1737 Et
888 1715 961 1738 exa-

125 1752 300 1784 cerbavistis
315 1755 408 1790 me,et
425 1751 479 1782 lilii
494 1750 586 1782 vestri
601 1750 632 1782 in
649 1750 806 1791 praeceptis
818 1750 893 1782 meis
900 1760 959 1782 non

125 1797 364 1834 ambulaverunt,
387 1800 418 1828 et
430 1795 663 1836 justiﬁcationes
678 1804 764 1826 meas
779 1804 839 1826 non
855 1799 960 1827 custo-

124 1841 244 1873 dierunt
258 1841 296 1872 ad
309 1841 476 1872 faciendum
495 1849 557 1879 eas,
575 1849 649 1881 quas
664 1839 716 1880 qui
740 1840 843 1871 fecerit
858 1840 959 1880 homo,

128 1886 203 1917 vivet
230 1887 261 1917 in
284 1885 339 1923 eis,
365 1885 488 1916 sabbata
509 1889 607 1917 autem
634 1893 701 1916 mea
714 1884 907 1917 violaverunt.
924 1884 961 1920 Et

126 1931 186 1962 dixi
203 1931 358 1963 eﬂ'undere
386 1930 518 1961 furorem
545 1938 644 1961 meum
672 1938 763 1971 super
787 1938 839 1961 eos
853 1930 884 1961 in
896 1929 954 1961 de-

165 1995 192 2019 ⁷⁸
205 1996 294 2028 Deut.
308 2004 403 2037 xxxu,
421 1996 451 2034 6,
471 1996 521 2027 20.

968 1563 989 1589 ϐ

1005 901 1109 943 ἐρήμῳ,
1140 903 1184 931 καὶ
1217 904 1251 932 τὰ
1284 904 1417 941 θαυμάσια
1440 903 1528 932 πάντα
1557 904 1670 942 ὁρῶντες
1690 902 1754 939 ὑμῖν
1780 902 1833 929 ὑπὸ

1005 948 1072 976 Θεοῦ
1102 951 1243 987 γινόμενα,
1279 949 1385 988 μόσχον
1422 949 1468 976 τὸν
1502 948 1616 988 χρύσεον
1656 947 1832 983 ποιήσαντες,

1004 999 1205 1031 προσεκυνεϊτε,
1224 989 1312 1021 ΙὨστε
1335 992 1444 1025 δικαίως
1467 996 1508 1022 αεὶ
1533 993 1583 1031 βοᾷ
1600 1000 1608 1008 ⁵
1634 1002 1646 1020 σ
1666 993 1720 1020 Υἱοὶ
1735 992 1831 1020 ἀσύνε-

1003 1046 1045 1065 τοι
1063 1047 1069 1053 ·
1094 1038 1141 1066 οὐκ
1155 1036 1209 1066 ἔστι
1223 1038 1310 1070 πίστις
1327 1037 1354 1066 ἐν
1377 1037 1482 1070 αὐτοῖς.
1500 1049 1513 1068 ι

1043 1126 1094 1156 21.
1119 1127 1170 1155 Καὶ
1184 1125 1224 1154 ὅτι
1240 1126 1282 1155 διὰ
1311 1127 1358 1159 τὰς
1378 1126 1479 1159 ἀδικίας
1500 1127 1573 1165 ὑμῶν
1596 1126 1640 1155 καὶ
1667 1128 1720 1154 τῶν
1741 1125 1828 1154 πατέ-

1002 1181 1054 1209 ρων
1075 1171 1149 1209 ὑμῶν
1164 1172 1201 1204 εἷς
1216 1178 1342 1209 σημεῖον,
1374 1171 1411 1204 ὡς
1436 1172 1567 1211 προέφην,
1584 1172 1673 1199 καὶτὸ
1694 1169 1826 1199 σάϐϐατον

1001 1214 1152 1245 ἐντέταλται
1175 1217 1188 1244 ὁ
1205 1217 1269 1249 Θεὸς
1285 1216 1427 1256 φυλάστειν
1454 1217 1537 1256 ὑμᾶς,
1552 1217 1595 1245 καὶ
1608 1217 1641 1244 τὰ
1655 1215 1723 1244 ἄλλα
1739 1226 1826 1255 προσ-

1001 1260 1123 1299 τάγματα
1152 1261 1345 1300 προσετετάχει
1362 1269 1369 1277 ⁸
1408 1262 1451 1290 καὶ
1494 1262 1618 1299 σημαίνει
1654 1260 1695 1289 ὅτι
1724 1260 1766 1288 διὰ
1792 1260 1827 1288 τὰ

1001 1304 1073 1342 ἔθνη,
1104 1305 1150 1334 ἵνα
1178 1305 1218 1344 μὴ
1233 1304 1374 1344 βεϐηλωϐᾖ
1389 1307 1419 1334 τὸ
1441 1305 1524 1344 ὅνομα
1540 1306 1619 1334 αὑτοῦ
1643 1305 1705 1345 παρ’
1721 1306 1827 1344 αὐτοῖς,

999 1347 1042 1377 διὰ
1070 1353 1148 1378 τοῦτο
1177 1349 1252 1378 εἴασε
1276 1350 1351 1382 τινὰς
1373 1349 1399 1383 ἐξ
1421 1351 1493 1388 ὑμῶν
1517 1349 1587 1382 ὅλως
1612 1351 1726 1386 ζῶντας,
1752 1348 1828 1377 αὗται

999 1395 1024 1421 αἱ
1052 1395 1136 1433 φωναὶ
1167 1394 1246 1422 αὐτοῦ
1267 1395 1316 1429 τὴν
1344 1395 1475 1428 ἀπόδειξιν
1501 1395 1661 1430 ποιήσασθαι
1695 1393 1819 1423 δύνανται

998 1439 1076 1476 ὑμῖν.
1103 1439 1159 1467 Εἰσὶ
1188 1438 1215 1467 δὲ
1241 1440 1377 1479 εἰρημέναι
1408 1440 1450 1468 διὰ
1479 1444 1525 1469 τοῦ
1562 1439 1693 1476 Ἰεζεκιὴλ
1721 1439 1804 1472 οὕτως
1821 1448 1830 1456 ’

1003 1494 1015 1509 ιι
1040 1482 1113 1522 Ἐγὼ
1135 1484 1228 1523 Κύριος
1255 1485 1269 1512 ὁ
1291 1485 1357 1517 Θεὸς
1380 1486 1454 1523 ὑμῶν
1471 1493 1479 1501 ·
1503 1485 1531 1513 ὲν
1552 1492 1612 1517 τοῖς
1644 1485 1831 1525 προστάγμασί

1002 1538 1054 1565 μου
1082 1528 1235 1567 πορεύεσθε,
1256 1530 1300 1557 καὶ
1328 1530 1362 1557 τὰ
1390 1529 1558 1568 δικαιώματα
1586 1540 1637 1567 μου
1666 1529 1825 1569 φυλάσσετε,

1000 1572 1045 1600 καὶ
1076 1572 1103 1600 ἐν
1131 1579 1192 1605 τοῖς
1222 1573 1427 1612 ἐπιτηδεύμασιν
1456 1575 1588 1614 Αἰγύπτου
1614 1574 1653 1613 μὴ
1685 1575 1827 1612 συναναμί-

1001 1617 1106 1657 γνυσθε,
1123 1617 1168 1645 καὶ
1191 1618 1224 1646 τὰ
1251 1616 1371 1647 σάϐϐατᾶ
1392 1630 1443 1657 μου
1465 1620 1597 1659 ἁγιάζετευ
1620 1619 1665 1648 καὶ
1686 1618 1759 1647 ἕσται
1788 1620 1827 1651 εἰς

1001 1661 1118 1699 σημεῖον
1136 1662 1185 1691 ἀνὰ
1201 1662 1281 1701 μέσον
1304 1662 1371 1702 ἐμοῦ
1398 1665 1443 1692 καὶ
1461 1665 1546 1702 ὑμῶν,
1570 1675 1616 1693 του
1630 1664 1770 1704 γινώσκειν
1784 1663 1827 1692 ὅτι

1001 1706 1056 1745 ἐγὼ
1085 1707 1178 1747 Κύριος
1205 1709 1219 1736 ὁ
1248 1708 1314 1740 Θεὸς
1342 1709 1427 1746 ὑμῶν.
1453 1710 1503 1738 Καὶ
1527 1709 1743 1749 γπαρεπικράνατέ
1778 1720 1826 1748 με,

1002 1751 1045 1778 καὶ
1068 1751 1101 1778 τὰ
1124 1751 1204 1780 τέκνα
1227 1752 1302 1790 ὑμῶν
1330 1752 1392 1793 (71)
1416 1753 1442 1782 ἐν
1472 1748 1532 1786 τοῖς
1559 1748 1746 1794 στροστᾶγμασί
1775 1764 1828 1792 μου

1003 1795 1050 1824 οὑκ
1074 1795 1282 1835 ἐκπῳεῶησαν,
1310 1797 1355 1825 καὶ
1375 1798 1408 1826 τὰ
1433 1797 1602 1837 δικαιώματά
1625 1810 1676 1838 μου
1702 1799 1749 1827 οὒκ
1760 1798 1827 1838 ἐγύ-

1002 1839 1095 1878 λαξαν,
1121 1844 1168 1868 τοῦ
1186 1848 1274 1870 ποιεῖν
1290 1841 1356 1870 αὑτά
1371 1849 1380 1858 ⁸
1411 1841 1428 1870 ἃ
1457 1843 1574 1878 ποιήσας
1598 1844 1662 1872 αὑτὰ
1677 1842 1827 1883 ἅνθρωπος,

1001 1885 1110 1921 ζήσεται
1140 1885 1168 1913 ἂν
1189 1887 1280 1919 αὐτοῖς
1297 1895 1305 1903 ·
1331 1886 1400 1915 ἀλλὰ
1419 1887 1453 1915 τὰ
1469 1886 1591 1916 σάϐϐατά
1605 1899 1656 1926 μου
1671 1886 1826 1923 ἐϐεϐήλουν,

1003 1930 1052 1959 Καὶ
1078 1929 1145 1960 εἶπα
1171 1933 1218 1959 τοῦ
1232 1931 1327 1971 ὶκχέαι
1341 1932 1388 1960 τὸν
1401 1931 1483 1971 θυμόν
1499 1943 1551 1971 μου
1566 1932 1608 1962 ἐπ’
1633 1933 1727 1966 αὖτοὺς
1748 1932 1776 1962 ἐν
1791 1935 1827 1972 τῇ

165 2065 234 2104 (6'1)
251 2066 301 2094 T06
317 2065 356 2102 μὴ
373 2064 526 2104 ἀκούσεσθε.
540 2064 596 2104 νΙιει
624 2063 731 2103 legitur
755 2063 786 2094 in
802 2064 956 2096 codicibus
968 2065 1255 2103 DQuemadmodum
1273 2067 1310 2098 ab
1323 2068 1457 2100 oleribus
1469 2070 1627 2101 nonnullis
1638 2071 1835 2103 abstinemus

123 2103 200 2144 Regi
218 2103 248 2136 et
259 2104 388 2136 Clarom.
403 2109 433 2134 et
445 2103 523 2144 apud
539 2103 575 2144 Β,
591 2104 788 2144 Stephanum.
799 2103 882 2144 Legit
896 2106 957 2137 Pe-

123 2143 245 2184 rion'ms
261 2146 292 2174 οὖ
306 2145 346 2182 μὴ
362 2143 482 2175 ἀκούετέ.
499 2144 537 2184 R,
553 2143 721 2184 Stephanus
737 2148 767 2174 et
785 2143 958 2184 Sylburgius

122 2176 266 2216 illnd‘too
279 2176 507 2225 expungendum
522 2176 680 2223 duxerunt,
696 2190 784 2225 atque
799 2176 833 2215 ex
848 2176 957 2217 editio;

121 2226 210 2257 nibus
240 2224 458 2255 Parisiensibus
474 2229 655 2264 expunctum
672 2225 747 2263 fuit;
765 2225 843 2255 haud
859 2229 959 2258 tamen

123 2266 185 2297 scie
197 2266 246 2296 aln
261 2264 410 2295 immerito
429 2268 619 2304 expunctum.
637 2264 709 2295 Nam
733 2266 767 2295 in
778 2264 868 2304 Apol.
881 2274 912 2304 ιι,
925 2275 956 2297 n.

120 2290 156 2344 2:
178 2315 212 2337 re
226 2309 271 2336 ert
296 2305 429 2336 Justinus
450 2290 569 2346 dixisse
584 2304 706 2336 Lucium
723 2290 882 2346 martfrem
897 2290 957 2337 {Ir-

122 2345 190 2376 bico
221 2355 229 2377 :
271 2349 323 2374 Τοῦ
357 2346 403 2373 τὸν
446 2345 583 2384 ἄνθρωπον
619 2349 712 2374 τοῦτον
751 2345 883 2377 ἐκολάσω,
920 2347 953 2377 In

120 2391 249 2425 utroque
263 2385 330 2415 loco
346 2384 549 2425 suppldndum
566 2385 684 2416 videtur
699 2386 779 2425 χάριν
796 2390 865 2416 ante
881 2385 954 2416 illud

119 2425 291 2457 τοῦΤοῑιιιη
304 2425 384 2456 hunc
397 2425 548 2466 locum,ex
559 2434 620 2465 quo
637 2425 709 2456 illud
727 2425 792 2466 φατὲ
808 2425 956 2457 immerito

122 2466 356 2506 expungendum
373 2464 516 2496 censebat
531 2464 779 2506 Sylburgius,ope
794 2466 956 2498 aecuratio-

120 2505 168 2545 ris
182 2505 433 2546 interpunctionis
449 2509 584 2546 sanatum
605 2511 642 2536 et.
660 2505 838 2546 illustratum
854 2515 957 2546 spero.

163 2546 230 2584 (68)
246 2544 453 2585 BIGPdicxsoOat.
472 2544 720 2577 Subaudiendum
733 2544 897 2584 ἐπιτήδειον,
912 2547 958 2577 vel

119 2584 222 2617 simile
237 2585 428 2626 adjectivum,
443 2590 493 2626 aut
508 2585 668 2626 indicative
683 2587 842 2626 legendum
862 2586 959 2626 βιϐρώ-

119 2636 224 2666 σκεται,
241 2624 440 2657 SYLBIJRGIUS.
458 2625 542 2665 Legit
568 2624 733 2663 Thirlbius,
761 2627 819 2656 Ὀτι
834 2630 886 2655 πᾶν
900 2624 953 2657 λά-

118 2665 320 2706 χανονςχόρτος
336 2666 391 2694 ἐστὶ
403 2667 449 2694 καὶ
459 2665 649 2706 βιϐρώσκεται,

118 2709 129 2735 ι
172 2705 233 2745 (69)
249 2705 323 2734 Οὕτω
338 2706 381 2734 καὶ
397 2705 563 2742 ἀκαθάρτων.
582 2705 629 2737 Sic
655 2716 687 2738 se
711 2706 801 2738 habet
824 2707 856 2738 S.
880 2706 957 2738 Mar-

113 2745 174 2785 yris
197 2745 397 2776 ratiocinatio
427 2745 647 2787 interpretibus
671 2748 770 2779 minus
786 2751 954 2787 perspecta.

1001 2108 1294 2158 ii‘qnquodlegeulla
1307 2110 1479 2158 vetitalsint,
1493 2112 1552 2157 sed
1568 2112 1645 2158 quod
1661 2112 1749 2143 noxia
1759 2122 1777 2158 3_
1786 2113 1827 2158 ita

1000 2147 1047 2193 lex
1062 2147 1233 2193 abstinendi
1248 2148 1284 2179 ab
1297 2147 1477 2193 animalibus
1491 2147 1610 2193 injustis
1621 2158 1652 2182 et
1665 2147 1828 2193 rapacibus

999 2186 1293 2233 Noreimpositanon
1318 2190 1382 2233 fuit,
1400 2191 1453 2233 sed
1475 2186 1557 2222 vobis
1572 2193 1610 2222 ob
1632 2186 1756 2233 peccata
1769 2193 1828 2224 hoc

996 2229 1413 2272 jugumimponi‘oportebat.
1429 2230 1552 2262 Frustra
1577 2229 1648 2272 ergo
1674 2232 1830 2264 Tbirlbius

1003 2279 1016 2298 ι
1034 2268 1083 2312 hic
1092 2267 1205 2312 deesse
1217 2267 1316 2312 aliqua
1331 2270 1423 2312 multa
1439 2284 1453 2300 ιο
1471 2267 1680 2312 ορίιιειιιέθει.

1040 2307 1193 2353 Πολ-ξεπεὶ
1214 2307 1310 2338 “ai-=6
1325 2311 1421 2353 μάννα,
1440 2307 1499 2348 etc:
1527 2312 1609 2343 idem
1625 2316 1748 2344 tcstatur
1758 2313 1824 2345 Ire-

998 2357 1080 2390 naaus
1096 2348 1149 2390 lib.
1164 2354 1286 2390 tv,rcap.
1307 2350 1362 2381 i5:
1389 2348 1445 2382 «At
1467 2352 1518 2383 ubi
1533 2353 1669 2383 conversi
1684 2358 1764 2390 sunt,
1778 2355 1828 2385 in-

999 2389 1074 2429 quit,
1091 2389 1128 2419 ad
1145 2389 1227 2420 vituli
1254 2389 1425 2428 factionem,
1444 2397 1473 2422 et
1496 2393 1608 2424 reversi
1637 2399 1706 2424 sunt
1719 2395 1829 2425 animis

999 2429 1062 2459 suis
1079 2431 1110 2459 in
1121 2429 1282 2470 [Egyptum
1291 2454 1298 2469 ,
1307 2431 1386 2473 servi
1400 2440 1453 2473 pro
1465 2432 1567 2464 liberis
1579 2434 1825 2473 concupiscentes

1000 2478 1081 2514 esse,
1097 2472 1200 2514 aptam
1209 2471 1460 2514 concupiscentiae
1471 2482 1533 2504 sua:
1542 2471 1722 2514 acceperunt
1732 2475 1827 2506 servi-

1002 2513 1108 2555 tutem,
1120 2518 1137 2555 ιι
1151 2510 1213 2555 Deo
1227 2510 1347 2555 quidem
1358 2520 1420 2555 non
1431 2510 1668 2555 abscindentém,
1680 2515 1712 2545 in
1727 2516 1824 2546 servi-

1002 2551 1075 2590 tutis
1086 2553 1183 2581 autem
1193 2551 1268 2590 jugo
1285 2551 1487 2584 dominantem
1500 2555 1576 2584 eis.»
1593 2551 1674 2586 Idem
1690 2555 1830 2586 observa”:

1002 2589 1207 2636 _Tert_ullianus
1223 2590 1277 2636 lib.
1293 2599 1326 2628 ιι,
1338 2592 1409 2629 adv,
1425 2595 1707 2636 Marcionemlcap.
1726 2596 1772 2627 18.
1787 2600 1828 2628 At

998 2629 1168 2675 luculenter
1185 2631 1290 2662 eadem
1303 2633 1451 2675 sententia
1465 2629 1687 2675 exponitunlib:
1700 2643 1729 2666 VI
1745 2637 1828 2668 Con-

996 2672 1096 2712 ειιιιιι.
1112 2674 1226 2710 apost.,
1245 2680 1311 2712 cap.
1327 2671 1377 2704 20.

1040 2710 1100 2750 (71)
1116 2710 1340 2751 Παρεπιχρανατε.
1349 2736 1356 2744 .
1369 2737 1376 2746 .

996 2762 1043 2780 ναν
1051 2770 1071 2792 _.
1078 2775 1084 2783 .
1108 2752 1207 2782 αὐτῶν.

1405 2714 1489 2752 ὑμῶν.
1525 2714 1622 2746 Biblia
1637 2725 1644 2748 :
1659 2716 1831 2757 παρεπίκρα-ο
