  <div class='ocr_page' id='page_1' title='image "/cluster/home/n/w/nwhite01/storage/ocr_20150623/6/njp.32101077772364/315.png"; bbox 0 0 1981 3072; ppageno 0'>
   <div class='ocr_carea' id='block_1_1' title="bbox 209 105 1905 148">
    <p class='ocr_par' dir='ltr' id='par_1_1' title="bbox 209 105 1905 148">
     <span class='ocr_line' id='line_1_1' title="bbox 209 105 1905 148; baseline -0.006 2"><span class='ocrx_word' id='word_1_1' title='bbox 209 115 269 147; x_wconf 69' lang='lat'><strong>593</strong></span> <span class='ocrx_word' id='word_1_2' title='bbox 669 117 699 148; x_wconf 89' lang='lat' dir='ltr'><strong>S.</strong></span> <span class='ocrx_word' id='word_1_3' title='bbox 721 115 872 148; x_wconf 81' lang='lat' dir='ltr'><strong>JUSTINI</strong></span> <span class='ocrx_word' id='word_1_4' title='bbox 893 113 1122 147; x_wconf 85' lang='lat' dir='ltr'><strong>PHILOSOPHI</strong></span> <span class='ocrx_word' id='word_1_5' title='bbox 1144 110 1193 145; x_wconf 85' lang='lat' dir='ltr'><strong>ET</strong></span> <span class='ocrx_word' id='word_1_6' title='bbox 1215 113 1426 145; x_wconf 77' lang='lat' dir='ltr'><strong>MARTYRIS.</strong></span> <span class='ocrx_word' id='word_1_7' title='bbox 1847 105 1905 141; x_wconf 68' lang='lat'><strong>5‘24</strong></span> 
     </span>
    </p>
   </div>
   <div class='ocr_carea' id='block_1_2' title="bbox 209 177 1025 221">
    <p class='ocr_par' dir='ltr' id='par_1_2' title="bbox 209 180 1025 220">
     <span class='ocr_line' id='line_1_2' title="bbox 209 180 1025 220; baseline -0.001 -8"><span class='ocrx_word' id='word_1_8' title='bbox 209 185 278 212; x_wconf 85' lang='lat' dir='ltr'><strong>sunt</strong></span> <span class='ocrx_word' id='word_1_9' title='bbox 292 180 346 212; x_wconf 83' lang='lat' dir='ltr'><strong>sibi</strong></span> <span class='ocrx_word' id='word_1_10' title='bbox 372 181 445 220; x_wconf 82' lang='lat' dir='ltr'><strong>ipsis</strong></span> <span class='ocrx_word' id='word_1_11' title='bbox 469 180 578 212; x_wconf 87' lang='lat' dir='ltr'><strong>domus</strong></span> <span class='ocrx_word' id='word_1_12' title='bbox 604 181 706 213; x_wconf 84' lang='lat' dir='ltr'><strong>Israel.</strong></span> <span class='ocrx_word' id='word_1_13' title='bbox 724 182 859 212; x_wconf 82' lang='lat' dir='ltr'><strong>Transite</strong></span> <span class='ocrx_word' id='word_1_14' title='bbox 883 191 987 212; x_wconf 87' lang='lat' dir='ltr'><strong>omnes</strong></span> <span class='ocrx_word' id='word_1_15' title='bbox 1005 181 1025 211; x_wconf 85' lang='lat' dir='ltr'><strong>ii</strong></span> 
     </span>
    </p>
   </div>
   <div class='ocr_carea' id='block_1_3' title="bbox 1102 177 1904 221">
    <p class='ocr_par' dir='ltr' id='par_1_3' title="bbox 1102 177 1904 221">
     <span class='ocr_line' id='line_1_3' title="bbox 1102 177 1904 221; baseline -0.005 -13"><span class='ocrx_word' id='word_1_16' title='bbox 1102 192 1118 208; x_wconf 70' lang='lat' dir='ltr'><strong>tt.</strong></span> <span class='ocrx_word' id='word_1_17' title='bbox 1143 179 1206 221; x_wconf 76' lang='grc'>(81)</span> <span class='ocrx_word' id='word_1_18' title='bbox 1222 180 1265 208; x_wconf 74' lang='grc' dir='ltr'>ἐπὶ</span> <span class='ocrx_word' id='word_1_19' title='bbox 1280 187 1339 213; x_wconf 77' lang='grc' dir='ltr'>τοῖς</span> <span class='ocrx_word' id='word_1_20' title='bbox 1353 180 1490 220; x_wconf 75' lang='grc' dir='ltr'>ἀρχηγοτς</span> <span class='ocrx_word' id='word_1_21' title='bbox 1506 179 1690 219; x_wconf 77' lang='grc' dir='ltr'>ἆπετρύγησαν</span> <span class='ocrx_word' id='word_1_22' title='bbox 1705 179 1795 218; x_wconf 78' lang='grc' dir='ltr'>ἀρχὰς</span> <span class='ocrx_word' id='word_1_23' title='bbox 1811 177 1904 207; x_wconf 60' lang='lat' dir='ltr'><strong>levo-iv.</strong></span> 
     </span>
    </p>
   </div>
   <div class='ocr_carea' id='block_1_4' title="bbox 208 221 1025 265">
    <p class='ocr_par' dir='ltr' id='par_1_4' title="bbox 208 224 1025 265">
     <span class='ocr_line' id='line_1_4' title="bbox 208 224 1025 265; baseline 0 -9"><span class='ocrx_word' id='word_1_24' title='bbox 208 225 373 259; x_wconf 86' lang='lat' dir='ltr'><strong>Chalanen.</strong></span> <span class='ocrx_word' id='word_1_25' title='bbox 391 230 422 255; x_wconf 84' lang='lat' dir='ltr'><strong>et</strong></span> <span class='ocrx_word' id='word_1_26' title='bbox 437 224 547 262; x_wconf 87' lang='lat' dir='ltr'><strong>videte;</strong></span> <span class='ocrx_word' id='word_1_27' title='bbox 563 225 603 255; x_wconf 85' lang='lat' dir='ltr'><strong>ite</strong></span> <span class='ocrx_word' id='word_1_28' title='bbox 618 226 688 256; x_wconf 77' lang='lat' dir='ltr'><strong>inde</strong></span> <span class='ocrx_word' id='word_1_29' title='bbox 706 225 735 256; x_wconf 93' lang='lat' dir='ltr'><strong>in</strong></span> <span class='ocrx_word' id='word_1_30' title='bbox 760 226 866 257; x_wconf 82' lang='lat' dir='ltr'><strong>Amath</strong></span> <span class='ocrx_word' id='word_1_31' title='bbox 891 235 1025 265; x_wconf 86' lang='lat' dir='ltr'><strong>magnam</strong></span> 
     </span>
    </p>
   </div>
   <div class='ocr_carea' id='block_1_5' title="bbox 1102 221 1907 265">
    <p class='ocr_par' dir='ltr' id='par_1_5' title="bbox 1102 221 1907 264">
     <span class='ocr_line' id='line_1_5' title="bbox 1102 221 1907 264; baseline -0.006 -11"><span class='ocrx_word' id='word_1_32' title='bbox 1102 225 1202 259; x_wconf 61' lang='lat' dir='ltr'><strong>,o-ﬁmov</strong></span> <span class='ocrx_word' id='word_1_33' title='bbox 1225 226 1331 257; x_wconf 74' lang='grc' dir='ltr'>ἑαυτοῖς</span> <span class='ocrx_word' id='word_1_34' title='bbox 1359 226 1437 257; x_wconf 86' lang='grc' dir='ltr'>οῖκος</span> <span class='ocrx_word' id='word_1_35' title='bbox 1461 223 1524 264; x_wconf 75' lang='grc'><strong>(82)</strong></span> <span class='ocrx_word' id='word_1_36' title='bbox 1555 223 1674 260; x_wconf 75' lang='grc' dir='ltr'>Ἰσραὴλ.</span> <span class='ocrx_word' id='word_1_37' title='bbox 1708 221 1824 256; x_wconf 76' lang='grc' dir='ltr'>Διάϐητε</span> <span class='ocrx_word' id='word_1_38' title='bbox 1839 221 1907 250; x_wconf 81' lang='grc' dir='ltr'>πάν-</span> 
     </span>
    </p>
   </div>
   <div class='ocr_carea' id='block_1_6' title="bbox 209 267 1025 310">
    <p class='ocr_par' dir='ltr' id='par_1_6' title="bbox 209 269 1025 310">
     <span class='ocr_line' id='line_1_6' title="bbox 209 269 1025 310; baseline 0 -10"><span class='ocrx_word' id='word_1_39' title='bbox 209 269 420 300; x_wconf 88' lang='lat' dir='ltr'><strong>etdescendite</strong></span> <span class='ocrx_word' id='word_1_40' title='bbox 435 270 504 300; x_wconf 89' lang='lat' dir='ltr'><strong>inde</strong></span> <span class='ocrx_word' id='word_1_41' title='bbox 521 270 549 300; x_wconf 90' lang='lat' dir='ltr'><strong>in</strong></span> <span class='ocrx_word' id='word_1_42' title='bbox 567 270 641 301; x_wconf 89' lang='lat' dir='ltr'><strong>Geth</strong></span> <span class='ocrx_word' id='word_1_43' title='bbox 663 270 914 310; x_wconf 78' lang='lat' dir='ltr'><strong>alienigenarum‘,</strong></span> <span class='ocrx_word' id='word_1_44' title='bbox 929 271 1025 310; x_wconf 65' lang='lat' dir='ltr'><strong>optim;</strong></span> 
     </span>
    </p>
   </div>
   <div class='ocr_carea' id='block_1_7' title="bbox 1102 267 1907 310">
    <p class='ocr_par' dir='ltr' id='par_1_7' title="bbox 1102 267 1907 310">
     <span class='ocr_line' id='line_1_7' title="bbox 1102 267 1907 310; baseline -0.006 -12"><span class='ocrx_word' id='word_1_45' title='bbox 1102 281 1125 302; x_wconf 78' lang='grc' dir='ltr'><strong>ες</strong></span> <span class='ocrx_word' id='word_1_46' title='bbox 1156 270 1214 310; x_wconf 76' lang='grc'><strong>183)</strong></span> <span class='ocrx_word' id='word_1_47' title='bbox 1248 271 1285 301; x_wconf 78' lang='grc' dir='ltr'><strong>εἰς</strong></span> <span class='ocrx_word' id='word_1_48' title='bbox 1330 270 1466 310; x_wconf 80' lang='grc' dir='ltr'>Χαλσίνην,</span> <span class='ocrx_word' id='word_1_49' title='bbox 1496 270 1541 297; x_wconf 86' lang='grc' dir='ltr'>καὶ</span> <span class='ocrx_word' id='word_1_50' title='bbox 1570 268 1654 308; x_wconf 78' lang='grc' dir='ltr'>ἴδετε,</span> <span class='ocrx_word' id='word_1_51' title='bbox 1688 269 1732 296; x_wconf 81' lang='grc' dir='ltr'><strong>καὶ</strong></span> <span class='ocrx_word' id='word_1_52' title='bbox 1758 267 1907 306; x_wconf 75' lang='grc' dir='ltr'><strong>πορεύθητι</strong></span> 
     </span>
    </p>
   </div>
   <div class='ocr_carea' id='block_1_8' title="bbox 210 310 1025 355">
    <p class='ocr_par' dir='ltr' id='par_1_8' title="bbox 210 313 1025 355">
     <span class='ocr_line' id='line_1_8' title="bbox 210 313 1025 355; baseline 0.001 -11"><span class='ocrx_word' id='word_1_53' title='bbox 210 323 243 344; x_wconf 81' lang='lat' dir='ltr'><strong>ex</strong></span> <span class='ocrx_word' id='word_1_54' title='bbox 261 313 400 345; x_wconf 86' lang='lat' dir='ltr'><strong>omnibus</strong></span> <span class='ocrx_word' id='word_1_55' title='bbox 416 314 517 353; x_wconf 80' lang='lat' dir='ltr'><strong>regnis</strong></span> <span class='ocrx_word' id='word_1_56' title='bbox 532 313 591 351; x_wconf 87' lang='lat' dir='ltr'><strong>his;</strong></span> <span class='ocrx_word' id='word_1_57' title='bbox 608 314 632 345; x_wconf 92' lang='lat' dir='ltr'><strong>si</strong></span> <span class='ocrx_word' id='word_1_58' title='bbox 648 315 811 355; x_wconf 82' lang='lat' dir='ltr'><strong>ampliores</strong></span> <span class='ocrx_word' id='word_1_59' title='bbox 834 319 903 345; x_wconf 91' lang='lat' dir='ltr'><strong>sunt</strong></span> <span class='ocrx_word' id='word_1_60' title='bbox 916 315 1025 346; x_wconf 88' lang='lat' dir='ltr'><strong>termin</strong></span> 
     </span>
    </p>
   </div>
   <div class='ocr_carea' id='block_1_9' title="bbox 1102 310 1905 355">
    <p class='ocr_par' dir='ltr' id='par_1_9' title="bbox 1102 310 1905 353">
     <span class='ocr_line' id='line_1_9' title="bbox 1102 310 1905 353; baseline -0.007 -9"><span class='ocrx_word' id='word_1_61' title='bbox 1102 317 1181 344; x_wconf 75' lang='grc' dir='ltr'>ιεϊθεν</span> <span class='ocrx_word' id='word_1_62' title='bbox 1210 315 1247 347; x_wconf 75' lang='grc' dir='ltr'><strong>εἰς</strong></span> <span class='ocrx_word' id='word_1_63' title='bbox 1273 315 1360 353; x_wconf 79' lang='grc' dir='ltr'>Ἀμὰο</span> <span class='ocrx_word' id='word_1_64' title='bbox 1387 314 1437 348; x_wconf 77' lang='grc' dir='ltr'>-ιὴν</span> <span class='ocrx_word' id='word_1_65' title='bbox 1461 313 1595 353; x_wconf 88' lang='grc' dir='ltr'>μεγάλην,</span> <span class='ocrx_word' id='word_1_66' title='bbox 1618 314 1662 341; x_wconf 78' lang='grc' dir='ltr'><strong>καὶ</strong></span> <span class='ocrx_word' id='word_1_67' title='bbox 1677 310 1813 345; x_wconf 79' lang='grc' dir='ltr'>κατάϐητε</span> <span class='ocrx_word' id='word_1_68' title='bbox 1828 311 1905 339; x_wconf 72' lang='grc' dir='ltr'>ἐκεῖ·</span> 
     </span>
    </p>
   </div>
   <div class='ocr_carea' id='block_1_10' title="bbox 211 355 1025 399">
    <p class='ocr_par' dir='ltr' id='par_1_10' title="bbox 211 358 1024 391">
     <span class='ocr_line' id='line_1_10' title="bbox 211 358 1024 391; baseline 0 -2"><span class='ocrx_word' id='word_1_69' title='bbox 211 367 314 389; x_wconf 88' lang='lat' dir='ltr'><strong>eorum</strong></span> <span class='ocrx_word' id='word_1_70' title='bbox 332 358 467 389; x_wconf 79' lang='lat' dir='ltr'><strong>terminis</strong></span> <span class='ocrx_word' id='word_1_71' title='bbox 480 358 765 391; x_wconf 86' lang='lat' dir='ltr'><strong>vestris.Venientes</strong></span> <span class='ocrx_word' id='word_1_72' title='bbox 780 360 810 389; x_wconf 93' lang='lat' dir='ltr'><strong>in</strong></span> <span class='ocrx_word' id='word_1_73' title='bbox 820 359 898 389; x_wconf 88' lang='lat' dir='ltr'><strong>diem</strong></span> <span class='ocrx_word' id='word_1_74' title='bbox 913 359 1024 390; x_wconf 88' lang='lat' dir='ltr'><strong>malum</strong></span> 
     </span>
    </p>
   </div>
   <div class='ocr_carea' id='block_1_11' title="bbox 1102 355 1903 399">
    <p class='ocr_par' dir='ltr' id='par_1_11' title="bbox 1102 355 1903 399">
     <span class='ocr_line' id='line_1_11' title="bbox 1102 355 1903 399; baseline -0.006 -11"><span class='ocrx_word' id='word_1_75' title='bbox 1102 371 1121 388; x_wconf 67' lang='grc' dir='ltr'><strong>ιν</strong></span> <span class='ocrx_word' id='word_1_76' title='bbox 1146 361 1182 393; x_wconf 72' lang='grc' dir='ltr'>εἷς</span> <span class='ocrx_word' id='word_1_77' title='bbox 1209 360 1257 388; x_wconf 76' lang='grc' dir='ltr'><strong>Γὲο</strong></span> <span class='ocrx_word' id='word_1_78' title='bbox 1285 362 1339 388; x_wconf 88' lang='grc' dir='ltr'><strong>τῶν</strong></span> <span class='ocrx_word' id='word_1_79' title='bbox 1364 358 1532 399; x_wconf 79' lang='grc' dir='ltr'>ἀλλοφύλων,</span> <span class='ocrx_word' id='word_1_80' title='bbox 1561 358 1608 390; x_wconf 82' lang='grc' dir='ltr'><strong>τὰς</strong></span> <span class='ocrx_word' id='word_1_81' title='bbox 1644 357 1784 397; x_wconf 78' lang='grc' dir='ltr'>κρατίστας</span> <span class='ocrx_word' id='word_1_82' title='bbox 1801 355 1831 384; x_wconf 80' lang='grc' dir='ltr'>ἐκ</span> <span class='ocrx_word' id='word_1_83' title='bbox 1852 367 1903 384; x_wconf 85' lang='grc' dir='ltr'>πα-</span> 
     </span>
    </p>
   </div>
   <div class='ocr_carea' id='block_1_12' title="bbox 208 403 1036 444">
    <p class='ocr_par' dir='ltr' id='par_1_12' title="bbox 208 403 1036 444">
     <span class='ocr_line' id='line_1_12' title="bbox 208 403 1036 444; baseline 0.001 -11"><span class='ocrx_word' id='word_1_84' title='bbox 208 403 493 443; x_wconf 75' lang='lat' dir='ltr'><strong>appropinquantes,</strong></span> <span class='ocrx_word' id='word_1_85' title='bbox 512 408 541 434; x_wconf 92' lang='lat' dir='ltr'><strong>et</strong></span> <span class='ocrx_word' id='word_1_86' title='bbox 555 408 712 441; x_wconf 77' lang='lat' dir='ltr'><strong>tangentes</strong></span> <span class='ocrx_word' id='word_1_87' title='bbox 733 403 855 434; x_wconf 88' lang='lat' dir='ltr'><strong>sabbata</strong></span> <span class='ocrx_word' id='word_1_88' title='bbox 870 404 1036 444; x_wconf 81' lang='lat' dir='ltr'><strong>mendacia,</strong></span> 
     </span>
    </p>
   </div>
   <div class='ocr_carea' id='block_1_13' title="bbox 211 447 1037 488">
    <p class='ocr_par' dir='ltr' id='par_1_13' title="bbox 211 447 1037 488">
     <span class='ocr_line' id='line_1_13' title="bbox 211 447 1037 488; baseline 0 -10"><span class='ocrx_word' id='word_1_89' title='bbox 211 447 394 478; x_wconf 79' lang='lat' dir='ltr'><strong>dormientes</strong></span> <span class='ocrx_word' id='word_1_90' title='bbox 410 449 440 478; x_wconf 93' lang='lat' dir='ltr'><strong>in</strong></span> <span class='ocrx_word' id='word_1_91' title='bbox 454 448 539 478; x_wconf 83' lang='lat' dir='ltr'><strong>lectis</strong></span> <span class='ocrx_word' id='word_1_92' title='bbox 551 448 863 488; x_wconf 84' lang='lat' dir='ltr'><strong>eburneis,afﬁuentes</strong></span> <span class='ocrx_word' id='word_1_93' title='bbox 875 448 992 479; x_wconf 89' lang='lat' dir='ltr'><strong>deliciis</strong></span> <span class='ocrx_word' id='word_1_94' title='bbox 1007 448 1037 479; x_wconf 93' lang='lat' dir='ltr'><strong>in</strong></span> 
     </span>
    </p>
   </div>
   <div class='ocr_carea' id='block_1_14' title="bbox 209 492 1036 533">
    <p class='ocr_par' dir='ltr' id='par_1_14' title="bbox 209 492 1036 533">
     <span class='ocr_line' id='line_1_14' title="bbox 209 492 1036 533; baseline 0.002 -11"><span class='ocrx_word' id='word_1_95' title='bbox 209 493 308 522; x_wconf 87' lang='lat' dir='ltr'><strong>stratis</strong></span> <span class='ocrx_word' id='word_1_96' title='bbox 319 492 392 529; x_wconf 86' lang='lat' dir='ltr'><strong>suis,</strong></span> <span class='ocrx_word' id='word_1_97' title='bbox 416 492 465 532; x_wconf 93' lang='lat' dir='ltr'><strong>qui</strong></span> <span class='ocrx_word' id='word_1_98' title='bbox 491 492 584 524; x_wconf 84' lang='lat' dir='ltr'><strong>edunt</strong></span> <span class='ocrx_word' id='word_1_99' title='bbox 599 502 690 532; x_wconf 88' lang='lat' dir='ltr'><strong>agnos</strong></span> <span class='ocrx_word' id='word_1_100' title='bbox 702 493 739 523; x_wconf 89' lang='lat' dir='ltr'><strong>de</strong></span> <span class='ocrx_word' id='word_1_101' title='bbox 754 493 908 533; x_wconf 78' lang='lat' dir='ltr'><strong>gregibus,</strong></span> <span class='ocrx_word' id='word_1_102' title='bbox 923 497 952 523; x_wconf 88' lang='lat' dir='ltr'><strong>et</strong></span> <span class='ocrx_word' id='word_1_103' title='bbox 976 494 1036 524; x_wconf 90' lang='lat' dir='ltr'><strong>lac-</strong></span> 
     </span>
    </p>
   </div>
   <div class='ocr_carea' id='block_1_15' title="bbox 211 536 1036 578">
    <p class='ocr_par' dir='ltr' id='par_1_15' title="bbox 211 536 1036 578">
     <span class='ocr_line' id='line_1_15' title="bbox 211 536 1036 578; baseline 0.004 -12"><span class='ocrx_word' id='word_1_104' title='bbox 211 539 306 567; x_wconf 83' lang='lat' dir='ltr'><strong>tentes</strong></span> <span class='ocrx_word' id='word_1_105' title='bbox 322 537 426 567; x_wconf 88' lang='lat' dir='ltr'><strong>vitulos</strong></span> <span class='ocrx_word' id='word_1_106' title='bbox 442 536 478 567; x_wconf 91' lang='lat' dir='ltr'><strong>de</strong></span> <span class='ocrx_word' id='word_1_107' title='bbox 494 536 592 567; x_wconf 90' lang='lat' dir='ltr'><strong>medio</strong></span> <span class='ocrx_word' id='word_1_108' title='bbox 610 542 827 574; x_wconf 90' lang='lat' dir='ltr'><strong>armentorum,</strong></span> <span class='ocrx_word' id='word_1_109' title='bbox 846 537 895 578; x_wconf 91' lang='lat' dir='ltr'><strong>qui</strong></span> <span class='ocrx_word' id='word_1_110' title='bbox 910 538 1036 578; x_wconf 84' lang='lat' dir='ltr'><strong>applau-</strong></span> 
     </span>
    </p>
   </div>
   <div class='ocr_carea' id='block_1_16' title="bbox 208 580 1035 622">
    <p class='ocr_par' dir='ltr' id='par_1_16' title="bbox 208 580 1035 622">
     <span class='ocr_line' id='line_1_16' title="bbox 208 580 1035 622; baseline 0.004 -12"><span class='ocrx_word' id='word_1_111' title='bbox 208 580 282 611; x_wconf 92' lang='lat' dir='ltr'><strong>dunt</strong></span> <span class='ocrx_word' id='word_1_112' title='bbox 306 581 340 610; x_wconf 87' lang='lat' dir='ltr'><strong>ad</strong></span> <span class='ocrx_word' id='word_1_113' title='bbox 358 590 458 611; x_wconf 88' lang='lat' dir='ltr'><strong>vocem</strong></span> <span class='ocrx_word' id='word_1_114' title='bbox 475 590 665 620; x_wconf 83' lang='lat' dir='ltr'><strong>organorum,</strong></span> <span class='ocrx_word' id='word_1_115' title='bbox 683 581 768 622; x_wconf 80' lang='lat' dir='ltr'><strong>quasi</strong></span> <span class='ocrx_word' id='word_1_116' title='bbox 790 584 895 612; x_wconf 89' lang='lat' dir='ltr'><strong>stantia</strong></span> <span class='ocrx_word' id='word_1_117' title='bbox 911 586 1035 622; x_wconf 81' lang='lat' dir='ltr'><strong>putave-</strong></span> 
     </span>
    </p>
   </div>
   <div class='ocr_carea' id='block_1_17' title="bbox 207 626 1035 668">
    <p class='ocr_par' dir='ltr' id='par_1_17' title="bbox 207 626 1035 668">
     <span class='ocr_line' id='line_1_17' title="bbox 207 626 1035 668; baseline 0.001 -11"><span class='ocrx_word' id='word_1_118' title='bbox 207 629 286 663; x_wconf 88' lang='lat' dir='ltr'><strong>runt,</strong></span> <span class='ocrx_word' id='word_1_119' title='bbox 304 630 333 656; x_wconf 86' lang='lat' dir='ltr'><strong>et</strong></span> <span class='ocrx_word' id='word_1_120' title='bbox 347 636 406 657; x_wconf 90' lang='lat' dir='ltr'><strong>non</strong></span> <span class='ocrx_word' id='word_1_121' title='bbox 421 627 505 666; x_wconf 86' lang='lat' dir='ltr'><strong>quasi</strong></span> <span class='ocrx_word' id='word_1_122' title='bbox 521 626 732 666; x_wconf 83' lang='lat' dir='ltr'><strong>fugientia.Qui</strong></span> <span class='ocrx_word' id='word_1_123' title='bbox 748 627 854 658; x_wconf 89' lang='lat' dir='ltr'><strong>bibunt</strong></span> <span class='ocrx_word' id='word_1_124' title='bbox 871 627 977 668; x_wconf 86' lang='lat' dir='ltr'><strong>phialis</strong></span> <span class='ocrx_word' id='word_1_125' title='bbox 990 628 1035 658; x_wconf 90' lang='lat' dir='ltr'><strong>vi-</strong></span> 
     </span>
    </p>
   </div>
   <div class='ocr_carea' id='block_1_18' title="bbox 207 671 1034 713">
    <p class='ocr_par' dir='ltr' id='par_1_18' title="bbox 207 671 1034 713">
     <span class='ocr_line' id='line_1_18' title="bbox 207 671 1034 713; baseline 0.002 -12"><span class='ocrx_word' id='word_1_126' title='bbox 207 680 292 711; x_wconf 85' lang='lat' dir='ltr'><strong>num,</strong></span> <span class='ocrx_word' id='word_1_127' title='bbox 308 675 337 701; x_wconf 88' lang='lat' dir='ltr'><strong>et</strong></span> <span class='ocrx_word' id='word_1_128' title='bbox 347 671 450 710; x_wconf 89' lang='lat' dir='ltr'><strong>primis</strong></span> <span class='ocrx_word' id='word_1_129' title='bbox 465 671 623 710; x_wconf 80' lang='lat' dir='ltr'><strong>unguentis</strong></span> <span class='ocrx_word' id='word_1_130' title='bbox 638 676 790 711; x_wconf 89' lang='lat' dir='ltr'><strong>unguntur</strong></span> <span class='ocrx_word' id='word_1_131' title='bbox 805 677 834 703; x_wconf 89' lang='lat' dir='ltr'><strong>et</strong></span> <span class='ocrx_word' id='word_1_132' title='bbox 848 672 922 703; x_wconf 91' lang='lat' dir='ltr'><strong>nihil</strong></span> <span class='ocrx_word' id='word_1_133' title='bbox 939 673 1034 713; x_wconf 87' lang='lat' dir='ltr'><strong>patie-</strong></span> 
     </span>
    </p>
   </div>
   <div class='ocr_carea' id='block_1_19' title="bbox 206 715 1035 756">
    <p class='ocr_par' dir='ltr' id='par_1_19' title="bbox 206 715 1035 756">
     <span class='ocr_line' id='line_1_19' title="bbox 206 715 1035 756; baseline 0.001 -10"><span class='ocrx_word' id='word_1_134' title='bbox 206 715 313 747; x_wconf 85' lang='lat' dir='ltr'><strong>bantur</strong></span> <span class='ocrx_word' id='word_1_135' title='bbox 327 724 418 756; x_wconf 87' lang='lat' dir='ltr'><strong>super</strong></span> <span class='ocrx_word' id='word_1_136' title='bbox 427 715 606 746; x_wconf 86' lang='lat' dir='ltr'><strong>contritione</strong></span> <span class='ocrx_word' id='word_1_137' title='bbox 619 715 740 756; x_wconf 82' lang='lat' dir='ltr'><strong>Joseph.</strong></span> <span class='ocrx_word' id='word_1_138' title='bbox 757 715 943 756; x_wconf 83' lang='lat' dir='ltr'><strong>Quapropter</strong></span> <span class='ocrx_word' id='word_1_139' title='bbox 956 726 1035 748; x_wconf 89' lang='lat' dir='ltr'><strong>nunc</strong></span> 
     </span>
    </p>
   </div>
   <div class='ocr_carea' id='block_1_20' title="bbox 206 759 1038 800">
    <p class='ocr_par' dir='ltr' id='par_1_20' title="bbox 206 759 1038 800">
     <span class='ocr_line' id='line_1_20' title="bbox 206 759 1038 800; baseline -0.002 -9"><span class='ocrx_word' id='word_1_140' title='bbox 206 760 314 800; x_wconf 85' lang='lat' dir='ltr'><strong>captivi</strong></span> <span class='ocrx_word' id='word_1_141' title='bbox 330 760 455 791; x_wconf 88' lang='lat' dir='ltr'><strong>eruntin</strong></span> <span class='ocrx_word' id='word_1_142' title='bbox 472 760 569 800; x_wconf 88' lang='lat' dir='ltr'><strong>primo</strong></span> <span class='ocrx_word' id='word_1_143' title='bbox 586 759 691 791; x_wconf 90' lang='lat' dir='ltr'><strong>ordine</strong></span> <span class='ocrx_word' id='word_1_144' title='bbox 702 760 879 800; x_wconf 89' lang='lat' dir='ltr'><strong>optimatum</strong></span> <span class='ocrx_word' id='word_1_145' title='bbox 890 761 948 792; x_wconf 90' lang='lat' dir='ltr'><strong>alio</strong></span> <span class='ocrx_word' id='word_1_146' title='bbox 959 765 1038 792; x_wconf 89' lang='lat' dir='ltr'><strong>tran-</strong></span> 
     </span>
    </p>
   </div>
   <div class='ocr_carea' id='block_1_21' title="bbox 209 804 1036 836">
    <p class='ocr_par' dir='ltr' id='par_1_21' title="bbox 209 804 1036 836">
     <span class='ocr_line' id='line_1_21' title="bbox 209 804 1036 836; baseline 0.001 -1"><span class='ocrx_word' id='word_1_147' title='bbox 209 805 356 836; x_wconf 86' lang='lat' dir='ltr'><strong>seuntium</strong></span> <span class='ocrx_word' id='word_1_148' title='bbox 371 810 400 835; x_wconf 87' lang='lat' dir='ltr'><strong>et</strong></span> <span class='ocrx_word' id='word_1_149' title='bbox 413 804 658 836; x_wconf 90' lang='lat' dir='ltr'><strong>transmutabitur</strong></span> <span class='ocrx_word' id='word_1_150' title='bbox 677 805 865 836; x_wconf 84' lang='lat' dir='ltr'><strong>domicilium</strong></span> <span class='ocrx_word' id='word_1_151' title='bbox 883 805 1036 836; x_wconf 90' lang='lat' dir='ltr'><strong>maleﬁco-</strong></span> 
     </span>
    </p>
   </div>
   <div class='ocr_carea' id='block_1_22' title="bbox 1079 400 1901 444">
    <p class='ocr_par' dir='ltr' id='par_1_22' title="bbox 1079 400 1901 444">
     <span class='ocr_line' id='line_1_22' title="bbox 1079 400 1901 444; baseline -0.006 -11"><span class='ocrx_word' id='word_1_152' title='bbox 1079 408 1133 433; x_wconf 85' lang='grc' dir='ltr'><strong>σῶν</strong></span> <span class='ocrx_word' id='word_1_153' title='bbox 1161 408 1214 433; x_wconf 84' lang='grc' dir='ltr'>τῶν</span> <span class='ocrx_word' id='word_1_154' title='bbox 1243 405 1384 443; x_wconf 67' lang='grc' dir='ltr'>βασιλειῶν</span> <span class='ocrx_word' id='word_1_155' title='bbox 1405 405 1518 444; x_wconf 82' lang='grc' dir='ltr'>τούτων,</span> <span class='ocrx_word' id='word_1_156' title='bbox 1545 404 1566 431; x_wconf 84' lang='grc' dir='ltr'>εἷ</span> <span class='ocrx_word' id='word_1_157' title='bbox 1595 402 1704 431; x_wconf 78' lang='grc' dir='ltr'><strong>πλείονα</strong></span> <span class='ocrx_word' id='word_1_158' title='bbox 1725 401 1780 430; x_wconf 69' lang='grc' dir='ltr'>ἐστὶ</span> <span class='ocrx_word' id='word_1_159' title='bbox 1794 402 1827 430; x_wconf 84' lang='grc' dir='ltr'><strong>τὰ</strong></span> <span class='ocrx_word' id='word_1_160' title='bbox 1842 400 1901 440; x_wconf 79' lang='grc' dir='ltr'>ὅρια</span> 
     </span>
    </p>
   </div>
   <div class='ocr_carea' id='block_1_23' title="bbox 1078 446 1899 489">
    <p class='ocr_par' dir='ltr' id='par_1_23' title="bbox 1078 446 1899 489">
     <span class='ocr_line' id='line_1_23' title="bbox 1078 446 1899 489; baseline -0.006 -11"><span class='ocrx_word' id='word_1_161' title='bbox 1078 450 1164 478; x_wconf 73' lang='grc' dir='ltr'>αὐτῶν</span> <span class='ocrx_word' id='word_1_162' title='bbox 1189 451 1241 478; x_wconf 83' lang='grc' dir='ltr'><strong>τῶν</strong></span> <span class='ocrx_word' id='word_1_163' title='bbox 1271 450 1349 489; x_wconf 81' lang='grc' dir='ltr'>ὁρίων</span> <span class='ocrx_word' id='word_1_164' title='bbox 1387 449 1473 486; x_wconf 74' lang='grc' dir='ltr'>ὑμῶν,</span> <span class='ocrx_word' id='word_1_165' title='bbox 1503 450 1534 477; x_wconf 77' lang='grc' dir='ltr'><strong>Οἱ</strong></span> <span class='ocrx_word' id='word_1_166' title='bbox 1563 448 1704 488; x_wconf 78' lang='grc' dir='ltr'>ἐρχόμενοι</span> <span class='ocrx_word' id='word_1_167' title='bbox 1736 446 1899 485; x_wconf 68' lang='grc' dir='ltr'>εἶςιὴμέραν</span> 
     </span>
    </p>
   </div>
   <div class='ocr_carea' id='block_1_24' title="bbox 1077 489 1900 533">
    <p class='ocr_par' dir='ltr' id='par_1_24' title="bbox 1077 489 1900 533">
     <span class='ocr_line' id='line_1_24' title="bbox 1077 489 1900 533; baseline -0.006 -11"><span class='ocrx_word' id='word_1_168' title='bbox 1077 495 1207 533; x_wconf 84' lang='grc' dir='ltr'>πονηρὰν,</span> <span class='ocrx_word' id='word_1_169' title='bbox 1231 494 1255 522; x_wconf 85' lang='grc' dir='ltr'>οἱ</span> <span class='ocrx_word' id='word_1_170' title='bbox 1276 494 1434 533; x_wconf 64' lang='grc' dir='ltr'>ἐγγίζοντες,</span> <span class='ocrx_word' id='word_1_171' title='bbox 1472 493 1516 521; x_wconf 79' lang='grc' dir='ltr'>καὶ</span> <span class='ocrx_word' id='word_1_172' title='bbox 1545 491 1722 533; x_wconf 76' lang='grc' dir='ltr'><strong>ἐφαπτόμενοι</strong></span> <span class='ocrx_word' id='word_1_173' title='bbox 1759 489 1900 519; x_wconf 77' lang='grc' dir='ltr'>σαϐϐάτων</span> 
     </span>
    </p>
   </div>
   <div class='ocr_carea' id='block_1_25' title="bbox 1077 535 1901 577">
    <p class='ocr_par' dir='ltr' id='par_1_25' title="bbox 1077 535 1901 577">
     <span class='ocr_line' id='line_1_25' title="bbox 1077 535 1901 577; baseline -0.006 -10"><span class='ocrx_word' id='word_1_174' title='bbox 1077 539 1180 576; x_wconf 72' lang='grc' dir='ltr'>ψευδῶν</span> <span class='ocrx_word' id='word_1_175' title='bbox 1195 550 1202 557; x_wconf 88' lang='grc'>·</span> <span class='ocrx_word' id='word_1_176' title='bbox 1228 540 1252 567; x_wconf 78' lang='grc' dir='ltr'>οἱ</span> <span class='ocrx_word' id='word_1_177' title='bbox 1271 538 1434 576; x_wconf 74' lang='grc' dir='ltr'>κοιμώμενοι</span> <span class='ocrx_word' id='word_1_178' title='bbox 1455 539 1500 566; x_wconf 63' lang='grc' dir='ltr'><strong>επὶ</strong></span> <span class='ocrx_word' id='word_1_179' title='bbox 1525 537 1624 566; x_wconf 74' lang='grc' dir='ltr'>κλινῶν</span> <span class='ocrx_word' id='word_1_180' title='bbox 1640 536 1826 577; x_wconf 72' lang='grc' dir='ltr'>ἐλεφαντίνων,</span> <span class='ocrx_word' id='word_1_181' title='bbox 1856 535 1901 563; x_wconf 87' lang='grc' dir='ltr'>καὶ</span> 
     </span>
    </p>
   </div>
   <div class='ocr_carea' id='block_1_26' title="bbox 1077 580 1901 621">
    <p class='ocr_par' dir='ltr' id='par_1_26' title="bbox 1077 580 1901 621">
     <span class='ocr_line' id='line_1_26' title="bbox 1077 580 1901 621; baseline -0.005 -9"><span class='ocrx_word' id='word_1_182' title='bbox 1077 583 1334 614; x_wconf 84' lang='grc' dir='ltr'>κατασπαταλῶντες</span> <span class='ocrx_word' id='word_1_183' title='bbox 1370 582 1413 610; x_wconf 81' lang='grc' dir='ltr'>ἐπὶ</span> <span class='ocrx_word' id='word_1_184' title='bbox 1447 590 1508 615; x_wconf 82' lang='grc' dir='ltr'>ταῖς</span> <span class='ocrx_word' id='word_1_185' title='bbox 1539 588 1691 621; x_wconf 76' lang='grc' dir='ltr'>στρωμναῖς</span> <span class='ocrx_word' id='word_1_186' title='bbox 1726 583 1811 610; x_wconf 74' lang='grc' dir='ltr'>αὐτῶν</span> <span class='ocrx_word' id='word_1_187' title='bbox 1829 590 1837 598; x_wconf 85' lang='grc'><em>’</em></span> <span class='ocrx_word' id='word_1_188' title='bbox 1877 580 1901 608; x_wconf 77' lang='grc' dir='ltr'>οἱ</span> 
     </span>
    </p>
   </div>
   <div class='ocr_carea' id='block_1_27' title="bbox 1077 626 1903 668">
    <p class='ocr_par' dir='ltr' id='par_1_27' title="bbox 1077 626 1903 668">
     <span class='ocr_line' id='line_1_27' title="bbox 1077 626 1903 668; baseline -0.004 -12"><span class='ocrx_word' id='word_1_189' title='bbox 1077 628 1206 660; x_wconf 78' lang='grc' dir='ltr'>ἐσθίοντες</span> <span class='ocrx_word' id='word_1_190' title='bbox 1231 627 1310 668; x_wconf 79' lang='grc' dir='ltr'>ἄρνας</span> <span class='ocrx_word' id='word_1_191' title='bbox 1332 629 1364 656; x_wconf 62' lang='grc' dir='ltr'>ὲκ</span> <span class='ocrx_word' id='word_1_192' title='bbox 1388 629 1531 666; x_wconf 75' lang='grc' dir='ltr'>ποιμνίων,</span> <span class='ocrx_word' id='word_1_193' title='bbox 1560 628 1604 656; x_wconf 79' lang='grc' dir='ltr'>καὶ</span> <span class='ocrx_word' id='word_1_194' title='bbox 1619 627 1757 666; x_wconf 78' lang='grc' dir='ltr'>μοσχάρια</span> <span class='ocrx_word' id='word_1_195' title='bbox 1772 626 1802 654; x_wconf 74' lang='grc' dir='ltr'>ἐκ</span> <span class='ocrx_word' id='word_1_196' title='bbox 1817 626 1903 663; x_wconf 82' lang='grc' dir='ltr'>μέσου</span> 
     </span>
    </p>
   </div>
   <div class='ocr_carea' id='block_1_28' title="bbox 1076 670 1902 712">
    <p class='ocr_par' dir='ltr' id='par_1_28' title="bbox 1076 670 1902 712">
     <span class='ocr_line' id='line_1_28' title="bbox 1076 670 1902 712; baseline -0.005 -11"><span class='ocrx_word' id='word_1_197' title='bbox 1076 672 1221 711; x_wconf 85' lang='grc' dir='ltr'>βουκολίων</span> <span class='ocrx_word' id='word_1_198' title='bbox 1236 672 1374 712; x_wconf 82' lang='grc' dir='ltr'>γαλαθηνά</span> <span class='ocrx_word' id='word_1_199' title='bbox 1392 680 1399 687; x_wconf 94' lang='lat'>&#39;</span> <span class='ocrx_word' id='word_1_200' title='bbox 1426 674 1450 700; x_wconf 82' lang='grc' dir='ltr'>οἱ</span> <span class='ocrx_word' id='word_1_201' title='bbox 1479 672 1678 712; x_wconf 75' lang='grc' dir='ltr'>ἑπικροτοῠντες</span> <span class='ocrx_word' id='word_1_202' title='bbox 1769 671 1834 710; x_wconf 85' lang='grc' dir='ltr'>πρὸς</span> <span class='ocrx_word' id='word_1_203' title='bbox 1850 670 1902 703; x_wconf 78' lang='grc' dir='ltr'>τὴν</span> 
     </span>
    </p>
   </div>
   <div class='ocr_carea' id='block_1_29' title="bbox 1076 715 1902 757">
    <p class='ocr_par' dir='ltr' id='par_1_29' title="bbox 1076 715 1902 757">
     <span class='ocr_line' id='line_1_29' title="bbox 1076 715 1902 757; baseline -0.004 -12"><span class='ocrx_word' id='word_1_204' title='bbox 1076 718 1167 757; x_wconf 76' lang='grc' dir='ltr'>φωνὴν</span> <span class='ocrx_word' id='word_1_205' title='bbox 1199 720 1253 746; x_wconf 84' lang='grc' dir='ltr'><strong>τῶν</strong></span> <span class='ocrx_word' id='word_1_206' title='bbox 1288 717 1406 757; x_wconf 83' lang='grc' dir='ltr'>ὀργάνων</span> <span class='ocrx_word' id='word_1_207' title='bbox 1422 725 1429 732; x_wconf 95' lang='grc'><strong><em>“</em></strong></span> <span class='ocrx_word' id='word_1_208' title='bbox 1458 717 1495 749; x_wconf 82' lang='grc' dir='ltr'><strong>ὡς</strong></span> <span class='ocrx_word' id='word_1_209' title='bbox 1526 717 1629 746; x_wconf 73' lang='grc' dir='ltr'>ἑστῶτα</span> <span class='ocrx_word' id='word_1_210' title='bbox 1660 715 1826 754; x_wconf 74' lang='grc' dir='ltr'>ἐλογίσανιο,</span> <span class='ocrx_word' id='word_1_211' title='bbox 1857 716 1902 743; x_wconf 82' lang='grc' dir='ltr'>καὶ</span> 
     </span>
    </p>
   </div>
   <div class='ocr_carea' id='block_1_30' title="bbox 1080 759 1900 802">
    <p class='ocr_par' dir='ltr' id='par_1_30' title="bbox 1080 759 1900 802">
     <span class='ocr_line' id='line_1_30' title="bbox 1080 759 1900 802; baseline -0.002 -12"><span class='ocrx_word' id='word_1_212' title='bbox 1080 762 1132 802; x_wconf 82' lang='grc' dir='ltr'>οὑχ</span> <span class='ocrx_word' id='word_1_213' title='bbox 1157 763 1194 795; x_wconf 84' lang='grc' dir='ltr'>ὡς</span> <span class='ocrx_word' id='word_1_214' title='bbox 1223 762 1353 801; x_wconf 72' lang='grc' dir='ltr'>φεύγοντα</span> <span class='ocrx_word' id='word_1_215' title='bbox 1368 770 1376 778; x_wconf 89' lang='grc'><strong>⁰</strong></span> <span class='ocrx_word' id='word_1_216' title='bbox 1400 762 1424 790; x_wconf 76' lang='grc' dir='ltr'>οἱ</span> <span class='ocrx_word' id='word_1_217' title='bbox 1439 761 1556 793; x_wconf 83' lang='grc' dir='ltr'>πίνονεες</span> <span class='ocrx_word' id='word_1_218' title='bbox 1571 761 1598 789; x_wconf 77' lang='grc' dir='ltr'>ἐν</span> <span class='ocrx_word' id='word_1_219' title='bbox 1612 761 1719 802; x_wconf 71' lang='grc' dir='ltr'>φιάλαις</span> <span class='ocrx_word' id='word_1_220' title='bbox 1732 760 1806 789; x_wconf 73' lang='grc' dir='ltr'>οἶνον</span> <span class='ocrx_word' id='word_1_221' title='bbox 1821 759 1900 798; x_wconf 87' lang='grc'>(85),</span> 
     </span>
    </p>
   </div>
   <div class='ocr_carea' id='block_1_31' title="bbox 1077 804 1901 847">
    <p class='ocr_par' dir='ltr' id='par_1_31' title="bbox 1077 804 1901 847">
     <span class='ocr_line' id='line_1_31' title="bbox 1077 804 1901 847; baseline -0.004 -12"><span class='ocrx_word' id='word_1_222' title='bbox 1077 807 1122 835; x_wconf 82' lang='grc' dir='ltr'>καὶ</span> <span class='ocrx_word' id='word_1_223' title='bbox 1150 807 1183 836; x_wconf 77' lang='grc' dir='ltr'><strong>τὰ</strong></span> <span class='ocrx_word' id='word_1_224' title='bbox 1211 809 1304 847; x_wconf 77' lang='grc' dir='ltr'>πρῶτα</span> <span class='ocrx_word' id='word_1_225' title='bbox 1331 807 1400 846; x_wconf 83' lang='grc' dir='ltr'>μύρα</span> <span class='ocrx_word' id='word_1_226' title='bbox 1434 807 1588 846; x_wconf 81' lang='grc' dir='ltr'>χριόμενοι,</span> <span class='ocrx_word' id='word_1_227' title='bbox 1621 806 1664 834; x_wconf 84' lang='grc' dir='ltr'><strong>καὶ</strong></span> <span class='ocrx_word' id='word_1_228' title='bbox 1693 806 1740 834; x_wconf 77' lang='grc' dir='ltr'>οὐκ</span> <span class='ocrx_word' id='word_1_229' title='bbox 1778 804 1901 844; x_wconf 71' lang='grc' dir='ltr'>ἔπασχον</span> 
     </span>
    </p>
   </div>
   <div class='ocr_carea' id='block_1_32' title="bbox 207 849 1025 895">
    <p class='ocr_par' dir='ltr' id='par_1_32' title="bbox 207 849 1025 895">
     <span class='ocr_line' id='line_1_32' title="bbox 207 849 1025 895; baseline 0.001 -15"><span class='ocrx_word' id='word_1_230' title='bbox 207 854 322 895; x_wconf 85' lang='lat' dir='ltr'><strong>rum;et</strong></span> <span class='ocrx_word' id='word_1_231' title='bbox 338 850 458 895; x_wconf 73' lang='lat' dir='ltr'><strong>tolletur</strong></span> <span class='ocrx_word' id='word_1_232' title='bbox 469 849 602 895; x_wconf 86' lang='lat' dir='ltr'><strong>hinnitus</strong></span> <span class='ocrx_word' id='word_1_233' title='bbox 618 858 762 895; x_wconf 82' lang='lat' dir='ltr'><strong>e_quorum</strong></span> <span class='ocrx_word' id='word_1_234' title='bbox 779 858 814 881; x_wconf 81' lang='lat' dir='ltr'><strong>ex</strong></span> <span class='ocrx_word' id='word_1_235' title='bbox 828 849 1025 890; x_wconf 79' lang='lat' dir='ltr'><strong>thraim78.-</strong></span> 
     </span>
    </p>
   </div>
   <div class='ocr_carea' id='block_1_33' title="bbox 1102 849 1901 895">
    <p class='ocr_par' dir='ltr' id='par_1_33' title="bbox 1102 849 1901 895">
     <span class='ocr_line' id='line_1_33' title="bbox 1102 849 1901 895; baseline -0.003 -16"><span class='ocrx_word' id='word_1_236' title='bbox 1102 850 1150 879; x_wconf 71' lang='grc' dir='ltr'>»δὲν</span> <span class='ocrx_word' id='word_1_237' title='bbox 1179 850 1222 879; x_wconf 70' lang='grc' dir='ltr'>ἐπὶ</span> <span class='ocrx_word' id='word_1_238' title='bbox 1248 854 1282 890; x_wconf 80' lang='grc' dir='ltr'>τῇ</span> <span class='ocrx_word' id='word_1_239' title='bbox 1308 850 1431 891; x_wconf 80' lang='grc' dir='ltr'>συντριϐῇ</span> <span class='ocrx_word' id='word_1_240' title='bbox 1462 850 1508 879; x_wconf 69' lang='grc' dir='ltr'><strong>τοῦ</strong></span> <span class='ocrx_word' id='word_1_241' title='bbox 1543 850 1654 895; x_wconf 78' lang='grc' dir='ltr'>Ἰωσήφ.</span> <span class='ocrx_word' id='word_1_242' title='bbox 1678 850 1728 878; x_wconf 76' lang='grc' dir='ltr'>Διὰ</span> <span class='ocrx_word' id='word_1_243' title='bbox 1747 849 1826 878; x_wconf 72' lang='grc' dir='ltr'>τοῦτο</span> <span class='ocrx_word' id='word_1_244' title='bbox 1855 851 1901 877; x_wconf 73' lang='grc' dir='ltr'>νῦν</span> 
     </span>
    </p>
   </div>
   <div class='ocr_carea' id='block_1_34' title="bbox 206 893 1025 936">
    <p class='ocr_par' dir='ltr' id='par_1_34' title="bbox 206 893 1025 934">
     <span class='ocr_line' id='line_1_34' title="bbox 206 893 1025 934; baseline 0.002 -9"><span class='ocrx_word' id='word_1_245' title='bbox 206 894 249 925; x_wconf 84' lang='lat' dir='ltr'><strong>Ac</strong></span> <span class='ocrx_word' id='word_1_246' title='bbox 256 903 359 925; x_wconf 87' lang='lat' dir='ltr'><strong>rursus</strong></span> <span class='ocrx_word' id='word_1_247' title='bbox 367 893 596 934; x_wconf 74' lang='lat' dir='ltr'><strong>perleremiam:</strong></span> <span class='ocrx_word' id='word_1_248' title='bbox 604 906 613 922; x_wconf 79' lang='grc' dir='ltr'><strong>ι</strong></span> <span class='ocrx_word' id='word_1_249' title='bbox 620 893 803 933; x_wconf 70' lang='lat' dir='ltr'><strong>Congregate</strong></span> <span class='ocrx_word' id='word_1_250' title='bbox 809 903 916 925; x_wconf 82' lang='lat' dir='ltr'><strong>carnes</strong></span> <span class='ocrx_word' id='word_1_251' title='bbox 921 899 1025 928; x_wconf 70' lang='lat' dir='ltr'><strong>vestra:</strong></span> 
     </span>
    </p>
   </div>
   <div class='ocr_carea' id='block_1_35' title="bbox 1102 893 1896 936">
    <p class='ocr_par' dir='ltr' id='par_1_35' title="bbox 1103 894 1896 936">
     <span class='ocr_line' id='line_1_35' title="bbox 1103 894 1896 936; baseline -0.005 -10"><span class='ocrx_word' id='word_1_252' title='bbox 1103 895 1243 936; x_wconf 73' lang='grc' dir='ltr'>χμάλωτοι</span> <span class='ocrx_word' id='word_1_253' title='bbox 1268 895 1372 925; x_wconf 78' lang='grc' dir='ltr'>ἔσονται</span> <span class='ocrx_word' id='word_1_254' title='bbox 1393 895 1442 924; x_wconf 79' lang='grc' dir='ltr'><strong>ἀπ’</strong></span> <span class='ocrx_word' id='word_1_255' title='bbox 1462 895 1550 935; x_wconf 72' lang='grc' dir='ltr'>ἀργῆς</span> <span class='ocrx_word' id='word_1_256' title='bbox 1578 894 1711 924; x_wconf 79' lang='grc' dir='ltr'>δυναστῶν</span> <span class='ocrx_word' id='word_1_257' title='bbox 1732 897 1785 923; x_wconf 84' lang='grc' dir='ltr'><strong>τῶν</strong></span> <span class='ocrx_word' id='word_1_258' title='bbox 1813 894 1896 923; x_wconf 80' lang='grc' dir='ltr'>ἀποι-</span> 
     </span>
    </p>
   </div>
   <div class='ocr_carea' id='block_1_36' title="bbox 205 937 1025 981">
    <p class='ocr_par' dir='ltr' id='par_1_36' title="bbox 205 937 1025 979">
     <span class='ocr_line' id='line_1_36' title="bbox 205 937 1025 979; baseline 0.002 -10"><span class='ocrx_word' id='word_1_259' title='bbox 205 943 234 969; x_wconf 86' lang='lat' dir='ltr'><strong>et</strong></span> <span class='ocrx_word' id='word_1_260' title='bbox 242 939 424 979; x_wconf 86' lang='lat' dir='ltr'><strong>victimas,et</strong></span> <span class='ocrx_word' id='word_1_261' title='bbox 431 937 667 974; x_wconf 88' lang='lat' dir='ltr'><strong>comedite.Quia</strong></span> <span class='ocrx_word' id='word_1_262' title='bbox 676 948 733 969; x_wconf 94' lang='lat' dir='ltr'><strong>non</strong></span> <span class='ocrx_word' id='word_1_263' title='bbox 743 939 780 969; x_wconf 91' lang='lat' dir='ltr'><strong>de</strong></span> <span class='ocrx_word' id='word_1_264' title='bbox 789 938 919 969; x_wconf 87' lang='lat' dir='ltr'><strong>victimis</strong></span> <span class='ocrx_word' id='word_1_265' title='bbox 927 940 1025 971; x_wconf 37' lang='lat' dir='ltr'><strong>etliba‘</strong></span> 
     </span>
    </p>
   </div>
   <div class='ocr_carea' id='block_1_37' title="bbox 1102 937 1898 981">
    <p class='ocr_par' dir='ltr' id='par_1_37' title="bbox 1102 938 1898 981">
     <span class='ocr_line' id='line_1_37' title="bbox 1102 938 1898 981; baseline -0.003 -12"><span class='ocrx_word' id='word_1_266' title='bbox 1102 940 1219 978; x_wconf 84' lang='grc' dir='ltr'>ζομένων</span> <span class='ocrx_word' id='word_1_267' title='bbox 1250 939 1325 981; x_wconf 87' lang='grc'>(86),</span> <span class='ocrx_word' id='word_1_268' title='bbox 1348 941 1392 968; x_wconf 83' lang='grc' dir='ltr'><strong>καὶ</strong></span> <span class='ocrx_word' id='word_1_269' title='bbox 1421 938 1668 980; x_wconf 73' lang='grc' dir='ltr'>μεταστραφήσεται</span> <span class='ocrx_word' id='word_1_270' title='bbox 1704 939 1809 978; x_wconf 77' lang='grc' dir='ltr'>οἴκημα</span> <span class='ocrx_word' id='word_1_271' title='bbox 1846 951 1898 968; x_wconf 79' lang='grc' dir='ltr'>κα·</span> 
     </span>
    </p>
   </div>
   <div class='ocr_carea' id='block_1_38' title="bbox 206 982 1025 1025">
    <p class='ocr_par' dir='ltr' id='par_1_38' title="bbox 206 982 1025 1024">
     <span class='ocr_line' id='line_1_38' title="bbox 206 982 1025 1024; baseline 0.002 -11"><span class='ocrx_word' id='word_1_272' title='bbox 206 983 334 1014; x_wconf 73' lang='lat' dir='ltr'><strong>tionibus</strong></span> <span class='ocrx_word' id='word_1_273' title='bbox 342 983 470 1023; x_wconf 68' lang='lat' dir='ltr'><strong>praacepi</strong></span> <span class='ocrx_word' id='word_1_274' title='bbox 479 982 612 1023; x_wconf 89' lang='lat' dir='ltr'><strong>patribus</strong></span> <span class='ocrx_word' id='word_1_275' title='bbox 620 982 799 1023; x_wconf 82' lang='lat' dir='ltr'><strong>vestris.quo</strong></span> <span class='ocrx_word' id='word_1_276' title='bbox 810 983 858 1014; x_wconf 91' lang='lat' dir='ltr'><strong>die</strong></span> <span class='ocrx_word' id='word_1_277' title='bbox 868 984 1025 1024; x_wconf 85' lang='lat' dir='ltr'><strong>apprehen-</strong></span> 
     </span>
    </p>
   </div>
   <div class='ocr_carea' id='block_1_39' title="bbox 1102 982 1899 1025">
    <p class='ocr_par' dir='ltr' id='par_1_39' title="bbox 1102 983 1899 1025">
     <span class='ocr_line' id='line_1_39' title="bbox 1102 983 1899 1025; baseline -0.001 -12"><span class='ocrx_word' id='word_1_278' title='bbox 1102 985 1205 1025; x_wconf 72' lang='grc' dir='ltr'>ιύργων,</span> <span class='ocrx_word' id='word_1_279' title='bbox 1233 986 1277 1014; x_wconf 82' lang='grc' dir='ltr'><strong>καὶ</strong></span> <span class='ocrx_word' id='word_1_280' title='bbox 1311 985 1482 1024; x_wconf 69' lang='grc' dir='ltr'>ἔξαρθήσεται</span> <span class='ocrx_word' id='word_1_281' title='bbox 1513 985 1715 1025; x_wconf 22' lang='grc' dir='ltr'>,χρεμετισμὸς</span> <span class='ocrx_word' id='word_1_282' title='bbox 1749 983 1844 1012; x_wconf 67' lang='grc' dir='ltr'>ἵππων</span> <span class='ocrx_word' id='word_1_283' title='bbox 1873 983 1899 1017; x_wconf 71' lang='grc' dir='ltr'>ἆξ</span> 
     </span>
    </p>
   </div>
   <div class='ocr_carea' id='block_1_40' title="bbox 204 1024 1025 1070">
    <p class='ocr_par' dir='ltr' id='par_1_40' title="bbox 204 1027 1025 1070">
     <span class='ocr_line' id='line_1_40' title="bbox 204 1027 1025 1070; baseline 0.001 -12"><span class='ocrx_word' id='word_1_284' title='bbox 204 1028 358 1058; x_wconf 89' lang='lat' dir='ltr'><strong>dimanum</strong></span> <span class='ocrx_word' id='word_1_285' title='bbox 376 1037 479 1058; x_wconf 90' lang='lat' dir='ltr'><strong>eorum</strong></span> <span class='ocrx_word' id='word_1_286' title='bbox 489 1031 521 1058; x_wconf 83' lang='lat' dir='ltr'><strong>ut</strong></span> <span class='ocrx_word' id='word_1_287' title='bbox 531 1027 691 1059; x_wconf 84' lang='lat' dir='ltr'><strong>educerem</strong></span> <span class='ocrx_word' id='word_1_288' title='bbox 703 1037 757 1058; x_wconf 86' lang='lat' dir='ltr'><strong>eos</strong></span> <span class='ocrx_word' id='word_1_289' title='bbox 772 1028 810 1059; x_wconf 89' lang='lat' dir='ltr'><strong>de</strong></span> <span class='ocrx_word' id='word_1_290' title='bbox 825 1032 906 1058; x_wconf 86' lang='lat' dir='ltr'><strong>terra</strong></span> <span class='ocrx_word' id='word_1_291' title='bbox 916 1029 1025 1070; x_wconf 63' lang='lat' dir='ltr'><strong>[Egyp-</strong></span> 
     </span>
    </p>
   </div>
   <div class='ocr_carea' id='block_1_41' title="bbox 1102 1024 1900 1070">
    <p class='ocr_par' dir='ltr' id='par_1_41' title="bbox 1102 1024 1900 1069">
     <span class='ocr_line' id='line_1_41' title="bbox 1102 1024 1900 1069; baseline -0.001 -12"><span class='ocrx_word' id='word_1_292' title='bbox 1102 1024 1203 1069; x_wconf 60' lang='lat' dir='ltr'><strong>Ltppa‘i‘p.</strong></span> <span class='ocrx_word' id='word_1_293' title='bbox 1222 1041 1236 1058; x_wconf 70' lang='grc' dir='ltr'><strong>ι</strong></span> <span class='ocrx_word' id='word_1_294' title='bbox 1254 1028 1306 1060; x_wconf 83' lang='grc' dir='ltr'>Καὶ</span> <span class='ocrx_word' id='word_1_295' title='bbox 1328 1029 1408 1059; x_wconf 82' lang='grc' dir='ltr'>πάλιν</span> <span class='ocrx_word' id='word_1_296' title='bbox 1440 1028 1482 1057; x_wconf 72' lang='grc' dir='ltr'><strong>διὰ</strong></span> <span class='ocrx_word' id='word_1_297' title='bbox 1512 1024 1636 1068; x_wconf 81' lang='grc' dir='ltr'>Ἰερεμίου</span> <span class='ocrx_word' id='word_1_298' title='bbox 1654 1039 1661 1047; x_wconf 88' lang='grc'>·</span> <span class='ocrx_word' id='word_1_299' title='bbox 1695 1039 1707 1057; x_wconf 75' lang='grc' dir='ltr'>ι</span> <span class='ocrx_word' id='word_1_300' title='bbox 1732 1028 1900 1068; x_wconf 77' lang='grc' dir='ltr'>Συναγάγετε</span> 
     </span>
    </p>
   </div>
   <div class='ocr_carea' id='block_1_42' title="bbox 205 1071 1025 1114">
    <p class='ocr_par' dir='ltr' id='par_1_42' title="bbox 205 1071 1025 1112">
     <span class='ocr_line' id='line_1_42' title="bbox 205 1071 1025 1112; baseline 0 -8"><span class='ocrx_word' id='word_1_301' title='bbox 205 1072 307 1104; x_wconf 80' lang='grc' dir='ltr'><strong>ιί⁷9.Ει</strong></span> <span class='ocrx_word' id='word_1_302' title='bbox 318 1081 435 1103; x_wconf 89' lang='lat' dir='ltr'><strong>rursum</strong></span> <span class='ocrx_word' id='word_1_303' title='bbox 448 1081 502 1112; x_wconf 89' lang='lat' dir='ltr'><strong>per</strong></span> <span class='ocrx_word' id='word_1_304' title='bbox 516 1071 656 1102; x_wconf 88' lang='lat' dir='ltr'><strong>Davidem</strong></span> <span class='ocrx_word' id='word_1_305' title='bbox 669 1072 699 1102; x_wconf 92' lang='lat' dir='ltr'><strong>in</strong></span> <span class='ocrx_word' id='word_1_306' title='bbox 714 1072 943 1112; x_wconf 79' lang='lat' dir='ltr'><strong>quadragesimo</strong></span> <span class='ocrx_word' id='word_1_307' title='bbox 953 1081 1025 1105; x_wconf 79' lang='lat' dir='ltr'><strong>nont</strong></span> 
     </span>
    </p>
   </div>
   <div class='ocr_carea' id='block_1_43' title="bbox 1102 1071 1901 1114">
    <p class='ocr_par' dir='ltr' id='par_1_43' title="bbox 1102 1072 1901 1114">
     <span class='ocr_line' id='line_1_43' title="bbox 1102 1072 1901 1114; baseline 0 -13"><span class='ocrx_word' id='word_1_308' title='bbox 1102 1074 1185 1114; x_wconf 76' lang='grc' dir='ltr'>ικρὶα</span> <span class='ocrx_word' id='word_1_309' title='bbox 1197 1075 1272 1112; x_wconf 81' lang='grc' dir='ltr'>ὑμῶν</span> <span class='ocrx_word' id='word_1_310' title='bbox 1301 1075 1346 1103; x_wconf 80' lang='grc' dir='ltr'>καὶ</span> <span class='ocrx_word' id='word_1_311' title='bbox 1371 1074 1419 1106; x_wconf 85' lang='grc' dir='ltr'><strong>τὰς</strong></span> <span class='ocrx_word' id='word_1_312' title='bbox 1438 1073 1542 1111; x_wconf 80' lang='grc' dir='ltr'>Θυσίας,</span> <span class='ocrx_word' id='word_1_313' title='bbox 1569 1074 1613 1102; x_wconf 82' lang='grc' dir='ltr'><strong>καὶ</strong></span> <span class='ocrx_word' id='word_1_314' title='bbox 1642 1073 1739 1113; x_wconf 71' lang='grc' dir='ltr'>φάγετε</span> <span class='ocrx_word' id='word_1_315' title='bbox 1755 1081 1763 1090; x_wconf 86' lang='grc'><strong><em>⁸</em></strong></span> <span class='ocrx_word' id='word_1_316' title='bbox 1781 1072 1821 1101; x_wconf 79' lang='grc' dir='ltr'><strong>ὅτι</strong></span> <span class='ocrx_word' id='word_1_317' title='bbox 1841 1072 1901 1101; x_wconf 66' lang='grc' dir='ltr'>οὔτε</span> 
     </span>
    </p>
   </div>
   <div class='ocr_carea' id='block_1_44' title="bbox 204 1116 1025 1158">
    <p class='ocr_par' dir='ltr' id='par_1_44' title="bbox 204 1116 1025 1158">
     <span class='ocr_line' id='line_1_44' title="bbox 204 1116 1025 1158; baseline 0 -10"><span class='ocrx_word' id='word_1_318' title='bbox 204 1117 317 1158; x_wconf 85' lang='lat' dir='ltr'><strong>psalmo</strong></span> <span class='ocrx_word' id='word_1_319' title='bbox 333 1117 376 1147; x_wconf 91' lang='lat' dir='ltr'><strong>sic</strong></span> <span class='ocrx_word' id='word_1_320' title='bbox 393 1117 508 1147; x_wconf 91' lang='lat' dir='ltr'><strong>locutus</strong></span> <span class='ocrx_word' id='word_1_321' title='bbox 524 1121 568 1147; x_wconf 90' lang='lat' dir='ltr'><strong>est</strong></span> <span class='ocrx_word' id='word_1_322' title='bbox 585 1126 591 1146; x_wconf 90' lang='lat'>:</span> <span class='ocrx_word' id='word_1_323' title='bbox 611 1129 622 1144; x_wconf 79' lang='grc' dir='ltr'><em>α</em></span> <span class='ocrx_word' id='word_1_324' title='bbox 645 1116 721 1147; x_wconf 86' lang='lat' dir='ltr'><strong>Deus</strong></span> <span class='ocrx_word' id='word_1_325' title='bbox 748 1116 872 1147; x_wconf 90' lang='lat' dir='ltr'><strong>deorum</strong></span> <span class='ocrx_word' id='word_1_326' title='bbox 888 1118 1025 1149; x_wconf 67' lang='lat' dir='ltr'><strong>Dominus</strong></span> 
     </span>
    </p>
   </div>
   <div class='ocr_carea' id='block_1_45' title="bbox 1102 1116 1901 1158">
    <p class='ocr_par' dir='ltr' id='par_1_45' title="bbox 1102 1117 1901 1158">
     <span class='ocr_line' id='line_1_45' title="bbox 1102 1117 1901 1158; baseline -0.003 -12"><span class='ocrx_word' id='word_1_327' title='bbox 1102 1119 1133 1158; x_wconf 76' lang='grc' dir='ltr'><strong>ερὶ</strong></span> <span class='ocrx_word' id='word_1_328' title='bbox 1156 1120 1252 1147; x_wconf 85' lang='grc' dir='ltr'>θυσιῶν</span> <span class='ocrx_word' id='word_1_329' title='bbox 1280 1118 1299 1153; x_wconf 80' lang='grc' dir='ltr'><strong>ἢ</strong></span> <span class='ocrx_word' id='word_1_330' title='bbox 1328 1117 1449 1146; x_wconf 81' lang='grc' dir='ltr'>σπονδῶν</span> <span class='ocrx_word' id='word_1_331' title='bbox 1479 1117 1652 1156; x_wconf 72' lang='grc' dir='ltr'>ἱνετειλάμην</span> <span class='ocrx_word' id='word_1_332' title='bbox 1680 1123 1740 1150; x_wconf 77' lang='grc' dir='ltr'>τοῖς</span> <span class='ocrx_word' id='word_1_333' title='bbox 1769 1117 1901 1156; x_wconf 79' lang='grc' dir='ltr'>πατράσιν</span> 
     </span>
    </p>
   </div>
   <div class='ocr_carea' id='block_1_46' title="bbox 204 1161 1031 1202">
    <p class='ocr_par' dir='ltr' id='par_1_46' title="bbox 204 1161 1031 1202">
     <span class='ocr_line' id='line_1_46' title="bbox 204 1161 1031 1202; baseline 0 -9"><span class='ocrx_word' id='word_1_334' title='bbox 204 1163 318 1193; x_wconf 90' lang='lat' dir='ltr'><strong>locutus</strong></span> <span class='ocrx_word' id='word_1_335' title='bbox 343 1166 399 1202; x_wconf 82' lang='lat' dir='ltr'><strong>est,</strong></span> <span class='ocrx_word' id='word_1_336' title='bbox 416 1166 445 1194; x_wconf 88' lang='lat' dir='ltr'><strong>et</strong></span> <span class='ocrx_word' id='word_1_337' title='bbox 461 1161 571 1192; x_wconf 86' lang='lat' dir='ltr'><strong>vocavit</strong></span> <span class='ocrx_word' id='word_1_338' title='bbox 595 1165 704 1192; x_wconf 86' lang='lat' dir='ltr'><strong>terram</strong></span> <span class='ocrx_word' id='word_1_339' title='bbox 721 1170 738 1192; x_wconf 83' lang='lat' dir='ltr'><strong>a</strong></span> <span class='ocrx_word' id='word_1_340' title='bbox 753 1161 825 1192; x_wconf 86' lang='lat' dir='ltr'><strong>solis</strong></span> <span class='ocrx_word' id='word_1_341' title='bbox 853 1166 918 1192; x_wconf 91' lang='lat' dir='ltr'><strong>ortu</strong></span> <span class='ocrx_word' id='word_1_342' title='bbox 939 1171 1031 1202; x_wconf 91' lang='lat' dir='ltr'><strong>usque</strong></span> 
     </span>
    </p>
   </div>
   <div class='ocr_carea' id='block_1_47' title="bbox 204 1207 1031 1248">
    <p class='ocr_par' dir='ltr' id='par_1_47' title="bbox 204 1207 1031 1248">
     <span class='ocr_line' id='line_1_47' title="bbox 204 1207 1031 1248; baseline 0.001 -10"><span class='ocrx_word' id='word_1_343' title='bbox 204 1208 240 1238; x_wconf 89' lang='lat' dir='ltr'><strong>ad</strong></span> <span class='ocrx_word' id='word_1_344' title='bbox 255 1217 393 1239; x_wconf 87' lang='lat' dir='ltr'><strong>occasum</strong></span> <span class='ocrx_word' id='word_1_345' title='bbox 411 1217 418 1238; x_wconf 89' lang='lat'><strong><em>:</em></strong></span> <span class='ocrx_word' id='word_1_346' title='bbox 437 1217 470 1238; x_wconf 89' lang='lat' dir='ltr'><strong>ex</strong></span> <span class='ocrx_word' id='word_1_347' title='bbox 488 1207 558 1237; x_wconf 88' lang='lat' dir='ltr'><strong>Sion</strong></span> <span class='ocrx_word' id='word_1_348' title='bbox 574 1207 690 1246; x_wconf 87' lang='lat' dir='ltr'><strong>species</strong></span> <span class='ocrx_word' id='word_1_349' title='bbox 713 1208 832 1239; x_wconf 88' lang='lat' dir='ltr'><strong>decoris</strong></span> <span class='ocrx_word' id='word_1_350' title='bbox 847 1208 925 1248; x_wconf 85' lang='lat' dir='ltr'><strong>ejus.</strong></span> <span class='ocrx_word' id='word_1_351' title='bbox 952 1208 1031 1239; x_wconf 91' lang='lat' dir='ltr'><strong>Deus</strong></span> 
     </span>
    </p>
   </div>
   <div class='ocr_carea' id='block_1_48' title="bbox 204 1252 1030 1292">
    <p class='ocr_par' dir='ltr' id='par_1_48' title="bbox 204 1252 1030 1292">
     <span class='ocr_line' id='line_1_48' title="bbox 204 1252 1030 1292; baseline 0 -9"><span class='ocrx_word' id='word_1_352' title='bbox 204 1253 360 1284; x_wconf 73' lang='lat' dir='ltr'><strong>manifeste</strong></span> <span class='ocrx_word' id='word_1_353' title='bbox 375 1253 567 1289; x_wconf 86' lang='lat' dir='ltr'><strong>veniet,Deus</strong></span> <span class='ocrx_word' id='word_1_354' title='bbox 581 1255 693 1289; x_wconf 86' lang='lat' dir='ltr'><strong>noster,</strong></span> <span class='ocrx_word' id='word_1_355' title='bbox 707 1257 738 1282; x_wconf 92' lang='lat' dir='ltr'><strong>et</strong></span> <span class='ocrx_word' id='word_1_356' title='bbox 746 1261 807 1282; x_wconf 89' lang='lat' dir='ltr'><strong>non</strong></span> <span class='ocrx_word' id='word_1_357' title='bbox 822 1252 932 1283; x_wconf 85' lang='lat' dir='ltr'><strong>silebit.</strong></span> <span class='ocrx_word' id='word_1_358' title='bbox 952 1253 1030 1292; x_wconf 89' lang='lat' dir='ltr'><strong>Ignis</strong></span> 
     </span>
    </p>
   </div>
   <div class='ocr_carea' id='block_1_49' title="bbox 203 1296 1029 1338">
    <p class='ocr_par' dir='ltr' id='par_1_49' title="bbox 203 1296 1029 1338">
     <span class='ocr_line' id='line_1_49' title="bbox 203 1296 1029 1338; baseline 0 -10"><span class='ocrx_word' id='word_1_359' title='bbox 203 1298 233 1328; x_wconf 90' lang='lat' dir='ltr'><strong>in</strong></span> <span class='ocrx_word' id='word_1_360' title='bbox 250 1302 410 1338; x_wconf 88' lang='lat' dir='ltr'><strong>conspectu</strong></span> <span class='ocrx_word' id='word_1_361' title='bbox 426 1297 491 1337; x_wconf 90' lang='lat' dir='ltr'><strong>ejns</strong></span> <span class='ocrx_word' id='word_1_362' title='bbox 506 1296 633 1333; x_wconf 81' lang='lat' dir='ltr'><strong>ardebit,</strong></span> <span class='ocrx_word' id='word_1_363' title='bbox 645 1301 673 1327; x_wconf 88' lang='lat' dir='ltr'><strong>et</strong></span> <span class='ocrx_word' id='word_1_364' title='bbox 684 1297 714 1327; x_wconf 91' lang='lat' dir='ltr'><strong>in</strong></span> <span class='ocrx_word' id='word_1_365' title='bbox 732 1297 857 1328; x_wconf 90' lang='lat' dir='ltr'><strong>circuitu</strong></span> <span class='ocrx_word' id='word_1_366' title='bbox 873 1298 937 1337; x_wconf 85' lang='lat' dir='ltr'><strong>ejus</strong></span> <span class='ocrx_word' id='word_1_367' title='bbox 948 1300 1029 1329; x_wconf 84' lang='lat' dir='ltr'><strong>tem-</strong></span> 
     </span>
    </p>
   </div>
   <div class='ocr_carea' id='block_1_50' title="bbox 203 1341 1028 1382">
    <p class='ocr_par' dir='ltr' id='par_1_50' title="bbox 203 1341 1028 1382">
     <span class='ocr_line' id='line_1_50' title="bbox 203 1341 1028 1382; baseline -0.001 -9"><span class='ocrx_word' id='word_1_368' title='bbox 203 1347 301 1382; x_wconf 87' lang='lat' dir='ltr'><strong>pestas</strong></span> <span class='ocrx_word' id='word_1_369' title='bbox 311 1342 418 1373; x_wconf 88' lang='lat' dir='ltr'><strong>valida.</strong></span> <span class='ocrx_word' id='word_1_370' title='bbox 436 1341 599 1372; x_wconf 87' lang='lat' dir='ltr'><strong>Advocabit</strong></span> <span class='ocrx_word' id='word_1_371' title='bbox 614 1342 720 1372; x_wconf 66' lang='lat' dir='ltr'><strong>caelum</strong></span> <span class='ocrx_word' id='word_1_372' title='bbox 737 1351 854 1372; x_wconf 89' lang='lat' dir='ltr'><strong>sursum</strong></span> <span class='ocrx_word' id='word_1_373' title='bbox 871 1347 901 1372; x_wconf 87' lang='lat' dir='ltr'><strong>et.</strong></span> <span class='ocrx_word' id='word_1_374' title='bbox 920 1346 1028 1373; x_wconf 86' lang='lat' dir='ltr'><strong>terram</strong></span> 
     </span>
    </p>
   </div>
   <div class='ocr_carea' id='block_1_51' title="bbox 202 1386 1028 1428">
    <p class='ocr_par' dir='ltr' id='par_1_51' title="bbox 202 1386 1028 1428">
     <span class='ocr_line' id='line_1_51' title="bbox 202 1386 1028 1428; baseline -0.001 -9"><span class='ocrx_word' id='word_1_375' title='bbox 202 1389 373 1420; x_wconf 78' lang='lat' dir='ltr'><strong>discernere</strong></span> <span class='ocrx_word' id='word_1_376' title='bbox 395 1388 535 1428; x_wconf 90' lang='lat' dir='ltr'><strong>populum</strong></span> <span class='ocrx_word' id='word_1_377' title='bbox 567 1397 662 1418; x_wconf 91' lang='lat' dir='ltr'><strong>suum.</strong></span> <span class='ocrx_word' id='word_1_378' title='bbox 681 1389 864 1428; x_wconf 84' lang='lat' dir='ltr'><strong>Congregate</strong></span> <span class='ocrx_word' id='word_1_379' title='bbox 894 1390 959 1418; x_wconf 68' lang='grc'><strong>129</strong></span> <span class='ocrx_word' id='word_1_380' title='bbox 983 1386 1028 1420; x_wconf 89' lang='lat' dir='ltr'><strong>illi</strong></span> 
     </span>
    </p>
   </div>
   <div class='ocr_carea' id='block_1_52' title="bbox 201 1433 1030 1474">
    <p class='ocr_par' dir='ltr' id='par_1_52' title="bbox 201 1433 1030 1474">
     <span class='ocr_line' id='line_1_52' title="bbox 201 1433 1030 1474; baseline -0.001 -9"><span class='ocrx_word' id='word_1_381' title='bbox 201 1439 320 1465; x_wconf 85' lang='lat' dir='ltr'><strong>sanctos</strong></span> <span class='ocrx_word' id='word_1_382' title='bbox 333 1434 460 1474; x_wconf 90' lang='lat' dir='ltr'><strong>ejus,qui</strong></span> <span class='ocrx_word' id='word_1_383' title='bbox 471 1433 632 1473; x_wconf 87' lang='lat' dir='ltr'><strong>disponunt</strong></span> <span class='ocrx_word' id='word_1_384' title='bbox 644 1437 851 1464; x_wconf 88' lang='lat' dir='ltr'><strong>testamentum</strong></span> <span class='ocrx_word' id='word_1_385' title='bbox 864 1434 928 1473; x_wconf 89' lang='lat' dir='ltr'><strong>ejus</strong></span> <span class='ocrx_word' id='word_1_386' title='bbox 940 1443 1030 1474; x_wconf 85' lang='lat' dir='ltr'><strong>super</strong></span> 
     </span>
    </p>
   </div>
   <div class='ocr_carea' id='block_1_53' title="bbox 200 1477 1027 1518">
    <p class='ocr_par' dir='ltr' id='par_1_53' title="bbox 200 1477 1027 1518">
     <span class='ocr_line' id='line_1_53' title="bbox 200 1477 1027 1518; baseline -0.002 -8"><span class='ocrx_word' id='word_1_387' title='bbox 200 1480 357 1514; x_wconf 83' lang='lat' dir='ltr'><strong>sacriﬁcia;</strong></span> <span class='ocrx_word' id='word_1_388' title='bbox 373 1477 626 1509; x_wconf 87' lang='lat' dir='ltr'><strong>etannuntiabunt</strong></span> <span class='ocrx_word' id='word_1_389' title='bbox 639 1477 704 1507; x_wconf 69' lang='lat' dir='ltr'><strong>cmli</strong></span> <span class='ocrx_word' id='word_1_390' title='bbox 713 1477 861 1517; x_wconf 79' lang='lat' dir='ltr'><strong>justitiam</strong></span> <span class='ocrx_word' id='word_1_391' title='bbox 872 1478 1027 1518; x_wconf 88' lang='lat' dir='ltr'><strong>ejus,quo-</strong></span> 
     </span>
    </p>
   </div>
   <div class='ocr_carea' id='block_1_54' title="bbox 201 1521 1025 1561">
    <p class='ocr_par' dir='ltr' id='par_1_54' title="bbox 201 1521 1025 1561">
     <span class='ocr_line' id='line_1_54' title="bbox 201 1521 1025 1561; baseline -0.002 -7"><span class='ocrx_word' id='word_1_392' title='bbox 201 1524 279 1554; x_wconf 89' lang='lat' dir='ltr'><strong>niam</strong></span> <span class='ocrx_word' id='word_1_393' title='bbox 297 1523 478 1561; x_wconf 86' lang='lat' dir='ltr'><strong>Deusjudex</strong></span> <span class='ocrx_word' id='word_1_394' title='bbox 498 1526 553 1552; x_wconf 89' lang='lat' dir='ltr'><strong>est.</strong></span> <span class='ocrx_word' id='word_1_395' title='bbox 580 1521 658 1552; x_wconf 85' lang='lat' dir='ltr'><strong>Audi</strong></span> <span class='ocrx_word' id='word_1_396' title='bbox 689 1522 797 1561; x_wconf 88' lang='lat' dir='ltr'><strong>popule</strong></span> <span class='ocrx_word' id='word_1_397' title='bbox 823 1531 918 1558; x_wconf 86' lang='lat' dir='ltr'><strong>meus,</strong></span> <span class='ocrx_word' id='word_1_398' title='bbox 937 1526 968 1552; x_wconf 89' lang='lat' dir='ltr'><strong>et</strong></span> <span class='ocrx_word' id='word_1_399' title='bbox 982 1521 1025 1552; x_wconf 91' lang='lat' dir='ltr'><strong>lo-</strong></span> 
     </span>
    </p>
   </div>
   <div class='ocr_carea' id='block_1_55' title="bbox 199 1566 1028 1609">
    <p class='ocr_par' dir='ltr' id='par_1_55' title="bbox 199 1566 1028 1609">
     <span class='ocr_line' id='line_1_55' title="bbox 199 1566 1028 1609; baseline -0.002 -11"><span class='ocrx_word' id='word_1_400' title='bbox 199 1577 272 1609; x_wconf 84' lang='lat' dir='ltr'><strong>quar</strong></span> <span class='ocrx_word' id='word_1_401' title='bbox 289 1568 352 1604; x_wconf 90' lang='lat' dir='ltr'><strong>tibi,</strong></span> <span class='ocrx_word' id='word_1_402' title='bbox 376 1566 478 1603; x_wconf 88' lang='lat' dir='ltr'><strong>Israel,</strong></span> <span class='ocrx_word' id='word_1_403' title='bbox 502 1571 531 1597; x_wconf 87' lang='lat' dir='ltr'><strong>et</strong></span> <span class='ocrx_word' id='word_1_404' title='bbox 558 1566 739 1597; x_wconf 79' lang='lat' dir='ltr'><strong>testiﬁcabor</strong></span> <span class='ocrx_word' id='word_1_405' title='bbox 760 1566 824 1597; x_wconf 91' lang='lat' dir='ltr'><strong>tibi.</strong></span> <span class='ocrx_word' id='word_1_406' title='bbox 847 1566 935 1600; x_wconf 88' lang='lat' dir='ltr'><strong>Deus.</strong></span> <span class='ocrx_word' id='word_1_407' title='bbox 950 1566 1028 1597; x_wconf 90' lang='lat' dir='ltr'><strong>Deus</strong></span> 
     </span>
    </p>
   </div>
   <div class='ocr_carea' id='block_1_56' title="bbox 1072 1161 1898 1202">
    <p class='ocr_par' dir='ltr' id='par_1_56' title="bbox 1072 1161 1898 1202">
     <span class='ocr_line' id='line_1_56' title="bbox 1072 1161 1898 1202; baseline 0 -12"><span class='ocrx_word' id='word_1_408' title='bbox 1072 1164 1156 1201; x_wconf 82' lang='grc' dir='ltr'>ὑμῶν,</span> <span class='ocrx_word' id='word_1_409' title='bbox 1173 1165 1192 1202; x_wconf 76' lang='grc' dir='ltr'><strong>ᾗ</strong></span> <span class='ocrx_word' id='word_1_410' title='bbox 1206 1163 1293 1202; x_wconf 70' lang='grc' dir='ltr'>ἡμέρᾳ</span> <span class='ocrx_word' id='word_1_411' title='bbox 1319 1161 1492 1201; x_wconf 73' lang='grc' dir='ltr'>εωελαϐόμην</span> <span class='ocrx_word' id='word_1_412' title='bbox 1519 1165 1569 1197; x_wconf 77' lang='grc' dir='ltr'><strong>τῆς</strong></span> <span class='ocrx_word' id='word_1_413' title='bbox 1591 1163 1683 1202; x_wconf 76' lang='grc' dir='ltr'>χειρὸς</span> <span class='ocrx_word' id='word_1_414' title='bbox 1707 1162 1804 1200; x_wconf 72' lang='grc' dir='ltr'>αὐτῶν,</span> <span class='ocrx_word' id='word_1_415' title='bbox 1835 1161 1898 1194; x_wconf 70' lang='grc' dir='ltr'><strong>ἑξα-</strong></span> 
     </span>
    </p>
   </div>
   <div class='ocr_carea' id='block_1_57' title="bbox 1071 1205 1897 1247">
    <p class='ocr_par' dir='ltr' id='par_1_57' title="bbox 1071 1205 1897 1247">
     <span class='ocr_line' id='line_1_57' title="bbox 1071 1205 1897 1247; baseline -0.001 -12"><span class='ocrx_word' id='word_1_416' title='bbox 1071 1214 1167 1247; x_wconf 79' lang='grc' dir='ltr'>γαγετν</span> <span class='ocrx_word' id='word_1_417' title='bbox 1195 1207 1287 1240; x_wconf 73' lang='grc' dir='ltr'>αὐτοὺς</span> <span class='ocrx_word' id='word_1_418' title='bbox 1315 1207 1345 1236; x_wconf 80' lang='grc' dir='ltr'>ἐκ</span> <span class='ocrx_word' id='word_1_419' title='bbox 1369 1210 1421 1246; x_wconf 77' lang='grc' dir='ltr'>γῆς</span> <span class='ocrx_word' id='word_1_420' title='bbox 1448 1207 1590 1246; x_wconf 76' lang='grc' dir='ltr'>Αἰγύπτου,</span> <span class='ocrx_word' id='word_1_421' title='bbox 1627 1219 1640 1235; x_wconf 75' lang='grc' dir='ltr'><strong>ι</strong></span> <span class='ocrx_word' id='word_1_422' title='bbox 1672 1207 1726 1237; x_wconf 84' lang='grc' dir='ltr'>Καὶ</span> <span class='ocrx_word' id='word_1_423' title='bbox 1747 1206 1827 1235; x_wconf 76' lang='grc' dir='ltr'>πάλιν</span> <span class='ocrx_word' id='word_1_424' title='bbox 1854 1205 1897 1234; x_wconf 82' lang='grc' dir='ltr'><strong>διὰ</strong></span> 
     </span>
    </p>
   </div>
   <div class='ocr_carea' id='block_1_58' title="bbox 1072 1251 1894 1292">
    <p class='ocr_par' dir='ltr' id='par_1_58' title="bbox 1072 1251 1894 1292">
     <span class='ocr_line' id='line_1_58' title="bbox 1072 1251 1894 1292; baseline -0.001 -12"><span class='ocrx_word' id='word_1_425' title='bbox 1072 1251 1153 1281; x_wconf 78' lang='grc' dir='ltr'>Δαϐὶδ</span> <span class='ocrx_word' id='word_1_426' title='bbox 1177 1253 1204 1280; x_wconf 76' lang='grc' dir='ltr'>ἐν</span> <span class='ocrx_word' id='word_1_427' title='bbox 1231 1256 1435 1292; x_wconf 84' lang='grc' dir='ltr'>τεσσαρακοστῷ</span> <span class='ocrx_word' id='word_1_428' title='bbox 1464 1252 1548 1289; x_wconf 76' lang='grc' dir='ltr'>ἐνάτῳ</span> <span class='ocrx_word' id='word_1_429' title='bbox 1583 1251 1683 1289; x_wconf 83' lang='grc' dir='ltr'>ψαλμῴ</span> <span class='ocrx_word' id='word_1_430' title='bbox 1708 1251 1791 1284; x_wconf 72' lang='grc' dir='ltr'>οὕτως</span> <span class='ocrx_word' id='word_1_431' title='bbox 1816 1251 1869 1291; x_wconf 67' lang='grc' dir='ltr'><strong>ἔφη</strong></span> <span class='ocrx_word' id='word_1_432' title='bbox 1887 1262 1894 1268; x_wconf 92' lang='grc'>·</span> 
     </span>
    </p>
   </div>
   <div class='ocr_carea' id='block_1_59' title="bbox 1072 1296 1895 1336">
    <p class='ocr_par' dir='ltr' id='par_1_59' title="bbox 1072 1296 1895 1336">
     <span class='ocr_line' id='line_1_59' title="bbox 1072 1296 1895 1336; baseline -0.001 -11"><span class='ocrx_word' id='word_1_433' title='bbox 1072 1308 1084 1325; x_wconf 79' lang='lat' dir='ltr'><strong>tt</strong></span> <span class='ocrx_word' id='word_1_434' title='bbox 1105 1298 1170 1330; x_wconf 86' lang='grc' dir='ltr'>Θεὸς</span> <span class='ocrx_word' id='word_1_435' title='bbox 1198 1299 1264 1326; x_wconf 83' lang='grc' dir='ltr'>θεῶν</span> <span class='ocrx_word' id='word_1_436' title='bbox 1286 1296 1383 1336; x_wconf 78' lang='grc' dir='ltr'>Κύριος</span> <span class='ocrx_word' id='word_1_437' title='bbox 1420 1297 1547 1334; x_wconf 81' lang='grc' dir='ltr'>ἑλάλησε,</span> <span class='ocrx_word' id='word_1_438' title='bbox 1570 1298 1614 1328; x_wconf 75' lang='grc' dir='ltr'>καὶ</span> <span class='ocrx_word' id='word_1_439' title='bbox 1637 1296 1748 1325; x_wconf 65' lang='grc' dir='ltr'>ἐκάλεσε</span> <span class='ocrx_word' id='word_1_440' title='bbox 1771 1296 1820 1330; x_wconf 81' lang='grc' dir='ltr'><strong>τὴν</strong></span> <span class='ocrx_word' id='word_1_441' title='bbox 1842 1297 1895 1336; x_wconf 76' lang='grc' dir='ltr'>γῆν</span> 
     </span>
    </p>
   </div>
   <div class='ocr_carea' id='block_1_60' title="bbox 1070 1341 1893 1382">
    <p class='ocr_par' dir='ltr' id='par_1_60' title="bbox 1070 1341 1893 1382">
     <span class='ocr_line' id='line_1_60' title="bbox 1070 1341 1893 1382; baseline -0.001 -12"><span class='ocrx_word' id='word_1_442' title='bbox 1070 1342 1123 1371; x_wconf 83' lang='grc' dir='ltr'>ἀπὸ</span> <span class='ocrx_word' id='word_1_443' title='bbox 1153 1342 1288 1371; x_wconf 75' lang='grc' dir='ltr'>ἀνατολῶν</span> <span class='ocrx_word' id='word_1_444' title='bbox 1317 1342 1394 1376; x_wconf 81' lang='grc' dir='ltr'>ἡλίου</span> <span class='ocrx_word' id='word_1_445' title='bbox 1422 1341 1503 1382; x_wconf 77' lang='grc' dir='ltr'>μέχρι</span> <span class='ocrx_word' id='word_1_446' title='bbox 1526 1341 1643 1380; x_wconf 82' lang='grc' dir='ltr'>δυσμῶν.</span> <span class='ocrx_word' id='word_1_447' title='bbox 1661 1341 1709 1370; x_wconf 84' lang='grc' dir='ltr'>Ἐκ</span> <span class='ocrx_word' id='word_1_448' title='bbox 1725 1342 1825 1375; x_wconf 74' lang='grc' dir='ltr'>Σιὼνὴ</span> <span class='ocrx_word' id='word_1_449' title='bbox 1847 1341 1893 1369; x_wconf 79' lang='grc' dir='ltr'><strong>εὖ·</strong></span> 
     </span>
    </p>
   </div>
   <div class='ocr_carea' id='block_1_61' title="bbox 1070 1382 1894 1426">
    <p class='ocr_par' dir='ltr' id='par_1_61' title="bbox 1070 1382 1894 1426">
     <span class='ocr_line' id='line_1_61' title="bbox 1070 1382 1894 1426; baseline -0.001 -11"><span class='ocrx_word' id='word_1_450' title='bbox 1070 1387 1183 1426; x_wconf 82' lang='grc' dir='ltr'>πρέπεια</span> <span class='ocrx_word' id='word_1_451' title='bbox 1208 1389 1257 1420; x_wconf 83' lang='grc' dir='ltr'>τῆς</span> <span class='ocrx_word' id='word_1_452' title='bbox 1285 1387 1448 1426; x_wconf 83' lang='grc' dir='ltr'>ὡραιότητος</span> <span class='ocrx_word' id='word_1_453' title='bbox 1485 1387 1574 1418; x_wconf 68' lang='grc' dir='ltr'>αὐτοῦ,</span> <span class='ocrx_word' id='word_1_454' title='bbox 1610 1382 1638 1416; x_wconf 76' lang='grc'><strong>’0</strong></span> <span class='ocrx_word' id='word_1_455' title='bbox 1670 1388 1734 1417; x_wconf 88' lang='grc' dir='ltr'>Θεὸς</span> <span class='ocrx_word' id='word_1_456' title='bbox 1769 1385 1894 1426; x_wconf 77' lang='grc' dir='ltr'>ἐμφανῶς</span> 
     </span>
    </p>
   </div>
   <div class='ocr_carea' id='block_1_62' title="bbox 1069 1431 1895 1470">
    <p class='ocr_par' dir='ltr' id='par_1_62' title="bbox 1069 1431 1895 1470">
     <span class='ocr_line' id='line_1_62' title="bbox 1069 1431 1895 1470; baseline 0 -11"><span class='ocrx_word' id='word_1_457' title='bbox 1069 1431 1125 1465; x_wconf 69' lang='grc' dir='ltr'>ἥξει</span> <span class='ocrx_word' id='word_1_458' title='bbox 1147 1433 1161 1459; x_wconf 82' lang='grc' dir='ltr'>ὁ</span> <span class='ocrx_word' id='word_1_459' title='bbox 1191 1433 1254 1463; x_wconf 83' lang='grc' dir='ltr'>Θεὸς</span> <span class='ocrx_word' id='word_1_460' title='bbox 1290 1432 1378 1468; x_wconf 81' lang='grc' dir='ltr'>ἡμῶν,</span> <span class='ocrx_word' id='word_1_461' title='bbox 1405 1432 1449 1460; x_wconf 77' lang='grc' dir='ltr'><strong>καὶ</strong></span> <span class='ocrx_word' id='word_1_462' title='bbox 1492 1432 1522 1460; x_wconf 77' lang='grc' dir='ltr'>οὐ</span> <span class='ocrx_word' id='word_1_463' title='bbox 1546 1432 1800 1470; x_wconf 82' lang='grc' dir='ltr'>παρασιωπήσεται.</span> <span class='ocrx_word' id='word_1_464' title='bbox 1841 1433 1895 1470; x_wconf 79' lang='grc' dir='ltr'><strong>Πῦρ</strong></span> 
     </span>
    </p>
   </div>
   <div class='ocr_carea' id='block_1_63' title="bbox 1070 1474 1897 1516">
    <p class='ocr_par' dir='ltr' id='par_1_63' title="bbox 1070 1474 1897 1516">
     <span class='ocr_line' id='line_1_63' title="bbox 1070 1474 1897 1516; baseline -0.001 -12"><span class='ocrx_word' id='word_1_465' title='bbox 1070 1475 1182 1504; x_wconf 72' lang='grc' dir='ltr'>ἐνώπιον</span> <span class='ocrx_word' id='word_1_466' title='bbox 1208 1477 1287 1505; x_wconf 77' lang='grc' dir='ltr'>αὐτοῦ</span> <span class='ocrx_word' id='word_1_467' title='bbox 1310 1476 1486 1516; x_wconf 79' lang='grc' dir='ltr'>καυθήσεται,</span> <span class='ocrx_word' id='word_1_468' title='bbox 1500 1476 1545 1504; x_wconf 82' lang='grc' dir='ltr'><strong>καὶ</strong></span> <span class='ocrx_word' id='word_1_469' title='bbox 1560 1474 1649 1512; x_wconf 88' lang='grc' dir='ltr'>κύκλῳ</span> <span class='ocrx_word' id='word_1_470' title='bbox 1673 1476 1752 1505; x_wconf 73' lang='grc' dir='ltr'>αὐτοῦ</span> <span class='ocrx_word' id='word_1_471' title='bbox 1773 1476 1897 1514; x_wconf 82' lang='grc' dir='ltr'>καταιγὶς</span> 
     </span>
    </p>
   </div>
   <div class='ocr_carea' id='block_1_64' title="bbox 1070 1519 1897 1561">
    <p class='ocr_par' dir='ltr' id='par_1_64' title="bbox 1070 1519 1897 1561">
     <span class='ocr_line' id='line_1_64' title="bbox 1070 1519 1897 1561; baseline -0.001 -12"><span class='ocrx_word' id='word_1_472' title='bbox 1070 1519 1179 1561; x_wconf 79' lang='grc' dir='ltr'>σφόδρα.</span> <span class='ocrx_word' id='word_1_473' title='bbox 1196 1519 1409 1560; x_wconf 79' lang='grc' dir='ltr'>Προσκαλέσεται</span> <span class='ocrx_word' id='word_1_474' title='bbox 1437 1521 1483 1548; x_wconf 87' lang='grc' dir='ltr'><strong>τὸν</strong></span> <span class='ocrx_word' id='word_1_475' title='bbox 1512 1520 1622 1560; x_wconf 75' lang='grc' dir='ltr'>οὐρανὸν</span> <span class='ocrx_word' id='word_1_476' title='bbox 1639 1519 1694 1549; x_wconf 73' lang='grc' dir='ltr'>ἅνω</span> <span class='ocrx_word' id='word_1_477' title='bbox 1708 1520 1752 1548; x_wconf 85' lang='grc' dir='ltr'><strong>καὶ</strong></span> <span class='ocrx_word' id='word_1_478' title='bbox 1767 1520 1816 1554; x_wconf 72' lang='grc' dir='ltr'><strong>τὴν</strong></span> <span class='ocrx_word' id='word_1_479' title='bbox 1832 1521 1897 1560; x_wconf 76' lang='grc' dir='ltr'>γῆν,</span> 
     </span>
    </p>
   </div>
   <div class='ocr_carea' id='block_1_65' title="bbox 1069 1564 1896 1604">
    <p class='ocr_par' dir='ltr' id='par_1_65' title="bbox 1069 1564 1896 1604">
     <span class='ocr_line' id='line_1_65' title="bbox 1069 1564 1896 1604; baseline 0 -11"><span class='ocrx_word' id='word_1_480' title='bbox 1069 1565 1115 1593; x_wconf 74' lang='grc' dir='ltr'><strong>τοῦ</strong></span> <span class='ocrx_word' id='word_1_481' title='bbox 1129 1564 1261 1604; x_wconf 76' lang='grc' dir='ltr'>διακρῖναι</span> <span class='ocrx_word' id='word_1_482' title='bbox 1289 1565 1334 1593; x_wconf 81' lang='grc' dir='ltr'><strong>τὸν</strong></span> <span class='ocrx_word' id='word_1_483' title='bbox 1358 1564 1422 1593; x_wconf 88' lang='grc' dir='ltr'>λαὸν</span> <span class='ocrx_word' id='word_1_484' title='bbox 1450 1565 1539 1595; x_wconf 80' lang='grc' dir='ltr'>αὐτοῦ.</span> <span class='ocrx_word' id='word_1_485' title='bbox 1564 1565 1733 1604; x_wconf 83' lang='grc' dir='ltr'>Συναγάγετε</span> <span class='ocrx_word' id='word_1_486' title='bbox 1748 1565 1819 1602; x_wconf 70' lang='grc' dir='ltr'>αὐτῷ</span> <span class='ocrx_word' id='word_1_487' title='bbox 1833 1565 1896 1597; x_wconf 76' lang='grc' dir='ltr'>τοὺς</span> 
     </span>
    </p>
   </div>
   <div class='ocr_carea' id='block_1_66' title="bbox 199 1608 1025 1652">
    <p class='ocr_par' dir='ltr' id='par_1_66' title="bbox 199 1608 1025 1652">
     <span class='ocr_line' id='line_1_66' title="bbox 199 1608 1025 1652; baseline -0.002 -8"><span class='ocrx_word' id='word_1_488' title='bbox 199 1608 267 1644; x_wconf 76' lang='lat' dir='ltr'><strong>tuus</strong></span> <span class='ocrx_word' id='word_1_489' title='bbox 278 1622 332 1652; x_wconf 89' lang='lat' dir='ltr'><strong>ego</strong></span> <span class='ocrx_word' id='word_1_490' title='bbox 349 1611 493 1643; x_wconf 88' lang='lat' dir='ltr'><strong>sum.Non</strong></span> <span class='ocrx_word' id='word_1_491' title='bbox 511 1612 539 1641; x_wconf 93' lang='lat' dir='ltr'><strong>in</strong></span> <span class='ocrx_word' id='word_1_492' title='bbox 551 1611 707 1642; x_wconf 89' lang='lat' dir='ltr'><strong>sacriﬁciis</strong></span> <span class='ocrx_word' id='word_1_493' title='bbox 722 1612 781 1641; x_wconf 89' lang='lat' dir='ltr'><strong>tuis</strong></span> <span class='ocrx_word' id='word_1_494' title='bbox 794 1620 914 1651; x_wconf 86' lang='lat' dir='ltr'><strong>arguam</strong></span> <span class='ocrx_word' id='word_1_495' title='bbox 926 1616 966 1647; x_wconf 85' lang='lat' dir='ltr'><strong>te;</strong></span> <span class='ocrx_word' id='word_1_496' title='bbox 979 1612 1025 1642; x_wconf 65' lang='lat' dir='ltr'><strong>ho.</strong></span> 
     </span>
    </p>
   </div>
   <div class='ocr_carea' id='block_1_67' title="bbox 1102 1608 1894 1652">
    <p class='ocr_par' dir='ltr' id='par_1_67' title="bbox 1102 1608 1894 1647">
     <span class='ocr_line' id='line_1_67' title="bbox 1102 1608 1894 1647; baseline 0 -9"><span class='ocrx_word' id='word_1_497' title='bbox 1102 1610 1160 1643; x_wconf 79' lang='grc' dir='ltr'>’ίους</span> <span class='ocrx_word' id='word_1_498' title='bbox 1188 1611 1279 1646; x_wconf 70' lang='grc' dir='ltr'>αὐτοῦ,</span> <span class='ocrx_word' id='word_1_499' title='bbox 1309 1609 1370 1642; x_wconf 78' lang='grc' dir='ltr'><strong>¹ιοὺς</strong></span> <span class='ocrx_word' id='word_1_500' title='bbox 1399 1608 1593 1647; x_wconf 83' lang='grc' dir='ltr'>διατιθεμένους</span> <span class='ocrx_word' id='word_1_501' title='bbox 1606 1609 1656 1643; x_wconf 78' lang='grc' dir='ltr'>τὴν</span> <span class='ocrx_word' id='word_1_502' title='bbox 1671 1608 1799 1645; x_wconf 78' lang='grc' dir='ltr'>διαθήκην</span> <span class='ocrx_word' id='word_1_503' title='bbox 1814 1610 1894 1639; x_wconf 79' lang='grc' dir='ltr'>αὑτοῦ</span> 
     </span>
    </p>
   </div>
   <div class='ocr_carea' id='block_1_68' title="bbox 199 1656 1026 1695">
    <p class='ocr_par' dir='ltr' id='par_1_68' title="bbox 199 1656 1026 1695">
     <span class='ocr_line' id='line_1_68' title="bbox 199 1656 1026 1695; baseline -0.002 -7"><span class='ocrx_word' id='word_1_504' title='bbox 199 1658 335 1688; x_wconf 76' lang='lat' dir='ltr'><strong>locausta</strong></span> <span class='ocrx_word' id='word_1_505' title='bbox 351 1661 450 1687; x_wconf 92' lang='lat' dir='ltr'><strong>autem</strong></span> <span class='ocrx_word' id='word_1_506' title='bbox 468 1660 516 1686; x_wconf 89' lang='lat' dir='ltr'><strong>tua</strong></span> <span class='ocrx_word' id='word_1_507' title='bbox 541 1656 569 1686; x_wconf 94' lang='lat' dir='ltr'><strong>in</strong></span> <span class='ocrx_word' id='word_1_508' title='bbox 586 1659 746 1695; x_wconf 87' lang='lat' dir='ltr'><strong>conspectu</strong></span> <span class='ocrx_word' id='word_1_509' title='bbox 768 1665 835 1687; x_wconf 90' lang='lat' dir='ltr'><strong>meo</strong></span> <span class='ocrx_word' id='word_1_510' title='bbox 861 1660 930 1688; x_wconf 89' lang='lat' dir='ltr'><strong>sunt</strong></span> <span class='ocrx_word' id='word_1_511' title='bbox 945 1665 1026 1687; x_wconf 87' lang='lat' dir='ltr'><strong>sem-</strong></span> 
     </span>
    </p>
   </div>
   <div class='ocr_carea' id='block_1_69' title="bbox 200 1699 1027 1742">
    <p class='ocr_par' dir='ltr' id='par_1_69' title="bbox 200 1699 1027 1742">
     <span class='ocr_line' id='line_1_69' title="bbox 200 1699 1027 1742; baseline -0.002 -9"><span class='ocrx_word' id='word_1_512' title='bbox 200 1711 263 1742; x_wconf 90' lang='lat' dir='ltr'><strong>per.</strong></span> <span class='ocrx_word' id='word_1_513' title='bbox 281 1703 347 1733; x_wconf 92' lang='lat' dir='ltr'><strong>Non</strong></span> <span class='ocrx_word' id='word_1_514' title='bbox 364 1701 506 1741; x_wconf 86' lang='lat' dir='ltr'><strong>accipiam</strong></span> <span class='ocrx_word' id='word_1_515' title='bbox 524 1700 561 1731; x_wconf 87' lang='lat' dir='ltr'><strong>de</strong></span> <span class='ocrx_word' id='word_1_516' title='bbox 576 1700 665 1731; x_wconf 86' lang='lat' dir='ltr'><strong>domo</strong></span> <span class='ocrx_word' id='word_1_517' title='bbox 684 1704 733 1730; x_wconf 91' lang='lat' dir='ltr'><strong>tua</strong></span> <span class='ocrx_word' id='word_1_518' title='bbox 746 1700 864 1734; x_wconf 82' lang='lat' dir='ltr'><strong>vitulos.</strong></span> <span class='ocrx_word' id='word_1_519' title='bbox 882 1709 979 1741; x_wconf 87' lang='lat' dir='ltr'><strong>neque</strong></span> <span class='ocrx_word' id='word_1_520' title='bbox 989 1699 1027 1731; x_wconf 90' lang='lat' dir='ltr'><strong>de</strong></span> 
     </span>
    </p>
   </div>
   <div class='ocr_carea' id='block_1_70' title="bbox 200 1745 1026 1786">
    <p class='ocr_par' dir='ltr' id='par_1_70' title="bbox 200 1745 1026 1786">
     <span class='ocr_line' id='line_1_70' title="bbox 200 1745 1026 1786; baseline -0.002 -9"><span class='ocrx_word' id='word_1_521' title='bbox 200 1746 339 1786; x_wconf 82' lang='lat' dir='ltr'><strong>gregibus</strong></span> <span class='ocrx_word' id='word_1_522' title='bbox 355 1745 412 1776; x_wconf 88' lang='lat' dir='ltr'><strong>tuis</strong></span> <span class='ocrx_word' id='word_1_523' title='bbox 427 1745 538 1780; x_wconf 85' lang='lat' dir='ltr'><strong>hircos;</strong></span> <span class='ocrx_word' id='word_1_524' title='bbox 557 1745 696 1785; x_wconf 84' lang='lat' dir='ltr'><strong>quoniam</strong></span> <span class='ocrx_word' id='word_1_525' title='bbox 725 1754 800 1776; x_wconf 60' lang='lat' dir='ltr'><strong>mea;</strong></span> <span class='ocrx_word' id='word_1_526' title='bbox 824 1749 892 1776; x_wconf 88' lang='lat' dir='ltr'><strong>sunt</strong></span> <span class='ocrx_word' id='word_1_527' title='bbox 921 1754 1026 1776; x_wconf 88' lang='lat' dir='ltr'><strong>omnes</strong></span> 
     </span>
    </p>
   </div>
   <div class='ocr_carea' id='block_1_71' title="bbox 199 1788 1028 1830">
    <p class='ocr_par' dir='ltr' id='par_1_71' title="bbox 199 1788 1028 1830">
     <span class='ocr_line' id='line_1_71' title="bbox 199 1788 1028 1830; baseline -0.004 -8"><span class='ocrx_word' id='word_1_528' title='bbox 199 1791 305 1822; x_wconf 85' lang='lat' dir='ltr'><strong>bestiae</strong></span> <span class='ocrx_word' id='word_1_529' title='bbox 319 1791 391 1830; x_wconf 60' lang='lat' dir='ltr'><strong>agri,</strong></span> <span class='ocrx_word' id='word_1_530' title='bbox 407 1798 514 1830; x_wconf 87' lang='lat' dir='ltr'><strong>pecora</strong></span> <span class='ocrx_word' id='word_1_531' title='bbox 529 1789 559 1820; x_wconf 89' lang='lat' dir='ltr'><strong>iu</strong></span> <span class='ocrx_word' id='word_1_532' title='bbox 576 1788 728 1820; x_wconf 89' lang='lat' dir='ltr'><strong>montibus</strong></span> <span class='ocrx_word' id='word_1_533' title='bbox 738 1794 766 1819; x_wconf 88' lang='lat' dir='ltr'><strong>et</strong></span> <span class='ocrx_word' id='word_1_534' title='bbox 782 1789 885 1821; x_wconf 90' lang='lat' dir='ltr'><strong>boves.</strong></span> <span class='ocrx_word' id='word_1_535' title='bbox 901 1789 1028 1829; x_wconf 75' lang='lat' dir='ltr'><strong>Cognovi</strong></span> 
     </span>
    </p>
   </div>
   <div class='ocr_carea' id='block_1_72' title="bbox 199 1833 1028 1873">
    <p class='ocr_par' dir='ltr' id='par_1_72' title="bbox 199 1833 1028 1873">
     <span class='ocr_line' id='line_1_72' title="bbox 199 1833 1028 1873; baseline -0.001 -6"><span class='ocrx_word' id='word_1_536' title='bbox 199 1836 299 1867; x_wconf 91' lang='lat' dir='ltr'><strong>omnia</strong></span> <span class='ocrx_word' id='word_1_537' title='bbox 313 1835 443 1866; x_wconf 86' lang='lat' dir='ltr'><strong>volatilia</strong></span> <span class='ocrx_word' id='word_1_538' title='bbox 458 1833 526 1865; x_wconf 75' lang='grc' dir='ltr'>οωιὶ</span> <span class='ocrx_word' id='word_1_539' title='bbox 542 1837 571 1864; x_wconf 89' lang='lat' dir='ltr'><strong>et</strong></span> <span class='ocrx_word' id='word_1_540' title='bbox 586 1833 701 1873; x_wconf 88' lang='lat' dir='ltr'><strong>species</strong></span> <span class='ocrx_word' id='word_1_541' title='bbox 716 1834 777 1872; x_wconf 89' lang='lat' dir='ltr'><strong>agri</strong></span> <span class='ocrx_word' id='word_1_542' title='bbox 795 1843 913 1865; x_wconf 88' lang='lat' dir='ltr'><strong>mecum</strong></span> <span class='ocrx_word' id='word_1_543' title='bbox 926 1838 981 1866; x_wconf 88' lang='lat' dir='ltr'><strong>est.</strong></span> <span class='ocrx_word' id='word_1_544' title='bbox 998 1833 1028 1866; x_wconf 89' lang='lat' dir='ltr'><strong>Si</strong></span> 
     </span>
    </p>
   </div>
   <div class='ocr_carea' id='block_1_73' title="bbox 199 1877 1029 1917">
    <p class='ocr_par' dir='ltr' id='par_1_73' title="bbox 199 1877 1029 1917">
     <span class='ocr_line' id='line_1_73' title="bbox 199 1877 1029 1917; baseline -0.004 -5"><span class='ocrx_word' id='word_1_545' title='bbox 199 1882 345 1917; x_wconf 87' lang='lat' dir='ltr'><strong>esuriero,</strong></span> <span class='ocrx_word' id='word_1_546' title='bbox 376 1889 434 1910; x_wconf 89' lang='lat' dir='ltr'><strong>non</strong></span> <span class='ocrx_word' id='word_1_547' title='bbox 459 1879 556 1909; x_wconf 85' lang='lat' dir='ltr'><strong>dicam</strong></span> <span class='ocrx_word' id='word_1_548' title='bbox 584 1877 649 1916; x_wconf 86' lang='lat' dir='ltr'><strong>tibi;</strong></span> <span class='ocrx_word' id='word_1_549' title='bbox 668 1887 754 1908; x_wconf 90' lang='lat' dir='ltr'><strong>meus</strong></span> <span class='ocrx_word' id='word_1_550' title='bbox 779 1883 824 1909; x_wconf 88' lang='lat' dir='ltr'><strong>est</strong></span> <span class='ocrx_word' id='word_1_551' title='bbox 846 1879 926 1909; x_wconf 92' lang='lat' dir='ltr'><strong>enim</strong></span> <span class='ocrx_word' id='word_1_552' title='bbox 948 1878 1029 1909; x_wconf 88' lang='lat' dir='ltr'><strong>orbis</strong></span> 
     </span>
    </p>
   </div>
   <div class='ocr_carea' id='block_1_74' title="bbox 199 1922 1027 1965">
    <p class='ocr_par' dir='ltr' id='par_1_74' title="bbox 199 1922 1027 1965">
     <span class='ocr_line' id='line_1_74' title="bbox 199 1922 1027 1965; baseline -0.002 -9"><span class='ocrx_word' id='word_1_553' title='bbox 199 1929 330 1961; x_wconf 45' lang='lat' dir='ltr'><strong>terranet</strong></span> <span class='ocrx_word' id='word_1_554' title='bbox 344 1923 498 1965; x_wconf 85' lang='lat' dir='ltr'><strong>plenitudo</strong></span> <span class='ocrx_word' id='word_1_555' title='bbox 512 1923 586 1962; x_wconf 89' lang='lat' dir='ltr'><strong>ejus.</strong></span> <span class='ocrx_word' id='word_1_556' title='bbox 605 1922 746 1962; x_wconf 87' lang='lat' dir='ltr'><strong>Nunquid</strong></span> <span class='ocrx_word' id='word_1_557' title='bbox 764 1923 951 1954; x_wconf 89' lang='lat' dir='ltr'><strong>manducabo</strong></span> <span class='ocrx_word' id='word_1_558' title='bbox 959 1932 1027 1954; x_wconf 86' lang='lat' dir='ltr'><strong>car-</strong></span> 
     </span>
    </p>
   </div>
   <div class='ocr_carea' id='block_1_75' title="bbox 200 1967 1028 2008">
    <p class='ocr_par' dir='ltr' id='par_1_75' title="bbox 200 1967 1028 2008">
     <span class='ocr_line' id='line_1_75' title="bbox 200 1967 1028 2008; baseline -0.002 -7"><span class='ocrx_word' id='word_1_559' title='bbox 200 1979 254 2001; x_wconf 90' lang='lat' dir='ltr'><strong>nes</strong></span> <span class='ocrx_word' id='word_1_560' title='bbox 278 1970 448 2000; x_wconf 87' lang='lat' dir='ltr'><strong>taurorum?</strong></span> <span class='ocrx_word' id='word_1_561' title='bbox 463 1971 512 1998; x_wconf 86' lang='lat' dir='ltr'><strong>aut</strong></span> <span class='ocrx_word' id='word_1_562' title='bbox 537 1967 712 2006; x_wconf 79' lang='lat' dir='ltr'><strong>Sanguinem</strong></span> <span class='ocrx_word' id='word_1_563' title='bbox 729 1968 878 1998; x_wconf 90' lang='lat' dir='ltr'><strong>hircorum</strong></span> <span class='ocrx_word' id='word_1_564' title='bbox 906 1967 1028 2008; x_wconf 82' lang='lat' dir='ltr'><strong>potaho‘!</strong></span> 
     </span>
    </p>
   </div>
   <div class='ocr_carea' id='block_1_76' title="bbox 199 2011 1026 2046">
    <p class='ocr_par' dir='ltr' id='par_1_76' title="bbox 199 2011 1026 2046">
     <span class='ocr_line' id='line_1_76' title="bbox 199 2011 1026 2046; baseline -0.004 0"><span class='ocrx_word' id='word_1_565' title='bbox 199 2014 324 2046; x_wconf 81' lang='lat' dir='ltr'><strong>Immola</strong></span> <span class='ocrx_word' id='word_1_566' title='bbox 338 2015 398 2045; x_wconf 89' lang='lat' dir='ltr'><strong>Deo</strong></span> <span class='ocrx_word' id='word_1_567' title='bbox 415 2011 595 2044; x_wconf 91' lang='lat' dir='ltr'><strong>sacriﬁcium</strong></span> <span class='ocrx_word' id='word_1_568' title='bbox 609 2012 750 2043; x_wconf 82' lang='lat' dir='ltr'><strong>laudiszet</strong></span> <span class='ocrx_word' id='word_1_569' title='bbox 766 2012 861 2043; x_wconf 90' lang='lat' dir='ltr'><strong>redde</strong></span> <span class='ocrx_word' id='word_1_570' title='bbox 878 2012 1026 2043; x_wconf 82' lang='lat' dir='ltr'><strong>Altissimo</strong></span> 
     </span>
    </p>
   </div>
   <div class='ocr_carea' id='block_1_77' title="bbox 199 2056 1026 2098">
    <p class='ocr_par' dir='ltr' id='par_1_77' title="bbox 199 2056 1026 2098">
     <span class='ocr_line' id='line_1_77' title="bbox 199 2056 1026 2098; baseline -0.004 -7"><span class='ocrx_word' id='word_1_571' title='bbox 199 2065 263 2091; x_wconf 89' lang='lat' dir='ltr'><strong>vota</strong></span> <span class='ocrx_word' id='word_1_572' title='bbox 280 2058 381 2090; x_wconf 80' lang='lat' dir='ltr'><strong>tua.Et</strong></span> <span class='ocrx_word' id='word_1_573' title='bbox 391 2058 496 2089; x_wconf 89' lang='lat' dir='ltr'><strong>invoca</strong></span> <span class='ocrx_word' id='word_1_574' title='bbox 510 2066 557 2087; x_wconf 86' lang='lat' dir='ltr'><strong>me</strong></span> <span class='ocrx_word' id='word_1_575' title='bbox 568 2057 597 2087; x_wconf 90' lang='lat' dir='ltr'><strong>in</strong></span> <span class='ocrx_word' id='word_1_576' title='bbox 607 2057 656 2087; x_wconf 85' lang='lat' dir='ltr'><strong>die</strong></span> <span class='ocrx_word' id='word_1_577' title='bbox 668 2056 914 2098; x_wconf 82' lang='lat' dir='ltr'><strong>tribulationis,et</strong></span> <span class='ocrx_word' id='word_1_578' title='bbox 925 2067 1026 2089; x_wconf 84' lang='lat' dir='ltr'><strong>eruam</strong></span> 
     </span>
    </p>
   </div>
   <div class='ocr_carea' id='block_1_78' title="bbox 1069 1652 1892 1694">
    <p class='ocr_par' dir='ltr' id='par_1_78' title="bbox 1069 1652 1892 1694">
     <span class='ocr_line' id='line_1_78' title="bbox 1069 1652 1892 1694; baseline -0.001 -11"><span class='ocrx_word' id='word_1_579' title='bbox 1069 1654 1112 1683; x_wconf 75' lang='grc' dir='ltr'>ἐπὶ</span> <span class='ocrx_word' id='word_1_580' title='bbox 1126 1655 1237 1686; x_wconf 85' lang='grc' dir='ltr'>θυσίαις,</span> <span class='ocrx_word' id='word_1_581' title='bbox 1253 1653 1306 1685; x_wconf 80' lang='grc' dir='ltr'><strong>Καὶ</strong></span> <span class='ocrx_word' id='word_1_582' title='bbox 1321 1653 1511 1694; x_wconf 84' lang='grc' dir='ltr'>ἀναγγελοῦσιν</span> <span class='ocrx_word' id='word_1_583' title='bbox 1535 1655 1559 1682; x_wconf 79' lang='grc' dir='ltr'>οἱ</span> <span class='ocrx_word' id='word_1_584' title='bbox 1589 1654 1691 1694; x_wconf 75' lang='grc' dir='ltr'>οὗρανοὶ</span> <span class='ocrx_word' id='word_1_585' title='bbox 1712 1654 1761 1688; x_wconf 75' lang='grc' dir='ltr'><strong>τὴν</strong></span> <span class='ocrx_word' id='word_1_586' title='bbox 1785 1652 1892 1683; x_wconf 83' lang='grc' dir='ltr'>δικαιο-</span> 
     </span>
    </p>
   </div>
   <div class='ocr_carea' id='block_1_79' title="bbox 1068 1697 1890 1738">
    <p class='ocr_par' dir='ltr' id='par_1_79' title="bbox 1068 1697 1890 1738">
     <span class='ocr_line' id='line_1_79' title="bbox 1068 1697 1890 1738; baseline 0.001 -11"><span class='ocrx_word' id='word_1_587' title='bbox 1068 1700 1149 1733; x_wconf 82' lang='grc' dir='ltr'>σύνην</span> <span class='ocrx_word' id='word_1_588' title='bbox 1163 1700 1252 1736; x_wconf 79' lang='grc' dir='ltr'>αὑτοῦ,</span> <span class='ocrx_word' id='word_1_589' title='bbox 1276 1698 1317 1727; x_wconf 83' lang='grc' dir='ltr'><strong>ὅτι</strong></span> <span class='ocrx_word' id='word_1_590' title='bbox 1329 1700 1343 1727; x_wconf 80' lang='grc' dir='ltr'>ὁ</span> <span class='ocrx_word' id='word_1_591' title='bbox 1359 1699 1424 1732; x_wconf 88' lang='grc' dir='ltr'>Θεὸς</span> <span class='ocrx_word' id='word_1_592' title='bbox 1437 1699 1529 1738; x_wconf 78' lang='grc' dir='ltr'>κριτὴς</span> <span class='ocrx_word' id='word_1_593' title='bbox 1545 1698 1627 1728; x_wconf 76' lang='grc' dir='ltr'>ἔστιν.</span> <span class='ocrx_word' id='word_1_594' title='bbox 1654 1697 1807 1736; x_wconf 76' lang='grc' dir='ltr'>⁷¹Ακουσον,</span> <span class='ocrx_word' id='word_1_595' title='bbox 1824 1699 1890 1731; x_wconf 89' lang='grc' dir='ltr'>λαός</span> 
     </span>
    </p>
   </div>
   <div class='ocr_carea' id='block_1_80' title="bbox 1068 1742 1890 1784">
    <p class='ocr_par' dir='ltr' id='par_1_80' title="bbox 1068 1742 1890 1784">
     <span class='ocr_line' id='line_1_80' title="bbox 1068 1742 1890 1784; baseline -0.001 -10"><span class='ocrx_word' id='word_1_596' title='bbox 1068 1755 1130 1784; x_wconf 85' lang='grc' dir='ltr'>μου,</span> <span class='ocrx_word' id='word_1_597' title='bbox 1146 1744 1190 1772; x_wconf 85' lang='grc' dir='ltr'><strong>καὶ</strong></span> <span class='ocrx_word' id='word_1_598' title='bbox 1218 1743 1330 1779; x_wconf 87' lang='grc' dir='ltr'>λαλήσω</span> <span class='ocrx_word' id='word_1_599' title='bbox 1355 1754 1396 1772; x_wconf 88' lang='grc' dir='ltr'><strong>σοι</strong></span> <span class='ocrx_word' id='word_1_600' title='bbox 1415 1752 1422 1761; x_wconf 84' lang='grc'><em>’</em></span> <span class='ocrx_word' id='word_1_601' title='bbox 1452 1742 1572 1783; x_wconf 79' lang='grc' dir='ltr'>Ἰσραὴλ,</span> <span class='ocrx_word' id='word_1_602' title='bbox 1598 1744 1641 1771; x_wconf 75' lang='grc' dir='ltr'>καὶ</span> <span class='ocrx_word' id='word_1_603' title='bbox 1664 1742 1890 1782; x_wconf 75' lang='grc' dir='ltr'>διαμαρτυροῦμαί</span> 
     </span>
    </p>
   </div>
   <div class='ocr_carea' id='block_1_81' title="bbox 1070 1787 1892 1828">
    <p class='ocr_par' dir='ltr' id='par_1_81' title="bbox 1070 1787 1892 1828">
     <span class='ocr_line' id='line_1_81' title="bbox 1070 1787 1892 1828; baseline 0.001 -11"><span class='ocrx_word' id='word_1_604' title='bbox 1070 1800 1112 1818; x_wconf 90' lang='grc' dir='ltr'><strong>σοι</strong></span> <span class='ocrx_word' id='word_1_605' title='bbox 1130 1797 1137 1804; x_wconf 94' lang='grc'><strong>·</strong></span> <span class='ocrx_word' id='word_1_606' title='bbox 1154 1790 1168 1817; x_wconf 83' lang='grc' dir='ltr'>ὁ</span> <span class='ocrx_word' id='word_1_607' title='bbox 1183 1789 1260 1827; x_wconf 79' lang='grc' dir='ltr'>Θεὸς,</span> <span class='ocrx_word' id='word_1_608' title='bbox 1275 1789 1289 1816; x_wconf 79' lang='grc' dir='ltr'>δ</span> <span class='ocrx_word' id='word_1_609' title='bbox 1305 1792 1368 1828; x_wconf 80' lang='grc' dir='ltr'>Θερς</span> <span class='ocrx_word' id='word_1_610' title='bbox 1383 1799 1429 1817; x_wconf 90' lang='grc' dir='ltr'><strong>σου</strong></span> <span class='ocrx_word' id='word_1_611' title='bbox 1444 1789 1498 1827; x_wconf 77' lang='grc' dir='ltr'>εῐμὶ</span> <span class='ocrx_word' id='word_1_612' title='bbox 1593 1789 1646 1817; x_wconf 74' lang='grc' dir='ltr'><strong>Οδκ</strong></span> <span class='ocrx_word' id='word_1_613' title='bbox 1658 1788 1701 1816; x_wconf 65' lang='grc' dir='ltr'>ἐπὶ</span> <span class='ocrx_word' id='word_1_614' title='bbox 1715 1795 1776 1821; x_wconf 77' lang='grc' dir='ltr'>ταῖς</span> <span class='ocrx_word' id='word_1_615' title='bbox 1790 1789 1892 1822; x_wconf 81' lang='grc' dir='ltr'>θυσίαις</span> 
     </span>
    </p>
   </div>
   <div class='ocr_carea' id='block_1_82' title="bbox 1070 1831 1893 1872">
    <p class='ocr_par' dir='ltr' id='par_1_82' title="bbox 1070 1831 1893 1872">
     <span class='ocr_line' id='line_1_82' title="bbox 1070 1831 1893 1872; baseline 0.004 -11"><span class='ocrx_word' id='word_1_616' title='bbox 1070 1844 1117 1862; x_wconf 88' lang='grc' dir='ltr'><strong>σου</strong></span> <span class='ocrx_word' id='word_1_617' title='bbox 1130 1833 1229 1872; x_wconf 72' lang='grc' dir='ltr'>ὶλέγξω</span> <span class='ocrx_word' id='word_1_618' title='bbox 1251 1843 1281 1861; x_wconf 78' lang='grc' dir='ltr'><strong>σε</strong></span> <span class='ocrx_word' id='word_1_619' title='bbox 1298 1840 1306 1848; x_wconf 87' lang='grc'><strong>’</strong></span> <span class='ocrx_word' id='word_1_620' title='bbox 1329 1833 1362 1861; x_wconf 77' lang='grc' dir='ltr'><strong>τὰ</strong></span> <span class='ocrx_word' id='word_1_621' title='bbox 1383 1831 1411 1860; x_wconf 78' lang='grc' dir='ltr'><strong>δὲ</strong></span> <span class='ocrx_word' id='word_1_622' title='bbox 1426 1832 1636 1870; x_wconf 76' lang='grc' dir='ltr'>ὀλοκαυτώματά</span> <span class='ocrx_word' id='word_1_623' title='bbox 1655 1843 1702 1862; x_wconf 87' lang='grc' dir='ltr'><strong>σου</strong></span> <span class='ocrx_word' id='word_1_624' title='bbox 1716 1833 1828 1863; x_wconf 73' lang='grc' dir='ltr'>ἒνώπιόν</span> <span class='ocrx_word' id='word_1_625' title='bbox 1840 1846 1893 1872; x_wconf 85' lang='grc' dir='ltr'><strong>μου</strong></span> 
     </span>
    </p>
   </div>
   <div class='ocr_carea' id='block_1_83' title="bbox 1069 1876 1893 1919">
    <p class='ocr_par' dir='ltr' id='par_1_83' title="bbox 1069 1876 1893 1919">
     <span class='ocr_line' id='line_1_83' title="bbox 1069 1876 1893 1919; baseline 0.001 -13"><span class='ocrx_word' id='word_1_626' title='bbox 1069 1877 1125 1906; x_wconf 75' lang='grc' dir='ltr'>ἐστὶ</span> <span class='ocrx_word' id='word_1_627' title='bbox 1146 1877 1299 1909; x_wconf 82' lang='grc' dir='ltr'>διαπαντός.</span> <span class='ocrx_word' id='word_1_628' title='bbox 1317 1878 1354 1906; x_wconf 71' lang='grc' dir='ltr'><strong>οὗ</strong></span> <span class='ocrx_word' id='word_1_629' title='bbox 1367 1876 1474 1915; x_wconf 76' lang='grc' dir='ltr'>δέξομαι</span> <span class='ocrx_word' id='word_1_630' title='bbox 1497 1877 1528 1905; x_wconf 64' lang='grc' dir='ltr'>ἐκ</span> <span class='ocrx_word' id='word_1_631' title='bbox 1542 1882 1590 1907; x_wconf 77' lang='grc' dir='ltr'><strong>τοῦ</strong></span> <span class='ocrx_word' id='word_1_632' title='bbox 1605 1877 1682 1906; x_wconf 72' lang='grc' dir='ltr'>οἴκου</span> <span class='ocrx_word' id='word_1_633' title='bbox 1695 1888 1741 1907; x_wconf 85' lang='grc' dir='ltr'><strong>σου</strong></span> <span class='ocrx_word' id='word_1_634' title='bbox 1757 1879 1893 1919; x_wconf 79' lang='grc' dir='ltr'>μόσχους,</span> 
     </span>
    </p>
   </div>
   <div class='ocr_carea' id='block_1_84' title="bbox 1069 1921 1896 1962">
    <p class='ocr_par' dir='ltr' id='par_1_84' title="bbox 1069 1921 1896 1962">
     <span class='ocr_line' id='line_1_84' title="bbox 1069 1921 1896 1962; baseline 0.002 -11"><span class='ocrx_word' id='word_1_635' title='bbox 1069 1922 1130 1951; x_wconf 78' lang='grc' dir='ltr'>οὑδὲ</span> <span class='ocrx_word' id='word_1_636' title='bbox 1157 1921 1188 1951; x_wconf 79' lang='grc' dir='ltr'>ὶκ</span> <span class='ocrx_word' id='word_1_637' title='bbox 1213 1925 1266 1951; x_wconf 81' lang='grc' dir='ltr'>τῶν</span> <span class='ocrx_word' id='word_1_638' title='bbox 1295 1922 1425 1960; x_wconf 85' lang='grc' dir='ltr'>ποιμνίων</span> <span class='ocrx_word' id='word_1_639' title='bbox 1447 1933 1494 1952; x_wconf 85' lang='grc' dir='ltr'><strong>σου</strong></span> <span class='ocrx_word' id='word_1_640' title='bbox 1514 1922 1648 1962; x_wconf 80' lang='grc' dir='ltr'>χιμάρους</span> <span class='ocrx_word' id='word_1_641' title='bbox 1665 1931 1674 1941; x_wconf 78' lang='grc'><strong><em>⁸</em></strong></span> <span class='ocrx_word' id='word_1_642' title='bbox 1705 1923 1748 1952; x_wconf 73' lang='grc' dir='ltr'><strong>ὅτι</strong></span> <span class='ocrx_word' id='word_1_643' title='bbox 1772 1924 1824 1962; x_wconf 71' lang='grc' dir='ltr'>ἐμά</span> <span class='ocrx_word' id='word_1_644' title='bbox 1839 1924 1896 1953; x_wconf 72' lang='grc' dir='ltr'>ἐστι</span> 
     </span>
    </p>
   </div>
   <div class='ocr_carea' id='block_1_85' title="bbox 1068 1967 1898 2008">
    <p class='ocr_par' dir='ltr' id='par_1_85' title="bbox 1068 1967 1898 2008">
     <span class='ocr_line' id='line_1_85' title="bbox 1068 1967 1898 2008; baseline 0.002 -12"><span class='ocrx_word' id='word_1_645' title='bbox 1068 1968 1156 1996; x_wconf 80' lang='grc' dir='ltr'>πάνια</span> <span class='ocrx_word' id='word_1_646' title='bbox 1181 1968 1216 1996; x_wconf 76' lang='grc' dir='ltr'><strong>τὰ</strong></span> <span class='ocrx_word' id='word_1_647' title='bbox 1243 1968 1319 2007; x_wconf 81' lang='grc' dir='ltr'>θηρία</span> <span class='ocrx_word' id='word_1_648' title='bbox 1347 1970 1393 1995; x_wconf 82' lang='grc' dir='ltr'>τοῦ</span> <span class='ocrx_word' id='word_1_649' title='bbox 1415 1967 1507 2007; x_wconf 75' lang='grc' dir='ltr'>ἀγροῦ,</span> <span class='ocrx_word' id='word_1_650' title='bbox 1529 1968 1617 2003; x_wconf 85' lang='grc' dir='ltr'>κτήνη</span> <span class='ocrx_word' id='word_1_651' title='bbox 1632 1968 1660 1996; x_wconf 69' lang='grc' dir='ltr'>ιν</span> <span class='ocrx_word' id='word_1_652' title='bbox 1681 1975 1741 2001; x_wconf 76' lang='grc' dir='ltr'>τοῖς</span> <span class='ocrx_word' id='word_1_653' title='bbox 1755 1968 1825 2008; x_wconf 77' lang='grc' dir='ltr'>ὄρεσι</span> <span class='ocrx_word' id='word_1_654' title='bbox 1852 1971 1898 1998; x_wconf 77' lang='grc' dir='ltr'><strong>καὶ</strong></span> 
     </span>
    </p>
   </div>
   <div class='ocr_carea' id='block_1_86' title="bbox 1068 2011 1898 2054">
    <p class='ocr_par' dir='ltr' id='par_1_86' title="bbox 1068 2011 1898 2054">
     <span class='ocr_line' id='line_1_86' title="bbox 1068 2011 1898 2054; baseline 0.002 -13"><span class='ocrx_word' id='word_1_655' title='bbox 1068 2013 1141 2051; x_wconf 87' lang='grc' dir='ltr'>βόες,</span> <span class='ocrx_word' id='word_1_656' title='bbox 1166 2011 1303 2051; x_wconf 72' lang='grc' dir='ltr'>’Ἔγνωκα</span> <span class='ocrx_word' id='word_1_657' title='bbox 1325 2012 1412 2040; x_wconf 83' lang='grc' dir='ltr'>πάντα</span> <span class='ocrx_word' id='word_1_658' title='bbox 1439 2012 1473 2040; x_wconf 83' lang='grc' dir='ltr'><strong>τὰ</strong></span> <span class='ocrx_word' id='word_1_659' title='bbox 1496 2013 1610 2040; x_wconf 80' lang='grc' dir='ltr'>ταπεινὰ</span> <span class='ocrx_word' id='word_1_660' title='bbox 1638 2017 1684 2042; x_wconf 72' lang='grc' dir='ltr'><strong>τοῦ</strong></span> <span class='ocrx_word' id='word_1_661' title='bbox 1713 2014 1833 2054; x_wconf 77' lang='grc' dir='ltr'>οὗρανοῦ,</span> <span class='ocrx_word' id='word_1_662' title='bbox 1853 2016 1898 2043; x_wconf 80' lang='grc' dir='ltr'><strong>καὶ</strong></span> 
     </span>
    </p>
   </div>
   <div class='ocr_carea' id='block_1_87' title="bbox 1068 2055 1897 2097">
    <p class='ocr_par' dir='ltr' id='par_1_87' title="bbox 1068 2055 1897 2097">
     <span class='ocr_line' id='line_1_87' title="bbox 1068 2055 1897 2097; baseline 0.005 -13"><span class='ocrx_word' id='word_1_663' title='bbox 1068 2057 1200 2096; x_wconf 81' lang='grc' dir='ltr'>ὡραιότης</span> <span class='ocrx_word' id='word_1_664' title='bbox 1216 2056 1297 2096; x_wconf 79' lang='grc' dir='ltr'>ἀγροῦ</span> <span class='ocrx_word' id='word_1_665' title='bbox 1320 2055 1382 2096; x_wconf 82' lang='grc'>(87)</span> <span class='ocrx_word' id='word_1_666' title='bbox 1400 2056 1458 2094; x_wconf 81' lang='grc' dir='ltr'>μετ’</span> <span class='ocrx_word' id='word_1_667' title='bbox 1489 2056 1553 2095; x_wconf 64' lang='grc' dir='ltr'>ἐμοῦ</span> <span class='ocrx_word' id='word_1_668' title='bbox 1576 2057 1647 2086; x_wconf 74' lang='grc' dir='ltr'>ἐστιν</span> <span class='ocrx_word' id='word_1_669' title='bbox 1670 2056 1735 2088; x_wconf 81' lang='grc' dir='ltr'><strong>Ἐὰν</strong></span> <span class='ocrx_word' id='word_1_670' title='bbox 1765 2060 1897 2097; x_wconf 78' lang='grc' dir='ltr'>πεινάσω,</span> 
     </span>
    </p>
   </div>
   <div class='ocr_carea' id='block_1_88' title="bbox 239 2115 1269 2157">
    <p class='ocr_par' dir='ltr' id='par_1_88' title="bbox 239 2115 1269 2157">
     <span class='ocr_line' id='line_1_88' title="bbox 239 2115 1269 2157; baseline -0.003 -8"><span class='ocrx_word' id='word_1_671' title='bbox 239 2118 266 2140; x_wconf 76' lang='grc'><strong>⁷⁸</strong></span> <span class='ocrx_word' id='word_1_672' title='bbox 281 2120 374 2149; x_wconf 88' lang='lat' dir='ltr'><strong>Amos</strong></span> <span class='ocrx_word' id='word_1_673' title='bbox 392 2126 422 2156; x_wconf 92' lang='lat' dir='ltr'><strong>v,</strong></span> <span class='ocrx_word' id='word_1_674' title='bbox 444 2118 477 2148; x_wconf 79' lang='lat'>18</span> <span class='ocrx_word' id='word_1_675' title='bbox 493 2126 590 2157; x_wconf 88' lang='lat' dir='ltr'><strong>usque</strong></span> <span class='ocrx_word' id='word_1_676' title='bbox 606 2116 644 2147; x_wconf 83' lang='lat' dir='ltr'><strong>ad</strong></span> <span class='ocrx_word' id='word_1_677' title='bbox 657 2117 762 2155; x_wconf 83' lang='lat' dir='ltr'><strong>tinem,</strong></span> <span class='ocrx_word' id='word_1_678' title='bbox 778 2120 810 2148; x_wconf 87' lang='lat' dir='ltr'><strong>et</strong></span> <span class='ocrx_word' id='word_1_679' title='bbox 820 2125 862 2154; x_wconf 75' lang='lat' dir='ltr'><strong>vr,</strong></span> <span class='ocrx_word' id='word_1_680' title='bbox 883 2117 1069 2149; x_wconf 69' lang='lat' dir='ltr'><strong>1-6.19Jer.</strong></span> <span class='ocrx_word' id='word_1_681' title='bbox 1085 2125 1136 2155; x_wconf 82' lang='lat' dir='ltr'><strong>vn,</strong></span> <span class='ocrx_word' id='word_1_682' title='bbox 1152 2116 1204 2157; x_wconf 76' lang='lat' dir='ltr'><strong>2t,</strong></span> <span class='ocrx_word' id='word_1_683' title='bbox 1218 2115 1269 2148; x_wconf 78' lang='lat'><strong>22.</strong></span> 
     </span>
    </p>
   </div>
   <div class='ocr_carea' id='block_1_89' title="bbox 245 2183 1025 2227">
    <p class='ocr_par' dir='ltr' id='par_1_89' title="bbox 245 2183 1025 2227">
     <span class='ocr_line' id='line_1_89' title="bbox 245 2183 1025 2227; baseline 0.003 -13"><span class='ocrx_word' id='word_1_684' title='bbox 245 2186 309 2227; x_wconf 79' lang='grc'>(81)</span> <span class='ocrx_word' id='word_1_685' title='bbox 325 2184 636 2227; x_wconf 18' lang='grc' dir='ltr'>Οἱγώνομασμένοιλᾶῐη</span> <span class='ocrx_word' id='word_1_686' title='bbox 650 2183 738 2227; x_wconf 82' lang='lat' dir='ltr'><strong>multi</strong></span> <span class='ocrx_word' id='word_1_687' title='bbox 749 2184 943 2227; x_wconf 81' lang='lat' dir='ltr'><strong>observarunt</strong></span> <span class='ocrx_word' id='word_1_688' title='bbox 953 2186 1025 2227; x_wconf 81' lang='lat' dir='ltr'><strong>duas</strong></span> 
     </span>
    </p>
   </div>
   <div class='ocr_carea' id='block_1_90' title="bbox 1102 2183 1892 2227">
    <p class='ocr_par' dir='ltr' id='par_1_90' title="bbox 1109 2184 1892 2227">
     <span class='ocr_line' id='line_1_90' title="bbox 1109 2184 1892 2227; baseline 0.009 -14"><span class='ocrx_word' id='word_1_689' title='bbox 1109 2185 1170 2225; x_wconf 74' lang='grc'><strong>(84)</strong></span> <span class='ocrx_word' id='word_1_690' title='bbox 1185 2185 1215 2214; x_wconf 78' lang='grc' dir='ltr'><strong>Οἱ</strong></span> <span class='ocrx_word' id='word_1_691' title='bbox 1243 2184 1457 2227; x_wconf 42' lang='lat' dir='ltr'><strong>satrapem?)qu</strong></span> <span class='ocrx_word' id='word_1_692' title='bbox 1479 2184 1641 2227; x_wconf 85' lang='lat' dir='ltr'><strong>Ita__editio</strong></span> <span class='ocrx_word' id='word_1_693' title='bbox 1661 2185 1730 2227; x_wconf 74' lang='lat' dir='ltr'><strong>Ald.</strong></span> <span class='ocrx_word' id='word_1_694' title='bbox 1755 2191 1784 2219; x_wconf 92' lang='lat' dir='ltr'><strong>et</strong></span> <span class='ocrx_word' id='word_1_695' title='bbox 1798 2188 1892 2220; x_wconf 90' lang='lat' dir='ltr'><strong>Com-</strong></span> 
     </span>
    </p>
   </div>
   <div class='ocr_carea' id='block_1_91' title="bbox 202 2223 1030 2271">
    <p class='ocr_par' dir='ltr' id='par_1_91' title="bbox 202 2223 1030 2271">
     <span class='ocr_line' id='line_1_91' title="bbox 202 2223 1030 2271; baseline -0.001 -14"><span class='ocrx_word' id='word_1_696' title='bbox 202 2223 342 2271; x_wconf 63' lang='lat' dir='ltr'><strong>hoclogo</strong></span> <span class='ocrx_word' id='word_1_697' title='bbox 358 2225 620 2271; x_wconf 68' lang='lat' dir='ltr'><strong>interpretationes</strong></span> <span class='ocrx_word' id='word_1_698' title='bbox 631 2233 651 2269; x_wconf 83' lang='lat' dir='ltr'><strong>_a</strong></span> <span class='ocrx_word' id='word_1_699' title='bbox 663 2223 780 2271; x_wconf 77' lang='lat' dir='ltr'><strong>Justino</strong></span> <span class='ocrx_word' id='word_1_700' title='bbox 796 2225 946 2271; x_wconf 70' lang='lat' dir='ltr'><strong>conjungi.</strong></span> <span class='ocrx_word' id='word_1_701' title='bbox 959 2225 1030 2271; x_wconf 67' lang='lat' dir='ltr'><strong>Nam</strong></span> 
     </span>
    </p>
   </div>
   <div class='ocr_carea' id='block_1_92' title="bbox 200 2264 1030 2306">
    <p class='ocr_par' dir='ltr' id='par_1_92' title="bbox 200 2264 1030 2306">
     <span class='ocr_line' id='line_1_92' title="bbox 200 2264 1030 2306; baseline -0.006 -8"><span class='ocrx_word' id='word_1_702' title='bbox 200 2266 279 2306; x_wconf 84' lang='lat' dir='ltr'><strong>apud</strong></span> <span class='ocrx_word' id='word_1_703' title='bbox 307 2264 500 2305; x_wconf 71' lang='lat' dir='ltr'><strong>Septuaginta</strong></span> <span class='ocrx_word' id='word_1_704' title='bbox 530 2274 581 2304; x_wconf 85' lang='lat' dir='ltr'><strong>pro</strong></span> <span class='ocrx_word' id='word_1_705' title='bbox 608 2264 654 2295; x_wconf 80' lang='lat' dir='ltr'><strong>his</strong></span> <span class='ocrx_word' id='word_1_706' title='bbox 680 2264 780 2295; x_wconf 91' lang='lat' dir='ltr'><strong>verbis</strong></span> <span class='ocrx_word' id='word_1_707' title='bbox 795 2266 819 2294; x_wconf 79' lang='lat' dir='ltr'><strong>Ol.</strong></span> <span class='ocrx_word' id='word_1_708' title='bbox 834 2264 1030 2304; x_wconf 68' lang='grc' dir='ltr'>ὠνομασμένοι,</span> 
     </span>
    </p>
   </div>
   <div class='ocr_carea' id='block_1_93' title="bbox 202 2305 1032 2347">
    <p class='ocr_par' dir='ltr' id='par_1_93' title="bbox 202 2305 1032 2347">
     <span class='ocr_line' id='line_1_93' title="bbox 202 2305 1032 2347; baseline -0.004 -10"><span class='ocrx_word' id='word_1_709' title='bbox 202 2305 426 2347; x_wconf 83' lang='lat' dir='ltr'><strong>etc.,habemus</strong></span> <span class='ocrx_word' id='word_1_710' title='bbox 439 2309 550 2347; x_wconf 78' lang='lat' dir='ltr'><strong>tantum</strong></span> <span class='ocrx_word' id='word_1_711' title='bbox 567 2305 752 2347; x_wconf 72' lang='grc' dir='ltr'>ἀπετρύγησαν</span> <span class='ocrx_word' id='word_1_712' title='bbox 767 2306 853 2347; x_wconf 71' lang='grc' dir='ltr'>ᾁρχὰς</span> <span class='ocrx_word' id='word_1_713' title='bbox 870 2307 1032 2338; x_wconf 80' lang='grc' dir='ltr'>ὲθνῶν,Νοῐι</span> 
     </span>
    </p>
   </div>
   <div class='ocr_carea' id='block_1_94' title="bbox 201 2345 1032 2386">
    <p class='ocr_par' dir='ltr' id='par_1_94' title="bbox 201 2345 1032 2386">
     <span class='ocr_line' id='line_1_94' title="bbox 201 2345 1032 2386; baseline -0.001 -9"><span class='ocrx_word' id='word_1_714' title='bbox 201 2345 301 2377; x_wconf 87' lang='lat' dir='ltr'><strong>tamen</strong></span> <span class='ocrx_word' id='word_1_715' title='bbox 317 2345 497 2377; x_wconf 89' lang='lat' dir='ltr'><strong>crediderim</strong></span> <span class='ocrx_word' id='word_1_716' title='bbox 516 2345 588 2386; x_wconf 84' lang='lat' dir='ltr'><strong>duas</strong></span> <span class='ocrx_word' id='word_1_717' title='bbox 605 2355 621 2374; x_wconf 74' lang='grc' dir='ltr'>ει</span> <span class='ocrx_word' id='word_1_718' title='bbox 634 2345 750 2386; x_wconf 82' lang='lat' dir='ltr'><strong>Justiuo</strong></span> <span class='ocrx_word' id='word_1_719' title='bbox 773 2346 1032 2386; x_wconf 83' lang='lat' dir='ltr'><strong>interpretationes</strong></span> 
     </span>
    </p>
   </div>
   <div class='ocr_carea' id='block_1_95' title="bbox 200 2384 1028 2430">
    <p class='ocr_par' dir='ltr' id='par_1_95' title="bbox 200 2384 1028 2430">
     <span class='ocr_line' id='line_1_95' title="bbox 200 2384 1028 2430; baseline -0.001 -14"><span class='ocrx_word' id='word_1_720' title='bbox 200 2387 374 2430; x_wconf 55' lang='lat' dir='ltr'><strong>conjunrtas</strong></span> <span class='ocrx_word' id='word_1_721' title='bbox 401 2386 503 2422; x_wconf 83' lang='lat' dir='ltr'><strong>fuisse;</strong></span> <span class='ocrx_word' id='word_1_722' title='bbox 529 2385 580 2415; x_wconf 91' lang='lat' dir='ltr'><strong>sed</strong></span> <span class='ocrx_word' id='word_1_723' title='bbox 608 2384 790 2430; x_wconf 65' lang='lat' dir='ltr'><strong>probabilius</strong></span> <span class='ocrx_word' id='word_1_724' title='bbox 817 2384 931 2430; x_wconf 66' lang='lat' dir='ltr'><strong>videtur</strong></span> <span class='ocrx_word' id='word_1_725' title='bbox 946 2397 1028 2430; x_wconf 72' lang='lat' dir='ltr'><strong>eum,</strong></span> 
     </span>
    </p>
   </div>
   <div class='ocr_carea' id='block_1_96' title="bbox 200 2425 1029 2467">
    <p class='ocr_par' dir='ltr' id='par_1_96' title="bbox 200 2425 1029 2467">
     <span class='ocr_line' id='line_1_96' title="bbox 200 2425 1029 2467; baseline 0.001 -10"><span class='ocrx_word' id='word_1_726' title='bbox 200 2427 228 2457; x_wconf 87' lang='lat' dir='ltr'><strong>id</strong></span> <span class='ocrx_word' id='word_1_727' title='bbox 241 2425 319 2466; x_wconf 79' lang='lat' dir='ltr'><strong>quod</strong></span> <span class='ocrx_word' id='word_1_728' title='bbox 344 2427 370 2456; x_wconf 88' lang='lat' dir='ltr'><strong>ei</strong></span> <span class='ocrx_word' id='word_1_729' title='bbox 394 2436 452 2456; x_wconf 91' lang='lat' dir='ltr'><strong>non</strong></span> <span class='ocrx_word' id='word_1_730' title='bbox 469 2435 536 2456; x_wconf 89' lang='lat' dir='ltr'><strong>raro</strong></span> <span class='ocrx_word' id='word_1_731' title='bbox 552 2425 672 2464; x_wconf 78' lang='lat' dir='ltr'><strong>accidit,</strong></span> <span class='ocrx_word' id='word_1_732' title='bbox 689 2425 774 2467; x_wconf 80' lang='lat' dir='ltr'><strong>aliter</strong></span> <span class='ocrx_word' id='word_1_733' title='bbox 789 2436 828 2467; x_wconf 86' lang='lat' dir='ltr'><strong>ac</strong></span> <span class='ocrx_word' id='word_1_734' title='bbox 838 2425 1029 2467; x_wconf 77' lang='lat' dir='ltr'><strong>Septuaginta</strong></span> 
     </span>
    </p>
   </div>
   <div class='ocr_carea' id='block_1_97' title="bbox 201 2465 1028 2507">
    <p class='ocr_par' dir='ltr' id='par_1_97' title="bbox 201 2465 1028 2507">
     <span class='ocr_line' id='line_1_97' title="bbox 201 2465 1028 2507; baseline 0.002 -11"><span class='ocrx_word' id='word_1_735' title='bbox 201 2465 428 2507; x_wconf 54' lang='lat' dir='ltr'><strong>interpretatum</strong></span> <span class='ocrx_word' id='word_1_736' title='bbox 455 2475 533 2507; x_wconf 83' lang='lat' dir='ltr'><strong>esse;</strong></span> <span class='ocrx_word' id='word_1_737' title='bbox 551 2475 677 2507; x_wconf 84' lang='lat' dir='ltr'><strong>quorum</strong></span> <span class='ocrx_word' id='word_1_738' title='bbox 699 2465 808 2507; x_wconf 85' lang='lat' dir='ltr'><strong>deinde</strong></span> <span class='ocrx_word' id='word_1_739' title='bbox 823 2465 1028 2507; x_wconf 75' lang='lat' dir='ltr'><strong>interpretatio</strong></span> 
     </span>
    </p>
   </div>
   <div class='ocr_carea' id='block_1_98' title="bbox 203 2505 1027 2548">
    <p class='ocr_par' dir='ltr' id='par_1_98' title="bbox 203 2505 1027 2548">
     <span class='ocr_line' id='line_1_98' title="bbox 203 2505 1027 2548; baseline 0.004 -12"><span class='ocrx_word' id='word_1_740' title='bbox 203 2509 237 2537; x_wconf 84' lang='lat' dir='ltr'><strong>ad</strong></span> <span class='ocrx_word' id='word_1_741' title='bbox 253 2505 415 2548; x_wconf 78' lang='lat' dir='ltr'><strong>marginem</strong></span> <span class='ocrx_word' id='word_1_742' title='bbox 434 2507 470 2538; x_wconf 85' lang='lat' dir='ltr'><strong>ab</strong></span> <span class='ocrx_word' id='word_1_743' title='bbox 486 2506 583 2548; x_wconf 84' lang='lat' dir='ltr'><strong>aliquo</strong></span> <span class='ocrx_word' id='word_1_744' title='bbox 601 2505 724 2536; x_wconf 87' lang='lat' dir='ltr'><strong>librario</strong></span> <span class='ocrx_word' id='word_1_745' title='bbox 736 2507 882 2548; x_wconf 61' lang='lat' dir='ltr'><strong>apposita,</strong></span> <span class='ocrx_word' id='word_1_746' title='bbox 898 2505 983 2539; x_wconf 73' lang='lat' dir='ltr'><strong>facile</strong></span> <span class='ocrx_word' id='word_1_747' title='bbox 999 2508 1027 2538; x_wconf 94' lang='lat' dir='ltr'><strong>in</strong></span> 
     </span>
    </p>
   </div>
   <div class='ocr_carea' id='block_1_99' title="bbox 201 2546 592 2587">
    <p class='ocr_par' dir='ltr' id='par_1_99' title="bbox 201 2546 592 2587">
     <span class='ocr_line' id='line_1_99' title="bbox 201 2546 592 2587; baseline 0 -10"><span class='ocrx_word' id='word_1_748' title='bbox 201 2551 312 2577; x_wconf 86' lang='lat' dir='ltr'><strong>textum</strong></span> <span class='ocrx_word' id='word_1_749' title='bbox 323 2547 472 2587; x_wconf 77' lang='lat' dir='ltr'><strong>obrepere</strong></span> <span class='ocrx_word' id='word_1_750' title='bbox 489 2546 592 2587; x_wconf 84' lang='lat' dir='ltr'><strong>potuit.</strong></span> 
     </span>
    </p>
   </div>
   <div class='ocr_carea' id='block_1_100' title="bbox 241 2584 1024 2626">
    <p class='ocr_par' dir='ltr' id='par_1_100' title="bbox 241 2584 1024 2626">
     <span class='ocr_line' id='line_1_100' title="bbox 241 2584 1024 2626; baseline 0.001 -11"><span class='ocrx_word' id='word_1_751' title='bbox 241 2587 304 2626; x_wconf 66' lang='grc'>(82)</span> <span class='ocrx_word' id='word_1_752' title='bbox 323 2584 438 2620; x_wconf 68' lang='grc' dir='ltr'><strong>ιΕαυτὶὒς</strong></span> <span class='ocrx_word' id='word_1_753' title='bbox 455 2584 544 2618; x_wconf 77' lang='grc' dir='ltr'>οἶκος.</span> <span class='ocrx_word' id='word_1_754' title='bbox 570 2585 667 2617; x_wconf 89' lang='lat' dir='ltr'><strong>Biblia</strong></span> <span class='ocrx_word' id='word_1_755' title='bbox 690 2588 823 2618; x_wconf 77' lang='lat' dir='ltr'><strong>Romana</strong></span> <span class='ocrx_word' id='word_1_756' title='bbox 844 2589 916 2618; x_wconf 65' lang='grc' dir='ltr'>αὖτοὶ</span> <span class='ocrx_word' id='word_1_757' title='bbox 939 2591 1024 2621; x_wconf 82' lang='grc' dir='ltr'>οἶκος.</span> 
     </span>
    </p>
   </div>
   <div class='ocr_carea' id='block_1_101' title="bbox 202 2626 521 2658">
    <p class='ocr_par' dir='ltr' id='par_1_101' title="bbox 202 2626 521 2658">
     <span class='ocr_line' id='line_1_101' title="bbox 202 2626 521 2658; baseline -0.003 -1"><span class='ocrx_word' id='word_1_758' title='bbox 202 2626 272 2657; x_wconf 87' lang='lat' dir='ltr'><strong>Com</strong></span> <span class='ocrx_word' id='word_1_759' title='bbox 279 2627 351 2658; x_wconf 79' lang='lat' dir='ltr'><strong>Dllll.</strong></span> <span class='ocrx_word' id='word_1_760' title='bbox 370 2629 405 2656; x_wconf 74' lang='grc' dir='ltr'><strong>εὶς</strong></span> <span class='ocrx_word' id='word_1_761' title='bbox 417 2628 521 2658; x_wconf 66' lang='grc' dir='ltr'>αὐτούς.</span> 
     </span>
    </p>
   </div>
   <div class='ocr_carea' id='block_1_102' title="bbox 238 2666 1027 2704">
    <p class='ocr_par' dir='ltr' id='par_1_102' title="bbox 238 2666 1027 2704">
     <span class='ocr_line' id='line_1_102' title="bbox 238 2666 1027 2704; baseline 0 -6"><span class='ocrx_word' id='word_1_762' title='bbox 238 2666 297 2703; x_wconf 73' lang='grc'>(83)</span> <span class='ocrx_word' id='word_1_763' title='bbox 314 2668 425 2700; x_wconf 80' lang='grc' dir='ltr'>Πάντες.</span> <span class='ocrx_word' id='word_1_764' title='bbox 445 2666 521 2698; x_wconf 82' lang='lat' dir='ltr'><strong>LXX</strong></span> <span class='ocrx_word' id='word_1_765' title='bbox 538 2676 596 2697; x_wconf 88' lang='lat' dir='ltr'><strong>non</strong></span> <span class='ocrx_word' id='word_1_766' title='bbox 608 2666 720 2697; x_wconf 89' lang='lat' dir='ltr'><strong>addunt</strong></span> <span class='ocrx_word' id='word_1_767' title='bbox 735 2669 769 2698; x_wconf 77' lang='grc' dir='ltr'><strong>εἰς</strong></span> <span class='ocrx_word' id='word_1_768' title='bbox 788 2667 921 2704; x_wconf 79' lang='grc' dir='ltr'>Χαλάνην,</span> <span class='ocrx_word' id='word_1_769' title='bbox 948 2668 1027 2699; x_wconf 89' lang='lat' dir='ltr'><strong>unde</strong></span> 
     </span>
    </p>
   </div>
   <div class='ocr_carea' id='block_1_103' title="bbox 198 2706 1022 2749">
    <p class='ocr_par' dir='ltr' id='par_1_103' title="bbox 198 2706 1022 2749">
     <span class='ocr_line' id='line_1_103' title="bbox 198 2706 1022 2749; baseline 0.001 -11"><span class='ocrx_word' id='word_1_770' title='bbox 198 2707 319 2749; x_wconf 82' lang='lat' dir='ltr'><strong>conjicit</strong></span> <span class='ocrx_word' id='word_1_771' title='bbox 341 2706 475 2749; x_wconf 90' lang='lat' dir='ltr'><strong>Nobilius</strong></span> <span class='ocrx_word' id='word_1_772' title='bbox 490 2706 726 2749; x_wconf 78' lang='lat' dir='ltr'><strong>duas_ve_rsiones</strong></span> <span class='ocrx_word' id='word_1_773' title='bbox 741 2718 757 2738; x_wconf 92' lang='lat' dir='ltr'><strong>a</strong></span> <span class='ocrx_word' id='word_1_774' title='bbox 767 2708 882 2738; x_wconf 83' lang='lat' dir='ltr'><strong>Justino</strong></span> <span class='ocrx_word' id='word_1_775' title='bbox 899 2710 1022 2749; x_wconf 86' lang='lat' dir='ltr'><strong>conjun-</strong></span> 
     </span>
    </p>
   </div>
   <div class='ocr_carea' id='block_1_104' title="bbox 198 2747 1023 2788">
    <p class='ocr_par' dir='ltr' id='par_1_104' title="bbox 198 2747 1023 2788">
     <span class='ocr_line' id='line_1_104' title="bbox 198 2747 1023 2788; baseline 0.004 -11"><span class='ocrx_word' id='word_1_776' title='bbox 198 2751 261 2778; x_wconf 89' lang='lat' dir='ltr'><strong>ctas</strong></span> <span class='ocrx_word' id='word_1_777' title='bbox 278 2747 382 2785; x_wconf 81' lang='lat' dir='ltr'><strong>fuisse,</strong></span> <span class='ocrx_word' id='word_1_778' title='bbox 398 2748 468 2788; x_wconf 72' lang='lat' dir='ltr'><strong>quin</strong></span> <span class='ocrx_word' id='word_1_779' title='bbox 484 2759 497 2774; x_wconf 73' lang='grc' dir='ltr'><strong><em>α</em></strong></span> <span class='ocrx_word' id='word_1_780' title='bbox 515 2747 545 2777; x_wconf 91' lang='lat' dir='ltr'><strong>in</strong></span> <span class='ocrx_word' id='word_1_781' title='bbox 561 2747 686 2788; x_wconf 67' lang='lat' dir='ltr'><strong>Hebraeo</strong></span> <span class='ocrx_word' id='word_1_782' title='bbox 702 2748 803 2784; x_wconf 84' lang='lat' dir='ltr'><strong>dictio,</strong></span> <span class='ocrx_word' id='word_1_783' title='bbox 822 2757 887 2788; x_wconf 66' lang='lat' dir='ltr'><strong>quae</strong></span> <span class='ocrx_word' id='word_1_784' title='bbox 907 2747 1023 2788; x_wconf 81' lang='lat' dir='ltr'><strong>signiﬁ-</strong></span> 
     </span>
    </p>
   </div>
   <div class='ocr_carea' id='block_1_105' title="bbox 196 2787 906 2826">
    <p class='ocr_par' dir='ltr' id='par_1_105' title="bbox 196 2787 906 2826">
     <span class='ocr_line' id='line_1_105' title="bbox 196 2787 906 2826; baseline -0.001 -8"><span class='ocrx_word' id='word_1_785' title='bbox 196 2791 243 2819; x_wconf 86' lang='lat' dir='ltr'><strong>cat</strong></span> <span class='ocrx_word' id='word_1_786' title='bbox 257 2797 376 2826; x_wconf 87' lang='lat' dir='ltr'><strong>omnes,</strong></span> <span class='ocrx_word' id='word_1_787' title='bbox 395 2797 453 2818; x_wconf 92' lang='lat' dir='ltr'><strong>non</strong></span> <span class='ocrx_word' id='word_1_788' title='bbox 469 2788 593 2818; x_wconf 89' lang='lat' dir='ltr'><strong>multum</strong></span> <span class='ocrx_word' id='word_1_789' title='bbox 609 2787 699 2819; x_wconf 85' lang='lat' dir='ltr'><strong>distat</strong></span> <span class='ocrx_word' id='word_1_790' title='bbox 712 2787 878 2821; x_wconf 81' lang='lat' dir='ltr'><strong>aChalane.</strong></span> <span class='ocrx_word' id='word_1_791' title='bbox 893 2801 906 2816; x_wconf 79' lang='grc' dir='ltr'><strong>ι</strong></span> 
     </span>
    </p>
   </div>
   <div class='ocr_carea' id='block_1_106' title="bbox 1074 2224 1898 2267">
    <p class='ocr_par' dir='ltr' id='par_1_106' title="bbox 1074 2224 1898 2267">
     <span class='ocr_line' id='line_1_106' title="bbox 1074 2224 1898 2267; baseline 0.006 -12"><span class='ocrx_word' id='word_1_792' title='bbox 1074 2225 1148 2267; x_wconf 65' lang='grc' dir='ltr'><strong>ριιιιε</strong></span> <span class='ocrx_word' id='word_1_793' title='bbox 1166 2229 1196 2267; x_wconf 81' lang='lat' dir='ltr'><strong>et</strong></span> <span class='ocrx_word' id='word_1_794' title='bbox 1209 2224 1378 2267; x_wconf 52' lang='lat' dir='ltr'><strong>cod._r&amp;_lex.</strong></span> <span class='ocrx_word' id='word_1_795' title='bbox 1395 2228 1424 2267; x_wconf 90' lang='lat' dir='ltr'><strong>e_t</strong></span> <span class='ocrx_word' id='word_1_796' title='bbox 1434 2224 1639 2267; x_wconf 80' lang='lat' dir='ltr'><strong>Tertullianus</strong></span> <span class='ocrx_word' id='word_1_797' title='bbox 1651 2231 1680 2257; x_wconf 90' lang='lat' dir='ltr'><strong>et</strong></span> <span class='ocrx_word' id='word_1_798' title='bbox 1690 2226 1819 2267; x_wconf 83' lang='lat' dir='ltr'><strong>Cyrillus</strong></span> <span class='ocrx_word' id='word_1_799' title='bbox 1828 2229 1898 2260; x_wconf 82' lang='lat' dir='ltr'><strong>Ale-</strong></span> 
     </span>
    </p>
   </div>
   <div class='ocr_carea' id='block_1_107' title="bbox 1074 2264 1900 2305">
    <p class='ocr_par' dir='ltr' id='par_1_107' title="bbox 1074 2264 1900 2305">
     <span class='ocr_line' id='line_1_107' title="bbox 1074 2264 1900 2305; baseline -0.001 -8"><span class='ocrx_word' id='word_1_800' title='bbox 1074 2264 1385 2305; x_wconf 54' lang='lat' dir='ltr'><strong>itandrinusLaliique.</strong></span> <span class='ocrx_word' id='word_1_801' title='bbox 1402 2265 1523 2305; x_wconf 77' lang='lat' dir='ltr'><strong>Legitur</strong></span> <span class='ocrx_word' id='word_1_802' title='bbox 1535 2264 1736 2304; x_wconf 69' lang='grc' dir='ltr'>ἐπικρατοῦντες</span> <span class='ocrx_word' id='word_1_803' title='bbox 1751 2268 1781 2298; x_wconf 89' lang='lat' dir='ltr'><strong>in</strong></span> <span class='ocrx_word' id='word_1_804' title='bbox 1793 2268 1900 2300; x_wconf 84' lang='lat' dir='ltr'><strong>Bibliis</strong></span> 
     </span>
    </p>
   </div>
   <div class='ocr_carea' id='block_1_108' title="bbox 1074 2304 1412 2337">
    <p class='ocr_par' dir='ltr' id='par_1_108' title="bbox 1074 2304 1412 2337">
     <span class='ocr_line' id='line_1_108' title="bbox 1074 2304 1412 2337; baseline -0.006 0"><span class='ocrx_word' id='word_1_805' title='bbox 1074 2305 1228 2337; x_wconf 80' lang='lat' dir='ltr'><strong>Romanis.</strong></span> <span class='ocrx_word' id='word_1_806' title='bbox 1242 2304 1412 2336; x_wconf 75' lang='lat' dir='ltr'><strong>TEIRLBIUS.</strong></span> 
     </span>
    </p>
   </div>
   <div class='ocr_carea' id='block_1_109' title="bbox 1114 2345 1900 2388">
    <p class='ocr_par' dir='ltr' id='par_1_109' title="bbox 1114 2345 1900 2388">
     <span class='ocr_line' id='line_1_109' title="bbox 1114 2345 1900 2388; baseline 0.005 -14"><span class='ocrx_word' id='word_1_807' title='bbox 1114 2346 1172 2385; x_wconf 82' lang='grc'><strong>(85)</strong></span> <span class='ocrx_word' id='word_1_808' title='bbox 1202 2345 1247 2375; x_wconf 84' lang='grc' dir='ltr'>Ἐν</span> <span class='ocrx_word' id='word_1_809' title='bbox 1273 2345 1379 2385; x_wconf 79' lang='grc' dir='ltr'>φιάλαις</span> <span class='ocrx_word' id='word_1_810' title='bbox 1410 2346 1496 2376; x_wconf 83' lang='grc' dir='ltr'>οἶνον.</span> <span class='ocrx_word' id='word_1_811' title='bbox 1526 2345 1628 2377; x_wconf 73' lang='lat' dir='ltr'><strong>LXX:</strong></span> <span class='ocrx_word' id='word_1_812' title='bbox 1653 2348 1703 2377; x_wconf 88' lang='grc' dir='ltr'>Τὸν</span> <span class='ocrx_word' id='word_1_813' title='bbox 1733 2348 1900 2388; x_wconf 79' lang='grc' dir='ltr'>διυλισμένον</span> 
     </span>
    </p>
   </div>
   <div class='ocr_carea' id='block_1_110' title="bbox 1072 2398 1156 2417">
    <p class='ocr_par' dir='ltr' id='par_1_110' title="bbox 1072 2398 1156 2417">
     <span class='ocr_line' id='line_1_110' title="bbox 1072 2398 1156 2417; baseline -0.012 -2"><span class='ocrx_word' id='word_1_814' title='bbox 1072 2398 1156 2417; x_wconf 87' lang='grc' dir='ltr'>οινον,</span> 
     </span>
    </p>
   </div>
   <div class='ocr_carea' id='block_1_111' title="bbox 1114 2425 1897 2469">
    <p class='ocr_par' dir='ltr' id='par_1_111' title="bbox 1114 2425 1897 2469">
     <span class='ocr_line' id='line_1_111' title="bbox 1114 2425 1897 2469; baseline 0.01 -15"><span class='ocrx_word' id='word_1_815' title='bbox 1114 2427 1174 2467; x_wconf 87' lang='grc'><strong>(86)</strong></span> <span class='ocrx_word' id='word_1_816' title='bbox 1189 2430 1247 2469; x_wconf 67' lang='grc' dir='ltr'><strong>Τῶν</strong></span> <span class='ocrx_word' id='word_1_817' title='bbox 1263 2426 1484 2465; x_wconf 74' lang='grc' dir='ltr'>ἆποικιζομένων.</span> <span class='ocrx_word' id='word_1_818' title='bbox 1501 2425 1570 2458; x_wconf 71' lang='lat' dir='ltr'><strong>Haec</strong></span> <span class='ocrx_word' id='word_1_819' title='bbox 1590 2427 1700 2459; x_wconf 91' lang='lat' dir='ltr'><strong>desunt</strong></span> <span class='ocrx_word' id='word_1_820' title='bbox 1713 2429 1790 2469; x_wconf 82' lang='lat' dir='ltr'><strong>apud</strong></span> <span class='ocrx_word' id='word_1_821' title='bbox 1806 2428 1897 2463; x_wconf 82' lang='lat' dir='ltr'><strong>LXX.</strong></span> 
     </span>
    </p>
   </div>
   <div class='ocr_carea' id='block_1_112' title="bbox 1070 2466 1898 2510">
    <p class='ocr_par' dir='ltr' id='par_1_112' title="bbox 1070 2466 1898 2510">
     <span class='ocr_line' id='line_1_112' title="bbox 1070 2466 1898 2510; baseline 0.001 -12"><span class='ocrx_word' id='word_1_822' title='bbox 1070 2466 1183 2510; x_wconf 21' lang='lat' dir='ltr'><strong>DAeSunt</strong></span> <span class='ocrx_word' id='word_1_823' title='bbox 1198 2466 1286 2510; x_wconf 86' lang='lat' dir='ltr'><strong>etiam</strong></span> <span class='ocrx_word' id='word_1_824' title='bbox 1307 2471 1571 2510; x_wconf 52' lang='lat' dir='ltr'><strong>quaensequuntur,</strong></span> <span class='ocrx_word' id='word_1_825' title='bbox 1589 2479 1632 2496; x_wconf 80' lang='grc' dir='ltr'><strong>και</strong></span> <span class='ocrx_word' id='word_1_826' title='bbox 1648 2466 1898 2510; x_wconf 65' lang='grc' dir='ltr'>μεταστραφήσεται</span> 
     </span>
    </p>
   </div>
   <div class='ocr_carea' id='block_1_113' title="bbox 1070 2506 1899 2546">
    <p class='ocr_par' dir='ltr' id='par_1_113' title="bbox 1070 2506 1899 2546">
     <span class='ocr_line' id='line_1_113' title="bbox 1070 2506 1899 2546; baseline 0.008 -11"><span class='ocrx_word' id='word_1_827' title='bbox 1070 2508 1175 2545; x_wconf 65' lang='grc' dir='ltr'>οἴκημα</span> <span class='ocrx_word' id='word_1_828' title='bbox 1189 2506 1354 2546; x_wconf 75' lang='grc' dir='ltr'>κακούργων,</span> <span class='ocrx_word' id='word_1_829' title='bbox 1371 2506 1456 2538; x_wconf 82' lang='lat' dir='ltr'><strong>Unde</strong></span> <span class='ocrx_word' id='word_1_830' title='bbox 1481 2506 1512 2537; x_wconf 91' lang='lat' dir='ltr'><strong>in</strong></span> <span class='ocrx_word' id='word_1_831' title='bbox 1536 2507 1583 2538; x_wconf 90' lang='lat' dir='ltr'><strong>his</strong></span> <span class='ocrx_word' id='word_1_832' title='bbox 1618 2506 1833 2541; x_wconf 61' lang='lat' dir='ltr'><strong>vocibus&#39;dtias</strong></span> <span class='ocrx_word' id='word_1_833' title='bbox 1847 2511 1899 2542; x_wconf 89' lang='lat' dir='ltr'><strong>in-</strong></span> 
     </span>
    </p>
   </div>
   <div class='ocr_carea' id='block_1_114' title="bbox 1072 2546 1714 2579">
    <p class='ocr_par' dir='ltr' id='par_1_114' title="bbox 1072 2546 1714 2579">
     <span class='ocr_line' id='line_1_114' title="bbox 1072 2546 1714 2579; baseline 0 0"><span class='ocrx_word' id='word_1_834' title='bbox 1072 2547 1300 2579; x_wconf 77' lang='lat' dir='ltr'><strong>terpretationes</strong></span> <span class='ocrx_word' id='word_1_835' title='bbox 1315 2546 1423 2578; x_wconf 84' lang='lat' dir='ltr'><strong>eruditi</strong></span> <span class='ocrx_word' id='word_1_836' title='bbox 1438 2546 1493 2578; x_wconf 90' lang='lat' dir='ltr'><strong>viri</strong></span> <span class='ocrx_word' id='word_1_837' title='bbox 1510 2547 1714 2579; x_wconf 85' lang='lat' dir='ltr'><strong>observarunt.</strong></span> 
     </span>
    </p>
   </div>
   <div class='ocr_carea' id='block_1_115' title="bbox 1125 2587 1900 2629">
    <p class='ocr_par' dir='ltr' id='par_1_115' title="bbox 1125 2587 1900 2629">
     <span class='ocr_line' id='line_1_115' title="bbox 1125 2587 1900 2629; baseline 0.003 -11"><span class='ocrx_word' id='word_1_838' title='bbox 1125 2589 1171 2624; x_wconf 84' lang='lat'><strong>87)</strong></span> <span class='ocrx_word' id='word_1_839' title='bbox 1192 2587 1298 2629; x_wconf 67' lang='grc' dir='ltr'><strong>Ἀγροῦ.</strong></span> <span class='ocrx_word' id='word_1_840' title='bbox 1319 2587 1465 2629; x_wconf 77' lang='lat' dir='ltr'><strong>_Uterque</strong></span> <span class='ocrx_word' id='word_1_841' title='bbox 1478 2588 1573 2619; x_wconf 81' lang='lat' dir='ltr'><strong>codex</strong></span> <span class='ocrx_word' id='word_1_842' title='bbox 1597 2589 1633 2629; x_wconf 85' lang='lat' dir='ltr'><strong>ad</strong></span> <span class='ocrx_word' id='word_1_843' title='bbox 1664 2589 1827 2629; x_wconf 77' lang='lat' dir='ltr'><strong>marginem</strong></span> <span class='ocrx_word' id='word_1_844' title='bbox 1851 2595 1900 2620; x_wconf 85' lang='grc' dir='ltr'>τοῦ</span> 
     </span>
    </p>
   </div>
   <div class='ocr_carea' id='block_1_116' title="bbox 1070 2627 1901 2669">
    <p class='ocr_par' dir='ltr' id='par_1_116' title="bbox 1070 2627 1901 2669">
     <span class='ocr_line' id='line_1_116' title="bbox 1070 2627 1901 2669; baseline 0.006 -12"><span class='ocrx_word' id='word_1_845' title='bbox 1070 2628 1224 2669; x_wconf 19' lang='grc' dir='ltr'>δρυμοῦ,νει</span> <span class='ocrx_word' id='word_1_846' title='bbox 1249 2627 1366 2669; x_wconf 32' lang='grc' dir='ltr'><strong>εις-Β.⁵</strong></span> <span class='ocrx_word' id='word_1_847' title='bbox 1386 2628 1553 2668; x_wconf 87' lang='lat' dir='ltr'><strong>Stephanus</strong></span> <span class='ocrx_word' id='word_1_848' title='bbox 1571 2628 1617 2669; x_wconf 79' lang='lat' dir='ltr'><strong>ad</strong></span> <span class='ocrx_word' id='word_1_849' title='bbox 1638 2627 1761 2661; x_wconf 79' lang='lat' dir='ltr'><strong>calcem.</strong></span> <span class='ocrx_word' id='word_1_850' title='bbox 1778 2629 1901 2669; x_wconf 74' lang='lat' dir='ltr'><strong>Legitur</strong></span> 
     </span>
    </p>
   </div>
   <div class='ocr_carea' id='block_1_117' title="bbox 1070 2665 1900 2710">
    <p class='ocr_par' dir='ltr' id='par_1_117' title="bbox 1070 2665 1900 2710">
     <span class='ocr_line' id='line_1_117' title="bbox 1070 2665 1900 2710; baseline 0.006 -13"><span class='ocrx_word' id='word_1_851' title='bbox 1070 2665 1212 2708; x_wconf 60' lang='lat' dir='ltr'><strong>spopoo&#39;in</strong></span> <span class='ocrx_word' id='word_1_852' title='bbox 1229 2667 1333 2710; x_wconf 79' lang='lat' dir='ltr'><strong>Bibliis</strong></span> <span class='ocrx_word' id='word_1_853' title='bbox 1349 2665 1500 2704; x_wconf 77' lang='lat' dir='ltr'><strong>Romanis,</strong></span> <span class='ocrx_word' id='word_1_854' title='bbox 1519 2668 1598 2700; x_wconf 88' lang='lat' dir='ltr'><strong>unde</strong></span> <span class='ocrx_word' id='word_1_855' title='bbox 1627 2670 1767 2710; x_wconf 83' lang='lat' dir='ltr'><strong>colligere</strong></span> <span class='ocrx_word' id='word_1_856' title='bbox 1787 2665 1900 2710; x_wconf 57' lang='lat' dir='ltr'><strong>po&#39;ssu-</strong></span> 
     </span>
    </p>
   </div>
   <div class='ocr_carea' id='block_1_118' title="bbox 1070 2708 1902 2748">
    <p class='ocr_par' dir='ltr' id='par_1_118' title="bbox 1070 2708 1902 2748">
     <span class='ocr_line' id='line_1_118' title="bbox 1070 2708 1902 2748; baseline 0.005 -9"><span class='ocrx_word' id='word_1_857' title='bbox 1070 2718 1135 2739; x_wconf 90' lang='lat' dir='ltr'><strong>mus</strong></span> <span class='ocrx_word' id='word_1_858' title='bbox 1149 2718 1208 2740; x_wconf 90' lang='lat' dir='ltr'><strong>non</strong></span> <span class='ocrx_word' id='word_1_859' title='bbox 1225 2717 1242 2738; x_wconf 89' lang='lat' dir='ltr'><strong>a</strong></span> <span class='ocrx_word' id='word_1_860' title='bbox 1256 2708 1370 2739; x_wconf 86' lang='lat' dir='ltr'><strong>Justino</strong></span> <span class='ocrx_word' id='word_1_861' title='bbox 1386 2712 1484 2740; x_wconf 89' lang='lat' dir='ltr'><strong>ortum</strong></span> <span class='ocrx_word' id='word_1_862' title='bbox 1509 2717 1587 2747; x_wconf 73' lang='lat' dir='ltr'><strong>esse,</strong></span> <span class='ocrx_word' id='word_1_863' title='bbox 1612 2710 1664 2741; x_wconf 86' lang='lat' dir='ltr'><strong>sed</strong></span> <span class='ocrx_word' id='word_1_864' title='bbox 1680 2719 1697 2740; x_wconf 89' lang='lat' dir='ltr'><strong>a</strong></span> <span class='ocrx_word' id='word_1_865' title='bbox 1712 2708 1853 2748; x_wconf 76' lang='lat' dir='ltr'><strong>librariis,</strong></span> <span class='ocrx_word' id='word_1_866' title='bbox 1868 2716 1902 2743; x_wconf 90' lang='lat' dir='ltr'><strong>ut</strong></span> 
     </span>
    </p>
   </div>
   <div class='ocr_carea' id='block_1_119' title="bbox 1065 2748 1756 2790">
    <p class='ocr_par' dir='ltr' id='par_1_119' title="bbox 1065 2748 1756 2790">
     <span class='ocr_line' id='line_1_119' title="bbox 1065 2748 1756 2790; baseline 0.003 -10"><span class='ocrx_word' id='word_1_867' title='bbox 1065 2749 1174 2789; x_wconf 77' lang='lat' dir='ltr'><strong>duplex</strong></span> <span class='ocrx_word' id='word_1_868' title='bbox 1187 2748 1338 2780; x_wconf 88' lang='lat' dir='ltr'><strong>interdum</strong></span> <span class='ocrx_word' id='word_1_869' title='bbox 1354 2753 1525 2780; x_wconf 86' lang='lat' dir='ltr'><strong>occurreret</strong></span> <span class='ocrx_word' id='word_1_870' title='bbox 1540 2749 1756 2790; x_wconf 84' lang='lat' dir='ltr'><strong>interpretatio.</strong></span> 
     </span>
    </p>
   </div>
  </div>
