1981 3072
123 69 180 102 54⁵7

124 139 210 176 cujus
221 144 240 167 a
249 136 334 167 vitiis
343 134 507 165 abhorrent
517 129 947 176 Christiani—Adhucaulem
960 133 978 157 A

125 172 249 212 ut'vobis
258 177 453 219 persuadeam
467 177 539 207 nihil
549 186 601 206 vos
609 175 829 215 Scripturarum
843 172 950 204 intelli-

124 224 298 265 gere;alium
311 232 427 262 quoque
438 222 581 261 psalmum
596 220 697 252 Davidi
708 219 791 258 aSpii
802 219 949 248 ilusancto

124 262 263 300 dictatum
276 266 641 305 commemorando,quem
649 264 768 304 quidem
778 263 807 293 in
817 262 950 293 Salomo-

125 324 200 348 nem.
208 317 218 342 1
227 315 266 343 51
276 312 324 352 qui
337 316 365 342 et
375 311 439 351 ipse
448 320 498 341 rex
510 314 607 340 vester
616 309 666 339 fuit
674 308 794 338 .dictum
806 316 871 337 esse
880 315 949 336 con-

124 350 347 394 tenditis;sedis
363 350 480 396 quoque
497 357 525 384 in
542 354 691 385 Christum
702 356 833 383 nostrum
851 350 949 382 editus

125 408 180 435 est.
196 401 254 433 Vos
265 405 362 432 autem
380 409 412 430 ex
425 399 582 439 azquivucis
593 397 764 429 nominibus
780 396 877 426 fucum
893 403 947 425 vo-

125 449 171 479 bis
186 447 241 487 ipsi
253 444 421 476 facitis.Ubi
435 443 584 474 enim-lex
599 441 715 474 Domini
730 440 919 471 immaculata
930 449 945 468 υ

124 484 358 530 άίοἱιίπῌρεεῐη
376 487 541 526 intelligitis
550 496 609 517 non
621 486 700 516 illam
714 494 778 525 qua:
790 488 855 530 post
866 484 946 523 Moy-

124 547 175 568 sen
193 537 289 566 futura
298 529 375 573 erat,
389 533 441 563 sed
456 541 520 563 eam
547 541 613 572 quae
629 540 681 571 per
695 529 791 570 ipsum
807 529 874 558 data
889 532 944 563 est,

123 581 254 622 quamvis
265 580 343 610 Deus
358 579 466 609 clamet
494 586 527 607 se
548 585 652 606 novam
669 574 763 614 legem
781 583 815 604 ac
831 573 944 603 Novum

123 619 342 657 Testamentum
358 623 570 653 instituturum.
585 620 619 651 Et
631 619 681 651 ubi
697 619 815 649 dicitur:
837 619 945 653 (Deus,

119 671 263 712 judicium
280 674 360 699 tuum
387 667 459 706 Regi
476 667 512 697 da
531 667 558 703 ὃς
575 665 643 712 quia
658 673 710 712 rex
726 663 778 694 fuit
793 662 945 712 Salomon,

123 707 266 757 psalmum
276 714 306 744 in
317 721 384 744 eum
397 712 507 742 dictum
520 720 585 741 esse
596 707 832 748 vnltis,quamvis
842 707 946 746 psalmi

122 751 329 792 verbatiiserte
337 756 488 788 declarent
504 765 571 787 eum
585 754 695 785 editum
712 753 803 783 fuisse
818 751 847 798 in
857 755 947 781 αξιοι-ο
958 773 977 798 Β

122 814 192 836 num
210 802 355 843 regem,id
374 806 417 832 est
433 803 462 832 in
477 798 777 843 Christum.Christus
791 795 870 826 enim
884 796 947 827 Rex

122 853 152 881 et
164 841 308 880 Sacerdos
324 850 355 878 et
366 848 444 876 Deus
453 850 481 876 et
492 845 635 876 Dominus
645 847 673 874 et
681 841 812 881 Angelus
821 847 850 871 et
858 841 946 871 homo

123 899 151 925 et
165 894 222 924 dux
240 891 399 928 exercitus,
417 897 446 920 et
461 889 536 930 lapis
550 893 579 919 et
595 897 668 929 puer
685 891 783 926 natus,
801 885 946 930 aciprimo

123 937 306 979 perpessioni
323 929 598 971 obnoxius,deinde
613 933 643 963 in
659 931 765 962 caelum
782 929 948 965 rediens,et

122 974 226 1014 rursm;
241 990 307 1012 cum
321 979 414 1020 gloria
422 979 593 1014 veniens,ac
609 986 731 1016 regnum
743 974 854 1005 habens
863 977 948 1004 mter-

123 1037 193 1058 num
224 1025 399 1067 prmdicatus
415 1029 470 1057 est;
488 1022 738 1062 quemadmodum
756 1031 791 1053 ex
807 1020 947 1052 omnibus

121 1066 280 1111 Scripturis
295 1067 520 1100 demonstro.Ut
537 1071 635 1098 autem
648 1067 678 1097 id
691 1067 769 1107 quod
786 1066 945 1097 dicointel-

120 1117 226 1156 ligatis,
237 1114 342 1155 psalmi
360 1113 450 1144 verba
465 1112 608 1149 recitabo,
627 1121 694 1152 quae
707 1111 751 1142 sic
764 1120 794 1141 se
810 1111 920 1141 habent
939 1120 946 1140 :

125 1154 381 1200 «Deus,judicium
394 1164 474 1188 tuum
487 1158 560 1197 Regi
572 1155 805 1196 da,etjustiti:im
818 1158 896 1187 tuam
911 1154 948 1185 ﬁ-

123 1207 160 1237 lio
190 1205 288 1244 Regis;
313 1203 449 1243 judicare
475 1201 614 1242 populum
631 1205 712 1232 tuum
729 1200 758 1230 in
776 1200 901 1239 jnstitia,
919 1201 949 1230 et

123 1259 267 1291 pauperes
279 1254 345 1279 tuos
355 1248 384 1278 in
393 1245 691 1287 judicio.Suscipiant
707 1252 825 1275 montes
843 1253 945 1284 panem

122 1289 239 1336 populo.
260 1298 287 1324 et
302 1293 393 1324 colles
405 1289 714 1332 justitiam.Judicabit
730 1298 881 1336 pauperes
892 1298 944 1336 po-

124 1332 229 1380 puii,et
245 1338 340 1370 salvos
355 1337 442 1368 faciet
458 1336 534 1367 filios
551 1338 761 1380 pauperum,et
778 1332 946 1364 humiliabit

121 1377 409 1420 calutnniatt-rem;et
425 1379 610 1421 permanebit
626 1388 692 1410 cum
705 1379 768 1409 sole
779 1381 885 1408 etante
896 1377 943 1407 lu-

122 1439 188 1460 nam
201 1431 227 1458 in
235 1416 441 1467 generationes
450 1424 674 1464 generationum
682 1447 686 1452 .
694 1422 859 1454 Descendet
869 1421 947 1453 sicut
955 1416 975 1440 α

122 1474 220 1515 pluvia
232 1474 261 1503 in
277 1472 414 1509 vellus,et
428 1470 503 1500 sicut
518 1469 597 1500 stilla
609 1468 764 1498 destillans
779 1475 868 1505 super
884 1470 945 1496 ter-

122 1510 318 1550 ram.Orietur
333 1516 363 1546 in
379 1515 486 1545 diebus
501 1515 565 1553 ejus
578 1512 702 1552 justitia,
721 1515 749 1542 et
764 1510 947 1541 abundantia

124 1564 313 1606 pacis,donec
327 1562 479 1592 auferatur
490 1558 608 1590 luna.Et
623 1556 825 1588 dominabitur
841 1565 857 1585 a
873 1555 946 1586 mari

123 1600 218 1649 usque
234 1607 268 1637 ad
287 1610 414 1644 mare,et
429 1615 443 1634 a
461 1603 633 1635 ﬂuminibus
648 1610 741 1641 usque
756 1600 793 1631 ad
804 1600 946 1630 terminos

122 1645 204 1685 orbis
220 1649 487 1682 terrarum.Coram
504 1648 553 1679 illo
570 1647 722 1688 procident
735 1645 899 1685 JEthiopes,
918 1648 947 1675 et

125 1697 239 1729 inimici
256 1696 321 1736 ejus
338 1701 446 1726 terram
466 1692 690 1732 lingentﬂeges
703 1689 836 1730 Tharsis,
853 1695 882 1720 et
897 1689 946 1720 in-

125 1743 196 1774 sula;
213 1733 337 1772 munera
349 1737 585 1777 offerent:Reges
601 1736 728 1768 Arabum
745 1739 773 1766 et
787 1733 948 1765 Sabadona

121 1785 318 1820 adducent.Et
333 1783 499 1815 adorabunt
515 1791 566 1813 eos
582 1790 686 1812 omnes
708 1789 794 1819 reges
808 1783 905 1815 terrm,
918 1782 947 1809 et

122 1841 227 1864 omnes
236 1834 338 1870 gentes
352 1829 482 1860 servient
499 1827 538 1867 ei;
551 1826 619 1867 quia
635 1823 772 1856 liberavit
786 1832 913 1863 egenum
930 1831 947 1853 a

123 1869 248 1919 potente
259 1879 288 1906 et
303 1883 462 1915 pauperem
473 1872 525 1919 cui
545 1880 603 1902 non
620 1874 686 1901 erat
700 1869 828 1908 adjutor.
842 1869 947 1919 Dorcet

123 1912 202 1962 inopi
214 1925 242 1952 et
255 1912 546 1961 pauperi,etanimas
564 1923 726 1956 pauperum
739 1915 833 1945 salvas
844 1912 942 1944 faciet.

121 1967 162 1998 Ex
176 1959 267 1997 usura
283 1959 482 2004 et’iniquitate
497 1961 626 1992 redimet
650 1959 764 1990 animas
780 1966 896 1995 eorum;
915 1961 944 1987 et

122 2010 297 2043 honorabile
314 2001 421 2039 nomen
433 2007 496 2045 ejus
515 2014 614 2037 coram
628 2003 735 2035 illis.Et
748 2002 834 2040 vivet,
849 2005 878 2032 et
889 2001 944 2032 da-

122 2056 202 2087 bitur
214 2056 240 2086 ei
251 2054 288 2085 de.
299 2062 369 2083 auro
380 2051 540 2088 Arabiaa,et
551 2050 678 2080 orabunt
691 2048 728 2079 de
741 2047 803 2088 ipso
813 2055 942 2086 semper:

123 2107 181 2132 tota
191 2100 241 2130 die
253 2097 432 2129 benediceut
443 2095 518 2126 ei.Et
530 2095 587 2125 erit
598 2094 816 2124 ﬁrmamentum
833 2091 863 2121 in
880 2095 941 2121 ter-
954 2092 977 2118 Ι)

121 2150 396 2184 razsupersummos
403 2144 517 2171 montes
528 2139 793 2176 extolletur;super
803 2135 946 2166 Libanum

122 2180 234 2221 fructus
256 2188 333 2228 ejus,
348 2189 377 2216 et
392 2184 540 2216 florebunt
552 2183 589 2214 de
604 2182 737 2228 civitate,
754 2180 945 2228 sicutfennm

123 2225 286 2266 terraeErit
302 2239 409 2262 nomen
425 2230 490 2269 ejus
505 2228 693 2259 benedictum
708 2226 737 2256 in
751 2225 869 2256 saecula:
880 2229 947 2255 ante

122 2280 215 2310 solem
230 2280 383 2318 permanet
411 2283 519 2305 nomen
534 2273 611 2313 ejus.
630 2273 666 2302 Et
683 2270 902 2301 benedicentur
915 2269 946 2300 in

123 2325 186 2365 ipso
203 2314 307 2353 omnes
323 2320 416 2351 tribus
432 2323 535 2350 terrae:
549 2326 653 2348 omnes
663 2319 766 2356 gentes
776 2314 947 2354 magniﬁca-

123 2359 198 2400 bunt
213 2377 292 2398 eum.
310 2364 489 2397 Benedictus
505 2362 647 2395 Dominus
676 2361 755 2392 Deus
777 2359 882 2397 Israel,
899 2361 947 2399 qui

122 2414 192 2444 facit
207 2411 352 2443 mirabilia
367 2409 458 2440 solus.
471 2408 505 2439 Et
518 2406 706 2438 benedictum
725 2413 833 2435 nomen
848 2405 949 2443 glorize

123 2459 189 2498 ejus
204 2458 234 2488 in
250 2461 393 2487 aeternum
411 2458 439 2485 et
452 2454 480 2484 in
497 2451 638 2483 saeculum
655 2448 754 2480 saeculi
772 2459 779 2478 :
798 2452 826 2498 et
847 2449 947 2489 reple-

124 2492 203 2534 bitur
220 2501 314 2542 gloria
328 2500 392 2539 ejus
408 2499 505 2530 omnis
524 2502 600 2527 terra
614 2505 620 2525 :
640 2495 699 2531 flat,
716 2492 834 2524 liat.»Et
849 2494 879 2523 in
890 2494 948 2525 line

163 2572 178 2595 2
191 2569 270 2601 Psal.
288 2575 369 2605 xvm,
386 2566 415 2597 8.
459 2565 475 2590 5
490 2563 566 2594 Psal.
579 2569 660 2599 LXXI,
678 2559 708 2592 ‘2.

166 2638 228 2679 (41)
245 2635 394 2679 regeeae.
412 2632 581 2679 Legendum
595 2628 714 2679 conjici}
730 2627 774 2679 (13L
791 2628 945 2679 Thirlbius

122 2668 174 2710 τοῖέ
183 2668 225 2707 die;
242 2668 321 2706 Δέϐίδ
334 2677 384 2704 ὑπὸ
399 2668 469 2706 τοὺῗ
487 2673 545 2705 88d
572 2669 645 2701 mihi
666 2668 782 2710 videtur
808 2668 945 2701 Jugiinus

123 2707 275 2760 respicere
295 2717 333 2748 ad
362 2714 468 2757 psalmi
497 2713 624 2748 titulum,
652 2707 760 2747 ψαλμὺς
786 2713 825 2747 τῷ
856 2711 943 2748 Auum,

585 66 617 97 S.
638 63 788 97 IUSTINI
808 60 1037 95 PHILOSOPHI
1061 60 1107 94 ET
1129 59 1340 93 MARTYRIS.

1751 54 1809 87 548

991 127 1063 157 οὐδὲν
1074 129 1215 165 συνήκατε,
1229 128 1272 155 καὶ
1281 127 1362 155 ἂλλου
1373 127 1480 165 ψαλμυῦ
1489 129 1528 163 τῷ
1541 124 1619 154 Δαϐὶδ
1634 124 1754 165 (41)ὒπὰ
1764 126 1811 152 τοῦ

990 173 1065 212 ἁγίου
1081 174 1233 211 Πνεύματος
1259 171 1397 212 εἰρημένου
1413 171 1611 209 ἆναμνῆσομαι,
1628 170 1656 198 ὃν
1671 170 1707 200 εἷς
1724 168 1810 197 Σολο-

990 219 1076 255 μῶνα,
1092 218 1137 246 τὸν
1152 217 1294 257 γενόμενον
1308 217 1354 245 καὶ
1368 217 1446 246 αὑτὸν
1468 215 1578 255 βασιλέα
1590 216 1675 253 ὑμῶν,
1694 215 1809 252 εἰρῆσθαι

989 262 1091 301 λέγετε·
1119 264 1154 294 εἱς
1188 261 1215 290 δὲ
1243 263 1289 290 τὸν
1319 262 1430 301 Χριστὸν
1445 261 1521 298 ἡμῶν
1535 261 1578 289 καὶ
1594 260 1671 292 αυτὸς
1689 258 1809 298 ε’ίρηται.

991 303 1084 345 ’Υμεϊς
1100 307 1126 335 δὲ
1155 307 1208 335 ὰπὸ
1236 308 1288 335 τῶν
1325 306 1474 344 ὁμωνύμων
1501 305 1596 338 λέξεων
1626 304 1732 335 ἑαυτοὺς
1748 302 1811 336 ἐξα-

989 355 1101 379 πατᾶτε·
1118 351 1184 380 ὅπου
1211 352 1262 391 γὰρ
1290 362 1302 378 I
1331 352 1343 379 ὁ
1369 351 1451 388 νόμος
1477 353 1522 378 τού
1554 350 1647 388 Κυρίου
1668 347 1808 386 ἄμωμος»

988 395 1106 432 εἴρηται,
1136 395 1196 435 οὒχὶ
1222 396 1268 423 τὸν
1297 394 1355 432 μετ’
1385 395 1489 423 ἐκεῖνον
1521 393 1666 432 μέλλοντα,
1682 392 1750 420 ἀλλὰ
1764 393 1811 420 τὸν

989 438 1031 467 διὰ
1060 439 1192 472 Μωυσέως
1221 439 1371 479 ἒξηγεϊσθε,
1400 443 1447 468 τοῦ
1483 440 1549 467 Θεοῦ
1563 439 1692 478 βοῶντος,
1719 438 1812 465 καινὸν

988 485 1068 520 νόμον
1091 485 1134 512 καὶ
1167 485 1259 518 καινὴν
1296 484 1423 519 διαθήκην
1459 483 1637 519 διαθήσεσθαι,
1664 484 1712 512 Καὶ
1744 481 1812 511 ὅπου

987 529 1122 565 λέλεκται,
1157 540 1168 557 I
1188 525 1217 558 Ὀ
1240 530 1315 566 Θεὸς,
1332 529 1362 558 τὸ
1373 530 1458 569 κρτμά
1475 540 1520 557 σου
1543 531 1581 565 τῷ
1596 527 1704 566 βασιλεῖ
1719 527 1774 564 δός,
1795 539 1809 555 »

987 572 1077 607 ἐπειδὴ
1103 572 1225 611 βασιλεύς
1255 573 1384 611 Σολομὼν
1394 573 1513 612 γέγονεν,
1536 574 1571 604 εἷς
1588 573 1665 601 αὐτὸν
1679 572 1725 599 τὸν
1737 570 1812 609 ψαλ-

987 619 1037 655 μὸν
1073 617 1187 658 εἰρῆσθαί
1212 628 1288 657 φατε,
1313 621 1366 646 τῶν
1394 617 1480 657 λόγων
1510 621 1556 646 τοῦ
1577 617 1685 655 ψαλμοῦ
1700 615 1812 655 διαρῤή-

988 661 1035 695 δην
1050 662 1236 701 κηρυσσόντων
1261 663 1298 694 εἰς
1321 663 1367 690 τὸν
1389 663 1494 691 αἰώνιον
1528 661 1650 701 βασιλέα,
1677 661 1812 690 τουτέστιν

988 707 1025 737 εἰς
1053 707 1099 735 τὸν
1124 707 1246 746 Χριστὸν,
1275 708 1401 746 εἰρῆσθαι.
1420 707 1450 736 ’0
1465 707 1515 747 γὰρ
1542 707 1650 745 Χριστὸς
1672 705 1810 745 βασιλεὺς,

988 751 1032 779 καὶ
1061 751 1155 790 ἱερεὺς,
1192 752 1235 780 καὶ
1259 753 1334 788 Θεὸς,
1364 753 1407 780 καὶ
1439 752 1543 792 Κύριος,
1560 753 1604 780 καὶ
1619 751 1748 791 ἅγγελος,
1767 751 1813 779 καὶ

989 794 1136 836 ἄνθρωπος,
1172 797 1215 824 καὶ
1248 796 1472 837 ἀρχιστράτηγος,
1508 798 1552 826 καὶ
1580 796 1662 833 λίθος,
1679 797 1723 824 καὶ
1745 807 1812 824 παι-

988 838 1043 868 δίον
1069 840 1245 879 γεννώμενον,
1263 842 1306 869 καὶ
1321 842 1439 875 παθητὸς
1461 842 1603 880 γενόμενος
1621 844 1736 881 πρῶτον,
1750 843 1812 869 εἶτα

988 885 1024 916 εἰς
1054 886 1162 924 οὐρανὸν
1189 885 1380 926 ἀνερχόμενος,
1417 887 1462 915 καὶ
1496 886 1575 916 πάλι-ι
1600 886 1812 926 παραγινόμενος

989 930 1056 966 μετὰ
1082 928 1171 968 δόξης,
1208 931 1251 958 καὶ
1287 930 1392 960 αἰώνιον
1408 931 1458 965 τὴν
1472 930 1607 969 βασιλείαν
1630 931 1702 971 ’έχων
1724 931 1813 965 κεχὴ-

989 984 1091 1025 ρμκται,
1118 975 1154 1006 ὡς
1183 975 1235 1003 ἀπὸ
1262 975 1355 1003 πασῶν
1388 978 1442 1003 τῶν
1479 979 1588 1016 Γραφών
1625 975 1810 1014 ἀποδείκνυμι.

1009 1023 1052 1047 [να
1070 1017 1096 1046 δὲ
1110 1020 1154 1047 καὶ
1176 1018 1190 1046 ὅ
1205 1021 1282 1048 εἶπον
1297 1021 1424 1056 νοήσητε,
1441 1020 1501 1052 τοὺς
1523 1024 1568 1049 τοῦ
1581 1019 1689 1058 ψαλμοῦ
1715 1021 1812 1060 λόηους

989 1062 1069 1102 λέγω·
1101 1064 1148 1091 εἰσὶ
1177 1062 1201 1091 δ’
1229 1064 1310 1093 οὗτοι·
1330 1076 1343 1092 α
1363 1060 1391 1093 ’0
1408 1065 1484 1106 Θεὸς,
1500 1066 1530 1093 τὸ
1545 1066 1630 1105 κρτμά
1645 1076 1690 1094 σου
1705 1069 1743 1103 τῷ
1757 1066 1811 1103 βα-

989 1108 1061 1136 σιλεῖ
1075 1107 1131 1146 δὸς,
1148 1109 1191 1137 καὶ
1226 1109 1276 1143 τὴν
1296 1109 1463 1144 δικαιοσύνην
1491 1114 1537 1138 σοῦ
1552 1114 1589 1148 τῷ
1604 1111 1652 1148 υἱῷ
1666 1114 1712 1139 τοῦ
1726 1115 1812 1139 Βασι-

989 1151 1067 1189 λέως,
1105 1154 1201 1192 κρίνειν
1229 1155 1275 1182 τὸν
1304 1153 1368 1183 λαόν
1397 1165 1443 1183 σου
1472 1154 1498 1182 ἐν
1526 1154 1677 1195 δικαιοσύνῃ
1693 1156 1812 1188 καὶτοὺς

989 1198 1113 1237 πτωχούς
1145 1209 1190 1226 σου
1216 1197 1243 1225 ἒν
1264 1199 1358 1237 κρίσει.
1389 1198 1556 1228 Ἀναλαϐέτω
1583 1199 1616 1228 τὰ
1631 1199 1680 1239 ὅρη
1704 1200 1812 1238 εἰρήνην

989 1245 1027 1279 τῷ
1055 1241 1124 1279 λαῷ,
1151 1243 1195 1271 καὶ
1224 1243 1248 1271 οἱ
1261 1243 1348 1281 βουνοὶ
1364 1243 1541 1277 διιαιοσύνην·
1560 1245 1646 1284 κρινεῖ
1661 1244 1720 1277 τοὺς
1732 1256 1812 1273 πτω-

989 1287 1056 1326 χοὺς
1084 1287 1130 1315 τοῦ
1158 1286 1233 1327 λαοῦ,
1264 1288 1309 1316 καὶ
1333 1288 1412 1316 σώσει
1430 1289 1490 1320 τοὺς
1506 1289 1576 1320 υἱοὺς
1599 1289 1652 1317 τῶν
1674 1290 1809 1329 πενήτων,

987 1333 1030 1360 καὶ
1055 1332 1212 1361 ταπεινώσει
1235 1333 1412 1373 συκοφάντην,
1457 1334 1500 1361 χαί
1540 1341 1744 1374 συμπαραμενεϊ
1772 1337 1812 1371 τῷ

986 1377 1055 1414 ἡλίῳ
1083 1378 1126 1405 καὶ
1155 1378 1205 1416 πρὸ
1232 1380 1282 1411 τῆς
1299 1378 1415 1412 σελεὶηνης
1427 1379 1463 1410 εἰς
1479 1379 1571 1417 γενεὰς
1593 1382 1702 1418 γενεῶν.
1719 1383 1811 1408 Κατα-

987 1419 1097 1456 ϐήσεται
1124 1422 1161 1453 ὡς
1182 1422 1256 1453 ὑετὸς
1279 1421 1321 1450 ἐπὶ
1336 1423 1431 1463 πόκον,
1448 1424 1491 1451 καὶ
1505 1424 1569 1452 ὡσεὶ
1582 1424 1686 1463 σταγὼν
1703 1425 1720 1457 ἡ
1743 1424 1810 1452 στά-

987 1468 1068 1500 {dum
1094 1465 1137 1493 ἒπὶ
1161 1465 1209 1499 τὴν
1244 1467 1306 1504 γῆν.
1326 1465 1466 1495 Ἀνατελετ
1480 1466 1507 1495 ἐν
1522 1474 1582 1499 ταῖς
1602 1467 1715 1506 ἡμέραις
1731 1469 1811 1497 αὖτοῦ

987 1507 1140 1542 διιαιοσύνη
1175 1510 1219 1538 καὶ
1246 1509 1346 1543 πλῆθος
1371 1512 1489 1551 εἰρήνης,
1521 1511 1571 1545 ἕως
1598 1512 1628 1540 οὗ
1637 1512 1810 1552 ἀνταναιρεθῂ

987 1553 1004 1587 ἡ
1031 1552 1142 1589 σελήνη.
1171 1555 1220 1583 Καὶ
1248 1541 1462 1594 κατακυριείῖσει⁷
1476 1541 1528 1584 sint
1543 1541 1677 1590 θαλάσσης
1699 1541 1751 1588 ἕως
1764 1541 1812 1585 01:

987 1596 1103 1636 λάσσης,
1130 1599 1174 1627 καὶ
1210 1598 1262 1627 ἀπὸ
1298 1603 1426 1637 ποταμῶν
1448 1599 1498 1632 ἕως
1513 1601 1634 1640 περάτων
1648 1604 1697 1636 τῆς
1719 1602 1810 1630 οἰκου-

989 1642 1084 1679 μένης,
1116 1641 1246 1672 Ἐνώπιοι
1273 1645 1354 1672 αὖτοᾶ
1389 1649 1582 1684 προπεσοῦνται
1599 1646 1731 1683 Αἰθίοπες,
1766 1647 1810 1675 καὶ

988 1687 1010 1715 οἶ
1039 1688 1131 1728 ὶχθροὶ
1159 1689 1237 1717 αὗτού
1264 1692 1330 1729 χοῦν
1350 1688 1474 1722 λείξουσι.
1492 1689 1618 1722 Βασιλεῖς
1639 1694 1751 1730 Θαρσεῖς
1766 1692 1810 1719 καὶ

989 1733 1064 1764 νῆσοι
1099 1731 1168 1771 δῶρα
1199 1733 1367 1772 προσάξουσι·
1390 1733 1512 1772 βασιλεῖς
1525 1734 1644 1775 Ἀράϐων
1659 1736 1703 1764 καὶ
1717 1733 1808 1763 Σαόϐᾶ

989 1775 1058 1816 δῶρα
1094 1777 1261 1816 προσάξουσι,
1294 1778 1338 1806 καὶ
1366 1779 1592 1818 προσκυνήσουσιν
1627 1781 1698 1817 αὒτῷ
1710 1779 1808 1812 πάντες

987 1821 1011 1848 οἱ
1035 1819 1160 1859 βασιλεῖς
1201 1823 1250 1855 τῆς
1270 1824 1334 1861 γῆς,
1347 1823 1390 1851 καὶ
1401 1823 1487 1851 πάντα
1503 1823 1535 1851 τὰ
1550 1823 1612 1857 ἔθνη
1627 1823 1809 1852 δουλεύσουσιν

986 1864 1068 1901 αὐτῷ·
1099 1864 1139 1894 ὅτι
1168 1865 1292 1906 ὲῤῥύσατο
1317 1868 1428 1907 πτωχὸν
1443 1867 1473 1896 ἐκ
1488 1867 1624 1907 δυνάστου,
1641 1869 1684 1897 καὶ
1707 1869 1810 1902 πένητα

986 1910 1009 1947 ᾧ
1037 1909 1090 1950 οὐχ
1101 1910 1207 1950 ὑπῆρχε
1229 1911 1337 1948 βοηθός,
1354 1912 1475 1941 Φείσεται
1491 1917 1603 1953 πτωχοῦ
1616 1914 1660 1942 καὶ
1682 1913 1809 1951 πένητος,

985 1955 1029 1983 καὶ
1053 1955 1143 1995 ψυχὰς
1172 1956 1295 1991 πενήτων
1321 1956 1414 1984 σώσει·
1442 1957 1472 1985 ἐκ
1506 1957 1586 1986 τόκου
1608 1959 1652 1987 καὶ
1665 1958 1694 1991 ἒξ
1708 1957 1810 1990 ἀδικίας

987 1998 1148 2039 λυτρώσεται
1183 2001 1230 2032 τὰς
1247 2001 1337 2040 ψυχὰς
1368 2001 1465 2030 αὐτῶν·
1496 2003 1540 2030 καὶ
1555 2001 1661 2040 ἔντιμον
1676 2003 1706 2031 τὸ
1724 2002 1810 2041 ὄνομα

986 2044 1065 2073 αὐτου
1099 2045 1211 2074 ὲνώπιον
1242 2045 1338 2077 αὐτῶν.
1379 2047 1427 2075 Καὶ
1452 2048 1571 2085 ζήσεται,
1598 2048 1643 2076 καὶ
1670 2046 1810 2083 δοθήσεται

985 2091 1057 2126 αὺτῴ
1090 2089 1120 2118 ἐκ
1146 2094 1192 2119 τοῦ
1220 2090 1329 2129 χρυσίου
1360 2093 1410 2124 τῆς
1431 2090 1568 2130 Ἀραϐίας,
1583 2092 1630 2120 καὶ
1649 2091 1810 2132 προσεύξον-

989 2145 1032 2162 ται
1061 2133 1203 2167 διαπαντνῖς
1229 2135 1288 2173 περὶ
1317 2134 1408 2164 αὑτοῦ·
1445 2135 1511 2169 ὅλην
1546 2136 1595 2170 τὴν
1612 2137 1714 2176 ἡμέραν
1730 2136 1809 2165 εὐλο-

989 2180 1117 2218 γήσουσιν
1152 2179 1242 2210 αὐτόν.
1270 2181 1319 2208 Καὶ
1353 2179 1429 2208 ἕσται
1459 2181 1593 2220 στήριγμα
1609 2181 1636 2209 ὲν
1651 2184 1685 2220 τῇ
1699 2185 1747 2221 γῇ,
1767 2181 1812 2210 ἐπ’

990 2223 1077 2263 ἄκρων
1105 2224 1157 2252 τῶν
1193 2224 1273 2262 ὁρέων
1303 2225 1523 2264 ὑπεραρθήσεται¹
1545 2226 1610 2266 ὑπὲρ
1638 2227 1683 2254 τὸν
1699 2225 1812 2255 Λίϐανον

990 2268 1003 2296 ὃ
1029 2269 1130 2308 καρπὸς
1160 2270 1249 2307 αὑτοῦ,
1278 2270 1322 2297 καὶ
1352 2269 1535 2304 ἐξανθήσοοσιν
1557 2270 1586 2299 ἐκ
1614 2270 1717 2303 πόλεως
1746 2271 1812 2300 ὡσεὶ

989 2313 1088 2353 χόρτος
1115 2313 1162 2347 τῆς
1192 2316 1253 2353 γῆς.
1273 2312 1372 2342 ’Ἔσται
1388 2315 1418 2343 τὸ
1440 2314 1524 2353 ὄνομα
1539 2317 1617 2345 αὐτοῦ
1631 2315 1812 2355 εὖλογημενον

990 2359 1026 2390 εἱς
1050 2358 1110 2390 τοὺς
1140 2358 1248 2390 αἰῶνας.
1280 2359 1333 2398 Πρὸ
1362 2361 1408 2388 τοῦ
1431 2359 1506 2394 ἡλίου
1534 2358 1651 2398 διαμένει
1672 2362 1702 2389 τὸ
1727 2361 1812 2399 ὄνομα

990 2403 1078 2432 αὐτοῦ’
1115 2403 1160 2431 καὶ
1189 2402 1441 2442 ἑνευλογηθήσονται
1458 2405 1484 2433 ἐν
1499 2406 1569 2442 αὖτῷ
1594 2409 1675 2433 πᾶσαι
1708 2407 1734 2434 αἱ
1762 2417 1812 2445 φυ-

990 2448 1033 2476 λαί
1048 2447 1096 2482 τῆς
1127 2450 1190 2487 γῆς,
1226 2448 1312 2476 πάντα
1340 2449 1373 2477 τὰ
1387 2449 1449 2483 ἔθνη
1465 2454 1636 2489 μαχαριοῡσιν
1652 2451 1742 2480 αὐτὸν.
1759 2452 1812 2480 Εὖ-

989 2492 1105 2533 λογητὸς
1129 2492 1223 2532 Κύριος
1258 2493 1272 2521 ὁ
1300 2494 1363 2526 Θεὸς
1390 2495 1436 2522 τοῦ
1450 2493 1582 2533 Ἰσραὴλὸ
1598 2495 1681 2523 ποιῶν
1707 2495 1812 2533 θαυμά-

987 2626 1220 2708 ἱιὲῗὲιθρξρὶηὰθ
1230 2627 1334 2659 Davidi
1350 2628 1491 2661 dictatum
1502 2637 1518 2660 a
1531 2628 1641 2669 Spiritu
1654 2634 1756 2661 sancto
1768 2630 1813 2661 in-
