1981 3072
221 60 280 93 563

693 63 723 93 S.
746 61 893 93 JUSTINI
913 57 1141 93 PHILOSOPHI
1164 60 1212 92 ET
1235 61 1444 93 MARTYRIS.

1848 61 1913 99 564

220 136 277 159 nus
290 128 357 167 agni
371 127 707 169 suspenduntur.Atque
721 127 809 159 etiam
824 127 883 159 duo
898 126 938 159 illi
954 125 1042 162 hirci,

1085 137 1188 165 φρενον,
1219 129 1242 164 ᾧ
1276 130 1474 167 προσαρτῶθται
1488 129 1533 157 καὶ
1548 130 1573 157 αἱ
1587 135 1682 169 χεῖρες
1700 132 1744 158 τοῦ
1759 127 1911 168 προϐάτου.

220 180 295 213 quos
309 172 340 203 in
351 172 468 213 jejunio
480 172 593 204 similes
617 172 718 204 oﬂ‘erri
744 172 948 213 praescriptum
963 175 1038 211 erat,

220 225 405 258 quorumque
419 217 494 249 alter
504 218 674 249 emissarius
685 217 836 255 erat,alter
850 216 1038 254 offerebatur,

220 261 370 303 duplicem
387 262 495 294 Christi
511 262 669 294 adventum
685 262 861 294 nuntiabant
875 273 882 294 :
899 262 1039 298 alterum,

219 306 251 338 in
266 316 324 348 quo
337 315 405 338 eum
421 307 501 338 velut
511 307 697 339 emissarium
709 307 845 339 seniores
859 306 960 348 populi
970 315 1040 337 ves-

219 352 258 383 tri
271 355 302 382 et
315 351 486 383 sacerdotes
509 352 687 390 eduxerunt,
705 361 873 393 manusque
885 351 913 382 ei
927 351 1041 392 injece-

220 399 300 437 runt,
311 399 341 427 et
355 400 451 428 morte
461 405 529 428 eum
545 397 735 435 mulctarunt;
751 397 877 427 alterum
887 395 1043 436 vero,quia

219 441 251 472 in
266 440 372 472 eodem
393 440 665 482 Hierosolymorum
690 441 756 472 loco
772 441 937 481 agnoscetis
960 450 1040 478 eun),

221 495 308 527 quem
338 485 519 518 contumelia
547 486 698 524 atl‘ecistis,
718 485 828 526 quique
853 485 962 517 oblatio
980 491 1043 517 erat

221 539 275 571 pro
291 530 430 562 omnibus
448 531 651 571 peccatoribus
666 530 869 572 paenitentiam
886 539 974 569 agere
989 539 1042 560 vo-

221 574 361 612 lentibus,
377 584 413 607 ac
425 575 574 616 jejunium
590 575 675 614 illud,
693 575 772 616 quod
787 575 858 606 dicit
872 575 974 615 Isaias,
987 574 1041 606 ob-

220 619 627 660 servantibus,colligationes
633 620 830 651 violentorum
838 624 1042 651 contractuum

221 665 423 705 dissolveudo,
438 675 485 697 ac~
496 670 604 697 caetera
617 665 756 696 similiter
768 664 908 703 tenendo,
925 674 991 706 quae
1005 666 1042 696 ab

221 719 258 742 eo
272 714 454 742 enumerata.
473 713 503 742 et
516 720 534 741 a
549 719 596 741 me
610 710 735 741 recitata
743 709 826 750 ἵζοι)
842 710 898 750 his,
913 711 963 750 qui
979 719 1043 741 cre-

221 754 296 785 dunt
309 754 341 785 in
355 752 471 792 Jesum,
487 754 691 787 observantur.
716 754 799 786 Hanc
822 759 920 786 autem
953 755 1041 786 etiam

1080 170 1132 201 Καὶ
1164 173 1187 199 οἱ
1216 171 1243 199 ἐν
1265 175 1300 210 τῇ
1327 174 1434 209 νηστείᾳ
1449 172 1476 201 δὲ
1491 173 1582 213 τράγοι
1598 173 1642 201 δύο
1657 173 1745 211 ὅμοιοι
1763 172 1826 214 (73)
1857 184 1914 201 κε-

1081 215 1230 249 λευσθέντες
1265 217 1391 258 γίνεσθαι,
1428 218 1465 246 ὦν
1486 219 1500 247 ὁ
1515 220 1556 250 εἷς
1573 218 1765 257 ἆποπομπαϊος
1790 219 1912 258 ἒγίνετο,

1081 262 1095 289 ὁ
1124 261 1151 289 δὲ
1178 261 1266 300 ἕτερος
1294 263 1330 293 εἰς
1359 263 1521 302 προσφορὰν,
1544 263 1598 291 τῶν
1626 263 1669 291 δύο
1690 267 1843 303 παρουσιῶν
1860 266 1914 291 τοῦ

1082 309 1193 345 Χριστοῦ
1213 305 1375 346 καταγγελία
1394 307 1472 341 ἦσαν’
1498 311 1560 346 μιᾶς
1590 307 1648 345 μὲν,
1681 308 1707 336 ὲν
1734 308 1808 346 ᾗὼς
1833 307 1912 335 ἀπο-

1082 357 1221 389 πομπαῒον
1253 352 1331 380 αὐτὸν
1357 351 1566 391 παρεπέμψαντο
1594 354 1618 381 οἱ
1653 351 1821 392 πρεσϐύτεροι
1860 356 1913 381 τοῦ

1083 395 1148 424 λαοῦ
1169 395 1242 433 ὑμῶν
1269 396 1313 424 καὶ
1337 397 1360 425 οἱ
1385 397 1477 436 ἱερεῖς,
1495 396 1666 430 ἐπιϐαλόντες
1689 398 1760 434 αὑτῷ
1775 398 1822 429 τὰς
1839 403 1913 437 χεῖ-

1085 451 1144 479 ραις⁷
1173 441 1217 468 καὶ
1259 440 1455 473 θανατώσαντες
1490 441 1579 470 αὐτόν·
1602 443 1647 470 καὶ
1669 442 1719 475 τῆς
1742 441 1865 481 δευτέρας
1883 440 1913 469 δὲ

1085 485 1163 513 αὐτοῦ
1191 485 1343 525 παρουσίας,
1367 486 1408 514 ὃτι
1423 485 1450 513 ἐν
1471 489 1510 523 τῴ
1525 486 1597 524 αὐτῷ
1611 487 1686 523 τόπῳ
1703 485 1766 526 (74)
1781 490 1836 515 τῶν
1856 481 1914 515 Ἱε-

1085 529 1238 568 ροσολύμων
1274 531 1502 569 ἐπιγνωσθήσεσθε
1531 531 1593 570 (75)
1630 531 1708 560 αὒτὸν
1723 532 1771 560 τὸν
1800 531 1912 569 ἀτιμω-

1084 573 1160 602 θέντα
1185 573 1227 613 ὑφ’
1262 575 1348 615 ὑμῶν,
1377 576 1421 603 καὶ
1435 576 1571 616 προσφορὰ
1593 577 1626 610 ἦν
1648 576 1713 616 ὑπὲρ
1735 576 1842 604 πάντων
1854 579 1914 604 τῶν

1084 626 1225 656 μετανοεῖν
1253 618 1423 658 βουλομένων
1450 620 1627 660 ἁμαρτωλῶν,
1658 621 1702 649 καὶ
1724 620 1914 654 νηστευόντων

1084 664 1115 698 ἣν
1138 663 1278 703 καταλέγει
1310 665 1415 697 Ησαΐας
1435 666 1571 703 νηστείαν,
1588 665 1751 697 διασπῶντες
1767 676 1913 704 στραγγα-

1084 707 1142 740 λιὰς
1171 709 1262 747 βιαίων
1289 708 1528 748 συναλλαγμάτων,
1560 710 1604 739 καὶ
1625 710 1657 739 τὰ
1673 709 1741 739 ἄλλα
1761 710 1862 748 ὁμοίως
1878 710 1914 737 τὰ

1083 753 1304 793 κατηριθμημένα
1331 753 1378 781 ὑπ’
1407 754 1496 794 αὐτοῦ,
1526 754 1544 782 ἅ
1570 756 1615 783 καὶ
1637 755 1716 786 αὐτὸς
1731 753 1910 794 ἀνιστόρησα,

221 799 513 835 ᾱιιοιιιιιῐιιιιὶι-οοωηι
525 799 715 841 oblationem,
732 800 783 841 qui
797 800 828 831 in
840 800 955 840 jejunio
967 801 1054 841 jussi‘

1084 797 1272 838 φυλάσσοντες,
1302 797 1320 826 ἅ
1347 803 1466 828 ποιοῦσιν
1498 799 1522 827 οἱ
1551 801 1590 837 τῷ
1611 798 1700 833 Ἰησοῦ
1724 799 1910 830 πιστεύοντες,

220 848 306 875 erant
319 843 432 882 offerri,
448 844 587 877 similiter
600 844 670 876 alibi
698 854 787 886 quam
815 845 1039 886 Hierosolymis,

221 889 286 921 ﬁeri
301 887 384 921 nefas
395 889 485 921 fuisse
499 889 592 922 scitis.

260 1026 294 1057 4t
302 1049 311 1058 .
324 1025 442 1057 Simila
451 1025 562 1059 oblatio
576 1026 675 1066 ﬁgura
683 1024 1043 1058 muratae—similae

1087 845 1136 874 Καὶ
1164 845 1204 873 ὃτι
1238 844 1282 872 καὶ
1316 844 1334 878 ἠ
1358 847 1412 872 τῶν
1447 843 1491 873 δύο
1505 845 1608 885 τράγων
1624 847 1677 874 τῶν
1695 845 1803 882 νηστείᾳ
1818 843 1912 872 κελευ-

1085 889 1198 918 σθέντων
1241 888 1431 929 προσφέρεσθαι
1480 890 1616 930 προσφορὰ
1652 889 1767 928 οὖδαμοῦ
1806 889 1910 927 ὁμοίως

1086 934 1289 974 συγκεχώρηται
1319 934 1444 973 γίνεσθαι,
1482 935 1504 962 εἰ
1520 934 1558 973 μὴ
1576 935 1602 963 ἐν
1626 930 1828 975 Ἰεροσολύμοις,
1846 934 1910 963 ἐπί-

1087 981 1249 1057 στῗῗῗ.ῐὶαὶ
1280 1025 1294 1058 ἡ
1323 1026 1373 1058 τῆς
1402 1024 1565 1062 σεμιδάλεως
1595 1024 1622 1052 δὲ
1644 1024 1791 1064 προσφορὰ,
1807 1025 1830 1052 ὧ
1856 1023 1907 1051 ἄν·

219 1079 337 1112 quoque
352 1070 472 1107 oblatio,
499 1070 567 1108 viri,
593 1070 722 1108 aiebam,
737 1079 791 1111 pro
805 1070 855 1107 iis,
872 1070 922 1111 qui
934 1079 950 1101 a
962 1069 1043 1109 lepra

1083 1069 1153 1109 δρες,
1183 1068 1287 1108 ἔλεγον,
1304 1069 1321 1103 ἡ
1350 1068 1414 1109 ὑπὲρ
1441 1071 1495 1098 τῶν
1537 1070 1747 1109 καθαριζομένων
1775 1069 1827 1097 ἀπὸ
1855 1069 1907 1103 τῆς

219 1114 432 1156 purgabantur,
445 1115 627 1156 praescripta,
641 1115 735 1155 ﬁgura
750 1119 813 1146 erat
828 1115 913 1155 panis
927 1114 1042 1146 Eucha-

1083 1114 1181 1154 λέπρας
1215 1113 1405 1153 προσφέρεσθαι
1446 1113 1639 1154 παραδοθεῖσα,
1667 1114 1749 1146 τύπος
1797 1113 1830 1148 ἦν
1859 1117 1908 1142 τοῦ

217 1159 411 1201 ristiae,quem
430 1159 572 1191 Dominus
588 1164 689 1191 noster
700 1160 787 1191 Jesus
802 1159 936 1192 Christus
952 1160 981 1190 in
996 1169 1042 1190 re-

1083 1158 1162 1198 ἅρτου
1191 1161 1241 1192 τῆς
1270 1159 1458 1199 Εὐχαριστίας,
1489 1157 1517 1187 ὅν
1547 1159 1584 1190 εἰς
1606 1159 1754 1197 ἀνάμνησιν
1780 1161 1826 1187 τοῦ
1849 1159 1906 1188 πά-

218 1204 420 1236 cordationem
437 1205 582 1245 passionis
596 1214 650 1245 pro
671 1204 719 1235 his
730 1205 780 1245 qui
795 1203 831 1235 ab
845 1204 926 1235 omni
940 1205 1040 1245 pravi-

1083 1206 1141 1236 θους
1175 1203 1206 1232 οὗ
1233 1203 1328 1232 ἔπαθεν
1354 1203 1419 1244 ὑπὲρ
1454 1205 1506 1232 τῶν
1533 1203 1730 1244 καθαιρομένων
1750 1204 1797 1235 τὰς
1813 1203 1905 1242 ψυχὰς

218 1252 279 1282 tate
291 1253 452 1291 purgantur
465 1253 612 1290 susceptae
624 1249 687 1280 ﬁeri
703 1249 855 1290 praecepit;
868 1254 900 1279 ut
911 1254 940 1280 et
951 1249 1039 1280 simul

1083 1249 1134 1277 ἀπὸ
1176 1248 1263 1282 πεισης
1292 1248 1419 1288 πονηρίας
1455 1248 1612 1288 ἀνθρώπων,
1636 1248 1738 1282 Ἰησοῦς
1757 1249 1868 1288 Χριστὸς
1889 1250 1904 1276 ὁ

217 1294 326 1334 gratias
340 1304 460 1334 agamus
475 1294 614 1335 Deo,tum
631 1294 710 1335 quod
723 1294 866 1326 mundum
881 1299 910 1326 et
926 1294 1038 1334 omnia,

1083 1293 1279 1334 Κύριος¹¹ἡμῶν
1307 1292 1443 1332 παρέδωκε
1471 1299 1572 1331 ποιεῖν,
1602 1294 1649 1322 ’ἰνα
1670 1293 1726 1331 ἅμα
1742 1303 1769 1321 τε
1791 1292 1904 1333 εὔχαρι-

217 1349 282 1381 quaa
297 1341 328 1370 in
343 1348 379 1371 eo
389 1343 470 1379 sunt,
488 1343 612 1380 propter
626 1339 779 1371 hominem
804 1339 959 1376 creaverit;
978 1342 1038 1369 tum

1083 1340 1185 1377 στῶμεν
1199 1341 1238 1375 τῷ
1262 1342 1320 1375 Θεῷ
1348 1339 1413 1376 ὑπέρ
1446 1349 1476 1367 τε
1500 1339 1547 1367 τοῦ
1575 1339 1620 1367 τὸν
1649 1338 1750 1376 κόσμον
1771 1337 1902 1366 ἐκτικέναι

215 1384 294 1426 quod
311 1393 365 1416 nos
379 1393 396 1415 a
410 1383 552 1424 nequitia,
570 1384 600 1415 in
617 1393 674 1424 qua
687 1384 808 1424 fuimus,
827 1383 1040 1424 liberaverit,et

1083 1384 1126 1412 σὺν
1152 1386 1216 1412 πᾶσι
1251 1390 1310 1416 τοῖς
1333 1383 1359 1411 ἐν
1382 1385 1452 1420 αὒτῷ
1476 1382 1518 1411 διὰ
1541 1384 1587 1411 τὸν
1609 1382 1758 1423 ἄνθρωπον,
1773 1383 1818 1411 καὶ
1837 1382 1904 1422 ὑπὲρ

213 1429 396 1480 principatus
411 1432 611 1480 etpotestates
623 1428 758 1480 tunditus
774 1428 975 1480 proﬂigaverit
985 1437 1039 1480 p'er
1047 1455 1054 1480 γ

1083 1428 1125 1456 τοῦ
1152 1427 1204 1456 ἀπὸ
1237 1426 1285 1462 τῆς
1319 1434 1413 1460 κακίας
1449 1427 1672 1467 ενῇγεγόναμεν
1693 1427 1899 1466 ἠλευθερωκέναι

1083 1474 1088 1480 .
1124 1475 1134 1479 η
1226 1473 1233 1480 .
1277 1473 1284 1480 η
1345 1472 1352 1480 η
1399 1473 1406 1480 η
1490 1473 1497 1480 .
1534 1473 1540 1480 .
1579 1472 1602 1480 ..
1656 1474 1661 1480 .
1788 1472 1796 1480 κ
1819 1471 1828 1480 κ
1874 1472 1879 1480 .

215 1483 283 1506 eum
304 1473 355 1514 qui
370 1473 408 1504 de
423 1473 488 1514 ejus
500 1473 650 1506 voluntate
666 1473 796 1513 passioni
812 1473 905 1504 factus
922 1477 967 1504 est
980 1473 1036 1504 ob-
1047 1471 1054 1480 “

1083 1474 1160 1511 ἡμᾶς,
1191 1473 1235 1501 καὶ
1259 1473 1306 1505 τὰς
1340 1472 1428 1513 ἀρχὰς
1456 1473 1499 1501 καὶ
1514 1473 1561 1505 τὰς
1577 1472 1692 1506 ἐξουσίας
1717 1471 1899 1501 καταλελυκέ-

213 1519 320 1550 noxius
357 1517 435 1549 Hinc
463 1517 501 1549 de
525 1517 681 1549 sacrifictis
703 1517 837 1558 quidem,
854 1527 920 1557 quae
934 1522 1004 1548 tunc
1019 1527 1036 1549 a

1083 1528 1118 1546 ναι
1153 1516 1256 1546 τελείαν
1269 1516 1412 1547 κατάλυσιν
1434 1516 1477 1544 διὰ
1497 1520 1543 1545 τοῦ
1558 1519 1678 1551 παθητοῦ
1692 1516 1832 1556 γινομένου
1846 1527 1898 1545 κα-

210 1563 295 1595 vobis
309 1561 522 1600 offerebantur,
549 1562 591 1593 sic
605 1563 696 1600 Deus,
713 1557 753 1592 fut
773 1562 834 1602 jam
853 1561 912 1592 dixi
927 1561 967 1600 ⁸4,
984 1571 1036 1603 per

1083 1563 1108 1591 τὰ
1142 1562 1192 1595 τὴν
1220 1560 1318 1600 βουλὴν
1346 1561 1437 1591 αὐτοῦ.
1456 1557 1542 1590 ’Ὅθεν
1557 1563 1616 1601 περὶ
1631 1561 1679 1600 μὲν
1694 1563 1747 1590 τῶν
1761 1559 1804 1601 ὑφ’
1824 1562 1898 1598 ὑμῶν

209 1607 382 1640 Malachiam
406 1616 498 1638 unum
524 1616 559 1638 ex
584 1606 754 1643 duodecim,
770 1606 901 1647 loquitur
918 1616 924 1639 :
939 1619 952 1635 α
969 1606 1032 1638 Νοιι

1083 1607 1134 1635 τότε
1170 1605 1387 1646 προσφερομένων
1407 1608 1502 1636 θυσιῶν
1523 1606 1595 1645 λέγει
1620 1608 1634 1635 ὁ
1663 1608 1739 1643 Θεὸς,
1756 1607 1792 1638 ὡς
1814 1606 1897 1645 προέ-

209 1656 255 1685 est
267 1652 404 1684 voluntas
423 1661 490 1683 mea
503 1651 535 1682 in
550 1650 719 1692 vobis,dicit
734 1652 923 1689 Dominus,et
937 1652 1031 1683 sacri-

1083 1663 1137 1692 ρην,
1181 1650 1223 1679 διὰ
1239 1649 1390 1690 Μαλαχίου,
1407 1651 1464 1682 ἑνὸς
1487 1654 1539 1679 τῶν
1551 1650 1663 1679 δώδεκα·
1683 1662 1697 1679 α
1714 1650 1768 1680 Οὔκ
1782 1650 1837 1678 ἔστι
1850 1650 1898 1678 θὲ-

208 1697 307 1729 ﬁciam
319 1706 379 1728 non
391 1696 550 1737 suscipiam
562 1696 599 1727 de
611 1695 747 1727 manibus
756 1695 871 1734 vestris,
878 1701 1034 1737 propterea

1083 1696 1148 1734 ιημά
1177 1706 1228 1733 μευ
1257 1694 1284 1723 ἐν
1310 1695 1388 1732 ὑμῖν,
1414 1695 1485 1734 λέγει
1524 1696 1629 1734 Κύριος·
1657 1697 1701 1724 καὶ
1735 1696 1782 1728 τὰς
1809 1696 1897 1728 θυσίας

209 1741 288 1784 quod
303 1741 341 1773 ab
350 1745 416 1772 ortu
429 1741 501 1772 solis
509 1750 603 1781 usque
612 1741 648 1772 ad
661 1749 798 1771 occasum
813 1750 921 1771 nomen
932 1751 1032 1772 meum

1083 1745 1147 1780 »μῶν
1173 1740 1202 1769 οὒ
1225 1738 1398 1780 προσδέξομαι
1428 1740 1459 1768 ἐκ
1492 1743 1546 1769 τῶν
1585 1741 1685 1781 χειρῶν
1718 1740 1802 1779 ὓμῶν·
1833 1739 1898 1768 διότι

208 1786 404 1828 gloriﬁcatum
420 1790 464 1818 est
478 1786 510 1818 in
532 1785 600 1816 158
612 1785 762 1824 gentibus;
779 1788 808 1816 et
819 1786 849 1816 in
869 1785 950 1816 omni
967 1786 1032 1818 loco

1083 1787 1127 1814 ἱπὸ
1168 1784 1300 1819 ἀνατολῆς
1325 1784 1401 1818 ἡλίου
1417 1785 1467 1818 ἕως
1482 1784 1587 1823 δυσμῶν
1601 1786 1632 1814 τὸ
1646 1785 1729 1823 ὄνομα
1744 1796 1794 1823 μου
1822 1784 1897 1813 δεδό-

209 1832 331 1864 oﬂ’ertur
345 1831 501 1862 incensum
527 1830 641 1863 nomini
665 1839 732 1861 meo
757 1834 786 1861 et
807 1830 925 1860 victima
947 1840 1032 1871 pura;

1083 1830 1167 1863 Ξασιαι
1191 1830 1218 1858 ὲν
1245 1836 1304 1862 τοῖς
1333 1829 1427 1867 ἔθνεσι,
1459 1831 1502 1858 καὶ
1529 1829 1557 1858 ἐν
1587 1831 1662 1859 παντὶ
1676 1831 1752 1868 τόπῳ
1779 1830 1896 1867 θυμίαμα

208 1876 348 1918 quoniam
360 1885 499 1916 magnum
515 1879 560 1906 est
573 1883 682 1906 nomen
699 1884 798 1905 meum
823 1875 852 1905 in
880 1875 1029 1916 genttbus,

1083 1876 1249 1916 προσφέρεται
1286 1877 1325 1910 τῷ
1352 1874 1463 1913 ὀνόματί
1488 1886 1538 1913 μου
1577 1876 1622 1904 καὶ
1636 1876 1708 1904 θυσία
1724 1875 1834 1915 καθαρά·
1857 1875 1896 1903 ὅτι

207 1921 280 1953 dicit
289 1920 514 1953 DominusNos
524 1923 622 1951 autem
638 1919 711 1950 illud
725 1919 886 1959 profanatis
900 1920 939 1952 25.
960 1933 972 1948 υ
990 1920 1032 1951 De

1083 1920 1144 1959 ιέγα
1164 1920 1194 1948 τὸ
1229 1918 1313 1957 ὄνομά
1342 1931 1393 1957 μου
1427 1919 1455 1948 ἐν
1481 1926 1540 1952 τοῖς
1569 1919 1662 1954 ἔθνεσι,
1686 1920 1758 1960 λέγει
1788 1920 1893 1959 κύριος’

206 1965 244 1998 iis
253 1969 366 2006 autem,
377 1974 443 2006 quae
453 1965 483 1996 in
498 1964 580 1996 omni
595 1965 660 1995 loco
671 1973 688 1995 a
709 1963 796 1994 nobis
811 1964 948 2004 gentibus
959 1965 1032 1996 oﬂ‘e-

1083 1971 1151 2003 ›μετς
1176 1963 1204 1992 δὲ
1219 1963 1364 2002 βεϐηλοῦτε
1394 1965 1466 1994 αὗτό.
1487 1976 1500 1992 ι
1519 1966 1580 2004 Περὶ
1594 1964 1622 1993 δὲ
1636 1969 1689 1993 τῶν
1712 1965 1739 1993 ἐν
1755 1965 1834 1993 πάντὶ
1848 1965 1895 1993 τό-

207 2014 316 2042 runtur
329 2010 369 2047 ei,
380 2009 606 2048 sacriﬁeiis,hoc
622 2012 678 2045 est,
696 2008 734 2040 de
747 2018 824 2048 pane
840 2008 1032 2041 Eucharistiaa

1083 2021 1115 2047 τῳ
1143 2008 1186 2050 ὑφ’
1206 2010 1284 2047 ἡμῶν
1312 2011 1365 2036 τῶν
1392 2009 1473 2038 ἐθνῶν
1507 2010 1728 2050 προσφερομένων
1754 2010 1825 2046 αὐτῷ
1847 2011 1893 2038 θυ-

208 2055 288 2088 etde
299 2054 391 2086 calice
405 2054 545 2086 similiter
560 2053 827 2094 Eucharistiae,jam
844 2057 904 2084 tum
917 2055 1026 2094 praedi-
1039 2060 1054 2086 ιτ

1083 2057 1146 2094 τῶν,
1176 2053 1297 2083 τουτέστι
1336 2057 1383 2082 τοῦ
1406 2054 1485 2094 ἂρτοῦ
1513 2054 1561 2088 τῆς
1590 2055 1769 2095 Εὑχαριστίας
1785 2055 1894 2082 καὶτοῦ

206 2100 258 2138 cit,
275 2099 347 2131 illud
361 2099 450 2130 etiam
460 2099 586 2140 addens,
602 2107 712 2130 nomen
728 2107 815 2130 suum
829 2107 847 2129 a
863 2098 949 2130 nobis
961 2099 1026 2139 glo-

1083 2099 1194 2139 ποτηρίου
1223 2098 1322 2136 ὁμοίως
1352 2101 1400 2133 τῆς
1419 2099 1605 2139 Εὖχαριστίας,
1630 2099 1753 2138 προλέγει
1765 2100 1836 2135 τότε,
1854 2100 1893 2127 εἰ-

205 2144 330 2185 riticari,
345 2153 362 2174 a
376 2143 461 2175 vobis
475 2148 575 2175 autem
592 2142 750 2184 profanari.
767 2144 833 2174 Jam
858 2152 925 2174 vero
951 2153 1027 2184 prae-

1083 2145 1127 2173 εὼν
1155 2145 1199 2173 καὶ
1212 2184 1216 2185 ν
1229 2144 1260 2173 τὸ
1286 2143 1370 2181 ὄνομα
1393 2144 1472 2172 ανξιτοῦ
1492 2143 1607 2180 δοξάζειν
1622 2145 1706 2184 ἡμᾶς,
1722 2145 1790 2182 ὑμᾶς
1804 2143 1831 2172 δὲ
1845 2144 1893 2182 βε-

206 2192 324 2230 ceptum
335 2188 409 2220 illud
422 2187 706 2228 circumcisionis,ut
720 2187 848 2221 infantes
862 2191 963 2218 octavo
979 2188 1029 2220 die

207 2233 329 2266 omnino
339 2232 604 2274 circumcidautur,
619 2233 711 2272 ﬁgura
727 2237 792 2264 erat
807 2242 885 2264 verae
899 2233 1029 2264 circum-

207 2278 330 2312 cisionis
343 2287 401 2319 qua
418 2278 456 2309 ab
467 2287 572 2310 errore
588 2281 618 2310 et
634 2277 767 2318 nequitia
782 2287 835 2319 per
849 2287 929 2316 eum,
948 2279 997 2318 qui
1012 2288 1029 2310 a

246 2344 274 2388 ’ξ’
288 2355 318 2376 ιι.
338 2345 384 2377 15.
427 2343 456 2366 ἰ
471 2355 502 2377 n.
514 2344 564 2377 28.
608 2343 636 2381 εξ
649 2343 775 2377 Malach.
788 2354 809 2382 ι,
826 2345 928 2378 40-12.

246 2413 471 2455 (Ἰξηρᾴγοι-δύο
486 2413 586 2455 ξμικοι.
610 2414 706 2455 Hujus
727 2412 930 2455 explicationis
953 2423 1026 2445 auc-

208 2453 272 2495 ctor
287 2453 341 2495 fuit
355 2453 513 2495 Justinus.
530 2453 692 2492 Barnabas,
707 2453 942 2495 seu'quicunque
952 2455 1027 2486 alius

208 2493 363 2541 epistolam
380 2494 584 2541 scripsithuae
593 2494 780 2541 S_._Barn_alba>.
791 2493 1024 2541 tribui_t11r._VigJ.

208 2533 236 2569 cI
251 2533 372 2575 7hujus
399 2533 531 2575 epistolai
558 2539 588 2566 et
610 2534 825 2566 Tertullianum
847 2536 918 2567 adv.
938 2535 1024 2575 Jud.,

207 2583 235 2605 ε.
253 2573 307 2616 14‘:
318 2573 394 2607 Vide
419 2573 509 2606 etiam
537 2575 646 2616 Cyrill.‘
664 2575 749 2608 Alex.
777 2576 806 2605 in
828 2575 891 2606 Jul.
917 2575 969 2606 lib.
985 2573 1026 2616 ix,

205 2613 484 2702 “figoﬁtaaq:
506 2657 577 2702 αρτῷ
586 2657 685 2702 ﬁdem.
698 2657 831 2702 Necesse
846 2659 966 2702 nonest
981 2655 1026 2702 le-

204 2703 276 2734 gere
290 2695 334 2724 ὅτε
341 2695 368 2723 ἒν
375 2696 489 2734 τῷαύτῷ
497 2695 825 2734 1dmp.Rationemenim
833 2696 918 2726 aﬂ'ert
931 2695 1025 2727 Justi-

204 2734 285 2767 tinus
299 2744 352 2767 cur
367 2735 482 2768 oblatus
497 2736 547 2769 ille
561 2736 668 2769 similis
692 2736 795 2769 hircus
818 2735 959 2767 secundae
973 2745 1025 2768 re-

1069 2188 1177 2224 ϐηλοῦν.
1210 2184 1241 2217 Ἡ
1263 2188 1291 2216 δὲ
1320 2188 1414 2223 ἐντολὴ
1441 2189 1490 2223 τῆς
1521 2192 1680 2229 περιτομῆς,
1704 2189 1847 2218 κελεύουσα
1861 2191 1895 2227 τῇ

1069 2233 1151 2274 ὀγδόῃ
1179 2233 1266 2273 ἡμέρᾳ
1295 2233 1325 2262 ἐκ
1359 2234 1458 2266 παντὸς
1491 2234 1656 2274 περιτέμνειν
1672 2235 1703 2262 τὲι
1728 2236 1892 2274 γεννώμενα,

1069 2279 1150 2311 τύπος
1179 2277 1212 2312 ἧν
1247 2280 1296 2313 τῆς
1312 2277 1440 2313 ἀληθινῆς
1465 2281 1612 2318 περιτομῆς
1647 2281 1681 2313 ἢν
1709 2280 1892 2317 περιετμήθη-

1069 2411 1289 2454 praesentationi
1306 2411 1414 2443 Christi
1431 2411 1620 2454 respondeatt

1108 2453 1167 2492 (75)
1182 2453 1436 2492 Ἐπιγνωσθήσεσθε.
1455 2452 1552 2483 Mallet
1576 2452 1748 2492 Sylburgius
1773 2452 1890 2491 ἐπιγνώ-

1068 2496 1155 2523 σεσθε.
1173 2492 1235 2533 Mox
1266 2491 1433 2533 illarverba
1451 2493 1501 2533 ,καὶ
1529 2491 1663 2533 προσᾶρορέι
1678 2491 1723 2530 ῆν,
1743 2504 1756 2520 ιι
1773 2492 1849 2533 dura
1864 2497 1893 2533 el

1069 2533 1114 2564 vix
1130 2532 1253 2564 ferenda
1271 2545 1283 2560 ν
1301 2532 1345 2564 Cl.
1363 2532 1497 2564 Thirlbio
1513 2532 1834 2572 videntur.Legendum
1849 2532 1890 2562 vi-

1069 2573 1155 2604 detur
1175 2576 1250 2613 ante
1273 2572 1335 2603 haec
1364 2572 1452 2603 verba
1474 2572 1515 2606 ὅς.
1531 2573 1731 2604 Tertullianus
1742 2572 1891 2613 jejunium

1068 2613 1207 2653 intelligit
1236 2612 1274 2653 de
1301 2613 1436 2653 reprobis
1464 2624 1475 2642 ο
1491 2613 1694 2652 jejunanlihus
1710 2623 1726 2644 a
1741 2612 1890 2653 salulepin

1069 2652 1201 2685 secundo
1217 2652 1355 2693 adventu,
1372 2653 1442 2684 dum
1461 2665 1473 2681 α
1489 2653 1660 2684 sacerdotes
1682 2653 1784 2693 templi
1799 2652 1891 2693 spiri-

1070 2694 1166 2734 tualis,
1184 2693 1214 2724 id
1230 2698 1274 2723 est
1285 2692 1437 2731 Ecclesiae,
1454 2692 1617 2724 Dominicae
1627 2693 1726 2734 gratia:
1737 2692 1820 2734 quasi
1834 2692 1889 2723 νίν

1067 2734 1217 2766 ceratione
1231 2734 1357 2774 quadam
1373 2744 1385 2760 ι
1402 2734 1546 2765 fruentur.
