1981 3072
102 31 158 63 571

566 32 596 63 S.
619 32 770 64 JUSTINI
792 28 1021 61 PHILOSOPHI
1043 31 1091 62 ET
1114 29 1326 62 MARTYRIS.

1740 20 1800 54 572

95 96 143 126 vel
154 95 194 126 ob
208 95 346 126 duritiam
370 95 470 126 cordis
486 95 587 136 populi
602 95 693 126 vestri
709 94 848 126 similiter
863 103 928 125 esse

969 96 1012 124 καὶ
1037 95 1136 128 Δανιὴλ
1158 94 1349 130 ἐξαιτήσωνται
1377 94 1395 128 ἣ
1427 94 1497 125 υἱοὺς
1535 93 1559 136 ἢ.
1579 90 1737 130 θυγατέρας,
1768 91 1798 118 οὗ

97 140 255 180 descripta.
274 141 371 180 Atque
397 141 437 171 ita
466 133 534 171 sese
549 149 613 171 rem
629 140 741 171 habere
756 139 835 171 Deus
850 139 927 178 apud

970 140 1009 177 μὴ
1029 138 1167 174 δοθήσεται
1190 142 1294 171 αὒτοϊς.
1321 151 1334 166 ι)
1368 139 1415 168 Καὶ
1445 138 1472 166 ἐν
1499 141 1537 174 τῷ
1547 133 1651 165 ’Ἦσαΐα
1666 136 1709 180 εἰς
1719 138 1795 180 τοῦτο

100 184 287 216 Ezechielem
306 185 479 224 pronuntiat
494 185 524 215 in
540 185 603 216 hac
616 184 726 216 verba:
748 197 762 212 ι
779 184 809 216 Si
824 184 888 215 Noe
898 188 928 215 et

968 185 1031 213 αὗτὸ
1050 184 1101 225 ἔφη
1116 184 1198 217 οὕτως
1215 193 1222 199 '

98 228 189 260 Jacob
203 232 231 259 et
244 228 347 260 Daniel
364 229 594 269 depoposceriut
608 229 653 260 vel
670 229 758 266 ﬁlios,
774 229 819 260 vel
835 229 924 270 ﬁlias,

99 282 157 303 non
169 272 289 304 dabitur
305 273 348 304 eis
359 273 461 304 δι.»Ει
476 273 553 314 apud
569 275 672 305 Isaiam
690 274 719 304 in
736 274 813 304 hanc
828 273 924 314 ipsam
965 274 1120 313 ἀνθρώπων.

99 318 276 348 sententiam
291 317 332 348 ita
347 318 477 358 loquitur
493 329 502 349 :
523 329 534 346 α
553 318 632 349 Dixit
654 317 796 349 Domiuus
820 318 899 350 Deus
915 327 922 350 :

95 361 130 392 Et
145 362 348 403 egredientur,
361 366 389 393 et
403 362 544 394 videbunt
560 363 694 394 membra
710 363 919 403 praevaricato-

95 415 160 437 rum
171 407 458 439 hominum.Vermis
467 417 571 438 eorum
584 417 642 438 non
652 407 921 447 morietur,etignis

95 460 197 482 eorum
216 462 275 483 non
290 452 506 492 exstinguetur,
527 456 556 482 et
571 456 658 483 erunt
673 452 702 482 in
719 452 920 492 spectaculum

95 496 175 526 omni
192 497 272 527 carni
287 497 348 528 55.»
366 496 554 537 Quapropter
569 497 645 527 hanc
661 506 744 537 spem
761 506 794 527 ex
812 497 921 527 animis

96 541 199 571 vestris
214 541 381 572 recidentes
395 541 551 573 elaborare
563 545 726 582 oportet,ul
736 542 920 580 cognoscatis

95 594 220 625 quanam
238 585 284 616 via
298 586 334 616 ad
350 586 558 617 remissionem
586 589 773 625 peccatorum
791 590 819 616 et
834 595 919 626 spem

95 629 274 661 hiereditatis
303 631 517 670 promissorum
552 630 697 661 bonorum
727 631 916 670 perveniatis.

93 674 155 705 Alia
171 679 270 705 autem
288 684 347 705 non
373 679 428 712 est,
445 675 506 706 nisi
522 675 596 715 haec,
614 678 644 705 ut
659 675 738 706 hunc
767 675 915 706 Christum

1246 196 1260 212 ι
1279 186 1347 213 Εἷπε
1371 184 1464 222 Κύριος
1479 184 1493 211 ὁ
1518 182 1582 213 Θεός
1599 191 1607 198 ·
1626 181 1674 209 Καὶ
1689 179 1794 213 ἐξελεύ-

966 223 1076 264 σονται..
1107 230 1151 258 καὶ
1179 229 1288 267 ὄψονται
1311 229 1345 257 τὰ
1374 228 1449 257 κῶλα
1485 231 1539 256 τῶν
1566 223 1793 265 παραϐεϐηκότων

1167 270 1196 302 ι0
1231 274 1281 314 γὰρ
1309 272 1416 307 σκώληξ
1448 273 1534 301 αὖτῶν
1571 271 1600 300 οὗ
1626 269 1789 306 τελευτήσει,

964 319 1008 347 καὶ
1029 320 1060 347 τὸ
1081 322 1132 358 πῦρ
1152 319 1238 347 αὐτῶν
1272 320 1302 348 οὗ
1333 317 1518 357 σϐεσθήοεται,
1547 317 1591 344 καὶ
1622 314 1724 343 ἔσονται
1754 314 1791 344 εἰς

962 364 1052 403 ὅρασιν
1075 364 1148 402 πάσῃ
1180 364 1268 403 σαρκί,
1296 373 1310 393 ι
1343 359 1389 396 Ὠς
1411 362 1539 401 τεμόντας
1644 361 1712 397 ὑμᾶς
1737 359 1790 387 ἀπὸ

962 402 1014 437 τῶν
1045 411 1140 449 ψυχῶν
1167 402 1241 447 ὑμῶν
1262 409 1312 442 τὴν
1334 407 1425 437 ἐλπίδα
1448 408 1558 444 ταύτην,
1589 403 1732 435 σπουδάσαι
1748 402 1790 432 δεῖ

962 454 1109 492 ἐπιγνῶναι
1145 453 1179 482 δι’
1206 453 1238 492 ᾖς
1267 453 1327 482 ὁδοῦ
1356 452 1449 494 ἄφεσις
1483 453 1547 490 ὑμῖν
1573 453 1625 479 τῶν
1652 449 1789 489 ἁμαρτιῶν

962 499 1114 538 γενήσεται,
1142 499 1186 528 καὶ
1214 499 1289 531 ἐλπὶς
1318 501 1367 532 τῆς
1395 497 1575 538 κληρονομίας
1607 497 1658 524 τῶν
1681 505 1788 533 κατηγ-

962 537 1100 582 γελμένων
1128 544 1246 583 ἀγαθῶν.
1273 543 1357 573 ’Ἔστι
1379 537 1403 570 δ’
1424 543 1472 571 οὒκ
1499 540 1569 574 ἄλλη
1594 540 1612 574 ἢ
1641 540 1719 576 αὕτη,
1741 538 1788 566 ’ίνα

961 591 1053 616 τοῦτον
1083 589 1127 617 τὸν
1158 589 1271 628 Χριστὸν
1299 587 1464 627 ἐπιγνόντες,
1494 587 1538 615 καὶ
1571 585 1727 622 λουσάμενοι
1756 583 1788 611 τὸ

959 633 1024 670 ὑπὲρ
1052 632 1170 673 ἀφέσεως
1201 634 1335 673 ἁμαρτιῶν
1362 633 1404 661 διὰ
1420 628 1534 661 Ἠσαίου
1562 629 1695 670 κηρυχθὶν
1721 628 1786 657 λου-

957 677 1019 716 τρὸν
1029 678 1102 718 (91),
1119 678 1311 718 ἀναμαρτήτως
1327 678 1420 706 λοιπὸν
1435 678 1548 713 ζήσητε.

93 723 303 758 agnoscentes,
316 728 350 751 ac
367 720 419 750 illo
435 720 470 751 ad
484 724 675 761 peccatorum
689 720 898 752 remissionem
912 720 1071 762 baptismo,
1084 732 1172 763 quem
1189 722 1281 755 Isaias
1297 722 1479 764 praedicavit,
1491 720 1586 752 abluti
1598 719 1664 751 sine
1675 727 1784 761 pecca-

91 766 119 794 to
135 763 276 804 deinceps
290 764 403 795 vivatis.

133 809 184 840 45.
199 810 254 846 Qui
264 810 342 855 justi
357 813 429 841 atate
444 810 540 850 legem
538 810 640 855 etsub
650 809 714 851 lege
725 811 933 855 fueruntmerl

997 813 1048 844 45.
1067 815 1116 844 Καὶ
1144 815 1157 843 ὗ
1179 815 1287 855 Τρύφων
1303 823 1310 830 '
1329 816 1357 844 El
1387 815 1430 844 καὶ
1456 816 1595 853 ἐγκόπτειν
1609 811 1678 841 δοκῶ
1704 809 1780 845 τοιςῖ

91 853 244 885 Christum
257 854 471 886 salvabunlur.
483 872 522 877 —
536 854 610 886 Tum
628 855 746 895 Trypho
764 864 770 886 :
788 854 914 896 Etsi,in-

91 899 165 939 quit,
183 908 218 930 ea
230 899 333 930 videor
362 899 566 940 interpellare,
584 909 649 940 quae
664 900 701 931 ad
725 904 914 940 pertractan-

90 944 160 975 dum
173 944 346 975 necessaria
356 944 509 983 edisseris;
522 949 645 985 urgente
656 948 754 976 tamen
771 954 806 976 ea
821 954 915 984 quaes-

90 988 275 1029 tione,quam
285 989 351 1020 volo
359 989 530 1029 ponere,fac
538 989 666 1030 primum
674 993 705 1020 ut
715 999 761 1020 me
769 989 913 1029 perferas.

129 1032 204 1064 Tum
223 1043 295 1073 ego:
311 1034 464 1074 Quidquid
490 1034 633 1074 placuerit
662 1034 822 1074 interroga,
840 1038 872 1064 ut
885 1035 915 1065 in

93 1082 223 1109 mentem
238 1079 347 1119 veniet;
364 1088 432 1110 nam
450 1079 537 1110 etiam
554 1082 620 1119 post
635 1079 815 1118 interrogata
831 1083 859 1110 et
869 1088 916 1109 re-

90 1131 200 1163 sponsa
214 1123 377 1154 orationem
390 1133 543 1155 resumere
559 1123 690 1154 conabor
703 1128 732 1154 et
746 1123 912 1155 absolvere.

129 1167 165 1198 At
178 1167 373 1199 illezDicmihi
385 1168 650 1208 igitur,inquit,qui
663 1169 826 1199 secundum
841 1178 916 1209 pra:-

90 1212 199 1252 scripta
215 1213 287 1251 legis
302 1222 354 1253 per
369 1215 498 1254 Moysem
514 1214 639 1244 intitutae
652 1213 798 1250 vixerunt,
811 1218 908 1244 utrum

89 1256 108 1286 ii
125 1265 219 1287 necne
239 1257 375 1289 similiter
398 1267 434 1289 ac
457 1257 560 1295 Jacob,
574 1257 675 1289 Enocb
688 1262 716 1288 et
732 1259 797 1290 Noe
812 1258 843 1289 in
857 1267 909 1290 re-

89 1300 273 1333 surrectione
288 1307 472 1333 mortuorum
487 1303 600 1334 vivent?

131 1345 193 1376 141
211 1345 246 1377 Ει
261 1356 314 1387 ego
327 1347 362 1378 ad
374 1347 457 1378 illum
477 1359 483 1377 :
501 1349 573 1380 Cum
590 1357 625 1378 ea
639 1347 760 1388 protuli,
777 1347 908 1388 Trypho,

87 1400 152 1431 quae
162 1390 198 1422 ab
215 1390 371 1425 Ezechiele
386 1392 464 1423 dicta
478 1397 548 1424 sunt
565 1403 572 1423 :
588 1403 600 1421 α
620 1392 741 1423 Etiamsi
756 1393 831 1431 Noe,
848 1392 909 1423 Da-

89 1435 146 1466 niel
164 1442 193 1466 ct
217 1434 310 1467 Jacob
326 1437 402 1468 tilios
430 1441 459 1467 et
484 1436 560 1468 ﬁlias
587 1436 799 1476 deprecentur,
818 1437 909 1468 mini-

87 1489 135 1511 me
163 1480 207 1511 eis
231 1490 403 1512 concessum
429 1481 476 1519 iri,
498 1493 509 1509 ι
527 1481 579 1512 sed
608 1490 660 1521 pro
690 1490 841 1522 quemque
856 1491 909 1513 sua

956 858 1046 898 λόγοις
1073 859 1177 892 τούτοις
1207 862 1250 892 οἷς
1278 859 1365 899 λέγεις
1402 858 1554 899 ἀναγκαίοις
1589 857 1662 885 οὖσιν
1690 857 1782 891 ἐξετα-

955 906 1061 944 σθῆναι,
1085 903 1145 933 ἀλλ’
1160 906 1203 933 οὖν
1219 905 1423 945 κατεπείγοντος
1452 908 1499 934 τοῦ
1532 903 1751 943 ἐπερωτήματος,
1767 902 1781 930 ὃ

956 949 1075 982 ἐξετάσαι
1089 949 1150 990 βούλ
1156 961 1232 988 ομαι,
1249 950 1370 990 ἀνάσχου
1384 961 1434 988 μου
1449 949 1565 989 πρῶτον.

997 995 1078 1034 Κάγώ
1095 1004 1102 1012 ·
1131 989 1205 1024 ΙὈσα
1230 995 1318 1034 βούλει
1334 989 1455 1031 ἐξέταζε,
1485 993 1522 1025 ὥς
1548 1004 1590 1021 σοι
1609 993 1752 1033 ἐπέρχεται
1770 1001 1778 1009 ⁸

957 1039 1011 1078 ἐγώ
1043 1040 1093 1078 γὰρ
1133 1041 1178 1068 καὶ
1210 1041 1278 1077 μετὰ
1309 1039 1356 1071 τὰς
1383 1038 1519 1072 ἱξετάσεις
1557 1038 1602 1067 καὶ
1627 1037 1779 1077 ἀποκρίσεις

956 1085 1016 1117 τοὺς
1039 1084 1134 1123 λόγους
1147 1083 1342 1123 ἀναλαμϐάνειν
1356 1084 1514 1123 πειράσομαι
1529 1082 1572 1112 καὶ
1587 1081 1716 1122 πληροῦν.

996 1131 1125 1162 Κάκεῖνος
1144 1141 1149 1147 ·
1182 1130 1244 1158 Εἰπὲ
1274 1130 1317 1158 οὖν
1340 1141 1398 1169 μοι,
1420 1129 1470 1168 ἔφη
1488 1137 1495 1143 '
1522 1129 1546 1157 οἱ
1567 1128 1695 1164 ζήσαντες
1709 1128 1778 1156 κατὰ

955 1176 1000 1204 τὸν
1029 1175 1110 1213 νόμον
1138 1176 1184 1203 τὸν
1208 1174 1385 1215 διαταχθέντα
1414 1173 1455 1202 διὰ
1477 1173 1620 1210 Μωϋσέως,
1650 1173 1775 1209 ζήσονται

956 1221 1053 1258 ὁμοίως
1074 1224 1113 1258 τῷ
1134 1219 1231 1249 Ἰακὼϐ
1254 1220 1298 1248 καὶ
1323 1219 1362 1257 τῷ
1386 1218 1474 1258 Ἐνὼχ
1495 1218 1538 1248 καὶ
1553 1219 1592 1255 τῷ
1613 1220 1683 1254 Νῶε,
1698 1217 1726 1246 ἐν
1741 1218 1775 1256 τῇ

950 1270 1004 1294 τῶν
1018 1269 1116 1306 νεκρῶν
1131 1265 1283 1306 ἀναστάσει,
1298 1264 1316 1299 ἢ
1331 1263 1360 1293 ού
1377 1274 1386 1301 ;

993 1351 1073 1389 Κάγὼ
1090 1351 1154 1383 ποὸς
1177 1350 1255 1379 αὐτόν
1272 1358 1279 1366 '
1312 1350 1438 1381 Εἱπόντος
1460 1359 1522 1387 μου,
1547 1348 1570 1376 ὦ
1587 1347 1718 1388 ἄνθρωπε,
1740 1348 1773 1377 τὰ

952 1394 1100 1435 λελεγμένα
1127 1395 1178 1423 ὑπὸ
1205 1398 1251 1423 τοῦ
1280 1393 1420 1432 Ἰεζεκιὴλ,
1458 1392 1499 1422 ὅτι
1530 1404 1542 1421 ιι
1572 1392 1622 1421 κᾶν
1650 1396 1710 1423 Νῶε
1737 1404 1774 1422 κα

953 1439 1055 1473 Δανιὴλ
1079 1440 1124 1468 καὶ
1153 1438 1250 1468 Ἰακὼϐ
1276 1439 1465 1474 ὶξαιτήσωνται
1491 1438 1561 1470 υἱοὺς
1587 1438 1631 1467 καὶ
1657 1437 1771 1477 Θυγατὲ-

950 1495 1008 1524 ρας,
1038 1484 1068 1512 οὐ
1096 1483 1235 1519 δοθήσεται
1264 1485 1367 1522 αὐτοῖς,
1387 1495 1399 1512 ι
1424 1483 1484 1512 ἀλλ’
1512 1482 1623 1516 ἕκαστος
1645 1485 1679 1521 τῇ
1694 1484 1772 1512 αὑτοῦ

87 1525 179 1565 ipsius
193 1525 330 1568 videlicet
351 1525 466 1566 justitia
488 1526 599 1557 salvum
616 1525 692 1564 fore;
709 1535 759 1556 eos
775 1535 904 1566 quoque,
917 1531 933 1557 C

961 1529 1100 1567 ικαιοσύνῃ
1116 1528 1238 1563 δηλονότι
1254 1530 1400 1564 σωθήσεται
1416 1527 1478 1565 (92)
1490 1539 1496 1545 ·
1515 1528 1556 1557 ὅτι
1570 1528 1686 1560 καὶτοὺς
1702 1528 1771 1557 κατὰ

87 1571 136 1610 qui
149 1569 312 1601 secundum
327 1570 423 1611 legem
437 1570 542 1611 Moysis
557 1570 702 1608 vixerunt,
719 1570 816 1602 salvos
825 1571 908 1601 simi-

87 1614 155 1645 liter
167 1615 283 1646 futuros
297 1615 368 1646 dixi.
379 1616 453 1646 Nam
464 1624 529 1655 quae
544 1619 647 1646 natura
664 1615 806 1656 praeclara
817 1619 846 1645 et
859 1616 907 1656 pia

87 1663 116 1690 et
127 1660 206 1699 justa
222 1660 378 1697 sunt,eaiu
393 1660 500 1700 Moysis
514 1660 577 1698 lege
593 1659 705 1700 his,qui
719 1659 777 1699 legi
789 1664 904 1700 parent,

85 1704 222 1735 facienda
237 1704 463 1745 praecribuntur;
476 1708 505 1735 et
519 1713 585 1745 quae
599 1704 636 1734 ad
651 1704 790 1735 duritiam
806 1705 906 1736 cordis

87 1749 186 1789 populi
194 1750 278 1790 jussa
290 1753 358 1781 sunt
368 1749 572 1786 observari,ea
581 1749 720 1780 similiter
734 1749 907 1790 praescripta

85 1799 165 1835 sunt,
180 1799 209 1826 ct
222 1793 259 1825 ab
274 1794 330 1829 his.
348 1794 399 1835 qui
413 1793 469 1825 sub
485 1794 549 1834 lege
564 1798 658 1832 erant,
677 1793 842 1826 observata.
861 1794 907 1826 Si-

86 1839 206 1880 quidem
229 1839 278 1880 qui
305 1849 340 1870 ea
355 1838 513 1876 faciebant,
525 1848 591 1879 qua:
605 1839 741 1870 universe
757 1843 786 1870 et
801 1843 907 1871 natura

86 1889 115 1916 et
130 1888 271 1925 perpetue
287 1884 428 1925 praetura
438 1888 517 1919 sunt.
535 1884 556 1914 ii
567 1883 628 1914 Deo
644 1883 720 1923 grati
734 1888 846 1922 sunt,et
857 1894 909 1925 per

87 1929 167 1960 hunc
179 1929 328 1961 Christum
346 1929 376 1960 in
391 1928 611 1959 resurrectione
622 1928 760 1959 similiter
769 1938 803 1959 ac
815 1929 847 1967 ii,
857 1930 907 1970 qui

86 1978 154 2004 ante
169 1983 220 2005 eos
230 1973 301 2014 justi
316 1973 492 2013 fuere,Noe,
508 1972 611 2004 Euoch
627 1976 656 2004 et
669 1972 807 2010 Jacob,et
821 1975 846 2004 si
857 1975 908 2014 qui

87 2018 148 2055 alii,
166 2018 291 2050 salutem
316 2021 538 2058 consequentur
553 2026 611 2048 una
626 2026 693 2048 cum
708 2017 754 2055 iis,
767 2019 816 2058 qui
829 2018 909 2049 hunc

86 2063 236 2094 Christum
250 2062 302 2094 Dei
318 2062 424 2094 Filium
441 2061 668 2102 agnoscunt,qui
685 2066 714 2094 et
723 2067 792 2093 ante
806 2063 910 2094 lucife-

88 2117 153 2139 rum
170 2112 199 2139 et
214 2108 312 2139 lunam
329 2111 404 2144 erat,
427 2111 456 2138 et
464 2116 499 2138 ex
514 2106 564 2138 illa
575 2106 708 2138 Davidici
719 2107 837 2147 generis
845 2107 910 2138 Vir-

124 2173 152 2197 “
163 2175 275 2207 Ezech.
290 2183 350 2214 xw,
363 2174 414 2205 20.
455 2174 551 2206 3515a.
564 2183 645 2215 wa,
662 2175 712 2206 24.

83 2243 196 2290 recedit
212 2243 361 2290 Justinus,
378 2246 407 2273 et
422 2243 479 2289 hoc
495 2243 559 2274 loco
573 2242 675 2290 Jacobi
690 2252 812 2290 nomen,
828 2244 905 2290 quod
918 2248 940 2273 Ι)

86 2283 213 2314 fortasse
228 2283 308 2324 illius
323 2283 499 2324 memoriam
517 2292 569 2324 pro
584 2282 659 2324 Jobo
675 2283 777 2322 subiit,
790 2282 909 2324 aptissi-

86 2333 167 2368 mum
183 2327 247 2354 erat
260 2323 297 2354 ad
308 2323 504 2354 refellendam
515 2323 616 2355 Jacobi
628 2323 814 2364 posterorum
830 2333 910 2356 arro-

83 2367 251 2452 “ﬁliiﬁlmm
281 2405 421 2441 τεμόντας.
455 2404 624 2444 Legendum
650 2404 766 2435 videtur
778 2404 847 2433 ὥστε
868 2416 909 2433 τε-

84 2454 195 2523 ιωξξῗ)⁸
208 2483 263 2525 Alii
279 2493 396 2525 quoque
411 2483 593 2516 ablutionem
615 2483 700 2525 istam
717 2484 755 2516 de
768 2484 909 2516 Christia-

85 2532 190 2565 norum
209 2523 391 2565 baptismate
400 2529 468 2555 sunt
497 2524 696 2565 interpretati,
717 2529 748 2555 ut
769 2525 906 2565 Cyprian.

84 2564 158 2593 adv.
174 2564 261 2600 Jud.,
274 2572 295 2600 1,
307 2564 358 2596 Μ.
374 2563 463 2596 Οπο.

208 2605 373 2645 Σωθήσετιι.
404 2604 493 2645 Legit
511 2604 553 2636 Cl.
580 2603 732 2645 Thirlbius
757 2604 908 2645 δικαιοσύνῃ

83 2644 245 2684 amomum,
264 2643 345 2678 δῆλον
368 2645 421 2683 ὅτι,
448 2643 507 2684 vel,
538 2644 689 2683 δικαιοσύνῃ
704 2643 827 2679 δηλονότι
849 2643 906 2675 om;

82 2668 354 2720 ὀῆἐέὲὲιῖἑῆἃᾶἒὲὲί,

946 1574 992 1602 τὸν
1020 1574 1101 1611 νόμον
1116 1579 1162 1604 τοῦ
1178 1573 1309 1606 Μωυσέως
1334 1572 1573 1610 πολιτευσαμένους
1599 1574 1697 1612 ὁμοίως
1711 1584 1770 1601 σω-

946 1619 1070 1653 θήσεσθαι
1084 1618 1175 1650 εἶπον.
1192 1619 1241 1648 Καὶ
1269 1619 1319 1658 γὰρ
1334 1618 1362 1647 ἓν
1377 1621 1415 1656 τῷ
1429 1618 1561 1651 Μωυσέως
1577 1618 1651 1657 νόμῳ
1676 1618 1709 1648 τὰ
1723 1619 1770 1659 φύν

948 1674 987 1692 σει
1015 1663 1084 1692 καλὰ
1098 1664 1142 1692 καὶ
1163 1662 1257 1697 εὑσεϐἧ
1282 1664 1326 1692 καὶ
1354 1662 1441 1692 δίκαια
1463 1663 1666 1703 νενομοθέτηται
1681 1665 1771 1698 πράτ-

947 1718 1002 1736 τειν
1029 1709 1091 1741 τοὺς
1120 1709 1290 1746 πειθομένους
1322 1709 1412 1740 αὑτοῖς
1429 1707 1488 1748 (93)
1504 1730 1511 1737 .
1536 1709 1580 1736 καὶ
1602 1709 1668 1748 πρὸς
1683 1708 1772 1742 σκλη-

947 1751 1084 1792 ροκαρδίαν
1112 1752 1140 1781 δὲ
1169 1756 1214 1781 τοῦ
1241 1752 1307 1782 λαοῦ
1330 1751 1506 1793 διαταχθέντα
1536 1753 1649 1792 γίνεσθαι
1672 1753 1770 1791 ὁμοίως

947 1797 1158 1837 ἀναγέγραπται,
1187 1797 1204 1825 ἃ
1236 1798 1280 1826 καὶ
1308 1797 1436 1837 ἔπραττον
1466 1798 1489 1826 οἱ
1517 1798 1567 1826 ὑπὸ
1601 1799 1647 1826 τὸν
1676 1798 1767 1837 νόμον.

947 1841 1024 1871 Ἐπεὶ
1052 1843 1079 1871 οἳ
1106 1843 1139 1871 τὰ
1166 1841 1279 1871 καθόλου
1316 1843 1360 1870 καὶ
1394 1842 1470 1883 φύσει
1501 1844 1545 1871 καὶ
1583 1843 1675 1872 αἰώνια
1700 1843 1770 1872 καλὰ

951 1886 1067 1927 ἐποίουν,
1095 1887 1227 1926 εὒάρεστοί
1248 1887 1297 1915 εἰσι
1326 1887 1364 1924 τῷ
1393 1890 1462 1924 Θεῷ,
1492 1888 1536 1916 καὶ
1561 1887 1603 1917 διὰ
1631 1892 1677 1918 τοῦ
1705 1892 1771 1929 Χρι-

951 1932 1014 1960 στοῦ
1035 1932 1127 1960 τούτου
1148 1932 1176 1960 ὲν
1190 1935 1224 1971 τῇ
1252 1931 1393 1960 ἀναστάσει
1418 1932 1516 1970 ὁμοίως
1529 1940 1588 1966 τοῖς
1603 1934 1769 1974 προγενομέ-

950 1987 1005 2008 νοις
1035 1977 1120 2020 αὑτῶν
1149 1975 1270 2017 δικαίοις,
1311 1977 1369 2007 Νῶε
1404 1978 1448 2006 καὶ
1476 1976 1567 2020 Ἐνὼχ
1592 1980 1636 2008 καὶ
1663 1977 1768 2015 Ἰακὼϐ,

949 2020 993 2048 καὶ
1022 2019 1048 2048 εἴ
1075 2031 1145 2054 τινες
1174 2021 1250 2052 ἄλλοι
1276 2022 1413 2063 γεγόνασι,
1445 2023 1609 2058 σωθήσονται
1631 2025 1677 2052 σὺν
1710 2030 1769 2057 τοῖς

949 2064 1083 2104 ἐπιγνοῦσι
1110 2067 1156 2095 τὸν
1181 2068 1292 2105 Χριστὸν
1317 2070 1409 2096 τοῦτον
1434 2067 1496 2108 (94)
1529 2069 1577 2097 τοῦ
1604 2072 1669 2098 Θεοῦ
1698 2070 1769 2106 me»,

950 2108 979 2141 ὃς
1002 2111 1046 2138 καὶ
1067 2111 1117 2149 πρὸ
1145 2111 1279 2152 ἐωσφόρου
1303 2112 1347 2140 καὶ
1374 2111 1489 2148 σελήνης
1511 2113 1555 2148 ἧν,
1585 2114 1630 2142 καὶ
1655 2113 1697 2142 διὰ
1720 2114 1770 2147 τῆς

991 2243 1053 2284 (93)
1082 2245 1151 2286 Τοὺς
1178 2246 1348 2286 πειθομένους
1385 2250 1489 2282 αὺτοῖς.
1518 2247 1573 2280 Vel
1611 2246 1771 2286 legendum

951 2285 1033 2330 αὒτῷ,
1046 2284 1110 2330 vel,
1128 2285 1153 2316 si
1165 2285 1239 2317 nihil
1255 2292 1397 2330 mutetur,
1412 2289 1486 2330 illud
1502 2291 1593 2330 αὐτοῖς
1608 2284 1773 2328 intelligen-

950 2323 1138 2369 dum_de_iis_,
1154 2335 1220 2369 qua
1245 2323 1458 2369 praecipiuntur
1481 2329 1511 2360 in
1533 2329 1609 2369 lege.
1635 2323 1771 2368 Μοίρι-ο

949 2364 1064 2405 γίνεσθαι
1075 2364 1146 2405 legit
1159 2364 1217 2395 τινά
1231 2364 1274 2400 Cl.
1289 2364 1451 2402 Thirlbius.

1081 2404 1133 2435 Σῦν
1174 2415 1259 2451 τοῖςη
1272 2410 1409 2451 ἔπιγνοῦσι
1440 2412 1486 2441 τὸν
1527 2411 1639 2451 Χριστὸν
1666 2413 1768 2451 τοῦτοντ

950 2444 1277 2497 ξίξυυζξπιγνιίύσιβοῇε
1286 2444 1510 2497 intelligendum
1522 2444 1578 2497 qui.
1583 2454 1649 2496 post
1662 2449 1772 2497 Christi

949 2486 1105 2531 advantum
1122 2486 1217 2531 fuere.
1232 2490 1336 2531 Neque
1351 2486 1430 2522 enim
1444 2492 1519 2523 duos
1526 2486 1647 2522 ordines
1660 2491 1773 2522 salvan-

949 2525 1055 2556 dorum
1083 2528 1211 2573 iustituit
1235 2525 1378 2573 Justinus,
1406 2530 1770 2573 quorumqaliichy'smm

950 2569 1151 2609 cognoverint,
1170 2569 1231 2602 sive
1259 2571 1288 2601 in
1306 2569 1373 2603 eum
1402 2569 1595 2608 crediderint,
1623 2569 1768 2609 alifnou;

950 2615 1005 2652 nec
1019 2610 1180 2650 quidquam
1206 2611 1300 2652 magis
1321 2612 1450 2643 alienum
1472 2622 1489 2644 a
1513 2612 1544 2644 S.
1562 2611 1699 2652 martyris
1713 2610 1769 2642 do-

949 2648 1057 2695 ctrina,
1078 2648 1165 2691 quam
1182 2648 1328 2683 Christum
1343 2652 1496 2684 veteribus
1524 2648 1702 2694 patriaréhis
1716 2660 1770 2682 co-

946 2693 1060 2728 guitum
1077 2700 1198 2732 negare.
