2001 3072
110 99 192 132 1105

709 103 759 134 AD
780 101 1019 133 AUTOLYGUM
1041 102 1116 134 LIB.
1142 102 1179 134 II.

1724 101 1804 134 1106

107 166 154 195 καὶ
178 167 202 194 οἱ
218 165 266 204 μὲν
294 165 399 195 ἔκλιναν
430 167 514 195 οἰκεῖν
542 167 606 206 πρὸς
634 167 776 206 ἀνατολὰς,
793 170 817 197 οἱ
851 168 878 197 δὲ
894 169 932 197 ἒπῖ

980 173 1086 209 perunt
1100 169 1131 200 in
1152 172 1211 201 toto
1228 173 1373 201 terrarum
1393 169 1478 209 orbe;
1501 173 1591 212 atque
1614 168 1665 200 alii
1680 167 1802 210 quidem

108 211 143 239 τὰ
170 210 240 249 μέρη
270 212 304 242 τὰ
324 213 374 246 τῆς
412 211 532 251 μεγάλης
554 212 674 252 ἠπείρου,
692 213 734 241 ναὶ
749 213 782 241 τὰ
797 213 862 252 πρὸς
884 214 936 253 βό-

108 266 193 293 ρειον,
222 255 291 285 ὥστε
318 255 454 285 διατείνειν
483 256 564 297 μέχρι
592 257 646 286 τῶν
669 260 818 297 Βριττανῶν
835 257 861 287 ἐν
876 265 934 291 τοῖς

108 299 262 340 ’Δρκτικοϊς
289 300 425 339 κλίμασιι.
457 296 571 340 ’Ἐτεροι
607 300 634 330 δὲ
646 302 697 342 γῆν
712 303 874 342 Χαναναίαν,
890 304 934 332 καὶ

108 345 247 383 Ἰουδαίαν,
286 347 330 375 καὶ
358 346 486 380 Φοινίκην
514 345 717 385 ἐπικληθεῖσαν,
747 348 845 377 καὶτὰ
865 348 932 388 μέρη

108 393 159 425 τῆς
196 392 343 428 Αἰθιοπίας,
361 392 404 420 καὶ
419 392 551 432 Αἰγύπτου
572 393 615 421 καὶ
631 391 745 434 Λιϐύης,
761 393 804 422 καὶ
818 394 868 428 τὴν
882 404 936 422 κα-

107 434 241 474 λουμένην
267 435 488 477 διακεκαυμένη-ιν,
518 437 562 466 καὶ
596 437 627 466 τὰ
656 437 739 478 μέχρι
755 437 860 476 δυσμῶν
872 437 936 467 κλί-

108 491 183 518 ματα
217 482 419 521 παρατείνοντα·
448 482 472 510 οἰ
499 481 526 510 δὲ
555 481 642 511 λοιποὶ
656 483 689 511 τὰ
710 482 764 511 ἀπὸ
778 485 828 517 τῆς
848 494 934 524 παρα-

108 525 177 567 λίου,
208 527 252 554 καὶ
280 526 328 560 τῆς
359 526 528 567 Παμφυλίας,
557 527 600 556 καὶ
615 527 664 561 τὴν
684 527 787 567 Ἀσίαν,
814 529 858 557 καὶ
885 529 936 563 τὴν

109 565 235 610 Ἐλλάδα,
266 571 310 600 καὶ
325 571 372 605 τὴν
388 565 563 613 Μακεδονίαν,
585 572 630 601 καὶ
643 573 673 601 τὸ
689 565 782 601 λὸιπὸν
801 574 851 608 τὴν
864 573 937 602 ἰτα-

104 614 175 653 λίαν,
205 616 250 644 καὶ
274 616 322 649 τὰς
357 615 523 655 καλουμένας
540 616 671 657 Γαλλίας,
686 617 730 646 καὶ
745 618 875 658 Σπανίας,
890 619 936 647 καὶ

108 660 265 699 Γερμανίας·
301 662 369 690 ὥστε
406 661 474 690 οὕτω
508 661 541 690 τὰ
580 665 624 691 νῦν
653 661 841 700 ἕμπεπλῆσθαι
884 664 934 698 τὴν

105 705 248 743 σύμπασαν
273 707 327 734 τῶν
363 706 560 735 κατοικούντων
592 707 687 737 αὐτὴν.
718 711 862 748 Τριμεροῦς
890 712 935 737 οῦν

105 749 290 789 γεγενημένης
322 753 373 784 τῆς
415 751 598 786 κατοικήσεως
625 754 681 780 τῶν
714 751 859 792 ἀνθρώπων
892 752 935 781 ἐπὶ

108 794 159 828 τῆς
193 796 244 834 γῆς
269 794 420 835 καταρχὰς,
451 794 478 823 ἕν
512 806 542 824 τε
562 795 692 835 ἆνατολῇ,
704 797 748 825 καὶ
770 796 933 838 μεσημϐρίᾳ,

105 839 151 867 καὶ
165 837 246 880 δύσει,
284 838 375 868 ἔπειτα
412 838 476 880 (21)
504 840 549 869 καί
563 840 596 869 τὰ
611 840 693 869 λοιπὰ
707 840 777 881 μέρη
790 837 934 878 κατῳκὴθη

976 213 1013 244 ad
1039 214 1185 245 orientem
1200 213 1392 246 incolendum
1407 211 1662 252 declinarunt,alii
1675 211 1713 244 ad
1729 222 1798 254 par-

978 262 1020 289 tes
1033 258 1154 298 majoris
1163 258 1346 290 continentis
1361 263 1390 290 et
1405 258 1692 300 septentrionem,ita
1706 261 1738 289 ut
1752 266 1799 288 us-

976 313 1034 343 que
1050 303 1086 334 ad
1103 303 1258 335 Britannos
1283 303 1496 345 pertenderent
1510 304 1542 335 in
1559 304 1692 340 Arcticas
1702 302 1803 343 regio-

978 348 1096 380 neszalii
1107 348 1304 380 Chananaeam
1314 348 1552 390 regionem,quae
1561 348 1664 380 Judaea
1674 351 1705 379 et
1714 347 1803 379 Phoe-

978 392 1056 424 nicia
1068 394 1273 433 cognominata
1287 397 1409 431 est,tum
1425 398 1523 434 partes
1537 392 1802 434 lEthiopize,Egy—

978 437 998 468 ti
1010 441 1039 468 et
1053 437 1169 479 Libyae,
1181 441 1243 468 tum
1259 438 1347 469 etiam
1364 447 1428 469 eam
1442 438 1594 477 regionem
1609 446 1675 478 qum
1689 436 1803 468 torrida

978 482 1129 520 dicitur,et
1139 491 1205 523 quae
1219 482 1256 514 ad
1270 482 1454 514 occidentem
1473 481 1627 523 pertinent
1640 481 1718 521 loca;
1729 482 1802 512 reli-

978 527 1028 568 qui
1043 536 1113 558 vero
1128 527 1235 568 partim
1252 537 1304 559 eos
1336 530 1457 566 tractus,
1486 527 1537 568 qui
1551 537 1568 558 a
1582 526 1736 558 maritimis
1751 535 1801 557 re-

978 572 1116 612 gionibus
1132 576 1161 604 et
1175 572 1348 613 Pamphylia
1373 572 1576 613 porriguntur,
1599 575 1661 603 tum
1685 571 1800 607 Asiam,

979 618 1135 654 Graeciam,
1160 617 1377 658 Macedoniam,
1393 616 1499 657 partim
1524 616 1652 655 Italiam,
1679 614 1802 651 Gallias,

975 661 1141 703 Hispanias,
1159 661 1345 701 Germanias,
1375 665 1544 700 tenuerunt,
1570 661 1611 693 ita
1628 670 1709 692 nunc
1724 665 1803 691 totus

976 707 1055 738 orbis
1073 711 1217 738 terrarum
1229 707 1335 738 incolis
1349 706 1510 747 repleatur.
1524 706 1597 738 Cum
1613 705 1703 746 igitur
1718 705 1803 737 initio

977 751 1123 793 tripartito
1153 754 1233 784 esset
1261 751 1415 783 hominum
1442 750 1584 782 habitatio
1611 751 1643 782 in
1661 754 1750 788 terra,
1767 749 1804 781 ad

975 798 1136 833 orientem,
1154 797 1189 828 ad
1207 796 1364 828 meridiem
1379 799 1409 828 et
1418 794 1620 836 Occidentem;
1633 798 1736 835 postea
1750 803 1804 826 cae-

977 846 1048 873 teras
1063 841 1152 873 etiam
1171 845 1267 882 partes
1277 840 1368 877 incoli
1378 843 1533 882 cmperunt
1543 839 1717 871 hominibus
1731 839 1802 870 red-

105 886 156 918 τῆς
190 886 254 923 γῆς,
286 883 403 924 χυδαίων
427 883 492 924 (22)
517 887 571 913 τῶν
589 885 734 926 ἀνθρώπων
770 885 932 925 γινομένων,

977 885 1242 918 υηόσηιὶἰιιιεᾘωο
1254 895 1322 922 eum
1334 886 1471 926 ignorent
1482 884 1801 925 scriptores,mundum

105 933 195 958 Ταῦτα
219 927 247 957 δὲ
279 929 318 967 μὴ
354 929 526 968 ἐπιστάμενοι
556 931 579 959 οἱ
611 937 774 971 συγγραφεῖς
788 931 928 970 βούλονται

105 973 152 1002 τὸν
180 974 283 1012 κόσμον
305 973 457 1014 σφαιροειδῆ
484 974 583 1014 λέγειν,
598 976 642 1004 καὶ
657 975 747 1015 ὥσπερ
767 975 840 1014 κύϐῳ
862 988 930 1016 συγ-

105 1018 204 1057 κρίνειν
232 1019 320 1048 αὖτόν.
361 1019 421 1051 Πῶς
451 1018 478 1047 δὲ
509 1018 629 1048 δύνανται
656 1024 738 1049 ταῦτα
761 1021 848 1056 ἀληθῆ
877 1022 931 1062 φά-

106 1073 192 1103 σκειν,
210 1063 250 1101 μὴ
278 1062 453 1102 ἐπιστάμενοι
483 1065 534 1098 τὴν
549 1065 658 1099 ποίησιν
678 1066 725 1094 τοῦ
738 1066 839 1104 κόσμου
863 1068 933 1106 μήτε

106 1108 157 1142 τὴν
182 1109 338 1142 κατοίκησιν
373 1109 451 1138 αὑτοῦ
482 1117 490 1147 ;
534 1110 602 1149 Πρὸς
632 1109 711 1150 μέρος
751 1111 933 1150 αὐξανομένων

106 1156 160 1181 τῶν
188 1153 345 1193 ἀνθρώπων,
373 1154 417 1182 καὶ
442 1153 648 1192 πληθυνομένων
678 1156 720 1184 ἐπὶ
734 1156 783 1190 τῆς
805 1156 867 1196 γῆς,
895 1158 932 1190 ὡς

107 1199 318 1238 προειρήκαμεν,
344 1197 413 1227 οὕτω
427 1199 625 1237 κατῳκήθησαν
654 1200 697 1229 καί
726 1201 752 1229 αἱ
772 1203 851 1235 νῆσοι
883 1204 934 1236 τῆς

107 1242 245 1277 θαλάσσης
261 1243 305 1272 καὶ
319 1243 353 1272 τὰ
366 1243 447 1273 λοιπὰ
458 1243 586 1280 κλίματα.

147 1287 199 1319 33.
231 1289 275 1320 Τίς
304 1293 348 1317 οὐν
362 1290 428 1329 πρὸς
463 1290 545 1318 ταᾱα
567 1289 665 1330 ἴσχυσε
695 1294 747 1319 τῶν
762 1290 933 1328 καλουμένων

108 1336 213 1373 σοφῶν,
249 1333 292 1362 καὶ
305 1337 427 1367 ποιητῶν
454 1334 472 1369 ἢ
498 1335 707 1374 ἱστοριογράφων
739 1336 769 1364 τὸ
781 1335 877 1370 aluei;
893 1337 933 1365 εἰ·

105 1384 181 1413 πεῖν,
214 1377 284 1407 πολύ
298 1378 528 1418 μεταγενεστέρων
557 1381 643 1409 αὐτῶν
678 1381 878 1420 γεγενημένων,
891 1382 935 1410 καὶ

107 1421 209 1456 πληθὺν
237 1424 304 1451 θεῶν
338 1424 550 1463 εἰσαγαγόντων,
590 1426 688 1457 οἳτινες
723 1425 791 1463 μετὰ
820 1429 935 1455 τοσαῦτα

107 1467 155 1501 ἔτη
185 1468 257 1497 αὐτοὶ
286 1467 466 1507 ἐγεννήθησαν
494 1472 547 1497 τῶν
562 1469 678 1511 πόλεων,
694 1470 806 1511 ἔσχατοι
824 1472 868 1499 καὶ
882 1475 935 1500 τῶν

106 1512 241 1551 βασιλέων
272 1513 317 1542 καὶ
351 1512 433 1541 ἐθνῶν
461 1514 504 1541 καὶ
525 1513 652 1552 πολέμων
668 1524 676 1555 ;
694 1513 797 1556 Ἐχρῆν
819 1516 868 1556 γὰρ
884 1517 934 1545 αὗ-

971 931 1147 972 sphaericum
1161 930 1263 962 dicere
1275 931 1345 961 575
1359 939 1420 961 non
1433 929 1613 971 dubitaut,et
1622 929 1699 962 cubo
1715 929 1802 960 simi-

971 977 1029 1008 lem
1046 975 1308 1017 pronuntiare.Qui
1321 975 1436 1016 possint
1451 978 1552 1006 autem
1565 974 1598 1005 in
1613 974 1661 1005 his
1677 982 1746 1005 vera
1761 974 1802 1004 di-

973 1030 1053 1058 cere,
1082 1030 1150 1052 cum
1176 1020 1314 1060 ignorent
1339 1019 1523 1051 creationem
1546 1018 1651 1050 mundi
1674 1019 1801 1060 ejusque

974 1065 1202 1097 habitationem?
1220 1064 1364 1096 Paulatim
1379 1063 1595 1101 crescentibus,
1611 1067 1644 1095 ut
1659 1064 1800 1102 diximus,

975 1114 1004 1142 et
1018 1110 1221 1151 multiplicatis
1236 1109 1268 1141 in
1284 1113 1365 1141 terra
1379 1107 1563 1147 hominibus,
1582 1108 1673 1140 maris
1683 1118 1802 1150 quoque

975 1154 1080 1186 insulae
1090 1164 1124 1186 ac
1140 1158 1260 1187 caetera;
1279 1153 1422 1194 regiones
1436 1151 1577 1186 similiter
1591 1152 1720 1184 habitari
1736 1161 1801 1184 co:—

978 1203 1097 1241 perunt.

1017 1288 1202 1321 33.Frush'a
1216 1288 1326 1320 horum
1339 1288 1475 1328 cognitio
1486 1290 1644 1328 quaeratur
1657 1287 1743 1327 apud
1754 1296 1803 1319 ea:-

976 1339 1051 1366 lerox
1061 1333 1349 1375 scriptores.—-Quis
1364 1333 1453 1373 igitur
1469 1342 1504 1365 ex
1518 1333 1567 1371 iis,
1585 1332 1636 1373 qui
1651 1332 1803 1373 sapientes

976 1383 1006 1411 et
1021 1381 1118 1420 poetae
1130 1382 1160 1409 et
1169 1377 1308 1409 historici
1322 1377 1474 1416 dicuntur,
1486 1386 1588 1409 verum
1604 1377 1636 1408 in
1649 1377 1696 1409 his
1709 1376 1803 1409 rebus

977 1424 1078 1456 dicere
1090 1423 1264 1464 potuit,cum
1282 1422 1374 1454 multo
1390 1422 1570 1463 posteriores
1585 1421 1804 1458 exstiterint,ac

978 1468 1092 1500 turbam
1105 1469 1229 1500 deorum
1245 1467 1417 1499 induxerint
1429 1467 1481 1508 qui
1493 1467 1627 1498 totannis
1636 1471 1703 1507 post
1712 1466 1803 1499 urbes

976 1514 1064 1554 geniti
1081 1513 1210 1551 fuere,et
1224 1511 1346 1553 regibus
1361 1516 1390 1543 et
1403 1512 1544 1552 gentibus
1556 1515 1585 1543 et
1597 1511 1684 1543 bellis
1695 1511 1802 1552 junio-

107 1557 170 1589 τοὺς
208 1557 358 1595 μεμνῆσθαι
394 1558 501 1587 πάντων
516 1559 560 1587 καὶ
593 1562 646 1588 τῶν
674 1560 725 1600 πρὸ
747 1560 932 1599 κατακλυσμοῦ

977 1568 1024 1590 res
1039 1557 1123 1590 sunt?
1139 1556 1301 1598 Oportebat
1316 1557 1397 1589 enim
1412 1558 1597 1589 mentionem
1611 1556 1649 1588 ab
1663 1556 1723 1588 illis
1733 1566 1800 1588 om-

108 1602 269 1642 γεγονότων·
307 1602 367 1643 περί
388 1614 418 1632 τε
444 1603 555 1635 κτίσεως
579 1603 693 1642 κόσμιυ,
722 1605 768 1633 καὶ
797 1606 933 1640 ποιήσεως

107 1647 258 1686 ἀνθρώπου,
294 1650 327 1676 τά
354 1658 383 1676 τε
412 1646 472 1681 ἑξῆς
507 1646 641 1685 συμϐάντα
675 1648 790 1689 ἀκριϐῶς
818 1648 933 1683 ἐξειπεῖν

107 1692 169 1724 τοὺς
205 1692 268 1731 παρ’
295 1692 447 1732 Αἰγυπτίοις
475 1693 614 1733 προφήτας
629 1693 647 1728 ἢ
675 1693 821 1726 Χαλδαίους
856 1694 931 1735 (23),

107 1737 169 1769 τούς
198 1747 227 1765 τε
257 1736 353 1770 ἄλλως
388 1744 564 1778 συγγραφεῖς,
581 1738 659 1778 εἴπερ
685 1739 746 1776 θείῳ
760 1739 804 1767 καὶ
825 1741 933 1778 καθαρῷ

107 1781 239 1820 πνεύματι
264 1781 411 1823 ἐλάλησαν,
440 1783 483 1811 καὶ
512 1783 546 1812 τὰ
566 1782 599 1811 δι’
631 1785 718 1813 αὖτῶν
733 1783 845 1824 ρηθέντα
858 1784 931 1818 ἀλη-

107 1828 141 1861 θῆ
167 1826 339 1866 ἀνήγγειλαν⁸
355 1828 399 1856 καὶ
414 1828 445 1856 οὔ
468 1828 548 1866 μόνον
562 1828 596 1856 τὰ
616 1829 808 1868 προγενόμενα,
825 1829 844 1864 ἢ
872 1829 931 1858 ἆνε-

106 1875 208 1912 στῶτα,
233 1871 302 1901 ἀλλὰ
317 1873 361 1901 καὶ
380 1873 413 1901 τὰ
427 1873 598 1914 ἐπερχδμενα
613 1876 652 1910 τῷ
667 1874 761 1911 κὸσμῳ
776 1873 861 1913 ἔχρῆν
880 1873 931 1903 αὒ-

107 1917 169 1949 τοὺς
204 1917 448 1957 προκαταγγεῖλαι.
480 1919 526 1947 Διὸ
535 1917 665 1947 δείκνυται
679 1918 781 1951 πάντας
796 1919 856 1951 τοὺς
872 1918 932 1948 λοι-

107 1962 174 1994 ποὺς
201 1961 398 1996 πεπλανῆσθαι·
424 1963 521 2001 μὺνους
536 1962 563 1991 δὲ
590 1963 759 2002 Χριστιανοὺς
786 1963 836 1997 τὴν
860 1963 932 1999 ἀλή-

106 2008 180 2035 θειαν
209 2007 406 2048 κεχωρηκέναι,
437 2007 536 2039 οἵτινες
563 2008 614 2036 ὑπὸ
636 2008 788 2046 Πνεύματος
803 2008 878 2048 ἆγίου
893 2007 931 2037 δι-

108 2051 272 2090 δασκὸμεθα,
302 2054 348 2082 τοῦ
381 2052 548 2088 λαλήσαντος
564 2052 591 2081 ἒν
604 2059 663 2086 τοῖς
679 2053 765 2093 ἁγίοις
779 2054 930 2094 προφήταις

105 2097 150 2124 καὶ
166 2097 199 2125 τὰ
214 2096 300 2126 πάντα
316 2097 591 2138 προκαταγγελὸντος.

149 2184 200 2218 34.
238 2187 287 2216 Καὶ
300 2187 330 2215 τὸ
344 2186 438 2215 λοιπὸν
454 2186 522 2215 ἔστω
537 2198 577 2216 σοι
595 2186 758 2227 φιλοφρὺνως
778 2186 884 2226 ἐρευνᾷν
898 2187 932 2216 τά

106 2234 153 2260 τοῦ
169 2235 247 2272 Θεοῦ,
262 2230 369 2271 λέγωδὲ
383 2232 417 2260 ταί
424 2231 466 2260 διά
480 2232 533 2260 τῶν
543 2235 691 2272 πποφητῶν
705 2231 829 2272 ρηθέντα,
844 2231 930 2272 ὅπως,

107 2276 248 2316 συγκρίνας
283 2277 317 2306 τά
343 2287 373 2306 τε
401 2277 453 2306 ὑπὸ
465 2277 542 2315 ἡμῶν
556 2277 617 2315 (24)
633 2276 766 2316 λεγὸμενα.
781 2277 825 2305 καὶ
838 2276 872 2305 τοί
880 2277 932 2306 ὑπὸ

105 2323 161 2350 τῶν
189 2321 301 2359 λοιπῶν,
331 2321 436 2357 δυνήσει
472 2322 557 2361 εὑρεῖν
578 2326 609 2350 τὸ
624 2320 732 2355 ἀληθές.
756 2321 794 2350 τά
821 2321 871 2359 μὲν
887 2323 931 2350 οὖν

107 2367 229 2405 ὀνὸματα
263 2367 318 2396 τῶν
333 2366 505 2406 καλουμένων
526 2368 604 2407 θεῶν,
621 2366 660 2394 ὅτι
677 2365 741 2405 παρ’
759 2368 851 2399 αὐτοῖς
867 2366 930 2395 ἇνδ-

105 2423 180 2450 ματα
206 2411 349 2451 ἀνθρώπων
383 2412 540 2452 εὑρίσκεται,
576 2412 664 2444 καθὼς
692 2411 720 2440 ἰν
753 2417 812 2443 τοῖς
841 2411 930 2441 ἐπάνω

104 2456 292 2495 ἐδηλώσαμεν,
318 2457 345 2490 ἓξ
380 2458 466 2486 αὐτῶν
491 2458 545 2486 τῶν
574 2457 706 2497 ἱστοριῶν,
736 2456 775 2485 ὧν
805 2455 930 2496 συνέγρα-

147 2527 211 2568 (91)
229 2521 450 2568 ’Ἔπειτα-ϐοὰ.
467 2534 524 2568 [118Σ
541 2525 697 2568 μετέπειτέ

150 2563 210 2605 (22)
228 2566 405 2598 Χυδαίωνιίῑὲι
418 2565 536 2607 scripsit
544 2563 589 2607 Cl.
606 2564 734 2607 Wolﬁus
743 2572 796 2604 pro
808 2573 843 2596 eo
856 2563 933 2605 quod

109 2604 268 2649 legebatur
281 2607 314 2638 in
328 2607 467 2649 omnibus
474 2604 571 2649 editis
585 2604 700 2649 χυξέων.

153 2643 220 2689 (23)
243 2649 383 2688 umquam;
399 2648 417 2682 ἢ
433 2643 694 2689 Χαλδαίουςξξίξιιῃη.
713 2645 871 2677 Clauserus
891 2643 935 2675 sic

105 2685 272 2725 reddisset,
285 2685 489 2728 Egi/Horum
514 2691 568 2718 aut
597 2685 808 2717 Chaldaeorum
835 2689 933 2728 voles,

109 2729 247 2771 probavit
261 2724 689 2771 DucaaiisAChaldagoenomen
709 2734 775 2771 esse
790 2724 870 2771 quod
881 2733 934 2755 sua

107 2764 217 2812 sponte
233 2773 325 2800 artem
342 2767 492 2799 divinandi
507 2766 642 2806 designat
658 2766 772 2797 Profert
787 2764 832 2796 vir
847 2764 935 2804 longe

980 1603 1060 1634 nium
1073 1602 1243 1641 ﬁeri,etiam
1259 1610 1363 1633 eorum
1378 1611 1445 1643 quae
1454 1605 1523 1633 ante
1539 1601 1684 1632 diluvium
1695 1610 1802 1633 evene-

975 1652 1056 1685 runt;
1071 1647 1109 1678 de
1125 1646 1227 1678 mundi
1243 1650 1342 1678 autem
1357 1646 1474 1687 origine
1487 1655 1523 1678 ac
1539 1644 1670 1678 hominis
1685 1645 1798 1678 forma-

977 1694 1068 1735 tione,
1083 1693 1181 1734 iisque
1197 1692 1300 1732 rebus,
1322 1702 1389 1734 qua;
1411 1696 1514 1733 postea
1536 1696 1703 1724 consecutae
1717 1696 1798 1731 sunt,

974 1741 1109 1770 accurate
1123 1737 1328 1778 Egyptiarum
1352 1738 1506 1778 prophetae
1520 1740 1550 1769 et
1565 1737 1694 1770 Chaldaei
1709 1741 1798 1769 cete-

973 1783 1058 1824 rique
1084 1782 1247 1823 scriptores
1269 1783 1417 1814 disserere
1441 1782 1622 1823 debuerunt,
1638 1782 1664 1813 si
1678 1782 1799 1823 quidem

973 1828 1070 1859 divino
1086 1831 1116 1859 et
1131 1837 1204 1868 puro
1216 1827 1322 1868 spiritu
1336 1826 1535 1868 loquebantur
1547 1836 1582 1859 ac
1595 1836 1665 1859 vera
1675 1827 1797 1859 nuntia-

973 1873 1054 1905 bant.
1071 1874 1134 1906 Nec
1151 1872 1302 1913 praterita
1321 1871 1417 1904 solum
1443 1876 1494 1904 aut
1509 1872 1678 1913 praesentia,
1693 1871 1747 1904 sed
1763 1882 1799 1903 ea

973 1917 1073 1954 etiam,
1090 1926 1155 1958 quae
1177 1916 1289 1948 mundo
1318 1921 1462 1948 eventura
1485 1921 1581 1955 erant,
1599 1916 1800 1958 praenuntiata

972 1962 1008 1993 ab
1022 1961 1066 1993 eis
1082 1961 1296 2001 oportebat.Ex
1311 1971 1371 2002 quo
1387 1965 1465 2001 patet
1475 1961 1589 1993 caeteris
1601 1961 1740 1993 omnibus
1752 1970 1799 1992 er.

972 2016 1070 2038 rorem
1087 2006 1226 2045 illusisse,
1242 2005 1427 2038 Christianos
1440 2010 1540 2037 autem
1552 2006 1705 2037 veritatem
1718 2005 1800 2038 solos

972 2051 1332 2093 apprehendisse;quippe
1346 2060 1414 2082 cum
1429 2050 1565 2092 aSpiritu
1576 2055 1678 2082 sancto
1691 2051 1799 2083 docea-

974 2105 1050 2133 mur,
1065 2096 1116 2137 qui
1130 2096 1245 2126 locutus
1261 2099 1306 2127 est
1321 2096 1351 2126 in
1361 2095 1471 2127 sanctis
1487 2094 1640 2137 prophetis
1652 2104 1688 2127 ac
1696 2095 1797 2127 omnia

974 2141 1191 2182 praenuntiavit.

1013 2186 1227 2226 34.Propheta
1235 2184 1289 2216 Dei
1298 2185 1414 2216 cultum
1424 2187 1453 2216 et
1463 2185 1532 2217 vita
1546 2185 1708 2217 sanctioris
1722 2193 1797 2218 nor—

974 2240 1055 2262 mam
1069 2231 1249 2262 docuerum.
1260 2247 1297 2252 —
1309 2230 1453 2261 Caeterum
1469 2233 1573 2260 auctor
1586 2229 1639 2260 tibi
1656 2238 1734 2270 sum,
1749 2239 1799 2261 res

973 2275 1132 2314 divinas,id
1147 2278 1242 2312 est,ea
1254 2283 1320 2315 qua;
1334 2283 1351 2305 a
1363 2273 1515 2315 prophetis
1529 2273 1607 2305 dicta
1621 2277 1700 2311 sunt,
1712 2283 1795 2306 sum-

974 2330 1021 2352 mo
1036 2319 1134 2352 studio
1144 2319 1300 2360 scruteris,
1316 2322 1348 2350 ut
1363 2318 1554 2350 contentione
1563 2318 1638 2350 facta
1653 2322 1797 2350 eteorum

973 2375 1037 2407 quae
1052 2374 1069 2397 a
1083 2364 1170 2396 nobis
1184 2368 1213 2396 et
1225 2373 1330 2396 eorum
1341 2373 1408 2405 quae
1421 2373 1438 2395 a
1453 2363 1569 2395 caeteris
1585 2363 1735 2402 dicuntur,
1749 2373 1798 2395 νο-

970 2420 1037 2442 rum
1060 2409 1193 2441 invenire
1217 2409 1323 2450 possis.
1351 2408 1463 2441 Eorum
1487 2408 1581 2450 igitur
1603 2417 1677 2449 quos
1691 2412 1797 2440 vocant

971 2457 1094 2488 deorum
1111 2453 1243 2494 nomina,
1261 2453 1427 2490 hominum,
1440 2453 1492 2494 qui
1507 2452 1586 2493 apud
1600 2461 1651 2484 eos
1661 2452 1794 2485 fuerunt.

977 2521 1168 2554 doctissimus
1189 2520 1220 2551 in
1244 2520 1321 2553 hanc
1344 2518 1523 2552 sententiam
1548 2519 1611 2550 haec
1635 2519 1797 2551 Clementis

976 2562 1067 2593 verba
1081 2570 1117 2592 ex
1135 2561 1248 2593 Strom.
1276 2569 1297 2598 ι,
1322 2569 1386 2601 pag.
1407 2560 1488 2592 223:
1505 2560 1674 2601 Προέστησαν
1697 2559 1724 2589 δὲ
1746 2561 1795 2596 τῆς

977 2603 1129 2644 φιλοσοιείας
1159 2602 1307 2644 Αἰγυπτίων
1322 2599 1369 2644 ῖτεί
1383 2603 1407 2630 οἱ
1432 2601 1630 2644 προφῆταιγκαὶ
1652 2599 1795 2641 Ἀσσυρίων

975 2640 999 2673 οἱ
1021 2640 1161 2672 Χαλδαῖοι.
1178 2641 1253 2673 Vide
1267 2640 1422 2673 Tatianum
1438 2640 1504 2681 pag.
1522 2640 1592 2681 245.

1017 2681 1374 2724 (24)’1'1r_b_1fipu'gv._ltaex
1399 2679 1502 2713 codice
1525 2680 1610 2713 Bodl.
1628 2679 1796 2712 emendavit

977 2721 1113 2755 Wblﬁus.
1131 2721 1208 2752 Editi
1222 2722 1273 2750 ὑπὸ
1288 2723 1374 2760 ὑμῶν.
