1989 3074
85 109 157 142 ι201

581 113 764 148 EPISTULA
786 117 836 148 AD
859 112 988 146 ZENAM
1011 114 1059 146 ET
1083 114 1275 148 SERENUM.

1695 114 1772 148 i202

68 176 250 218 θηλυμανετς,
279 179 349 217 μηδὲ
382 181 448 220 πρὸς
478 181 528 214 τὴν
557 187 672 220 γυναῖκα
707 184 752 209 τοῦ
786 179 910 214 πλησίον

975 187 1007 208 us
1024 181 1221 221 nosmetipsos
1237 189 1330 221 equos
1342 181 1526 213 insanientes
1541 190 1643 213 amore
1661 181 1770 212 mulie-

76 223 280 261 χρεμετίζωμιν
285 247 291 254 .

121 266 168 298 16.
204 269 274 302 Γυνὴ
298 269 326 297 δὲ
355 269 427 298 ἐστιν
441 269 541 310 ἀδελφὴ
563 271 612 308 μὲν
628 274 713 299 πᾶσαο
728 271 776 298 τοῦ
790 269 817 298 δὲ
832 269 901 303 πλη-

72 312 129 339 σίον
167 312 273 351 εἴρηται
309 314 389 352 γυνὴ,
418 314 552 343 τουτέστιν
585 315 673 348 ’[ησοῦ
709 318 821 354 Χριστοῦ
856 318 902 343 τοῦ

76 356 201 396 Σωτῆρος
230 359 307 394 ἡμῶν
321 358 428 396 (ἥντινα
463 360 530 388 κατὰ
543 359 594 393 τὴν
616 360 680 399 πρὸς
695 360 759 388 Θεὸν
784 361 827 387 και
843 362 901 387 Πα-

75 400 138 438 τέρα
171 405 224 430 τῶν
239 401 308 431 ὅλων
322 403 442 443 ἀγάπην,
466 403 507 432 ὅτι
529 404 642 437 πλησίον
657 404 727 433 ἐστὶν
749 405 839 441 αὐτοῦ,
856 415 901 432 τι-

75 446 178 482 μητέον
213 448 257 476 καὶ
283 447 461 489 ἀγκπητέον)“
492 450 529 481 ὡς
559 449 674 482 Παῦλος·
712 450 899 489 Ἠρμοσάμην,

78 489 164 530 λέγει,
217 493 318 524 πάντας
360 494 428 530 ὑμᾶς
469 494 506 522 ἐνὶ
550 494 632 532 ἀνδρὶ,
663 495 790 534 παρθένον
820 495 902 534 ἁγνὴν

79 539 249 572 παραστῆσαι
285 541 324 574 τῷ
356 542 470 577 Χριστῷ.
507 539 582 568 Ἔστι
610 539 638 567 δὲ
666 540 710 568 καὶ
738 540 755 573 ὴ
791 538 905 573 πλησίον

79 581 146 618 Tui;
178 580 240 620 σὰρξ
270 582 297 610 ἒν
312 583 394 620 ἡμῖν,
424 583 466 623 ἐφ’
495 583 526 617 ἤν
538 585 568 612 οὒ
582 584 783 623 χρεμετιστέον·
800 594 904 624 χρεμε-

78 625 144 660 τίζει
181 626 224 654 καὶ
255 626 316 664 (61)
341 628 356 655 ὁ
389 627 501 664 μηδέπω
514 629 669 662 πεποιηκὼς
690 628 740 663 τὴν
756 629 904 668 ἐπιθυμίαν,

82 669 304 708 ἁναθυμιωμένης
333 671 405 710 αὒτῷ
435 675 484 706 τῆς
514 672 636 714 ὀρέξεως,
660 673 709 702 κᾶν
727 674 765 711 μὴ
781 671 904 712 λαμϐάνῃ

81 715 113 742 τὸ
128 714 217 746 τέλος.

127 758 172 791 l7.
208 761 371 798 Προσεκτέον
397 760 425 789 δὲ
450 763 494 790 καὶ
508 761 634 800 παιδίοις,
651 762 691 791 ὅτι
707 764 759 792 τῶν
777 763 905 792 τοιούτων

79 804 152 832 ἐστὶν
188 807 206 841 ἡ
235 806 356 844 βασιλεία
379 810 432 834 τῶν
472 807 601 846 οὐρανῶν,
632 808 785 837 Νοσούντων
809 807 836 835 δὲ
859 809 906 846 οηξκ

81 848 246 887 ἀμελητέον,
272 849 330 878 οὖόὲ
359 850 466 891 ῥητέον,
481 851 521 879 ὅτι
542 852 680 880 Διακονεῖν
695 853 743 880 οὐκ
766 852 861 889 ἔμαθον
881 842 905 881 ‘0

81 894 132 932 γὰρ
158 894 206 928 τὴν
235 897 372 935 τρυ-ξιερίαν
400 895 417 930 ἢ
444 896 474 924 τὸ
507 896 634 929 ἀσύνηθες
676 895 904 934 προϐαλλόμενος,

83 937 153 966 ἵστω
183 940 226 967 καὶ
255 939 332 971 aii-rec
361 940 394 967 τὰ
409 940 475 968 αὐτὰ
492 940 662 978 πεισόμενος·
678 941 724 969 καὶ
738 940 844 970 ἐπειδὰν
859 940 908 969 πέ-

83 994 141 1023 σχῃ
153 994 178 1011 τι
204 984 334 1021 τοιοῦτον,
363 987 413 1017 τῆς
440 985 552 1023 γνώμης
575 986 651 1014 αὑτοῦ
665 986 695 1014 τὸ
711 986 905 1024 αὖτοκατάκρι-

83 1038 131 1056 τον
163 1026 299 1066 αἰτιάσθω,
337 1027 535 1058 συμϐαινόντων
549 1030 621 1067 αὒτῷ
640 1029 712 1059 ταῦθ’
728 1029 794 1070 ἂπερ
815 1029 906 1063 διέθη-

84 1083 114 1100 κε
144 1073 188 1100 καὶ
203 1073 293 1105 αὐτός.
317 1072 382 1102 Οὔτε
397 1073 441 1102 οὖν
462 1078 509 1103 τοῦ
531 1074 644 1112 ἀμελοΰς
663 1074 824 1113 ἀμελητέον·
843 1075 908 1106 Θεὸς

86 1117 138 1155 γὰρ
167 1118 181 1144 ὁ
208 1118 302 1156 κρίνων
328 1116 394 1145 ἐστί·
431 1119 475 1147 καὶ
506 1120 521 1147 ὁ
546 1118 707 1157 βουλόμενος
736 1120 765 1147 εὖ
792 1119 909 1159 πάσχειν

86 1161 266 1200 θησαυριζέτω
296 1161 338 1190 διὰ
353 1164 401 1195 τῆς
417 1164 534 1195 εὐποιίας
557 1163 605 1197 τὴν
628 1165 664 1196 εἷς
680 1164 772 1192 ἑαυτὸν
797 1164 849 1192 ἀπὸ
864 1167 910 1192 τοῦ

87 1205 202 1239 πλησίον
231 1206 393 1246 εὐεργεσίαν.
426 1208 602 1248 Αίσχύνεσθαι
628 1207 656 1236 δὲ
671 1210 719 1238 οὐκ
739 1209 822 1248 ὀρθῶς
837 1207 908 1248 ἔχει,

89 1251 128 1288 μή
165 1262 205 1283 τις
233 1250 283 1291 ἄρα
313 1250 354 1279 διὰ
381 1251 430 1285 τὴν
459 1253 613 1292 αὐτουργίαν
642 1252 746 1286 ἀθλίους
770 1254 842 1289 ἡμᾶς
868 1253 911 1281 καὶ

87 1294 255 1331 ἀϐοηθήτους
279 1294 415 1330 ὑπολάὸη·
443 1297 523 1335 μόνον
537 1296 565 1325 δὲ
582 1296 728 1337 φυλακτέον
754 1299 793 1335 μή
813 1308 853 1330 τις
869 1297 912 1326 ἰπὶ

89 1341 170 1378 κακίᾳ
199 1341 243 1369 καὶ
271 1343 381 1380 πονηρῷ
408 1342 458 1380 βίῳ
484 1341 608 1380 διαϐάλῃ,
633 1342 694 1374 τοὺς
726 1342 819 1371 εἰδέναι
849 1343 914 1371 Θεὸν

88 1391 241 1424 φάσκοντας
247 1410 254 1417 ,

132 1519 180 1550 18.
198 1520 337 1548 Συνελόντι
360 1519 387 1548 δὲ
417 1521 513 1557 εἰπεῖν,
539 1521 557 1555 ἡ
580 1520 628 1558 μὲν
657 1526 703 1551 τοῦ
718 1521 818 1559 κόσμου
841 1521 913 1554 λύπη

90 1564 203 1592 θάνατον
245 1564 381 1604 ἐργάζεται
423 1571 482 1597 τοῖς
508 1563 553 1593 ὑπ’
573 1566 656 1599 αὐτῆς
678 1565 878 1605 κρατουμένοις·
898 1566 913 1600 ἦ

90 1608 119 1636 δὲ
155 1609 223 1637 κατὰ
248 1610 313 1637 Θεὸν
342 1609 414 1643 λὺπη
449 1610 494 1638 τὸν
529 1609 578 1644 τῆς
593 1612 665 1646 ζωῆς
677 1611 759 1639 τίκτει
775 1615 845 1641 νοῦν,
860 1611 914 1650 Πρὸ

90 1653 198 1681 πάντων
227 1652 255 1681 δὲ
269 1654 454 1693 γινώσκωμεν,
478 1654 518 1682 ὅτι
539 1655 581 1682 καὶ
598 1655 675 1688 νόσος
690 1655 828 1684 ἀπόκειται
854 1661 914 1688 τοῖς

921 1465 942 1491 C

942 231 1020 259 rum,
1040 233 1135 264 neque
1150 225 1186 255 ad
1200 234 1320 256 uxorem
1338 225 1463 266 proximi
1478 227 1650 258 hinniamus
1661 226 1687 256 6.

985 267 1031 298 16.
1046 269 1194 306 Quae-nam
1210 274 1252 301 est
1269 279 1348 301 uxor
1361 270 1660 311 proximi.—Mulier
1672 275 1771 302 autem

943 315 987 342 est
1002 321 1086 344 soror
1100 314 1252 354 quaslibet;
1273 315 1397 354 proximi
1411 320 1506 346 autem
1525 325 1598 346 uxor
1616 315 1770 356 dicitur,id

943 361 987 386 est
1002 357 1071 387 Jesu
1087 357 1195 389 Christi
1210 357 1371 390 Salvatoris
1394 360 1485 389 nostri
1512 360 1613 400 (quem
1637 361 1770 400 quidem,

941 402 1106 432 secundum
1116 402 1246 433 debitum
1268 403 1327 434 Deo
1344 407 1372 435 et
1387 405 1465 435 Patri
1475 404 1680 436 universorum
1690 414 1775 436 amo-

942 453 1017 485 rem,
1030 447 1096 485 quia
1110 447 1263 486 proximus
1282 453 1325 479 est
1346 449 1588 488 illius,l.ionorare
1600 453 1628 480 et
1649 449 1773 489 diligere

944 489 1120 528 debemus),
1138 493 1388 531 quemadmodum
1406 493 1526 525 Paulus.
1543 493 1704 534 Despondi.
1723 494 1772 524 in-

947 534 1074 575 quit,i-os
1088 545 1192 567 omnes
1203 538 1258 567 uni
1269 540 1334 568 viro
1344 539 1491 576 virginem
1504 541 1619 569 castam
1635 538 1774 569 exhibere

947 579 1159 612 Cirris/01E“
1174 587 1272 612 autem
1284 587 1312 612 et
1326 582 1452 622 proximi
1465 592 1621 618 uxor,caro
1634 583 1663 613 in
1675 582 1772 619 nobis,

946 623 981 654 ad
996 633 1082 664 quam
1102 635 1159 655 non
1171 633 1215 656 est
1232 626 1443 665 liinuiendum;
1460 627 1558 658 hinnit
1570 632 1668 659 autem
1684 627 1773 658 etiam

946 669 995 709 qui
1021 669 1151 701 nondum
1192 670 1345 702 libidinem
1378 672 1530 712 explevit,
1562 672 1777 703 eﬂ'ervescenle‘

945 713 1026 744 illius
1042 715 1273 754 cupiditate,etsi
1287 716 1322 746 ad
1341 716 1451 747 exitum
1471 726 1530 748 non
1548 716 1688 756 perducta
1704 717 1751 748 sit.

991 762 999 788 Ι
1010 759 1035 789 7.
1044 758 1086 790 De
1095 760 1373 800 pucris,t'nﬁi'mise1
1385 761 1488 792 labore
1499 770 1655 794 manuum.
1663 762 1776 792 —-Cura

919 822 937 847 Β
950 812 1107 843 put-rarum
1124 804 1265 843 gerenda,
1282 805 1350 845 quia
1370 805 1471 836 talium
1487 810 1531 836 est
1540 815 1662 844 regnum
1680 806 1773 837 caelo-

949 857 1028 877 rum.
1043 848 1233 887 zEgrotantes
1249 859 1307 880 non
1321 850 1501 889 negligendi,
1519 859 1574 881 nec
1585 850 1744 881 dicendum
1764 859 1771 882 ε

947 892 1117 924 Ministrare
1130 903 1189 924 non
1201 893 1301 925 didici.
1317 894 1389 925 Nam
1407 895 1458 935 qui
1469 895 1629 926 delicatum
1647 895 1773 934 vitaege-

949 947 1004 968 nus
1021 941 1048 967 et
1063 937 1215 969 servitutis
1228 939 1359 970 insolens
1375 939 1598 980 obtendit,sciat
1611 950 1643 971 se
1655 949 1776 981 quoque

947 982 1051 1014 eadem
1070 992 1238 1023 passurum;
1252 988 1280 1015 et
1296 994 1361 1015 cum
1374 988 1402 1016 et
1416 985 1527 1025 aliquid
1541 985 1689 1026 ejusmodi
1702 994 1774 1016 eve-

948 1027 1038 1061 nerit.
1055 1027 1231 1058 sententiam
1254 1038 1336 1059 suam
1365 1033 1513 1067 causetur,
1529 1038 1617 1067 quam
1636 1029 1700 1070 ipse
1715 1039 1775 1060 non

951 1075 1047 1112 potest
1058 1081 1116 1103 non
1126 1072 1452 1114 condemnare.quippe
1463 1083 1529 1104 cum
1538 1084 1573 1105 ea
1583 1074 1627 1105 illi
1639 1074 1777 1106 eveniant

950 1126 1016 1157 quae
1030 1122 1059 1147 et
1075 1117 1138 1156 ipse
1154 1117 1289 1149 facienda
1305 1118 1589 1158 existimavithitur
1600 1128 1638 1150 ne
1649 1118 1700 1150 ille
1712 1119 1777 1159 qui-

951 1161 1018 1193 dem
1035 1161 1230 1201 negligendus
1240 1162 1291 1203 qui
1304 1162 1379 1193 alios
1391 1163 1531 1203 negligit:
1546 1163 1622 1194 Deus
1638 1166 1720 1194 enim
1733 1166 1776 1194 est

951 1207 1004 1247 qui
1019 1207 1167 1245 iudica”;
1182 1213 1212 1237 et
1226 1206 1279 1248 qui
1293 1207 1369 1238 bene
1385 1207 1441 1238 sibi
1457 1207 1522 1238 ﬁeri
1537 1208 1627 1248 cupit,
1640 1208 1665 1238 is
1680 1208 1776 1239 bene-

953 1251 1088 1282 faciendo
1102 1252 1272 1283 thesaurum
1284 1251 1342 1282 sibi
1359 1252 1565 1283 beneficentiae
1576 1252 1701 1292 proximi
1712 1252 1778 1283 col-

953 1295 1168 1336 ligat.Vitiosus
1184 1295 1278 1336 pudor
1294 1300 1339 1327 est
1353 1296 1463 1336 vereri,
1481 1305 1518 1328 ne
1535 1297 1602 1337 quis
1616 1296 1778 1337 forte,pro-

956 1345 1058 1381 pterea
1070 1341 1150 1381 quod
1167 1340 1305 1371 manibus
1331 1340 1512 1378 laboramus,
1539 1341 1664 1372 miseros
1680 1351 1734 1373 nos
1752 1346 1780 1373 et

955 1385 1063 1417 auxilio
1087 1384 1244 1416 destitutos
1259 1384 1418 1416 existimet.
1432 1385 1653 1418 Tantummodo
1669 1392 1780 1417 caVen-

956 1430 1039 1467 dum,
1058 1439 1094 1460 ne
1110 1430 1176 1470 quis
1191 1429 1228 1461 ob
1252 1430 1413 1471 nequitiam
1431 1433 1460 1461 et
1474 1431 1537 1461 vitae
1556 1430 1779 1470 improbitatem

954 1485 1006 1507 eos
1021 1475 1176 1516 vituperet,
1194 1474 1244 1515 qui
1257 1475 1351 1506 Deum
1364 1484 1451 1506 nosse
1465 1484 1497 1506 se
1514 1475 1628 1508 dicunt.

988 1515 1191 1548 i8.Pa’ralum
1201 1524 1264 1546 esse
1275 1519 1392 1556 oportet
1401 1515 1440 1547 ad
1451 1524 1549 1547 omnes
1561 1517 1631 1547 vita:
1645 1519 1780 1548 eventus.

955 1560 1031 1592 —Ut
1043 1561 1144 1600 paucis
1151 1560 1315 1598 absolvam,
1323 1560 1427 1591 mundi
1439 1560 1558 1591 tristitia
1574 1565 1701 1592 mortem
1710 1569 1780 1602 opo-

955 1609 1038 1636 ratur
1062 1605 1099 1635 iis
1113 1614 1188 1645 quos
1199 1605 1395 1643 superaverit;
1413 1614 1477 1645 quae
1502 1610 1599 1636 autem
1615 1606 1781 1637 secundum

956 1650 1048 1682 Deum
1066 1649 1183 1680 tristitia
1198 1654 1254 1686 est,
1268 1649 1328 1680 vile
1354 1649 1582 1689 intelligentiam
1599 1650 1686 1690 parit.
1703 1650 1781 1682 Ante

90 1699 208 1737 σαρκίοις
242 1700 331 1738 ἡμῶν,
347 1700 391 1727 καὶ
406 1700 492 1736 ζημῖα
508 1700 550 1727 καὶ
566 1698 662 1737 ἔνδεια,
684 1700 729 1728 καὶ
743 1700 758 1728 ὃ
779 1699 910 1740 χαριστή-

971 1695 1057 1725 »ιηηίιι
1071 1699 1170 1725 autem
1194 1694 1321 1725 sciamus
1337 1698 1366 1725 et
1382 1694 1518 1725 morbum
1535 1695 1698 1736 repositum
1716 1705 1781 1727 esse

89 1753 145 1770 οων
170 1742 230 1782 (62)
260 1743 350 1782 ἐγγὺς,
388 1745 439 1773 Καὶ
467 1743 509 1772 διὰ
525 1746 602 1772 τοῦτο
620 1745 676 1784 χρή
692 1738 861 1783 προμελετᾷν
886 1744 910 1772 τὶ

971 1739 1098 1770 Larnibus
1113 1739 1221 1770 nostris
1237 1742 1266 1769 et
1282 1738 1422 1784 damnum
1435 1744 1465 1770 et
1479 1743 1654 1779 egestatem,
1667 1749 1701 1771 ac
1711 1750 1785 1781 pm-

89 1786 307 1825 ἀποϐησόμενον,
337 1788 384 1816 ἵνα
412 1789 463 1828 μὴ,
479 1783 640 1828 συμϐαῖνον,
656 1791 744 1827 θαῦμα
756 1789 800 1817 καὶ
815 1787 910 1822 ἔκπλη-

971 1789 1003 1816 ito
1019 1785 1125 1815 adesse
1154 1783 1204 1823 qui
1224 1787 1321 1823 grates
1348 1783 1434 1814 nobis
1460 1784 1619 1824 persolvat.
1637 1785 1785 1822 Quocirca

91 1831 132 1865 ξιν
159 1831 267 1872 παρέχῆ
284 1838 345 1864 ταῖς
367 1826 483 1871 καρδίαις
499 1833 587 1869 ἡμῶν,
608 1826 636 1861 Ὀ
652 1833 702 1872 γὰρ
724 1837 843 1864 τοιοῦτος
861 1832 918 1872 ἐρεῖ

93 1877 158 1915 πρὸς
170 1878 200 1905 τὺ
217 1875 384 1913 συμϐεϐηκὸς
401 1877 494 1908 πάθος·
518 1875 634 1914 ³¹ῌδειν,
658 1876 699 1905 ὅτι
720 1876 828 1915 μέλλεις
850 1877 919 1905 ἐπιέ-

91 1930 148 1949 ναι·
177 1921 226 1955 τῆς
255 1919 412 1961 προσδοκίας
445 1932 492 1949 σου
523 1921 572 1950 οὒκ
593 1921 739 1961 ἀπέτυχον·
770 1921 917 1962 προεγίνω-

92 1965 158 1994 σκόν
187 1977 234 1994 σου
262 1965 312 2000 τὴν
337 1965 440 2005 ἔφοδον.
472 1965 526 1995 Κᾶν
541 1966 660 1998 τοιοῦτός
691 1977 731 1997 τις
747 1967 776 2004 ᾗ,
793 1966 919 2000 στήσεται

92 2011 138 2039 καὶ
159 2010 189 2038 οὗ
217 2017 422 2042 καταπεοεῑται,
458 2011 494 2039 Τὸ
508 2009 534 2038 δὲ
559 2010 602 2038 ἕπὶ
624 2013 663 2047 τῷ
677 2010 796 2050 αἰφνιδίῳ
815 2010 919 2050 ταράσ-

94 2057 199 2095 σεσθαι,
225 2054 243 2088 ἧ
267 2055 436 2095 κεκραγέναι,
473 2054 603 2088 πολλάκις
637 2054 664 2083 δὲ
697 2056 742 2084 καὶ
771 2054 917 2095 ὀδύρεσθαι,

92 2100 153 2129 λίαν
173 2099 228 2128 ἐστὶ
242 2099 412 2139 ταλαιπώρου
434 2100 558 2138 γνώμης.

142 2184 190 2215 19.
218 2183 381 2224 Προσεκτέον
409 2184 454 2213 οὖν
482 2186 515 2222 τῇ
549 2183 630 2223 ἀρετῇ
645 2184 738 2222 μόνον,
758 2185 874 2216 καὶτοῖς
889 2195 922 2212 τα

96 2229 158 2268 περὶ
183 2229 265 2263 αἰντῆς
300 2228 485 2268 διηγουμένοις
521 2228 672 2267 προσιτέον.
710 2229 762 2261 OT:
790 2228 814 2257 δ’
837 2228 867 2258 ἄν
883 2229 921 2266 μὴ

96 2276 171 2313 πειρῇ
198 2276 250 2301 τῶν
278 2273 430 2313 λεγομένων
458 2274 475 2308 ἡ
502 2272 608 2313 πρᾶξις,
641 2273 744 2306 τούτοις
759 2272 800 2302 διὰ
815 2274 845 2302 τὸ
860 2275 921 2302 ἓνε-

95 2318 230 2358 δρευτικὸν
264 2317 371 2358 χαίρειλ
407 2318 539 2355 εἰπόντες,
563 2318 626 2350 τοὺς
664 2318 921 2358 συστρατευομένους

94 2365 166 2401 ἡμῖν
195 2362 375 2401 ὶπιζητῶμεν.
407 2361 437 2391 Ὀ
473 2363 523 2402 γὰο
558 2361 645 2402 λέγειν
681 2363 730 2400 μὲν
746 2362 920 2401 ἐπιτηδεύων,

96 2407 154 2436 ὅτι·
173 2407 228 2436 Οὐκ
251 2407 343 2447 ἅρχων
378 2407 430 2445 εἰμὶ
444 2407 488 2435 καὶ
516 2406 654 2446 δικπιστιὶς,
669 2407 793 2446 πράττων
807 2406 834 2435 δὲ
849 2407 921 2446 ἀγα-

95 2453 143 2481 θὸν
171 2451 255 2492 οὒδὲν,
285 2453 374 2492 οὗτος,
403 2452 440 2484 ὡς
462 2452 513 2480 ὑπὸ
533 2451 666 2490 τυράννων
681 2450 788 2480 πολλῶν
808 2452 922 2491 γρατού-

98 2507 192 2536 μενος,
222 2496 339 2525 λανθάνιι
368 2499 401 2534 τῇ
430 2496 545 2536 ἁμαρτίᾳ
575 2494 717 2533 δουλεύων,
747 2496 790 2524 καὶ
826 2496 922 2525 ἀποδι-

98 2541 221 2580 δράσκων
249 2542 309 2572 τοὺς
338 2540 390 2578 ὁδῷ
423 2540 536 2579 βαδίζειν
571 2539 743 2572 σπεύδοντας.
787 2542 922 2580 Μακάριος

99 2586 145 2615 οὖν
176 2587 189 2614 ὁ
225 2589 259 2625 τῇ
281 2585 372 2625 καρδὶα
400 2585 524 2624 καθαρός·
555 2586 605 2613 ὕπὸ
628 2585 721 2614 τοὺτου
735 2585 785 2624 γὰρ
815 2587 922 2625 ὁρᾶσθαι

140 2653 157 2678 ⁸
171 2654 233 2685 Jer.
247 2662 278 2694 ν,
296 2654 325 2685 8.
367 2653 382 2678 7
397 2651 423 2683 ΙΙ
439 2652 508 2684 Cor.
522 2661 552 2688 ll,
569 2652 600 2683 2.
645 2652 685 2682 81
702 2651 771 2683 Cor.
786 2660 825 2688 Iv,
842 2652 873 2683 4.

143 2721 206 2758 (61)
222 2713 372 2761 Χρεμιτίζει
388 2720 444 2761 καὶ.
459 2717 632 2761 Sylburgius
649 2721 749 2761 monet
769 2717 928 2761 legendum

100 2762 197 2796 ἥντινα
212 2758 311 2792 δὲ’καί.
331 2759 420 2792 Paulo
437 2758 505 2790 ante
521 2758 580 2798 leg.
596 2758 625 2787 ὅν
641 2770 700 2787 τινα
722 2758 788 2790 loco
806 2758 906 2792 ἥντινα.

959 1828 1223 1869 prazmeditandum
1233 1827 1303 1868 quid
1317 1832 1494 1859 eventurum
1507 1829 1597 1867 sit,ne
1606 1839 1672 1861 cum
1680 1839 1786 1861 evene-

959 1874 1009 1914 rit,
1020 1873 1217 1904 admiratione
1229 1877 1257 1903 et
1272 1877 1392 1912 stupore
1408 1873 1499 1904 corda
1513 1879 1615 1905 nostra
1628 1875 1783 1914 percutiat.

959 1919 1032 1950 Nam
1046 1918 1096 1958 qui
1113 1917 1179 1948 talis
1195 1917 1290 1954 est,ad
1305 1919 1419 1948 tristem
1437 1923 1574 1950 eventum
1590 1919 1669 1950 dicet
1682 1928 1688 1950 :
1699 1919 1786 1951 Scie-

960 1964 1027 1995 bam
1041 1968 1068 1994 te
1080 1963 1350 1999 adventurummec
1362 1972 1409 1993 me
1423 1963 1466 1993 tui
1480 1963 1661 2004 exspectatio
1671 1964 1784 2004 fefellit,

960 2008 1150 2050 providebam
1167 2008 1319 2037 incursum
1338 2007 1542 2039 tuum.Sitalis
1553 2008 1618 2048 quis
1628 2009 1785 2047 exstiterit,

961 2053 1051 2084 stabit
1066 2062 1099 2083 ac
1110 2061 1170 2082 non
1186 2051 1313 2083 labetur.
1330 2050 1458 2083 Tui-bari
1481 2056 1581 2083 autem
1597 2052 1635 2084 ob
1651 2053 1786 2093 repenti-

962 2107 1033 2129 num
1050 2106 1164 2135 casum,
1179 2102 1231 2127 aut
1245 2096 1375 2127 clamare
1390 2105 1424 2127 ac
1439 2105 1517 2137 saepe
1533 2097 1788 2136 iamentari,men-

963 2143 1000 2173 tis
1016 2146 1061 2173 est
1077 2141 1161 2172 valde
1174 2141 1304 2173 miserae.

983 2182 1215 2214 t9.Solivirtuti
1226 2181 1338 2212 intenti
1346 2181 1713 2222 essedebemusEpiatolw
1720 2192 1790 2214 con-

932 2221 1104 2259 Dclusio.—
1127 2225 1189 2258 Soli
1205 2225 1293 2265 igitur
1308 2226 1409 2257 virtuti
1424 2227 1530 2257 intenti
1546 2221 1611 2258 esse
1628 2227 1788 2270 debemus,

964 2277 994 2303 et
1006 2272 1041 2302 ad
1060 2281 1124 2308 eos,
1144 2271 1195 2312 qui
1211 2270 1249 2302 de
1264 2270 1315 2301 illa
1331 2271 1484 2302 disserunt
1498 2272 1654 2304 ventitare.
1679 2272 1791 2308 Quibus

963 2321 1062 2348 autem
1088 2316 1123 2346 ad
1148 2315 1236 2346 fuerit
1264 2320 1464 2347 consentanea
1481 2316 1669 2347 sermonibus
1685 2317 1790 2356 agendi

964 2361 1092 2398 ratio,iis
1114 2359 1152 2391 ob
1175 2360 1301 2391 insidias
1316 2361 1392 2401 apud
1411 2370 1462 2392 eos
1479 2361 1605 2392 latentes
1621 2362 1684 2393 vale
1698 2362 1789 2400 dicto,

964 2414 1131 2447 quieremus
1155 2405 1206 2445 qui
1233 2405 1368 2436 militiam
1384 2406 1452 2436 M7
1469 2405 1623 2437 nobiscum
1649 2407 1789 2443 tolerent,

965 2451 1036 2482 Nam
1052 2450 1102 2491 qui
1117 2449 1219 2481 dicere
1231 2451 1352 2481 statuit:
1368 2449 1432 2481 Non
1445 2460 1510 2481 sum
1528 2451 1677 2492 princeps,
1694 2461 1792 2492 neque

960 2496 1124 2537 judex,nec
1140 2494 1209 2525 boni
1221 2495 1380 2535 quidquam
1396 2495 1505 2535 agit,is,
1524 2496 1608 2536 quasi
1620 2496 1675 2527 sub
1691 2497 1792 2527 multis

964 2539 1428 2580 tyrannisteneatur,imprudens
1444 2545 1564 2580 peccato
1576 2541 1792 2582 servit,eosque

965 2585 1039 2625 fugit
1052 2584 1101 2624 qui
1117 2583 1146 2614 in
1167 2583 1211 2615 via
1228 2584 1512 2624 properant.Beatus
1528 2594 1600 2625 ergo
1612 2585 1663 2626 qui
1680 2585 1791 2617 mundo

1009 2718 1274 2761 (ϐοὶλχαριετῂσῳι.
1293 2719 1340 2761 Sic
1351 2720 1504 2751 emendavi
1520 2729 1576 2761 ope
1588 2722 1663 2760 Reg.
1681 2719 1791 2761 Lquod

971 2768 1060 2801 prave
1076 2758 1105 2790 in
1127 2758 1215 2790 editis
1230 2759 1382 2800 legebatur
1396 2758 1597 2800 ἀχαρισττεᾱων,
