1967 3076
81 111 92 141 i
99 109 158 143 333

75 176 174 217 ἔχοντα
188 177 216 206 ἑν
231 177 316 214 ἑαυτῲ
330 181 383 206 τῶν
397 179 447 207 ὑπὸ
461 182 513 208 τῶν
531 178 607 219 (35),
628 202 635 210 .
655 202 662 209 .

78 223 122 254 τὰς
144 222 256 259 ἐννοίας,
272 222 352 256 δῆλον
368 222 408 251 ὅτι
423 224 467 252 καὶ
481 224 495 251 ὁ
507 222 604 264 Ἀδὰμ,
620 223 726 263 λογικὸς
748 223 797 262 ὢν,
813 223 893 262 εἶχεν

73 268 103 296 ὶν
125 267 210 304 ἑαυτῷ
226 271 271 296 τοῦ
285 268 397 297 θανάτου
411 267 461 302 τὴν
476 263 591 300 ὅννοιανξ
617 269 666 298 Καὶ
686 267 772 300 καθώς
795 278 843 305 περ
856 266 895 304 μὴ

77 313 202 352 ἑωρακὼς
224 313 273 350 μὲν
288 313 302 340 ὁ
330 311 416 351 ’Δδὰμ
439 312 546 353 λογικὶν
573 313 614 342 ἐπὶ
629 316 663 352 τῇ
679 313 771 342 ἑαυτοῦ
786 311 895 351 γυμνώ-

77 368 118 385 σει
135 357 336 398 αἰσχυνόμενον,
352 357 425 395 ὅμως
441 357 468 386 δὲ
490 358 634 397 γυμνωθεὶς
656 357 790 398 ᾐσχύνθη,
805 358 897 396 ἐσχη-

75 402 129 434 κώς
144 404 172 431 ὲν
187 403 271 440 ἑαυτῷ
285 403 335 436 τῆς
351 403 480 443 αἰσχύνης
497 404 528 431 τὸ
555 403 640 441 ὄνομα
661 403 704 431 καὶ
719 402 768 437 τήν
783 401 897 439 ἔννοιαν,

78 447 161 479 οὕτως
189 448 269 488 εἶχεν
298 448 326 476 ἐν
354 448 440 485 ἑαυτῷ
463 449 507 477 καὶ
521 452 567 477 τοῦ
594 448 705 477 Θανάτου
719 447 769 481 τὴν
785 446 898 479 ἔννοιαν,

79 493 169 521 καὶτὸ
198 496 308 532 πρᾶγμα
336 492 363 521 ἰν
393 492 466 530 ἄλλῳ
491 493 574 530 μήπω
598 493 631 526 ἦν
656 493 828 531 θεασάμενος.
853 490 899 518 Διὸ

78 536 196 576 εὐλόγως
209 536 337 566 ἐδειλίασι
351 537 397 565 τὸν
423 537 545 575 θάνατον,
570 537 643 569 εἰδὼς
665 537 743 566 αὐτὸν
770 537 823 566 ἀπὸ
848 540 898 571 τῆς

75 582 176 614 ἰννοίας
192 583 270 611 αὖτου
286 582 464 620 ἀντικείμενον
480 581 543 611 ὄντα
557 583 606 617 τῆς
618 584 702 618 ζωῆς,

118 671 293 701 ἘΡΩΤΗΣΙΣ
322 671 389 710 (B’.
418 670 527 706 Ἐπειδὴ
551 672 569 706 ἡ
591 671 682 712 Γραφὴ
698 670 770 711 λέγει
798 671 896 711 κρίμα-

78 728 112 745 τα
126 717 168 745 καῖ
195 715 374 755 δικαιώματα,
405 717 448 745 καὶ
475 717 604 756 μαρτύρια
631 717 676 745 καὶ
703 716 795 755 νόμον,
821 716 897 744 ἐντο-⁴

77 762 127 794 λὰς
157 762 200 790 καὶ
214 761 417 801 προστάγματα,
442 762 464 790 εἰ
485 762 565 793 ταύτά
588 762 651 790 εἰσιν
679 761 816 802 ἀμφότερα
844 760 894 789 αλ-

75 806 182 844 λὴλοις,
199 807 216 842 ἢ
232 805 355 845 ἑκάτερον
369 806 429 847 ἔχει
444 806 524 846 λόγον
538 805 679 846 ἰδιάζοντα,
696 805 807 839 δίδαξον,

120 896 322 927 ἈΠΟΚΡΙΣΙΣ.
341 895 464 936 Κρίματα
485 897 533 934 μὲν
549 896 622 936 λέγει
644 896 705 927 τοὺς
730 895 824 935 λόγους
842 896 898 928 τοὺς

78 941 276 973 διαστείλαντας
291 945 344 969 τῶν
359 941 388 969 οὐ
413 941 552 980 πρακτέων
567 942 600 969 τὰ
614 940 744 980 πρακτέα,
761 942 803 968 καὶ
819 940 899 978 τιμὴν

78 988 128 1024 μέν
158 986 207 1020 τὴν
238 985 280 1015 ἐπὶ
308 989 341 1024 τῇ
367 986 483 1026 ὑπακοῇ,
513 986 620 1024 ἀτιμίαν
659 984 686 1013 δὲ
715 986 764 1019 τὴν
795 986 838 1013 Eni
865 988 899 1023 τῇ

79 1034 203 1072 παρακοῇ
234 1031 382 1071 ὡρισμένας
399 1039 408 1048 ⁶
438 1030 604 1069 δικαιώματα
628 1029 656 1059 δὶ
670 1030 742 1069 λέγει
764 1030 816 1059 τῶν
838 1041 898 1069 κρι-

79 1077 172 1115 μάτων
194 1076 243 1110 τὴν
274 1075 416 1116 ὀρθότητα,
440 1076 645 1110 ἂπονεμητικὴν
671 1078 724 1104 τῶν
747 1073 807 1103 κατ’
828 1074 901 1107 ἀξίαν

78 1122 193 1158 ἑκά-[τῳ.
211 1121 300 1159 Notum
314 1120 342 1149 δὲ.
357 1120 429 1160 λέγει
442 1121 491 1155 τὴν
515 1120 647 1161 ἔγγραφον
672 1119 816 1158 πτρίληψιν
844 1120 898 1150 πά-

79 1178 130 1200 σης
146 1169 196 1200 τῆς
211 1165 362 1200 Ἰουδαϊκῆς
394 1166 515 1205 λατρείας
539 1176 568 1194 τε
593 1165 637 1194 καὶ
653 1164 787 1198 πολιτείας
804 1173 813 1182 '
836 1175 901 1204 μαρ·

79 1211 168 1250 τ-›ρίαν
189 1209 217 1238 δὲ
232 1209 312 1239 καλεῖ
336 1210 385 1244 τὴν
414 1210 454 1238 ἐπὶ
481 1216 539 1243 τοϊς
567 1209 762 1249 πεπραγμένοις
776 1209 827 1237 ὑπὸ
848 1213 900 1237 τῶν

77 1254 220 1293 δεξαμένον
235 1256 280 1283 τὸν
301 1254 366 1295 (36)
411 1279 419 1287 .
464 1276 474 1286 .
517 1276 525 1284 .
568 1253 605 1282 δι’
630 1254 750 1293 εὖλογίας
765 1254 809 1283 καὶ
837 1265 901 1282 κατ-

78 1298 335 1340 άραςᾶμοιϐὴν,ἢν
379 1323 387 1331 ,
433 1322 439 1330 .
487 1320 494 1328 .
539 1321 548 1329 .
593 1323 601 1331 .
645 1323 654 1331 .
699 1320 706 1329 .
751 1322 760 1331 .
794 1299 846 1342 δίη

79 1348 131 1379 σῆς
146 1344 391 1385 διαμαρτυρόμενος
419 1344 494 1384 ἔλεγε
523 1351 581 1376 τοῖς
608 1343 752 1380 Ἰουδαίοις,
768 1342 900 1386 συμϐήσεε

79 1392 138 1418 σθαι
161 1389 252 1422 αὐτοῖς
282 1389 449 1427 πειθομένοις
479 1389 497 1424 ἣ
536 1389 697 1419 ἆπειθοῦαιν.
722 1387 899 1420 Ἐντολὰςδὲ

78 1434 125 1463 καὶ
144 1434 336 1474 προστάγματα
353 1433 427 1474 λέγει
443 1435 488 1463 τὸν
504 1434 571 1462 κατὰ
615 1456 623 1465 .
669 1456 675 1463 .
720 1456 729 1465 .
774 1454 783 1464 .
812 1433 899 1472 λόγων

77 1479 216 1516 ὀνομάζων
245 1480 306 1511 τοὺς
340 1479 435 1518 λέγους
457 1478 618 1508 ἑνταλτικῶς
653 1479 671 1513 ἢ
700 1481 899 1519 προστακτικῶς

77 1524 235 1564 λεχθέντας,
253 1525 320 1553 κατὰ
332 1524 380 1558 τὴν
396 1524 510 1565 ἔμφασιν
533 1527 584 1558 τῆς
609 1523 680 1557 θείας
705 1525 837 1556 αἰθεντίας
853 1526 927 1555 τοῦο

77 1574 161 1599 ταῦτα
175 1568 360 1606 ἐντειλαμένου
372 1570 389 1604 ἢ
411 1568 617 1608 προστάξαντος.

122 1613 299 1643 ἘΡΩΤΗΣΙΣ
316 1613 382 1652 4¹Γ¹.
412 1615 440 1643 Εἰ
463 1614 496 1642 τὰ
519 1617 591 1642 νῶτα
605 1617 652 1642 τοῦ
667 1613 775 1653 οὖρανοῡ
796 1615 898 1654 πεφόρ-

432 111 678 149 ΟυιΕὸΤΙΟΝΕὸ
698 111 748 143 ΕΤ
770 108 892 141 ΒΕΞΡΟᾏ

983 106 1052 139 NES
1071 105 1123 138 ΑΙ)
1143 106 1406 141 ORTHODOXOS.

694 188 830 216 σημαινομ
837 177 892 206 ἐνωπ

983 174 1032 206 bet
1049 174 1078 205 in
1092 174 1252 215 semetipso
1278 184 1379 207 rerum
1404 174 1503 207 verbis
1526 175 1760 216 signiﬁcatamm

794 1299 920 1327 ὁΜωοι-

1684 108 1762 142 1334

935 220 1083 255 notiones,
1100 219 1192 260 liquet
1215 219 1374 258 Adamum,
1399 220 1450 261 qui
1473 221 1589 252 ratione
1617 222 1760 262 praeditus

937 268 1012 300 erat,
1031 263 1171 295 habuisse
1186 264 1217 295 in
1232 265 1393 305 semetipso
1409 265 1513 297 mortis
1541 266 1705 299 notionem.
1724 267 1763 298 Et

938 309 1189 349 quemadmodum
1203 309 1296 340 Adam
1312 309 1367 341 etsi
1381 311 1532 342 neminem
1545 311 1659 342 ratione
1683 321 1760 352 prae-

939 353 1033 384 ditum
1049 354 1172 392 viderat,
1188 354 1234 385 cui
1251 363 1304 386 sua
1323 355 1444 387 nuditas
1459 356 1564 397 pudori
1592 360 1681 394 esset,
1697 357 1762 397 ipse

940 403 1038 430 tamen
1055 399 1182 431 nudatus
1199 399 1312 440 pudore
1326 400 1455 432 suﬂ‘usus
1470 404 1525 442 est,
1543 409 1610 433 cum
1635 402 1763 434 haberet

940 444 971 474 in
986 443 1086 484 seipso
1112 443 1235 483 pudoris
1251 453 1360 476 nomen
1376 449 1404 476 et
1417 446 1568 477 notionem
1587 457 1594 476 :
1611 446 1655 477 sic
1670 446 1759 478 etiam

941 488 1044 520 habuit
1067 489 1135 519 477
1151 489 1181 520 in
1197 488 1295 530 seipso
1323 490 1427 521 mortis
1449 491 1613 529 notionem,
1628 492 1760 532 quamvis

940 543 1003 565 rem
1015 533 1045 564 in
1060 533 1118 565 alio
1134 533 1266 565 nondum
1283 534 1414 566 vidisset.
1437 535 1534 572 Quare
1559 535 1664 567 merito
1681 536 1758 567 exti—

940 580 1004 610 nuit
1016 583 1151 617 mortem,
1175 588 1242 610 cum
1259 588 1326 610 eam
1363 579 1428 611 vitae,
1450 582 1627 612 contrariam
1644 590 1710 613 esse
1724 591 1761 612 ex

939 623 1033 664 ipsius
1049 623 1171 655 notione
1185 624 1290 655 sciret.

978 668 1107 704 QUIEST
1121 667 1206 700 XCII.
1223 668 1450 710 Qandoquidem
1466 670 1617 712 Scriptura
1630 672 1761 713 appellat

939 713 1038 744 udicia
1054 717 1083 744 et
1106 713 1354 755 justiﬁcationes,
1379 719 1410 746 et
1424 716 1593 747 testimonia
1606 720 1634 747 et
1649 717 1758 756 legem,

938 763 968 789 et
983 758 1121 790 mandata
1137 761 1166 789 et
1181 762 1338 799 praecepta:
1356 763 1453 791 utrum
1469 759 1556 791 ambo
1570 760 1762 793 eademinter

939 813 983 840 se,
1013 812 1051 834 an
1079 803 1229 844 propriam
1268 807 1427 845 utrumque
1459 804 1607 837 rationem
1641 805 1760 844 habeat,

910 846 928 870 Β
940 847 1044 879 edoce.

980 892 1083 924 RESP.
1105 892 1221 924 Iudicia
1248 897 1331 924 vocat
1354 895 1575 935 sermones,qui
1597 894 1760 926 faciendae

941 937 1086 978 fugiendis
1100 941 1308 978 secernunt,ac
1322 938 1476 979 praemium
1496 939 1674 971 obedientiae
1689 949 1764 971 con-

941 983 1077 1019 stitunnt;
1089 982 1317 1023 justiﬁcationes
1341 983 1417 1014 dicit.
1437 984 1621 1024 judiciorum
1637 985 1761 1026 aequita-

942 1031 1013 1065 tem,
1028 1036 1093 1068 quae
1106 1036 1159 1068 pro
1172 1036 1232 1058 uno
1246 1027 1359 1058 meritis
1371 1038 1614 1070 unumquemque
1624 1038 1763 1061 remune-

940 1077 996 1105 rat.
1013 1075 1122 1113 Legem
1138 1071 1211 1103 dicit
1224 1072 1365 1113 scriptam
1380 1073 1478 1104 omnis
1491 1073 1608 1105 Judaici
1622 1074 1720 1105 cultus
1734 1079 1763 1106 et

941 1118 1067 1150 instituti
1089 1117 1401 1158 comprehensionem;
1417 1118 1632 1157 testimonium,
1649 1128 1762 1160 propo-

940 1163 1026 1194 sitam
1043 1162 1100 1203 his,
1117 1162 1169 1203 qui
1196 1162 1291 1202 legem
1319 1167 1528 1204 susceperunt,
1546 1173 1598 1203 pro
1613 1163 1761 1195 actionum

942 1207 1057 1238 meritis
1071 1216 1106 1238 ex
1122 1206 1333 1238 benedictione
1348 1211 1397 1240 aut
1407 1216 1442 1239 ex
1455 1206 1663 1239 maledictioue
1678 1217 1761 1240 mer-

942 1253 1148 1293 cedem,quam
1157 1251 1271 1292 Moyses
1284 1251 1391 1283 coelum
1403 1256 1433 1284 et
1448 1256 1554 1284 terram
1566 1257 1758 1292 contestatus,

940 1296 1049 1328 Iudaeis
1078 1296 1133 1337 ipsi
1162 1295 1371 1327 obedientibus
1399 1301 1449 1328 aut
1470 1306 1530 1328 non
1553 1297 1761 1329 obedientibus

941 1345 1114 1374 eventurum
1129 1340 1257 1372 dicebat.
1281 1342 1433 1382 Praecepta
1458 1345 1489 1373 et
1512 1342 1650 1373 mandata
1664 1347 1760 1380 vocat,

941 1395 993 1418 eos
1004 1386 1077 1425 legis
1091 1395 1257 1423 sermones,
1274 1385 1325 1426 qui
1340 1386 1540 1428 praecipiendo
1548 1391 1577 1418 et
1592 1387 1759 1419 mandando

941 1432 1169 1473 pronuntiantur
1181 1440 1240 1462 non
1250 1430 1316 1462 sine
1325 1431 1542 1471 signiﬁcatione
1557 1431 1665 1464 divinae
1679 1432 1760 1465 illius

942 1475 1106 1517 potestatis,
1122 1475 1173 1516 qui
1187 1475 1250 1508 haec
1265 1477 1406 1517 praecepit
1420 1480 1450 1508 et
1465 1477 1625 1508 mandavit.

979 1610 1116 1647 QU/EST
1131 1610 1231 1643 XCIII.
1250 1610 1280 1643 Si
1295 1615 1378 1652 terga
1391 1611 1461 1644 caeli
1475 1612 1560 1653 aquis
1575 1615 1644 1644 sunt
1654 1622 1761 1653 grava-

78 1670 152 1687 τωτα
166 1657 252 1695 ὕδασι,
268 1659 355 1691 καθώς
370 1670 452 1698 φησιν
481 1660 498 1692 ἡ
527 1658 630 1698 Γραφὴ,
656 1658 720 1698 ὅπερ
734 1658 807 1690 τινὲς
831 1658 892 1698 ἔφα-

995 1655 1072 1686 sicut
1086 1656 1127 1687 ait
1141 1656 1288 1697 Sciptura,
1313 1656 1392 1698 quod
1421 1657 1543 1698 quidem
1573 1657 1681 1689 factum
1696 1667 1762 1689 esse

77 1715 129 1732 σαν
144 1703 280 1742 γεγονέναι
296 1702 339 1731 διὰ
359 1703 408 1737 τὴν
433 1702 540 1743 πυρώδη
568 1706 621 1731 τῶν
635 1704 780 1743 φωπτῆρων
794 1700 892 1742 oboluit,

983 1701 1076 1732 nnulli
1088 1700 1362 1743 dixerunt,propter
1371 1701 1488 1742 igneam
1498 1702 1688 1734 luminarium
1697 1703 1767 1734 sub-

78 1749 149 1778 ὥστε
165 1748 226 1781 τοῖς
243 1748 421 1786 ἐπικειμένοις
442 1749 487 1776 τὸν
518 1748 626 1787 οὐρανὸν
655 1748 824 1787 πιαινόμενον
839 1747 892 1786 (37]

987 1745 1090 1786 ntiam,
1105 1750 1136 1776 ut
1150 1746 1256 1777 caelum
1269 1747 1388 1787 injectis
1401 1747 1457 1777 sibi
1471 1746 1624 1787 irrigatum
1639 1758 1725 1789 aqus,
1748 1758 1766 1779 a

76 1792 164 1833 ὕδασι,
193 1796 228 1831 τῇ
256 1792 419 1832 ὑποκειμένῃ
449 1796 502 1821 τῶν
533 1793 681 1833 φωστήρων
710 1792 788 1833 φλογὶ
812 1792 892 1831 μένειν

983 1790 1078 1830 bjecta
1093 1790 1282 1822 luminarium
1294 1791 1413 1822 ﬂamma
1421 1796 1610 1832 permaneret
1623 1792 1765 1824 invictum

81 1838 243 1877 ἆχείρωτον,
266 1841 323 1869 πῶς
348 1839 371 1866 οἱ
398 1841 479 1866 ταῦτα
500 1836 624 1876 λέγοντες
655 1836 822 1876 ἀληθεύουσι,
850 1840 892 1866 τῶ·

988 1834 1136 1875 integrum
1154 1845 1161 1867 :
1178 1835 1327 1876 quomodo
1343 1835 1394 1877 qui
1406 1836 1463 1867 ista
1477 1836 1618 1877 allegant,
1635 1847 1703 1868 vera
1719 1839 1764 1869 lo-

77 1883 230 1922 φωστήρων
257 1882 305 1911 οὒκ
320 1882 347 1910 ἐν
368 1886 407 1920 τῷ
431 1884 544 1922 οὐρανῷ,
577 1881 636 1910 ἀλλ’
659 1883 710 1911 ὑπὸ
733 1883 778 1911 τὸν
795 1884 892 1923 οἱρανὸ·

986 1883 1088 1917 untur,
1110 1889 1178 1911 cum
1201 1880 1297 1911 stellae
1324 1889 1384 1911 non
1398 1880 1429 1911 in
1445 1881 1533 1912 coelo.
1549 1882 1602 1913 sed
1618 1882 1676 1913 sub
1691 1883 1765 1914 caelo

80 1926 246 1965 κινουμένων
259 1936 268 1967 ς
285 1928 313 1956 Εἰ
325 1926 352 1955 δὲ
376 1927 484 1960 τούτους
514 1927 542 1956 ἐν
563 1931 602 1964 τῷ
618 1929 720 1965 οὖρανῷ
734 1927 847 1967 λέγομεν
863 1928 890 1956 εἴ

983 1934 1064 1956 rsum
1077 1934 1163 1956 suum
1179 1924 1315 1956 teneant?
1328 1926 1381 1956 Sin
1396 1925 1462 1957 illas
1477 1926 1508 1957 in
1523 1926 1598 1957 coelo
1608 1935 1674 1958 esse
1690 1927 1768 1959 dica-

77 1983 135 2011 ναι,
153 1975 210 2004 πῶς
239 1971 290 2006 τὴν
322 1972 464 2006 κινητικὴν
491 1971 624 2012 ἐνέργειαν
648 1972 751 2012 ἔχουσι,
767 1975 813 2001 τοῦ
828 1972 890 2013 οὖρα

983 1980 1021 2008 ιε,
1038 1971 1185 2011 quomodo
1201 1969 1259 2001 vim
1284 1974 1313 2001 et
1337 1974 1434 2001 actum
1465 1971 1603 2002 motionis
1619 1971 1767 2013 obtinent,

81 2018 139 2045 νέου
162 2017 286 2055 σώματος
314 2018 345 2046 τὸ
374 2017 498 2051 ἀκίνητον
525 2017 664 2057 ἕχοντοςς
688 2017 716 2046 Εἰ
745 2016 772 2045 δὲ
799 2017 845 2046 σὺν
866 2021 892 2053 τᾷ

987 2025 1013 2046 rn
1026 2015 1094 2047 caeli
1107 2024 1215 2046 corous
1239 2014 1393 2046 immobile
1420 2015 1472 2047 sit?
1487 2015 1571 2052 Quod
1588 2016 1614 2047 si
1629 2026 1686 2047 una
1701 2027 1768 2049 cum

78 2064 184 2100 οὖρανῷ
199 2062 232 2090 τὰ
248 2060 330 2099 ἄστρα
345 2061 473 2100 λαμϐάνει
487 2062 536 2096 τὴν
559 2061 675 2100 κίνησιν,
705 2065 766 2094 πῶς
779 2064 826 2091 οὒκ
840 2061 892 2096 ἆλη

983 2060 1033 2099 :lo,
1046 2069 1131 2091 suum
1148 2064 1261 2091 motuin
1277 2059 1445 2101 perﬁciunt,
1461 2061 1610 2101 quomodo
1624 2071 1694 2092 vera
1709 2072 1770 2093 non

75 2107 147 2136 θεύει
178 2108 192 2135 ὁ
220 2113 335 2146 σφαῖραν
360 2108 407 2135 τὸτ
435 2107 544 2146 οὗρανὸν
569 2107 773 2147 προσαγορεύων
797 2107 878 2145 μῦθος

983 2110 1003 2143 t,
1019 2114 1084 2146 quae
1095 2105 1201 2136 ccelum
1217 2104 1337 2145 globum
1355 2105 1491 2136 nominat
1517 2105 1630 2137 fabula?
1646 2106 1699 2138 Sin
1713 2107 1771 2138 hoc

79 2152 111 2181 Ei
127 2150 153 2179 δὲ
176 2155 254 2180 τοῦτο
284 2152 334 2189 μὲν
362 2151 491 2191 ἀπρεπὲς,
507 2152 538 2180 τᾶ
559 2150 587 2179 δὲ
603 2151 751 2191 προλεχθὲν
772 2153 830 2191 περῖ
854 2153 890 2180 τῶ

983 2150 1167 2196 μηνιιυοιίιτιι,
1197 2149 1234 2181 de
1263 2149 1358 2181 stellis
1387 2155 1484 2181 autem
1500 2149 1542 2189 id,
1560 2151 1638 2191 quod
1657 2151 1770 2183 dictum

78 2197 230 2236 φωσεήρων
253 2199 348 2230 νοῆσαι
375 2196 529 2233 ἀκόλουθον,
554 2195 612 2228 πῶς
637 2196 686 2225 οὐκ
701 2195 837 2236 ἄχρηστος
852 2202 892 2224 τω

983 2201 1003 2234 t,
1014 2195 1181 2235 intelligere
1196 2199 1428 2226 consentaneum
1449 2199 1495 2226 est
1511 2204 1518 2226 :
1545 2196 1693 2236 quomodo
1710 2206 1769 2228 non

77 2241 138 2268 ἅνω
160 2239 261 2269 ὑδάτων
279 2242 296 2275 ἡ
318 2241 442 2272 σύστασις
460 2251 467 2279 ;
494 2241 533 2271 τίς
562 2239 588 2269 δὲ
603 2243 647 2269 καὶ
671 2241 738 2275 αὕτη
755 2241 781 2269 ἐν
796 2245 830 2279 τῇ
846 2253 905 2270 σον-

948 2240 1061 2272 inutilis
1075 2249 1202 2280 superna
1228 2239 1278 2270 illa
1304 2239 1348 2270 vis
1361 2239 1519 2280 aquarum?
1537 2239 1611 2276 Quid
1635 2250 1704 2272 vero
1721 2241 1773 2272 illa

82 2284 172 2320 τελείᾳ
184 2286 338 2325 γενήσεται,
353 2284 408 2313 ἅνω
437 2285 486 2323 μὲν
512 2285 566 2313 τῶν
587 2284 706 2322 δικαίων,
723 2286 796 2314 κάτω
811 2286 838 2314 δὲ
854 2288 891 2314 τὼ

983 2285 1037 2316 iam
1051 2284 1148 2316 futura
1162 2288 1208 2315 est
1220 2283 1487 2322 consummatione,
1503 2294 1570 2315 cum
1582 2285 1667 2324 justi,
1680 2286 1711 2317 in
1723 2295 1771 2317 su-

84 2328 254 2367 ἁμαρτωλῶν
282 2329 329 2361 τὰς
355 2331 408 2358 τῶν
437 2328 590 2367 μελλόντων
620 2328 682 2370 (38)
705 2328 818 2368 ἀμοιϐὰς
846 2331 892 2359 τότ

983 2329 1041 2366 tl‘lS,
1054 2332 1225 2369 peccatores
1239 2333 1350 2367 autem,
1367 2328 1398 2359 in
1414 2328 1528 2370 inferis,
1544 2328 1688 2360 factorum
1699 2339 1771 2371 per—

75 2373 233 2412 μελλόντων
248 2375 399 2410 κομίζεσθαι
417 2383 425 2412 ς

120 2417 328 2450 ἈΠΟΚΡΙΣΙΣ.
355 2418 411 2448 Κᾶν
431 2419 483 2447 ὑπὸ
505 2419 550 2447 τὸν
578 2419 687 2459 οὐρανόν
710 2419 774 2447 εἶσιν
803 2420 826 2449 οἱ
849 2432 907 2460 φω-

75 2463 185 2504 στῆρες,
209 2463 269 2493 ἄλλ’
285 2463 303 2498 ἢ
332 2464 399 2505 φορὰ
422 2466 471 2497 τῆς
501 2465 553 2492 τῶν
577 2463 701 2504 πυρωδῶν
717 2463 805 2497 οὐσίας
832 2466 910 2507 (39),

123 2529 186 2570 (35)
205 2526 271 2560 ’Υπὸ
287 2534 353 2563 τῶν.
370 2529 459 2563 Dccst
473 2531 562 2571 λόγων
584 2534 636 2562 aut
649 2531 787 2571 ῥημάτων.

119 2570 184 2610 (36)
204 2571 359 2609 Δεξαμένων
392 2573 450 2604 τὸν.
477 2570 522 2603 Ila
548 2572 623 2611 Reg.

675 2570 729 2601 ὧῑὶ
759 2570 910 2609 δεξαμένων

955 2373 1065 2415 cipient
1083 2373 1271 2405 mercedem.

990 2418 1099 2451 RESP.
1117 2418 1247 2450 Tametsi
1262 2418 1419 2450 luminaria
1428 2418 1483 2451 sub
1500 2418 1574 2450 coelo
1589 2418 1771 2460 sunt,impe-

954 2470 1000 2497 tus
1016 2468 1115 2495 tamen
1129 2463 1380 2505 agitationis,quse
1391 2463 1496 2505 igneas
1509 2463 1686 2496 substantias
1701 2465 1771 2506 ciet,

953 2531 1054 2577 malls!
1066 2531 1234 2577 l““’“*‘“93a.
1243 2529 1274 2561 id
1288 2534 1332 2562 εει
1343 2530 1538 2577 easiest?“
1575 2571 1581 2577 .

991 2571 1057 2616 (38)
1072 2575 1130 2616 Τιῖτν
1152 2571 1319 2616 μελλύντωγ.
1342 2570 1436 2616 Legit~
1446 2570 1620 2616 Sylburgius
1634 2572 1771 2611 πρακτέων

75 2613 128 2647 τήν
158 2611 335 2642 Addendum
350 2613 443 2650 νόμον.
468 2611 532 2643 Mox
549 2610 608 2652 leg,
625 2611 656 2646 ἢν
672 2612 724 2652 τὸν
738 2612 849 2652 ,οὐρανὸν
866 2625 892 2640 κς

983 2612 996 2642 ηῙ
1012 2610 1196 2652 πραχθέντων.
1209 2610 1334 2652 Propius
1356 2612 1392 2642 ad
1419 2610 1602 2652 Scripturam
1618 2610 1772 2643 contextus

74 2652 128 2686 τὴν
143 2654 194 2693 γῆν
223 2653 237 2680 ὃ
267 2655 381 2686 Μωυσῆς
410 2651 781 2693 διαμαρτυρούμενοςηΡΙιιε
798 2653 892 2691 negoli

986 2652 1140 2693 cedemus,
1162 2651 1189 2682 si
1218 2651 1351 2690 μενόντων
1367 2651 1513 2693 legamus.
1529 2652 1670 2693 Actiones
1686 2652 1772 2683 bonas

75 2691 579 2734 facessitsequenslacuna.Forto
593 2691 753 2732 legendum
771 2693 825 2734 τῶν
841 2695 908 2734 κατὰ
950 2695 980 2723 et
992 2692 1076 2723 malae
1091 2695 1279 2734 permanent,
1297 2701 1410 2734 nosque
1423 2691 1455 2724 in
1473 2691 1599 2725 alteram
1614 2692 1702 2724 vitam
1717 2693 1772 2723 mi-

77 2733 162 2774 νόμον
177 2731 276 2771 λόγων.
294 2732 375 2772 Legit
398 2733 586 2774 Sylburgius,
613 2731 659 2762 τὶν
676 2733 745 2761 κατὰ
766 2732 892 2772 πρόστιξι

985 2737 1070 2764 antes
1090 2731 1283 2774 comitantur.

77 2772 172 2811 λόγον.

120 2811 183 2854 (37)
198 2812 384 2851 Πιαινόμενον.
402 2812 544 2855 Displicet
559 2822 595 2845 ea
604 2822 660 2845 vox
670 2812 838 2855 Sylburgio,
855 2814 906 2857 qui

990 2773 1052 2815 (39)
1068 2773 1176 2805 οὐσίας.
1193 2772 1276 2806 Idem
1292 2774 1399 2806 οὐσιῶν,
