1967 3076
129 103 138 134 l
145 101 205 133 365

481 102 727 140 ΟΗᾸΕΒΤΙΟΝΕΞ
748 104 796 135 ET
817 101 947 135 RESPOI

1036 101 1097 132 {ES
1117 101 1168 133 AD
1188 99 1451 132 ORTHODOXOS.

1730 99 1809 132 1366

123 172 270 205 τηκοττῆς,
301 170 328 199 ἐν
363 171 382 208 ᾗ
403 172 434 200 οὐ
447 169 571 208 κλίνομεν
592 170 666 209 γόνυ,
684 170 774 206 ἐπειδὴ
790 173 944 212 ἰσοδυναμετ

1036 177 1049 199 s
1066 167 1219 200 Dominica
1233 166 1398 199 secundum
1417 166 1534 199 allatam
1551 167 1590 198 de
1603 167 1659 199 hac
1673 167 1723 199 die
1734 177 1816 202 cau-.

123 218 156 253 τῇ
183 214 272 254 ἡμέρᾳ
307 217 357 249 τῆς
381 214 524 255 Κοριακῆς,
538 215 606 244 κατὰ
619 215 669 249 τὴν
683 215 808 254 ῥηθεῖσαν
823 220 882 259 περὶ
895 222 944 250 αὺ-

121 263 172 294 τῆς
187 260 285 290 αἰτίαν.

164 305 341 334 ἘΡΩΤΗΣΙΣ
353 304 438 342 Ρ1ζ’.
463 305 491 334 Et
507 303 680 342 ἀνιστάμενος
708 307 722 334 ὁ
739 308 876 342 Δεσπότης
893 310 946 339 ἀπὸ

120 353 169 379 τοῦ
197 350 337 388 μνήματος
365 350 398 378 τὰ
412 350 521 390 ὶντάφια
534 349 562 377 ὲν
579 353 618 387 τῷ
637 350 714 388 τάφῳ
732 351 870 393 κατέλιπε,
888 358 945 386 πῶς

123 394 193 430 μετὰ
213 395 263 427 τὴν
291 395 433 423 ἀνάστασιν
446 393 464 428 ἢ
490 395 590 433 γυμνὸν
623 395 701 423 αὐτὸν
716 396 838 435 ὀφθέντα,
854 397 872 432 ἢ
885 398 945 426 ὲτέο

123 439 206 478 ρωθεν
234 439 312 468 αὖτὸν
329 438 427 472 ἐσθῆτα
454 438 632 476 κομισάμενον
661 440 678 473 ἡ
694 441 784 480 Γραφὴ
804 441 856 481 οὔχ
871 443 945 470 ἱστο-

121 493 202 521 ρηπν
226 491 234 520 ;
259 483 287 512 Εἰ
321 481 349 511 δὲ
378 483 448 520 μήτε
477 482 602 522 ἑτέρωθεν
637 483 812 523 ἀμφιάσματα
835 485 942 526 εἴληφε,

123 527 192 564 μήτε
220 529 319 566 γυμνὸς
334 534 392 559 τοῖς
407 528 467 556 τότε
483 528 561 557 αὖτὸν
595 528 690 567 ὁρῶσιν
724 528 853 569 ἐφαίνετο,
888 534 946 563 πῶς

122 570 231 607 ἀληθὲς,
246 571 286 600 ὅτι
307 573 341 601 τὰ
355 572 448 610 ἱμάτια
463 571 491 600 ἐν
504 575 542 608 τῷ
562 572 637 613 τάφῳ
651 572 792 602 κατέλιπεν
817 585 825 613 ;

162 660 366 690 ἈΠΟΚΡΙΣΙΣ.
396 661 434 690 Τὰ
461 661 511 699 μὲν
534 661 627 699 ἱμάτια
654 666 701 690 τοῦ
723 666 860 703 Σωτῆρος,
877 665 946 702 μετὰ

124 706 154 734 τὸ
183 707 365 746 σταυρωθῆναι
390 706 470 734 αὐτὸν
507 706 530 734 οὶ
559 708 718 745 στρατιῶται
752 706 945 748 διεμερίσαντο·

123 751 158 779 τὰ
187 750 214 778 δὲ
242 749 302 787 μετ’
338 751 418 779 αὖτοῦ
430 750 611 790 εἶσειιεχθέντα
627 751 663 783 εἰς
680 753 725 780 τὸν
740 753 820 793 τάφον
846 753 918 793 (93),
934 755 946 783 ἐ

162 817 169 824 ,
196 819 204 826 ,
219 795 291 822 εαίαν
317 798 361 824 τοῦ
378 795 477 831 ζῶντος
507 794 678 830 ἀνεπιτήδεια
690 796 733 830 ἦν.
760 799 797 826 Τὰ
812 797 839 826 δὲ
855 799 945 836 ἱμάτια

126 838 143 867 ἃ
179 839 266 879 ἐφόρει
292 840 305 867 ὁ
323 840 415 880 Κύριος
437 840 505 877 μετὰ
531 839 580 873 τὴν
596 840 749 882 ἀνάστασιν,
767 842 785 876 ἢ
806 842 946 883 ἐδημιούρ-

125 895 219 922 γησεν,
238 884 253 918 ἢ
289 883 381 912 ἔλαϐεν
408 884 569 924 ἀλλαχόθεν,
587 885 622 916 ὡς
639 884 717 914 ἔλαϐε
735 888 779 916 καὶ
791 889 837 916 τὸν
856 888 946 917 πῶλον

125 929 162 962 εἰς
198 929 324 966 κάθισμα.
350 925 490 973 Ἐδιάτερον
506 930 556 969 γὰρ
571 928 693 966 ἠδύνατο,
717 933 802 961 καὶτὸ
817 933 947 973 δημιουρ-

127 976 207 1012 γῆσαι
223 1009 228 1016 ,
243 974 328 1002 καὶτὸ
342 972 436 1002 λαϐεῖν
450 972 611 1013 ἀλλαχόθεν.
631 973 740 1004 Πολλῶν
755 975 782 1004 δὲ
798 977 880 1006 ὄντων
894 972 947 1006 τῶν

125 1019 175 1046 ὑπό
204 1018 250 1046 τοῦ
277 1020 369 1057 Κυρίου
397 1017 559 1058 λεχθέντων,
589 1020 626 1046 ὧν
648 1019 665 1053 ἡ
697 1021 753 1049 θεία
783 1023 872 1062 Γραφὴ
900 1024 946 1054 τὰς

125 1063 239 1102 ἱστορίας
268 1065 298 1092 οὗ
327 1063 460 1103 περιέχει,
483 1063 510 1096 ἒξ
538 1063 655 1102 ἀνάγκης
672 1065 715 1093 καὶ
741 1065 772 1093 τὰ
801 1067 868 1103 μετὰ
899 1067 948 1101 τὴν

127 1107 271 1135 ἀνάστασιν
285 1106 416 1144 ἐνδύματα
431 1106 494 1147 (94)
520 1131 527 1138 .
554 1129 561 1137 .
586 1128 594 1136 .
609 1118 632 1134 ιν
653 1107 763 1147 εῧλογον
779 1110 811 1137 τὸ
823 1111 852 1138 ὲκ
879 1111 947 1139 πάν-

125 1162 178 1179 των
193 1151 358 1191 armatura?
385 1173 392 1181 .
417 1175 424 1183 ,
450 1174 458 1183 ,
477 1173 485 1181 ,
510 1151 840 1190 ἆνιστορήτουζητεῐντὴν
852 1156 946 1192 αἰτίαν,

126 1196 156 1223 03
180 1218 188 1226 .
215 1219 223 1227 .
246 1217 254 1225 .
271 1200 318 1224 τοῦ
341 1196 513 1235 ἀνιστορὴτου
535 1197 739 1232 κατασκευάζειν
764 1199 812 1232 τὴν
838 1199 948 1239 ἀπορίαν

127 1243 186 1282 περὶ
214 1243 260 1271 tofi
291 1241 433 1279 ἐνδύματος
467 1246 514 1271 τοῦ
542 1242 645 1281 Κυρίου,
661 1242 721 1271 ἀλλ’
737 1243 767 1272 ἐκ
795 1248 843 1277 τῆς
868 1245 948 1274 δυνα-

128 1298 201 1324 μεως
225 1289 305 1316 αντιτοῦ
331 1286 424 1315 λαϐεῖν
452 1288 501 1321 τὴν
529 1288 617 1316 πίστιν
645 1288 704 1326 περὶ
733 1294 778 1319 τοῦ
805 1289 947 1328 ἐνδύματος

127 1334 216 1363 αὐτοῦ.

166 1377 343 1407 ἘΡΔΤΗΣιΣ
373 1376 447 1409 PlZ'.
486 1377 515 1406 El.
544 1378 622 1415 σῶμα
636 1379 793 1419 παχυμερὲς
808 1381 890 1420 θυρῶν
904 1392 950 1409 κο-

125 1422 286 1459 κλεισμὲνων
302 1422 488 1460 κεκωλυμένην
505 1421 562 1462 ἔχει
578 1422 627 1450 τὶν
649 1423 773 1462 πάροδον,
797 1428 854 1456 πῶς
881 1426 949 1462 μετὰ

125 1470 175 1499 τὴν
189 1467 330 1495 ἀνάστασιν
361 1468 426 1507 πρὸς
454 1468 515 1498 τοὺς
530 1467 650 1504 μαθητὰς
666 1472 718 1496 τῶν
739 1470 822 1507 θυρῶν
841 1469 949 1498 κεκλει-

128 1512 232 1549 σμένων
261 1512 379 1546 εἰσῆλθεν
408 1513 421 1541 ὃ
452 1512 542 1551 Κύρὶος
559 1521 567 1548 ;
585 1511 660 1540 Ἀλλ’
675 1513 697 1541 εἰ
711 1513 758 1550 μὲν
783 1513 891 1554 ἀληθὲς,
909 1514 949 1542 ὅτι

986 223 1060 246 sam.

1027 302 1173 338 QUEST.
1186 301 1287 335 CXVI.
1303 302 1335 334 Si
1349 311 1510 342 resurgens
1532 303 1676 335 Dominus
1693 312 1729 334 ex
1740 312 1808 334 mo-

989 351 1180 378 monumento
1192 347 1300 379 linteos
1311 347 1340 378 in
1355 347 1491 388 sepulcro
1505 347 1637 388 reliquit,
1657 348 1806 388 quomodo

987 391 1070 422 illum
1089 397 1155 432 post
1168 393 1418 424 resurrectionem
1431 396 1482 423 aut
1493 391 1605 423 nudum
1622 393 1807 434 apparuisse,

987 440 1038 467 aut
1062 437 1182 468 aliunde
1205 437 1380 468 vestimenta
1402 438 1563 477 sumpsisse
1579 437 1733 478 Scriptura
1749 446 1809 469 non

987 481 1148 512 enarravit?
1163 481 1246 518 Quod
1261 482 1287 512 si
1302 491 1358 513 nec
1369 481 1489 513 aliunde
1498 482 1659 513 amiculum
1668 483 1807 523 sumpsit,

988 535 1043 557 nec
1060 526 1156 558 nudus
1172 526 1229 564 his,
1246 527 1295 566 qui
1310 535 1379 557 eum
1397 530 1466 559 tunc
1481 526 1628 567 viderunt,
1644 527 1782 567 apparuit
1799 538 1806 558 :

988 571 1136 611 quomodo
1153 580 1256 602 verum
1267 576 1312 602 est
1326 571 1502 603 vestimenta
1523 571 1606 602 illum
1622 571 1652 602 in
1668 572 1808 612 sepulcro

987 615 1162 655 reliquisse?

1028 659 1136 692 RESP.
1159 660 1317 692 Salvatoris
1341 659 1461 700 quidem
1484 660 1657 691 vestimenta
1686 661 1807 702 milites,

987 709 1140 746 postquam
1157 705 1239 736 illum
1259 704 1446 742 cruciﬁxere,
1461 705 1559 745 partiti
1574 709 1654 744 sunt;
1672 715 1738 746 quae
1753 715 1808 737 au-

989 755 1047 780 tem
1063 760 1129 781 cum
1146 759 1181 781 eo
1194 750 1224 780 in
1240 749 1410 790 sepulcrum
1427 749 1509 780 illata
1526 750 1645 786 sunt.ad
1660 760 1745 781 usum
1756 751 1807 790 _vi-

988 795 1083 825 ventis
1098 795 1205 826 idonea
1215 803 1273 826 non
1285 799 1380 826 erant.
1400 794 1471 831 Quae
1483 803 1555 825 vero
1572 801 1637 835 post
1653 804 1809 826 resurrec-

989 839 1099 870 tionem
1112 840 1256 870 Dominus
1272 839 1444 870 vestimenta
1454 839 1626 878 gestavit,ea
1636 839 1807 880 velcreavit,

989 883 1032 914 vel
1042 883 1162 915 aliunde
1170 884 1436 924 sumpsit,quemad
1442 884 1561 914 modum
1575 886 1605 915 et
1613 884 1723 924 pullum
1731 894 1810 916 sum—

991 930 1046 969 psit
1074 928 1121 959 cui
1152 928 1304 960 insideret.
1330 928 1493 969 Utrumque
1523 929 1603 959 enim
1628 932 1752 969 poterat,
1782 933 1811 960 et

989 982 1092 1004 creare
1108 978 1137 1004 et
1150 973 1271 1004 aliunde
1287 982 1416 1004 sumere.
1431 974 1503 1005 Cum
1521 977 1620 1005 autem
1645 974 1736 1005 multa
1750 974 1811 1006 sint

989 1018 1026 1049 de
1041 1017 1167 1049 Domino
1182 1017 1270 1055 dicta,
1287 1027 1412 1058 quorum
1437 1018 1589 1049 historiam
1607 1019 1706 1049 divina
1727 1019 1810 1050 Scri-

991 1067 1075 1103 ptura
1091 1072 1150 1093 non
1165 1063 1480 1100 continet,necessario
1491 1067 1519 1094 et
1530 1063 1639 1095 Christi
1654 1064 1813 1095 vestimen—

990 1112 1018 1138 ta
1028 1117 1095 1138 cum
1111 1107 1141 1138 in
1156 1108 1213 1138 hoc
1229 1116 1354 1138 numero
1377 1108 1516 1147 ponenda
1530 1108 1600 1145 sint,
1616 1117 1735 1148 aequum
1751 1118 1811 1140 non

990 1156 1034 1182 est
1049 1161 1083 1183 ex
1100 1156 1142 1182 tot
1157 1152 1258 1192 rebus,
1275 1161 1340 1192 quae
1351 1156 1476 1182 narratae
1496 1161 1554 1183 non
1569 1152 1742 1190 fuerunt,de
1757 1153 1812 1184 hac

991 1205 1049 1227 una
1063 1206 1180 1228 causam
1190 1205 1324 1237 qumrere
1339 1206 1392 1227 cur
1401 1200 1519 1227 narrata
1531 1206 1590 1227 non
1601 1196 1699 1228 fuerit:
1713 1205 1812 1237 neque

990 1251 1024 1272 ex
1037 1251 1071 1272 eo
1083 1241 1162 1282 quod
1179 1246 1296 1273 narrata
1312 1242 1377 1272 491
1396 1250 1456 1272 non
1472 1241 1572 1279 fuerit,
1585 1241 1728 1272 dubitatio
1743 1251 1812 1272 con-

990 1287 1088 1317 ﬂanda
1103 1287 1140 1317 de
1155 1286 1273 1318 Domini
1289 1286 1483 1324 vestimentis,
1502 1286 1554 1317 sed
1569 1295 1604 1316 ex
1620 1287 1685 1326 ejus
1701 1290 1808 1326 poten-

990 1331 1031 1362 tia
1045 1331 1118 1362 ﬁdes
1132 1332 1249 1363 Domini
1264 1332 1507 1363 vestimentorum
1524 1330 1698 1371 repetenda.

1030 1375 1176 1412 QUIEST.
1202 1375 1316 1408 CXVII.
1343 1376 1374 1407 Si
1402 1385 1511 1416 corpus
1535 1385 1669 1406 crassum
1699 1375 1813 1407 foribus

991 1421 1100 1452 clausis
1116 1421 1294 1461 prohibitum
1311 1420 1399 1452 habet
1411 1420 1741 1461 ingressum,quomodo
1749 1424 1815 1461 post

991 1467 1241 1496 resurrectionem
1257 1466 1293 1496 ad
1309 1466 1472 1506 discipulos
1491 1466 1591 1505 januis
1614 1465 1720 1496 clausis
1733 1466 1814 1496 venit

991 1511 1235 1547 Dominus?Quod
1247 1511 1273 1542 si
1289 1520 1388 1542 verum
1402 1515 1446 1542 est
1462 1510 1490 1541 id
1508 1511 1586 1551 quod
1602 1510 1715 1541 foribus
1726 1510 1812 1541 clau-

129 1558 159 1584 τὸ
189 1556 382 1595 κεκλεισμένων
411 1557 463 1585 τῶν
497 1556 579 1595 θυρῶν
609 1555 682 1585 ἔνδον
708 1558 842 1597 ὁρώμενον
871 1563 947 1597 σῶμα

1052 1555 1130 1586 intus
1147 1556 1240 1587 visum
1261 1560 1317 1593 est,
1329 1556 1420 1587 fuisse
1436 1565 1554 1596 corpus,
1571 1555 1720 1596 quomodo
1735 1555 1813 1596 lapis

125 1601 270 1641 ἐτύγχανε,
287 1603 344 1633 πῶς
374 1603 388 1630 ὁ
416 1601 486 1633 λίθος
516 1602 530 1629 ὃ
552 1604 590 1637 τῷ
613 1605 768 1640 Δεσποτικῷ
784 1602 948 1641 ἐπικείμενος

127 1647 247 1684 μνήματι
269 1647 320 1675 ὑπὸ
345 1650 393 1676 τοῦ
420 1645 536 1686 ἀγγέλου
570 1645 732 1680 ἁπεκυλίσοη
748 1646 790 1675 διὰ
804 1647 854 1681 τὴν
869 1649 949 1678 αὖτοῦ

125 1702 172 1720 τοι)
199 1691 324 1729 σώματος
360 1690 486 1730 ἕγερσινς
515 1689 577 1719 εἰδὲ
602 1689 723 1724 ἀληθεύει
740 1692 756 1725 ἦ
780 1693 869 1732 Γραφὴ
891 1694 950 1733 περὶ

126 1737 174 1769 τῆς
189 1739 241 1765 τὼν
255 1738 338 1775 θυρῶν
373 1736 486 1775 λέγοντα
513 1735 651 1773 κλείτειος,
666 1735 747 1769 δῆλον
762 1736 802 1765 ὅτι
818 1737 847 1766 οὗ
858 1741 948 1775 σῶμα,

127 1780 196 1808 ἀλλὰ
224 1782 326 1818 πνεῦμα
350 1780 481 1815 εἰσῆλθεν.
514 1781 542 1809 Εἰ
565 1779 593 1807 δὲ
608 1781 638 1808 τὸ
667 1784 746 1818 σῶμα
775 1782 840 1810 ποτὲ
855 1782 904 1819 μὲν
917 1783 951 1817 ἧν

126 1829 217 1862 σῶμα,
247 1827 313 1855 ποτὲ
339 1825 366 1854 δὲ
394 1827 498 1863 πνεῦμα
512 1825 625 1864 ἐγίνετο,
655 1828 712 1857 πῶς
727 1826 788 1866 οὒχὶ
803 1827 904 1866 τροπὴν
919 1828 952 1855 τὰ

129 1872 177 1905 τῆς
194 1875 240 1899 τοῦ
255 1871 379 1909 σώματος
394 1870 482 1901 οὐσίας
504 1869 613 1910 ἐδέχετο
630 1879 638 1907 ;

168 1915 372 1945 ἈΠΟΚΡΙΣΙΣ.
401 1911 508 1950 "dum:
524 1915 553 1943 οὗ
567 1915 636 1943 κατᾶ
651 1915 699 1948 τὴν
720 1917 752 1944 ἑκ
766 1917 813 1944 τοῦ
827 1916 951 1953 σώματος

127 1961 164 1991 εἱς
194 1961 224 1988 τὸ
247 1964 350 1998 πνεῦμα
369 1961 469 2000 τροπὴν
495 1960 687 1998 περιεπάτησεν
703 1961 717 1988 ὸ
728 1959 825 2000 Κύριος
846 1961 887 1989 ἐπὶ
901 1962 951 1996 τὴν

990 1601 1145 1632 Dominico
1163 1600 1318 1641 impositus
1334 1605 1526 1632 monumento
1547 1601 1583 1631 ab
1599 1600 1703 1640 angelo
1725 1610 1813 1631 revo-

991 1645 1070 1676 lutus
1087 1649 1133 1676 cst
1155 1649 1276 1686 propter
1289 1645 1382 1686 ipsius
1397 1645 1530 1686 corporis
1545 1645 1814 1676 resurrectionem?

991 1690 1042 1722 Sin
1053 1695 1152 1721 autem
1165 1699 1265 1722 verum
1282 1695 1326 1721 est
1341 1690 1421 1730 quod
1444 1690 1518 1721 dicit
1541 1690 1695 1730 Scriptura
1706 1690 1816 1729 januas

992 1735 1084 1766 fuisse
1099 1735 1415 1772 clausas,manifestum
1429 1739 1473 1766 est
1488 1744 1546 1766 non
1561 1744 1681 1775 corpus,
1695 1735 1747 1765 sed
1756 1734 1815 1775 spi-

992 1779 1083 1810 ritum
1100 1779 1266 1819 iugressum
1283 1779 1401 1810 fuissse.
1414 1779 1473 1810 Sed
1496 1779 1521 1810 si
1540 1787 1649 1819 corpus
1663 1779 1735 1809 alias
1748 1788 1817 1809 cor-

995 1834 1049 1865 pus
1065 1824 1222 1861 erat,alias
1232 1824 1353 1864 spiritus
1368 1823 1467 1862 ﬁebat,
1484 1825 1633 1864 quomodo
1646 1833 1706 1855 non
1720 1827 1817 1854 muta~

996 1874 1023 1900 ta
1040 1869 1175 1909 corporis
1189 1869 1334 1900 essentia?

1035 1913 1400 1951 RESP.Quemadmodnm
1418 1923 1476 1944 non
1488 1914 1622 1954 corporis
1635 1915 1664 1945 in
1680 1915 1818 1955 spiritum

995 1959 1156 1990 mutatione
1170 1958 1331 1990 ambulavit
1343 1959 1485 1989 Dominus
1501 1968 1594 1999 super
1610 1959 1761 1996 mare,sed
1775 1959 1819 1990 di-

127 2004 272 2042 θάλασταν,
301 2005 370 2034 ἀλλὰ
390 2009 424 2044 τῇ
446 2006 502 2041 θείᾳ
515 2005 594 2033 αὖ)τοῦ
605 2003 711 2042 δυνάμει
735 2006 818 2043 βατὴν
840 2006 947 2040 ἐποίησε

1036 2014 1058 2034 ιιι
1072 2014 1125 2035 sua
1141 2008 1284 2044 potestate
1299 2003 1520 2044 imperviumad
1528 2003 1742 2034 ambulandum
1759 2013 1821 2035 ma-

129 2051 179 2083 τὴν
209 2051 245 2082 εἰς
260 2051 435 2090 περιπάτησιν
460 2050 556 2079 ἄϐατον
579 2048 712 2078 θάλασσαν
741 2053 771 2080 οὗ
799 2051 879 2089 μόνον
908 2056 946 2089 τῷ

1037 2049 1168 2089 pervium
1177 2048 1245 2079 fecit
1254 2058 1312 2079 non
1319 2057 1372 2079 suo
1387 2048 1549 2086 solum,sed
1564 2048 1651 2079 etiam
1662 2048 1744 2080 Petri
1757 2057 1824 2080 cor-

129 2095 224 2123 ἑαυτοῦ
254 2095 370 2132 σὼματι,
399 2095 467 2123 ἀλλὰ
494 2095 538 2123 καὶ
552 2098 590 2131 τῷ
610 2094 656 2122 τοῦ
679 2094 790 2134 Πέτρου,
814 2095 898 2127 οὕτως
921 2100 947 2134 τῇ

1038 2094 1117 2124 rizita
1125 2094 1223 2124 divina
1237 2103 1288 2124 sua
1305 2097 1448 2133 potestate
1460 2098 1488 2124 et
1503 2103 1519 2124 e
1536 2098 1728 2124 monumento
1738 2094 1820 2131 exiit,

130 2141 223 2168 ἑαυτοῦ
251 2141 306 2177 θείᾳ
326 2139 433 2178 δυνάμει
463 2140 507 2168 καὶ
535 2143 580 2167 τοῦ
608 2139 747 2176 μνήματος
778 2139 880 2180 ἐξῆλθε,
910 2145 947 2169 το”

1039 2149 1065 2169 m
1082 2139 1156 2179 lapis
1173 2143 1366 2169 monumento
1381 2138 1538 2178 impositus
1554 2138 1719 2178 esset,etad
1732 2139 1823 2170 disci-

130 2186 202 2213 λίθου
239 2184 407 2222 ἑπικειμὶνου
431 2189 469 2222 τῷ
493 2185 622 2221 μνήματι,
650 2184 694 2211 καὶ
709 2185 774 2223 πρὸς
791 2186 851 2218 τοὺς
864 2187 947 2223 μαθη-

1036 2183 1088 2214 1108
1103 2183 1290 2223 venitjanuis
1306 2182 1493 2214 clausis.Non
1509 2183 1588 2213 enim
1602 2187 1722 2223 propter
1730 2183 1823 2223 ipsius

131 2230 180 2261 τὰς
212 2229 316 2263 εἰσῆλθε
345 2233 397 2259 τῶν
425 2231 508 2268 θυρῶν
523 2227 732 2265 κεκλεισμένων,
743 2231 779 2258 Οὐ
793 2230 843 2269 γὰρ
854 2229 895 2258 διὰ
910 2230 944 2263 τὴ

1037 2228 1251 2259 surreetionem
1267 2228 1340 2268 lapis
1352 2237 1368 2258 e
1380 2231 1571 2258 monumento
1582 2227 1696 2258 ablatus
1710 2228 1823 2265 est,sed

132 2275 211 2305 αὒτοῠ
239 2275 341 2315 ἔγερσιν
370 2279 415 2304 τοῦ
444 2275 514 2303 λίθου
539 2274 568 2302 ἐχ
604 2277 649 2302 τοῦ
664 2274 805 2311 μνήματος
820 2275 947 2314 ἐγένετοΐ

1044 2271 1211 2303 videntibus
1222 2273 1431 2303 ostenderetur
1439 2272 1706 2303 resurrectio.Nam
1715 2282 1782 2303 cum
1792 2273 1824 2304 in

132 2320 278 2360 ἀφαίρεσις,
308 2319 377 2349 ἀλλὰ
401 2319 443 2348 διὰ
477 2321 508 2348 τὸ
537 2318 690 2353 δηλωθῆναι
716 2325 774 2350 τοῖς
804 2320 883 2358 ὁρῶσι
910 2320 947 2353 τὴ

1036 2317 1282 2349 onumentuillius
1293 2317 1413 2357 quidem
1428 2321 1525 2348 vestes
1533 2317 1716 2357 .quibuscum
1725 2318 1825 2358 sepul-

135 2405 191 2435 lica
201 2403 338 2435 traditio.
356 2403 446 2434 Multo
464 2402 563 2434 minus
579 2411 630 2433 eos
652 2401 896 2441 reprehendisset
914 2403 964 2441 qui

134 2444 251 2476 duobus
267 2447 317 2474 aut
333 2443 467 2483 pluribus
490 2443 597 2474 diebus
624 2442 724 2482 jejuni
740 2442 910 2474 manebant.
922 2442 964 2474 Hi

135 2494 205 2524 ergo
223 2484 278 2515 soli
292 2484 320 2514 in
333 2484 411 2514 illius
423 2483 688 2524 reprehensionem
708 2483 964 2524 incurrerunt,qui

135 2523 194 2556 non
221 2524 433 2564 exspectabant
447 2523 515 2564 galli
531 2527 665 2562 cantum;
681 2523 734 2564 sed
757 2523 839 2553 horis
862 2523 964 2563 viginti

134 2570 263 2610 quatuor
274 2563 290 2595 ἐι
301 2574 384 2610 coena
396 2563 662 2610 hesternaelupsis
677 2563 776 2609 cibum
793 2563 962 2610 sumebant.

136 2603 246 2637 Horum
262 2608 399 2636 accurata
414 2604 569 2644 diligentia
594 2603 626 2634 in
656 2603 738 2635 horis
768 2604 922 2644 nocturnis
938 2608 967 2635 et

136 2645 252 2676 diurnis
265 2645 459 2676 numerandis
467 2643 624 2676 confirmat
636 2644 664 2675 id
678 2644 756 2685 quod
775 2643 846 2685 dixi,
864 2645 966 2684 eosjc-

132 2685 212 2726 junii
227 2685 324 2731 legem
341 2685 384 2731 sic
401 2685 618 2731 interpretatos
627 2683 705 2731 esse,
724 2688 756 2731 ut
782 2683 861 2731 diem
880 2683 965 2730 suum

137 2723 196 2756 non
216 2723 412 2771 quadraginta
427 2723 519 2771 horis,
533 2729 565 2756 ut
577 2728 622 2771 est
639 2725 667 2755 in
685 2723 847 2771 textu,.sed
858 2723 964 2771 viginti

138 2764 265 2806 quatuor
275 2764 568 2806 metirentur.Neque
575 2765 654 2796 enim
664 2767 864 2806 numerantur
873 2764 963 2806 hora,

141 2804 191 2837 ubi
203 2806 302 2837 fervor
318 2806 457 2846 pracepti
470 2804 580 2836 lini—bus
589 2814 647 2836 non
659 2804 882 2835 coercetur.llis
890 2804 967 2846 adde

147 2854 306 2879 numerum
318 2845 584 2887 quadragenarium
599 2854 668 2877 cum
684 2853 824 2886 eo,quem
840 2845 968 2876 restitui-

1008 2412 1084 2437 mus,
1108 2402 1193 2433 facile
1208 2401 1360 2433 confundi.
1377 2401 1508 2442 Uterque
1533 2400 1612 2432 enim
1638 2401 1745 2432 litteris
1767 2411 1828 2433 non

1007 2443 1130 2488 multum
1147 2441 1384 2483 discrepantibus
1400 2442 1429 2473 in
1445 2441 1599 2473 codicibus
1628 2451 1699 2473 mss.
1725 2443 1827 2484 expri-

1006 2488 1104 2514 mitur.

1048 2523 1108 2562 (93)
1125 2524 1176 2552 τὸν
1193 2523 1286 2562 τάφον.
1300 2522 1461 2562 Sequentia
1477 2521 1632 2562 explentur
1648 2522 1774 2562 legendo
1792 2525 1828 2555 εἰς

1007 2564 1163 2604 ὐπηρεςίαν.
1178 2562 1257 2604 Infra
1278 2563 1324 2594 vel
1347 2562 1505 2604 legendum
1532 2566 1585 2604 τῶν
1605 2564 1655 2604 ὑπᾷ
1667 2567 1715 2604 τοῦ
1729 2564 1830 2604 ,Κυρίου

1007 2602 1146 2673 vimen.
1161 2603 1308 2643 λεχοέτων,
1320 2603 1364 2634 vel
1376 2603 1446 2634 illud
1455 2602 1592 2643 γεγονέναι
1608 2602 1831 2642 subintelligen-

1008 2656 1018 2673 ι
1030 2654 1089 2673 um.

1008 2654 1089 2675 uum.

1049 2684 1111 2722 (94)
1128 2682 1282 2721 Ἐνδύματα.
1301 2682 1350 2714 Sic
1371 2687 1463 2714 totum
1479 2683 1558 2714 hunc
1577 2683 1674 2714 locum
1688 2683 1817 2714 emendo

1005 2726 1048 2753 καὶ
1081 2725 1113 2752 τὰ
1148 2724 1215 2760 μετὰ
1254 2724 1302 2757 τὴν
1338 2724 1478 2752 ἂνοίστασιν
1510 2723 1624 2760 ὲδύματα
1658 2724 1829 2764 ἆνιστόρηται

1007 2764 1065 2802 ιῖτα,
1093 2764 1140 2793 οὔχ
1162 2763 1233 2791 ἔστιν
1260 2763 1366 2803 εῧὶογον
1392 2765 1423 2792 τὸ
1458 2764 1489 2792 ἐκ
1515 2764 1621 2792 πάντων
1649 2764 1831 2803 ἀνιστορήτων

1008 2799 1092 2842 μόνου
1117 2804 1211 2832 τούτου
1240 2799 1413 2846 ἀνιστορήτου
1445 2808 1538 2840 ζητεῖν
1573 2804 1622 2836 τὴν
1652 2799 1748 2842 αἰτίαν,
1778 2799 1832 2833 οὐδ’

1009 2847 1040 2874 ὲκ.
1055 2847 1112 2875 τοῦ.
