1967 3076
66 155 136 188 1389

407 159 656 196 ΟυίΕδΤΙΟΝΕδ
677 158 726 191 ET
749 159 881 191 RESPOP

950 160 1026 192 ΙΝΕΞ
1049 160 1098 190 AD
1121 159 1386 191 OR‘i‘HUquOS.

1664 158 1743 192 1390

103 223 302 257 ἈΠΟΚΡΙΣ[Σ.
325 226 374 266 Τὸ,
390 226 419 254 Τί
445 225 503 264 ἐμοὶ
517 226 559 254 καὶ
577 225 628 262 σοὶ,
644 225 718 264 γύναι
737 235 745 263 ;
768 225 797 254 οὗ
811 226 876 265 πρὸς

958 225 1064 257 RESP.
1084 225 1173 262 Illud,
1188 225 1266 262 Quid
1278 225 1355 256 mihi
1365 225 1458 257 ettibi
1467 227 1578 258 mulier
1591 228 1696 268 85,non
1705 229 1742 260 ad

61 267 195 302 ἐπίπληξιν
210 269 321 308 αἵρηται
351 273 386 308 τῇ
413 271 492 310 μητρὶ
521 271 571 298 ὑπὸ
599 274 645 298 τοῦ
658 270 796 308 Σωτῆρος,
810 269 878 298 ἆλλά

950 269 1156 309 )jurgutionem
1173 270 1283 300 dictum
1300 273 1344 300 est
1367 270 1452 301 matri
1468 280 1484 301 a
1510 271 1673 311 Salvatore,
1689 274 1742 304 sed

65 313 127 352 πρὸς
141 311 246 346 ἔνδειξιν
260 319 307 343 τοῦ
323 314 362 352 μὴ
378 315 461 354 ἡμᾶς,
488 314 581 353 φησίν,
609 314 680 342 εἶναι
695 314 754 346 τοὺς
783 313 879 342 ἀναδε-

64 357 199 396 δεγμένους
214 363 260 388 τοῦ
288 360 314 387 ὲν
341 362 380 396 τῷ
403 358 482 398 γάμῳ
506 358 713 397 ἀναλισκομένυ)
736 358 810 387 οἴνου
831 359 881 392 τὴν

66 402 181 441 φροντίδα
197 412 204 419 ·
222 402 296 440 ὅμως
322 405 352 431 [εκ
378 402 482 437 πολλῆς
499 403 616 442 ἀγάπης,
634 404 655 431 εἰ
671 402 767 441 θέλεις,
783 403 828 431 ἵνα
843 403 882 441 μὴ

68 445 144 485 λείψῃ
160 447 251 480 αὒτοῖς
266 449 353 485 οἶνος,
377 447 433 476 εἰπὲ
457 453 515 479 τοῖς
527 447 681 487 ὑπηρέταις,
698 447 744 476 ἵνα
758 448 882 483 ποιήσω-

67 502 108 519 σιν
128 492 142 519 ἃ
161 491 232 532 λέγω
246 493 352 528 αὖτοῒς,
380 493 422 520 καὶ
438 491 545 530 βλέψεις
561 491 601 520 ὅτι
616 494 645 521 οὒ
660 492 698 530 μὴ
723 491 820 530 λείψει·
833 493 882 520 αὖ-

68 542 124 569 τοῖς
138 538 211 569 οἶνος
229 544 236 552 “
254 536 319 576 ὅπερ
334 537 378 565 καὶ
400 537 431 575 γέ
439 548 518 576 1ονεν.
539 537 593 566 Οὔκ
616 535 646 564 ἂν
668 536 712 564 οὖν
740 535 807 569 λέξει
834 537 883 570 τὴν

65 580 164 620 μητέρα
181 580 340 618 ἒιτέπληξεν⁷
357 581 389 616 ἣν
404 588 462 613 τοῖς
490 580 576 620 ἔργοις
603 581 691 619 ἐτίμα.
709 580 754 609 Ἐν
769 580 795 608 δὲ
821 588 882 614 ταῖς

64 625 154 658 ἄλλαις
177 632 279 666 φωνατς
311 628 361 666 οὐχ
383 626 419 657 ὼς
449 625 601 664 ἀποστερῶν
623 625 672 659 τὴν
702 624 804 664 μητέρα
833 628 881 659 τῆς

64 671 213 711 πρεπούσης
237 671 329 709 τιμῆς,
359 671 427 699 ἀλλὰ
451 670 562 699 δείκνυσι
581 672 649 700 κατὰ
674 671 750 700 ποίαν
780 671 882 710 μητρό-

62 726 128 749 τητα
143 717 293 755 μακαριστή
321 717 392 744 ἔστιν
421 716 438 750 ἡ
464 715 605 754 Παρθένος,
631 716 659 744 Εἰ
686 716 735 754 γὰρ
751 717 764 744 ὸ
780 716 882 743 ἀκούων

61 761 108 788 τὸν
121 759 198 799 λόγον
214 763 260 788 τοῦ
276 763 341 788 Θεοῦ
368 760 413 788 καὶ
442 759 592 800 φυλάττων,
609 760 685 792 αὐτὸς
702 759 812 800 ἁδελφός
828 759 882 788 ἐστι

63 807 111 833 τοῦ
126 808 190 832 Θεοῦ
211 805 256 833 καὶ
282 804 383 844 ἀδελφή
413 805 456 832 καὶ
483 805 584 845 μήτηρ,
610 806 712 844 προσῆν
733 803 760 832 δὲ
776 807 809 842 τῇ
826 815 881 842 μη-

65 849 103 885 τρῖ
118 849 194 877 αὖτοῦ
209 849 343 889 ἀμφότερα
361 858 370 866 ⁸
396 847 477 882 δῆλον
500 848 540 876 ὅτι
557 849 623 877 κατὰ
638 849 735 882 ταύτην
757 850 805 882 τὴν
827 860 883 887 μη-

65 893 178 932 τρότητα
198 893 283 933 ἐχρῆν
312 893 497 932 μακαρίζεσθαι
528 893 578 927 τὴν
604 893 707 931 μητέρα
730 893 817 922 ανῦτοῦ.
849 895 884 923 Τὸ

64 938 115 977 γὰρ
138 937 243 966 ἀκούειν
266 938 312 966 τίιν
338 937 418 976 λόγον
442 940 488 966 τοῦ
503 939 568 966 Θεοῦ
582 939 625 966 καὶ
640 937 790 978 φυλάττειν,
819 939 883 974 ἁρε-

63 985 112 1015 τῆς
133 981 187 1010 ἔστι
209 983 255 1010 γαὶ
275 983 392 1017 καθαρᾶς
422 983 524 1022 ψυχῆς,
556 981 621 1016 ὅλης
650 983 715 1022 πρὸς
743 983 789 1011 τὸν
818 983 883 1012 Θεὸν

63 1027 225 1065 βλεπούσης.
257 1027 306 1056 Καὶ
335 1026 426 1060 ἐπειδὴ
469 1027 498 1055 οὐ
535 1027 585 1060 τὴν
613 1032 745 1067 τυχοῦσαν
770 1035 882 1067 γυναῖκα

61 1071 203 1104 ἐπελέξατο
215 1072 229 1100 ὁ
243 1072 308 1104 Θεὸς
324 1071 443 1111 γενέσθαι
459 1071 561 1111 μητέριο
589 1075 634 1100 τοῦ
663 1075 784 1112 Χριστοῦ,
815 1071 882 1101 ἀλλὰ

60 1118 111 1150 τὴν
126 1119 216 1145 πασῶν
232 1119 364 1155 γυναικῶν
390 1123 452 1148 ταῖς
475 1116 582 1155 ἀρεταῖς
611 1117 815 1157 ὑπερκειμένην,
839 1116 881 1145 διὰ

60 1161 137 1191 τοῦτο
150 1162 194 1189 καὶ
210 1162 223 1188 ὁ
240 1161 351 1200 Χριστὸς
379 1160 432 1189 ἀπὸ
460 1161 558 1195 ταύτης
587 1164 636 1195 τῆς
661 1162 756 1200 ἂρετῆς
772 1161 862 1190 ἐϐούλε
877 1178 881 1180 -

61 1217 92 1236 το
118 1205 304 1246 μακαρίζεσθαι
332 1206 380 1239 τὴν
410 1205 512 1244 μητέρα
541 1206 629 1246 αὐτοῦ,
660 1205 693 1234 δι’
722 1207 754 1241 ἦς
783 1205 882 1240 ἠξιώθη

63 1250 189 1290 παρθένος
212 1251 303 1290 μήτηρ
328 1250 461 1290 γενέσθαι,
493 1245 558 1279 ’Ὀτι
585 1245 626 1278 δὲν
643 1252 708 1290 πρὸς
732 1252 838 1289 ἀτιμίαν
866 1251 883 1285 ἢ

64 1296 196 1324 ἀπείθειαν
211 1295 309 1335 γονέων
331 1294 452 1333 οὐδαμῶς
479 1294 631 1334 ἐμφαίνεται
654 1297 668 1324 ὁ
695 1296 806 1336 Χριστὸς
834 1306 885 1324 πεο

64 1343 188 1374 ποιηκώς
204 1351 241 1376 τι,
271 1346 399 1380 μαρτυρεῖ
428 1342 528 1371 Λουκᾶς
553 1341 567 1368 ὁ
582 1340 784 1380 εὖαγγελιστὴς,
800 1339 885 1379 λέγων

63 1385 123 1413 πενὶ
157 1385 248 1425 αὐτοῦ,
285 1384 325 1412 ὅτι
361 1383 460 1418 κατέϐη
490 1384 557 1421 μετὰ
585 1384 686 1425 Ἰωσὴφ
715 1385 759 1413 καί
785 1385 885 1424 Μαρίας

63 1429 117 1458 ἀπὸ
160 1424 344 1468 Ἰερουσαλὴμ,
401 1429 445 1457 καὶ
494 1429 526 1462 ἧν
578 1424 792 1467 ὑποτασσόμενος
835 1430 884 1457 αὒ-

61 1480 121 1506 τοτς
126 1496 134 1505 .

921 317 952 358 ut
967 314 1150 353 ostenderet,
1168 323 1352 354 nequaquam
1376 323 1430 344 nos
1454 324 1531 353 esse,
1557 316 1664 357 inquit,
1692 317 1743 358 qui

922 357 981 388 vini
998 358 1025 388 in
1043 358 1153 398 nuptiis
1180 358 1374 389 consumendi
1402 368 1502 390 curam
1530 357 1740 400 suscepimus;

924 401 976 433 sed
993 406 1089 433 tamen
1107 412 1142 433 ex
1160 402 1302 442 singulari
1317 403 1497 442 charitate,si
1514 405 1609 443 vis,ne
1624 406 1743 438 deﬁciat

925 455 975 476 eos
990 447 1101 486 vinum,
1119 447 1166 476 dic
1183 446 1376 483 ministris,ut
1391 447 1498 479 faciant
1513 450 1694 489 quaidicam,
1708 461 1742 483 ac

924 489 1036 521 videbis
1052 501 1109 522 non
1126 491 1168 521 eis
1182 491 1350 522 defuturum
1358 491 1457 523 vinum
1475 503 1481 524 :
1499 493 1577 533 quod
1594 498 1623 525 et
1634 495 1742 527 factum

925 539 978 567 est.
992 535 1182 576 Nequaquam
1200 545 1269 574 ergo
1287 539 1410 567 matrem
1425 537 1523 568 verbis
1545 538 1742 579 objurgasset,

924 588 1010 619 quam
1027 579 1192 610 actionibus
1207 579 1333 611 colebat.
1355 581 1389 611 In
1415 581 1482 612 aliis
1496 587 1594 613 autem
1619 584 1742 616 vocibus

924 633 984 654 non
1000 629 1121 655 matrem
1139 630 1338 655 consentanea
1350 625 1464 656 honore
1475 626 1636 665 privat,sed
1648 633 1743 660 osten-

924 668 968 700 dit
983 668 1019 699 ob
1036 670 1152 709 qualem
1170 668 1270 699 matris
1282 668 1395 699 titulum
1412 669 1497 700 beata
1511 671 1549 702 sit
1563 673 1641 712 virgo
1671 683 1744 713 praa-

924 713 1137 744 dicanda.Nam
1153 713 1177 744 si
1193 713 1242 754 qui
1258 713 1338 744 audit
1354 714 1475 744 verbum
1493 715 1547 746 Dei
1563 721 1592 747 et
1615 719 1744 750 custodit

924 757 1008 803 illud,
1026 758 1118 803 frater
1130 763 1173 789 est
1189 758 1241 789 Dei
1254 764 1282 788 et
1295 767 1379 803 soror
1395 762 1423 789 et
1431 763 1573 800 mater,ac
1585 766 1744 803 utrumque

925 801 1019 833 inerat
1035 802 1120 833 matri
1137 804 1211 841 ejus,
1232 802 1417 833 manifestum
1431 808 1474 834 est
1491 804 1528 835 ob
1550 805 1626 837 hanc
1642 801 1744 838 matris

926 846 1076 876 notionem
1090 847 1180 886 ipsius
1196 851 1317 877 matrem
1341 846 1455 877 beatam
1473 847 1564 880 fuisse
1579 851 1743 889 praedican-

926 890 992 921 dam
1010 891 1082 921 Nam
1099 891 1202 922 audire
1217 891 1338 922 verbum
1354 891 1405 922 Dei
1422 896 1451 922 et
1461 894 1747 932 custodire,virtutis

926 939 970 965 est
986 939 1013 966 et
1028 945 1107 975 pum:
1118 937 1235 976 animm,
1252 945 1317 976 quae
1334 940 1393 966 tota
1408 936 1438 967 in
1451 937 1544 968 Deum
1560 939 1674 971 intenta
1689 945 1743 973 est.

925 978 960 1010 Et
974 981 1042 1019 quia
1057 990 1115 1010 non
1132 980 1295 1020 quamlibet
1306 981 1462 1012 mulierem
1474 982 1606 1022 elegerat
1620 984 1747 1023 Deus,ut

924 1023 1032 1055 Christi
1049 1029 1142 1056 mater
1158 1025 1311 1061 ﬂeret,sed
1328 1034 1473 1066 eam,qu:e
1488 1027 1629 1059 mulieres
1640 1038 1746 1060 omnes

923 1069 1077 1100 virtutibus
1093 1069 1263 1110 superabat,
1282 1074 1437 1109 propterea
1460 1071 1594 1102 Christus
1610 1074 1701 1104 voluit
1715 1077 1747 1105 ut

925 1119 1019 1144 mater
1033 1123 1083 1144 sun
1099 1114 1135 1144 ab
1143 1115 1197 1144 hac
1204 1113 1291 1145 etiam
1298 1114 1406 1144 virtute
1426 1114 1512 1146 beata
1524 1117 1744 1156 praedicaretur,

924 1167 977 1198 per
993 1168 1080 1198 quam
1096 1163 1275 1189 consecutus
1292 1162 1347 1196 est,
1381 1164 1411 1189 ut
1441 1160 1520 1199 virgo
1537 1166 1631 1192 mater
1649 1163 1744 1195 ﬁeret.

925 1201 1004 1233 Nihil
1027 1208 1123 1233 autem
1137 1212 1154 1233 a
1168 1203 1285 1234 Christo
1314 1203 1421 1233 factum
1448 1204 1586 1245 reperiri,
1603 1207 1679 1246 quod
1697 1212 1747 1238 aut

926 1248 1113 1278 contumeliae
1128 1248 1158 1278 in
1174 1252 1312 1288 parentes
1325 1252 1373 1278 aut
1387 1253 1500 1287 negatae
1515 1249 1693 1282 obedientiae
1708 1251 1748 1282 si-

925 1292 1145 1331 gniﬁcationem
1162 1292 1295 1330 haberet,
1309 1295 1432 1322 testatur
1447 1293 1540 1325 Lucas
1553 1295 1746 1335 evangelista,

927 1338 976 1378 qui
994 1338 1030 1368 de
1045 1338 1096 1368 illo
1112 1338 1192 1369 dicit:
1211 1338 1429 1377 Hierosolymis
1444 1338 1596 1371 descendit
1611 1349 1678 1373 cum
1694 1342 1747 1373 Jo-

925 1381 1013 1422 seplzo
1035 1386 1062 1413 et
1079 1382 1194 1422 Maria,
1212 1385 1243 1412 et
1258 1385 1327 1413 erat
1341 1383 1480 1414 subditus
1495 1383 1557 1415 illis
1567 1385 1609 1415 84.

104 1518 280 1547 ἘΡΩΤΗΣΙΣ
296 1518 376 1547 PAZ'.
407 1518 436 1546 Εί
460 1518 510 1557 πρὸ
530 1519 576 1547 τοῦ
599 1518 682 1559 τάφου
705 1520 722 1553 ἡ
740 1519 825 1558 Μαρία
840 1519 881 1546 τὸπ-

967 1514 1111 1551 QUIEST.
1130 1515 1295 1547 CXXXVII.
1313 1516 1344 1547 Si
1359 1520 1427 1548 ante
1448 1518 1630 1558 sepulturam
1655 1520 1748 1551 Maria

66 1562 164 1602 Κύριον
178 1566 217 1600 τῷ
232 1563 306 1602 μύρῳ
333 1562 454 1602 ἤλειψεν,
484 1564 566 1601 ἡμεῖς
595 1563 622 1591 δὲ
644 1565 690 1592 τοῦ
715 1564 813 1594 πάθους
842 1564 885 1592 καὶ

65 1609 116 1642 τῆς
145 1607 314 1640 ἀναστάσεως
340 1608 419 1635 αἰγτοῦ
444 1607 471 1635 ἐν
494 1611 533 1644 τῷ
561 1608 723 1646 βαπτίσματι
759 1607 885 1644 τελοῦμεν

64 1653 100 1680 τὰ
129 1651 259 1690 σύμϐολα,
275 1655 333 1684 πῶς
351 1653 455 1691 πρῶτον
477 1652 525 1690 μὲν
546 1652 626 1689 ἐλαίῳ
649 1653 792 1692 χριόμεθα,
809 1652 886 1680 ἕπει-

65 1708 101 1725 τα
124 1695 151 1725 δὲ
172 1697 205 1724 τὰ
231 1695 412 1736 προλεχθέντα
441 1695 468 1724 ἔν
492 1699 526 1734 τῇ
548 1695 716 1736 κολυμϐήθρᾳ
733 1695 887 1728 τελέσαντες

65 1740 198 1780 σύμϐολα,
225 1743 264 1779 τῷ
292 1741 367 1781 μύρῳ
388 1741 582 1781 σφραγιζόμεθα
609 1740 728 1781 ὕστερον,
757 1742 800 1770 καὶ
827 1742 886 1769 κατ’

62 1786 218 1814 ἔναντίωσιν
243 1787 297 1813 τῶν
325 1785 384 1824 περὶ
411 1786 457 1812 τὸν
492 1783 589 1824 Κύριον
628 1784 777 1824 γεγονότων
805 1789 888 1814 ταῦτα

61 1836 156 1859 ποιεῖν
182 1831 212 1859 οὗ
229 1830 382 1870 νομίζομεν,
408 1829 466 1869 εἴγε
494 1832 599 1868 πρῶτον
614 1830 628 1858 ὃ
646 1830 739 1870 Κύριος
759 1833 798 1867 τῷ
813 1831 888 1870 μύρῳ

59 1874 206 1914 ὖλείψατο,
223 1875 267 1904 καὶ
283 1875 390 1914 ὕστερον
408 1873 486 1903 ἔπαθε
505 1884 512 1915 ;
539 1875 598 1908 Πῶς
622 1873 650 1903 δὲ
672 1875 713 1903 καὶ
729 1876 760 1904 οδ
774 1876 884 1915 περιττὴ

56 1919 78 1954 ἠ
108 1919 198 1960 χρίσις
227 1924 274 1949 τοῦ
302 1918 390 1948 ἐλαίου
429 1919 603 1960 προσφέρεται
629 1927 688 1952 τοῖς
716 1920 884 1958 βαπτίζεσθαι

57 1963 218 2003 μέλλουσιν,
235 1963 293 2004 εῗγε
309 1963 383 2002 μόνῳ
399 1967 437 2002 τῷ
452 1964 527 2004 μύρῳ
541 1964 607 2005 πρὸς
629 1968 667 2003 τῷ
682 1964 757 1994 πάθει
773 1965 884 2005 ἒχρίσθη

54 2009 109 2041 σθη
125 2008 140 2036 ὁ
155 2006 251 2046 Κύριος
265 2016 274 2045 ;

102 2051 309 2084 ἈΠΟΚΡΙΣΙΣ.
329 2051 437 2088 Ἐπειδὴ
448 2051 465 2081 ἃ
479 2059 554 2082 ποιεῖ
570 2052 629 2094 (33)
675 2077 683 2085 .
728 2075 737 2084 .
779 2054 825 2082 τὸν
839 2054 884 2082 ὲν-

55 2097 215 2138 ταφιασμὸν
231 2097 298 2136 μετὰ
326 2098 372 2126 τὸν
394 2098 506 2127 θάνατον
534 2097 613 2128 αὒτοῦ
638 2105 712 2127 ποιεῖ
732 2098 779 2127 τοῦ
807 2098 887 2127 ἐντα-

55 2141 224 2182 φιαζομᾶνου
240 2151 248 2159 θ
277 2143 295 2177 ἡ
323 2141 349 2170 δὲ
374 2143 490 2182 μακαρία
520 2143 607 2183 Μαρία
629 2144 678 2183 πρὸ
703 2143 887 2183 τοῆιθανάτου

55 2175 168 2226 ipa}th
183 2187 230 2214 τὸν
261 2175 354 2226 Κύριον
373 2175 455 2227 (κατᾶ
477 2187 508 2215 τὸ
530 2175 725 2227 γεγραμμένον,
745 2175 782 2217 ’δ
797 2187 888 2221 ἐποίη-

928 1560 1085 1591 Dominum
1103 1567 1253 1598 unguento
1269 1561 1405 1602 unxit85,
1421 1571 1475 1593 nos
1490 1567 1588 1594 autem
1600 1565 1746 1604 passionis

928 1605 994 1650 ejus
1006 1605 1268 1636 etresurrectionis
1280 1605 1308 1635 in
1317 1605 1463 1646 baptismo
1476 1607 1661 1639 celebramus
1670 1618 1747 1650 sym-

927 1648 1063 1686 bola,cur
1075 1649 1201 1689 primum
1218 1650 1284 1680 oleo
1301 1651 1572 1689 ungimur,deinde,
1592 1648 1745 1694 postquam

929 1694 1069 1734 praedicta
1091 1694 1120 1724 in
1150 1694 1263 1724 lavacro
1292 1695 1508 1726 celebravimus
1532 1697 1675 1737 symbola,
1693 1708 1747 1728 un-

928 1743 1036 1778 guenlo
1052 1739 1172 1769 demum
1189 1739 1338 1778 ungimur?
1358 1740 1511 1776 Quomodo
1528 1741 1614 1772 nobis
1630 1743 1691 1773 haec
1702 1744 1746 1774 fa-

929 1791 997 1813 cere
1007 1792 1065 1813 non
1077 1782 1213 1813 videmur
1227 1788 1329 1813 contra
1339 1793 1426 1824 quam
1443 1785 1522 1816 circa
1534 1786 1692 1817 Dominum
1702 1785 1748 1818 fa-

928 1831 973 1858 cta
989 1827 1097 1862 suntsi
1113 1827 1233 1867 quidem
1250 1829 1344 1868 primo
1360 1829 1504 1860 Dominus
1521 1835 1671 1870 unguento
1688 1841 1746 1862 un—

928 1876 1005 1908 ctus,
1017 1871 1125 1902 deinde
1138 1881 1240 1912 passus
1252 1872 1466 1908 est?Quomodo
1478 1878 1577 1905 autem
1589 1884 1647 1906 non
1658 1876 1747 1907 etiam

925 1916 1035 1948 {rustra
1050 1915 1108 1946 olei
1124 1918 1222 1946 unctio
1249 1917 1405 1947 adhibetur
1420 1917 1615 1960 baptizandis,
1639 1920 1665 1950 si
1679 1920 1748 1961 qui-

927 1961 995 1992 dem
1007 1961 1069 1992 solo
1087 1964 1236 2000 unguento
1249 1961 1303 1991 sub
1317 1961 1484 2002 passionem
1501 1967 1608 1994 unctus
1627 1967 1671 1995 est
1684 1966 1747 1996 Do-

927 2006 1026 2037 minus
1038 2005 1054 2035 εἰ

967 2050 1076 2082 RESP.
1093 2048 1336 2090 Quandoquidem
1351 2060 1416 2091 quae
1426 2050 1560 2083 Ecclesia
1567 2052 1602 2083 ad
1614 2053 1745 2093 sepultu-

927 2104 990 2126 ram
1008 2095 1087 2133 l'acit,
1101 2104 1135 2125 ea
1148 2098 1213 2134 post
1228 2099 1353 2125 mortem
1369 2095 1450 2126 illius
1465 2096 1534 2127 facit
1553 2097 1603 2137 qui
1615 2099 1748 2138 sepultus

929 2140 994 2180 fuit,
1007 2139 1092 2170 beata
1102 2143 1199 2170 autem
1215 2140 1307 2170 Maria
1319 2140 1476 2170 Dominum
1493 2142 1575 2171 unxit
1585 2146 1653 2172 ante
1665 2152 1747 2173 mor-

929 2185 1082 2224 tem(si<:ut
1096 2183 1237 2223 scriptum
1249 2183 1398 2221 estzQuod
1411 2185 1479 2224 fecit
1489 2185 1604 2223 hosc,ad
1617 2187 1748 2227 sepultu-

54 2241 101 2270 σε,
136 2231 228 2271 φησὶν³
265 2230 345 2269 αὕτη,
374 2232 440 2271 πρὸς
472 2231 651 2271 ἐνταφιασμόν
680 2243 731 2270 μου
758 2231 881 2266 ἒποίησε¹

950 2238 998 2261 om
1009 2238 1104 2260 meam
1115 2229 1196 2267 fecit:
1207 2230 1358 2268 praevenit
1370 2231 1452 2260 enim
1462 2233 1494 2260 ut
1505 2236 1628 2270 ungere!
1641 2240 1748 2272 corpus

52 2274 227 2313 προλαϐοῦσα
270 2276 320 2316 γὰρ
355 2275 461 2316 ἐμύρισέ
502 2287 553 2314 μου
588 2277 618 2305 τὸ
661 2280 752 2315 σῶμα.
797 2278 832 2305 Τὸ
862 2278 889 2305 δὲ

51 2318 231 2360 προλαϐοῦσα
252 2320 310 2349 ἀντὶ
324 2324 382 2360 τοῦ,
399 2321 449 2360 πρὸ
475 2323 524 2349 τοῦ
548 2319 652 2354 δέοντος
674 2325 767 2361 καιροῦ
781 2321 888 2361 ἐμύρισέ

51 2375 109 2404 μου
139 2365 171 2393 τὸ
194 2364 284 2405 σῶμα)
303 2374 310 2382 ·
339 2364 381 2393 διὰ
406 2368 484 2394 τοῦτο
499 2364 557 2394 οὐδὲ
572 2366 671 2405 γίνεται
686 2365 745 2394 κατ’
761 2366 888 2395 ἐναντίω-

50 2421 110 2450 σιν,
129 2408 201 2438 ἀλλὰ
215 2410 246 2438 τὸ
262 2409 304 2439 ἐπὶ
334 2412 381 2438 τοῦ
407 2410 499 2449 Κυρίου
524 2411 635 2450 γεγονὸς
651 2411 701 2450 πρὸ
722 2416 768 2440 τοῦ
782 2414 887 2451 καιροῦ,

49 2457 138 2483 τοῦτο
162 2453 205 2482 ἐπὶ
226 2453 279 2482 τῶν
310 2453 512 2492 βαπτιζομένων
550 2455 654 2494 γίνεται
682 2456 710 2483 ὲν
737 2458 776 2491 τῷ
805 2453 889 2483 δέοντι

52 2502 158 2539 καιρῷ.
188 2499 320 2538 Χριόμεθα
345 2497 373 2526 δὲ
389 2502 428 2536 τῷ
441 2497 548 2536 παλαιῷ
569 2498 650 2536 ἐλαίῳ
674 2498 744 2537 (34),
771 2498 817 2527 ἵνα
845 2510 890 2539 γι.

930 2283 1028 2305 meum
1038 2274 1079 2303 86.
1098 2273 1172 2304 [llud
1188 2276 1284 2303 autem
1294 2274 1534 2314 praevenitﬁdem
1546 2274 1621 2306 valet
1633 2282 1749 2317 ac,ante

929 2319 1069 2349 idoneum
1078 2321 1194 2358 tempus
1203 2318 1399 2358 unxitcorpus
1410 2318 1696 2360 meum),propterea
1707 2322 1750 2351 ui~

929 2364 971 2395 hil
985 2364 1016 2394 tit
1030 2363 1108 2403 quod
1125 2362 1304 2394 contrarium
1322 2363 1371 2400 sit,
1388 2365 1439 2393 sed
1457 2364 1535 2403 quod
1552 2365 1631 2395 circa
1640 2366 1749 2396 .Domi-

930 2418 1000 2439 num
1015 2412 1083 2438 ante
1100 2411 1216 2447 tempus
1230 2407 1337 2437 factum
1356 2411 1414 2444 est,
1426 2408 1453 2438 id
1471 2409 1501 2438 in
1518 2408 1705 2449 baptizandis
1719 2412 1752 2441 ﬁt

931 2452 1119 2484 convenienti
1135 2456 1278 2491 tempere.
1296 2450 1442 2491 Ungimur
1456 2458 1553 2483 autem
1568 2455 1658 2485 veteri
1671 2455 1750 2496 oleo,

934 2502 965 2529 ut
975 2497 1082 2529 Christi
1098 2496 1428 2536 efﬁciamur,unguento
1440 2501 1538 2528 autem
1555 2497 1591 2528 ad
1610 2499 1749 2533 recorda-

51 2543 167 2581 νώμεθα
180 2543 287 2582 χριστοι
302 2550 310 2559 ⁸
327 2544 366 2580 τῷ
383 2541 410 2571 δὲ
439 2541 512 2582 μύρῳ
534 2543 600 2583 πρὸς
622 2543 770 2582 ἀνάμνησιν
784 2548 830 2573 τοῦ
845 2544 878 2578 τὴ

950 2544 1046 2574 ionem
1059 2540 1218 2573 Salvatoris
1232 2540 1408 2581 Christi,qui
1421 2542 1562 2581 unguenti
1578 2543 1749 2575 unctionem

96 2609 126 2633 8³
141 2610 229 2641 Joan.
243 2616 277 2647 ιι,
292 2608 324 2641 4.
365 2607 395 2630 ⁸⁴
406 2611 478 2640 Luc.
495 2617 528 2647 ιι,
542 2609 592 2642 51.

97 2673 165 2715 (33)
182 2675 274 2715 Ποιεῖ.
289 2673 461 2715 Supplendo
474 2673 630 2715 famast:
655 2674 704 2711 εἰς,
718 2672 882 2715 absolutam

46 2713 117 2746 suis
132 2713 267 2745 numeris
279 2713 456 2746 senténtiam
473 2713 663 2745 habebimus.
683 2713 763 2746 infra
778 2715 883 2754 legen—

46 2755 126 2787 dum
143 2754 259 2786 videtur
267 2754 309 2784 διὰ
325 2759 401 2784 τοῦτο
418 2754 490 2784 οὐδὲν
506 2756 606 2794 γίνεται.

89 2796 155 2837 (34)
172 2794 384 2837 Ηαλαυξυυέλαίῳ
402 2795 581 2837 rLegendum
611 2794 787 2837 existimavit
815 2796 880 2837 Syl-

42 2835 271 2881 burgiusdxlrcj:
287 2834 510 2881 Utattp‘sirnp‘lict'
524 2834 600 2881 aleo,
625 2835 705 2881 quod
720 2834 882 2881 oppglifur

43 2874 221 2917 unguento.
236 2874 381 2907 Observat
395 2874 443 2906 vir
456 2874 545 2914 longe
568 2874 771 2915 doctissimus;
787 2875 880 2908 Euse-

635 2607 662 2630 ⁸⁵
677 2609 778 2641 Matth.
794 2617 875 2642 xxvt.
917 2607 945 2630 ³⁸
959 2607 1049 2639 Marc.
1067 2615 1127 2644 xxv,
1146 2606 1175 2638 8.

926 2675 992 2706 bius
1009 2673 1166 2706 Reuaudot
1179 2673 1298 2714 Perpet.
1315 2673 1382 2704 Fid.
1400 2677 1472 2714 tom.
1488 2674 1748 2714 V,p.t49,oleum,

925 2724 993 2756 quo;
1009 2718 1182 2756 tinguuntur
1207 2713 1426 2756 catechumeni,
1447 2713 1632 2756 apud’Syros
1653 2715 1749 2756 vocari

925 2754 1073 2795 γαλίλαιον,
1092 2754 1120 2785 id
1137 2758 1181 2785 est
1207 2755 1296 2783 ἔλαιον
1311 2754 1509 2793 ἀγαλλιάσεως,
1527 2754 1593 2795 Qleo
1609 2754 1749 2795 exsulta-

921 2794 982 2827 πίε.
999 2794 1087 2835 Forte
1098 2803 1169 2833 ergo
1185 2794 1399 2835 scriptoriiste,
1421 2803 1511 2835 quem
1533 2794 1640 2835 Syrum
1657 2794 1750 2825 fuisse

923 2835 1017 2867 multa
1026 2834 1168 2873 indicant,
1186 2834 1340 2875 scripserit
1354 2834 1497 2875 Γαλιλαίῳ,
1509 2843 1546 2866 ex
1555 2843 1613 2875 quo
1628 2834 1748 2875 factum,

921 2875 1042 2909 inscitia
1055 2874 1255 2914 librariorum;
1273 2875 1380 2913 παλαιῷ
1393 2874 1485 2914 ἐλαιῳ.
