1967 3076
102 76 176 110 1397

453 80 698 117 ΟΰιΕὸΤΙΟΝΕδ
719 82 767 113 ET
790 80 902 113 RESPG

990 81 1022 113 ’Ν
1024 81 1068 112 ES
1089 81 1139 112 AD
1160 82 1424 115 ORTHODOXOS.

1702 84 1715 115 1
1721 83 1780 117 398

98 146 170 174 εἶναι
199 147 289 184 αὐτὸν,
327 148 370 177 καὶ
402 149 432 176 τὸ
464 147 548 187 ἔχειν,
582 146 651 175 ἐστὶν
681 147 745 187 ὑπὲρ
781 148 830 181 τὴν
855 148 900 176 σύν

990 151 1044 184 net,
1063 148 1101 178 ita
1111 147 1199 179 etiam
1215 147 1425 188 intelligendus
1438 153 1494 190 est,
1509 150 1539 181 id
1555 150 1633 191 quod
1647 151 1696 189 sit,
1706 155 1736 182 et
1749 151 1780 183 id

96 191 178 222 θεσιν,

138 234 314 265 ἘΡΩΤΗΣΙΣ
330 236 421 267 PME'.
452 237 481 266 El.
498 235 531 264 δι’
563 237 600 265 ὧν
624 238 642 271 ἡ
664 237 738 277 σάρξ,
764 237 805 265 διὰ
819 237 918 266 τούτων

97 279 140 308 καὶ
167 280 197 308 τὸ
226 281 297 318 αἷμα
340 281 501 318 συνίσταται,
535 280 577 309 διὰ
612 281 638 309 τί
666 281 716 315 τὴν
745 282 794 319 μὲν
822 282 919 321 βρῶσιν

95 326 145 358 τῆς
160 328 214 353 τῶν
229 326 305 361 ζώων
320 327 416 365 σαρκὸς
430 328 444 354 ὁ
467 326 531 357 Θεὸς
556 325 703 366 ἐπιτρέπει,
726 327 775 361 τὴν
789 325 816 355 δὲ
833 326 860 354 ἐν
880 329 919 363 τῷ

95 369 191 406 αἵματι
214 369 372 409 ἀπαγορεύει
400 370 551 408 μετάληψιν
570 380 578 408 ;
605 370 679 405 Πλὴν
700 370 791 411 κρέας,
820 370 916 410 λέγων,

95 412 122 441 ἒν
138 413 233 451 αἵματι
248 415 277 442 οὒ
292 415 420 454 φάγεσθε.

137 457 338 489 ἈΠΟΚΡΙΣΙΣ.
355 459 421 489 ’Ἵνα
447 461 491 489 καὶ
516 459 544 488 έν
564 460 650 498 τούτῳ
670 460 776 500 χωρίσῃ
803 461 876 498 ἡμᾶς
904 460 918 488 ὁ

96 504 160 537 Θεὸς
175 504 224 537 τῆς
250 508 303 533 τῶν
333 505 432 545 θηρίων
459 505 631 544 ὁμοιότητος,
647 506 700 534 τῶν
716 505 761 534 σὺν
775 507 809 544 τῇ
823 505 919 545 βρώσει

93 548 142 582 τῆς
157 549 253 588 σαρκὸς
269 548 425 578 λαπτόντων
449 550 491 579 καὶ
517 550 549 578 τὸ
571 550 654 588 αἷμα,
683 551 721 578 ὢν
749 550 797 581 τὰς
819 549 919 589 σάρκας

93 593 232 623 ἐσθίουσιν.

134 637 310 667 ἘΡΩΤΗΣΙΣ
329 638 425 676 ρας-ν.
444 640 474 668 Εἰ
504 639 517 668 ὁ
547 639 612 671 Θεὸς
630 639 674 667 επὶ
687 638 740 667 τῶν
755 637 842 672 ἀληθῆ
872 638 920 672 νὴν

94 681 202 711 ἔκϐασιν
219 682 393 722 ἐσχηκότων,
409 684 453 712 καὶ
467 683 510 712 διὰ
523 687 576 712 τῶν
591 682 653 723 παρ’
669 682 790 717 ’Ἕλλησι
801 683 920 721 μάντεων

93 727 125 756 τὸ
140 726 238 765 μέλλον
253 728 358 757 ἔσεσθαι
368 729 565 768 προεμήνυσεν,
580 729 694 762 ὁπηνίκα
706 727 766 768 (42)
782 726 919 761 ’Ἕλληνες

95 773 160 809 πρὸς
190 771 333 806 ’Ἕλληνας
360 772 535 814 διεμάχοντο,
565 773 696 805 πολλάκις
710 773 778 802 κατὰ
793 772 920 812 χρησμὸν

94 818 239 858 πράξαντές
254 830 292 859 τι,
308 819 345 847 ὢν
359 820 377 854 ἦ
392 819 448 848 θεία
464 819 553 860 Γραφὴ
569 819 619 853 την
633 819 725 859 πρᾶξιν
740 818 919 858 ἀπηγόρευσε,

93 866 146 892 τῶν
161 864 189 891 ἒν
210 866 244 902 τῇ
272 863 378 903 δευ-έρᾳ
407 864 500 893 πεύσει
528 863 658 902 κειμένων
683 863 777 892 δεινῶν
791 862 920 897 ἀπηλλά-

94 919 181 948 γησαν
199 917 208 945 ;
223 908 283 937 οῖον
311 908 354 937 ἐπὶ
383 909 431 947 μὲν
459 908 590 947 πολέμου,
613 909 650 941 ὡς
674 908 736 937 ὅταν
757 908 781 936 οἱ
797 908 864 936 ἑπτὰ
879 907 920 936 ἐπὶ

94 954 195 990 Θήϐαις
223 954 305 994 ἄρδην
332 954 382 993 μὲν
421 954 612 994 καταστρέφειν
640 955 691 988 τὴν
728 954 920 994 προρρηθεῖσαν

94 998 171 1027 πόλιν
199 998 312 1037 ἔμελλον
329 1009 336 1016 ·
370 999 584 1037 μαντευσαμένου
609 999 636 1027 δὲ
666 999 809 1039 Τειρεσίου,
826 1000 840 1027 ὁ
862 1002 919 1027 Με-

94 1044 198 1075 νοικεὺς
210 1044 279 1072 κατὰ
307 1044 338 1072 τὸ
361 1043 453 1073 δοκοῦν
480 1048 514 1081 τῇ
540 1044 662 1082 μαντείᾳ,
689 1044 783 1072 ἑαυτὸν
806 1043 919 1081 ἑτοίμως

94 1088 252 1129 κατέσφαξε,
274 1089 319 1117 καὶ
342 1088 424 1121 οὕτως
450 1089 519 1118 κατὰ
533 1089 583 1123 τὴν
608 1088 752 1128 πρόῤῥησιν
780 1088 828 1122 τῆς
851 1099 919 1126 μαν-

93 1133 176 1170 τείας,
193 1134 210 1168 ἡ
226 1133 275 1171 μὲν
290 1132 368 1166 πόλις
393 1132 517 1171 διεσώθη,
542 1135 566 1162 οἱ
588 1133 616 1162 δὲ
639 1132 759 1171 πολίμιοι
785 1133 837 1161 ὑπὸ
866 1134 919 1162 τῶν

95 1177 123 1206 ἐν
138 1181 172 1216 τῇ
198 1177 276 1206 πόλει
304 1177 470 1218 ἀνῃρέθησαν
487 1186 495 1193 ·
526 1179 570 1206 καὶ
598 1181 675 1207 τοῦτο
703 1178 752 1215 μὲν
788 1178 845 1217 περὶ
867 1180 920 1206 τῶν

95 1223 123 1251 ἓν
137 1221 268 1260 πολέμοις
284 1222 416 1263 τροπαίων
427 1223 456 1250 ἓν
467 1222 498 1251 ἐκ
512 1222 620 1252 πολλῶν
635 1223 703 1260 ἡμῖν
719 1222 838 1261 εἴρηται,

139 1268 339 1297 ἈΠΟΚΡΙΣΙΣ.
366 1267 400 1296 Ἦ
427 1270 511 1296 ποιῶν
536 1268 586 1301 τὴν
611 1265 683 1296 λύσιν
712 1269 765 1295 τῶν
786 1267 919 1304 ζητουμέ-

96 1324 160 1352 νων,
176 1315 279 1352 πρῶτον
297 1312 394 1352 ὀφείλει
409 1314 495 1341 θεῖναι
522 1312 556 1340 τὰ
584 1311 791 1352 ὁμολογήματα,
808 1313 868 1340 εἶτα
895 1311 922 1345 ἐξ

96 1358 183 1385 αὐτῶν
200 1357 362 1391 ποιήσασθαι
382 1356 435 1385 τῶν
463 1356 634 1394 ζητουμένων
661 1357 711 1390 τὴν
733 1355 820 1387 λύσιν.
837 1355 921 1385 ’Ἔστι

97 1401 126 1430 δὲ
147 1402 201 1430 τῶν
216 1400 437 1440 ὁμολογουμένων
463 1402 495 1430 τὸ
518 1400 563 1430 ἕνα
586 1401 657 1429 εἶναι
681 1400 746 1429 Θεὸν
761 1399 922 1440 δημιουργόν

960 192 1037 232 quod
1054 192 1171 230 habeat,
1189 192 1324 224 obtinere
1340 203 1428 234 supra
1444 195 1704 235 compositionem.

1000 236 1141 272 QUAEST.
1156 237 1264 268 CXLV.
1293 237 1322 269 Si
1354 247 1406 279 per
1430 248 1495 279 quze
1510 248 1588 277 caro,
1606 249 1662 279 per
1676 241 1780 272 eadem

961 285 989 310 et
1005 281 1124 321 sanguis
1139 282 1273 313 consistit
1292 293 1298 314 :
1329 292 1421 323 quare
1435 283 1515 315 Deus
1531 283 1628 315 carnis
1641 284 1780 316 animan-

961 325 1032 355 tium
1050 335 1131 356 esum
1159 327 1317 368 permittit,
1342 328 1441 358 carnis
1466 332 1564 359 autem
1582 327 1613 359 in
1639 330 1782 370 sanguine

959 379 1045 400 usum
1058 370 1225 402 interdicit?
1240 371 1389 412 Excepto.
1406 372 1512 413 inquit,
1527 373 1608 413 quod
1617 382 1738 406 carnem
1748 375 1782 406 in

958 416 1111 454 sanguine
1124 424 1183 446 non
1199 417 1358 448 comedetis
1371 417 1413 449 99.

999 458 1104 490 RESP.
1123 461 1160 490 Ut
1176 469 1210 490 ea
1225 470 1343 501 quoque
1355 471 1388 493 re
1399 461 1477 493 Deus
1489 471 1542 493 nos
1553 471 1570 494 a
1589 461 1721 494 ferarum
1738 462 1782 494 si-

962 502 1127 534 militudine
1138 510 1320 543 secerneret,
1335 515 1401 546 quae
1409 516 1476 537 cum
1487 508 1585 538 carnis
1597 516 1648 538 esu
1660 508 1782 547 sangui—

961 557 1028 578 nem
1044 547 1132 578 etiam
1148 548 1282 580 lambunt
1296 559 1412 589 eorum,
1429 559 1556 591 quorum
1573 551 1713 583 carnibus
1729 561 1782 583 ve-

961 597 1095 625 scuntur.

1001 636 1148 673 QUAEST.
1165 637 1290 670 CXLVI.
1320 639 1352 670 Si
1365 640 1445 671 Deus
1469 641 1498 672 in
1520 641 1567 679 iis,
1584 651 1649 681 quas
1662 650 1732 673 vere
1746 642 1783 673 ad

962 682 1072 712 exitum
1089 682 1232 722 perducta
1246 687 1325 721 sunt,
1345 683 1434 715 etiam
1452 694 1504 725 per
1520 684 1688 717 Graecorum
1704 690 1784 718 vates

962 726 1092 757 futurum
1106 727 1323 768 praenuntiavit,
1353 738 1444 768 quare
1465 739 1532 760 cum
1560 730 1655 762 Graeci
1670 739 1783 770 pugna-

933 793 950 817 Β
962 776 1028 802 rent
1043 782 1110 817 cum
1125 772 1252 817 Graecis,
1269 782 1348 814 swpe
1364 778 1516 815 postquam
1543 784 1577 806 ex
1593 776 1706 807 oraculi
1723 785 1786 806 mo-

962 818 1023 846 nitu
1039 816 1151 856 aliquid
1167 817 1278 856 fecere,
1295 818 1373 858 quod
1390 818 1488 850 divina
1505 819 1569 859 lege
1591 820 1711 851 vetitum
1727 824 1783 858 est,

962 861 1177 905 calamitatibus
1191 861 1222 892 in
1236 863 1368 893 secunda
1378 863 1612 904 interrogatione
1628 865 1730 905 positis
1745 865 1785 895 li-

961 904 1055 936 berali
1071 908 1162 936 sunt?
1178 905 1266 937 Velut
1281 907 1310 937 in
1334 907 1423 948 bello,
1439 918 1506 940 cum
1523 904 1637 949 septem
1654 908 1697 939 illi
1708 910 1786 949 apud

961 949 1079 980 Thebas
1096 949 1187 981 duces
1202 951 1335 982 funditus
1348 952 1520 992 praedictam
1535 953 1640 984 urbem
1653 954 1787 985 eversuri

962 999 1073 1033 essent,
1091 994 1206 1026 Tiresia
1221 1004 1397 1036 responsum
1419 997 1507 1029 dante
1531 998 1701 1029 Menoeceus
1717 1007 1787 1029 ora-

962 1039 1028 1070 culo
1042 1048 1155 1070 morem
1169 1040 1424 1080 gerens,seipsum
1437 1041 1533 1073 libens
1549 1043 1711 1083 interemit,
1726 1043 1787 1074 sic-

962 1093 1019 1124 que
1035 1084 1200 1115 secundum
1218 1085 1331 1115 oraculi
1347 1086 1516 1117 vaticinium
1533 1094 1650 1118 servata
1670 1087 1743 1119 urbs
1757 1091 1788 1119 et

961 1138 978 1159 a
993 1128 1107 1159 civibus
1118 1128 1292 1170 interempti
1305 1130 1518 1171 bos!es.Atque
1530 1132 1602 1163 illud
1615 1132 1746 1164 victoriae
1756 1132 1788 1163 in

961 1173 1039 1204 bello
1057 1178 1213 1214 reportataa
1228 1175 1395 1215 exemplum
1413 1185 1503 1207 unum
1517 1175 1554 1207 de
1570 1177 1670 1207 multis
1684 1177 1788 1208 attuli-

963 1227 1039 1249 IDUS.

1003 1263 1108 1295 RESP.
1140 1263 1198 1300 Qui
1225 1263 1403 1296 solutionem
1425 1265 1622 1305 quaestionum
1652 1266 1787 1307 suscipit,

962 1307 1033 1337 505
1049 1308 1075 1338 is
1091 1308 1186 1348 primo
1215 1318 1264 1339 res
1291 1309 1457 1350 exploratas
1483 1313 1614 1341 statuere
1638 1310 1738 1349 debet,
1755 1319 1789 1341 ac

963 1352 1073 1383 deinde
1090 1362 1128 1384 ex
1145 1353 1188 1384 eis
1211 1354 1408 1394 quaestionum
1438 1354 1614 1385 solutionem
1632 1355 1788 1395 perficere.

963 1397 1037 1428 Illud
1050 1402 1148 1428 autem
1165 1398 1196 1428 in
1225 1398 1316 1429 rebus
1344 1399 1506 1439 exploratis
1535 1403 1590 1437 est,
1615 1409 1707 1431 unum
1724 1409 1791 1431 esse

96 1457 126 1475 τε
155 1447 199 1475 καὶ
227 1446 380 1485 προνοητὴν
403 1450 450 1475 τοῦ
471 1445 573 1483 κόσμου
589 1446 701 1485 παντὸς,
726 1445 755 1474 ὃν
770 1444 902 1484 καταγγέλ

991 1451 1059 1473 eum
1089 1443 1225 1483 opiﬁcem
1252 1447 1282 1473 et
1301 1432 1532 1483 gubei'natarem
1557 1432 1649 1476 totius
1674 1445 1789 1482 mundi,

97 1491 187 1520 λουσιν
203 1491 230 1519 αἱ
245 1493 316 1519 θεῖαι
345 1492 399 1519 τῶν
427 1494 592 1531 Χριστιανῶν
618 1491 719 1530 Γραφαὶ
734 1489 823 1530 λόγοις
841 1491 902 1518 θείας

990 1496 1050 1518 iem
1065 1486 1174 1518 divinae
1186 1487 1424 1519 Christianorum
1441 1488 1602 1529 Scripturae
1621 1488 1720 1520 verbis
1734 1498 1790 1520 an-

98 1535 222 1573 δυνάμεσι
249 1535 521 1575 μεμαρτυρημένοις·
550 1535 612 1574 παρ’
641 1535 671 1563 οὗ
690 1535 745 1563 ἐστι
773 1538 826 1563 τῶν
852 1534 902 1573 μελ

990 1532 1100 1562 nntiant
1114 1532 1281 1563 divinarum
1297 1532 1438 1564 virtutum
1452 1533 1619 1565 testimonio
1631 1534 1792 1565 conﬁrma-

97 1581 199 1609 Mvtuw
214 1579 232 1614 ἦ
246 1591 275 1608 τε
290 1579 434 1620 πρόρρησις
449 1581 493 1609 καὶ
506 1581 524 1615 ἡ
540 1578 659 1612 ἔκϐασις.
669 1578 844 1609 Ἐκϐάλλουσι
859 1578 902 1607 δὲι

990 1587 1033 1618 s,a
1047 1586 1107 1617 quo
1125 1581 1168 1608 est
1185 1576 1348 1608 futurorum
1364 1577 1514 1618 praedictio
1530 1582 1558 1609 et
1568 1583 1704 1610 eventus.
1721 1579 1793 1610 Pro-

99 1625 198 1665 Γραφαῖ
213 1625 238 1652 αἱ
268 1628 360 1653 τοῦτον
384 1623 612 1664 καταγγέλλουσαι
634 1624 694 1657 τοὺς
717 1626 770 1652 τῶν
785 1623 902 1659 Ἐλλήνα

991 1622 1070 1652 ciunt
1086 1626 1184 1653 autem
1198 1622 1439 1663 Scripturae,quae
1450 1623 1532 1654 illum
1546 1623 1792 1664 praedicant,deos

96 1670 171 1701 θεούς
190 1677 197 1686 ’
220 1670 248 1698 Ei
270 1669 422 1706 ἀλλάξουσι,
453 1670 529 1710 φησὶ,
557 1669 600 1710 τὰᾼ
619 1669 681 1702 ἔθνη
703 1669 763 1700 τοὺς
788 1668 864 1701 θεοὺς
879 1669 902 1696 αἶ

994 1666 1192 1698 rmorumSi
1207 1667 1378 1704 mutabunt,
1392 1667 1498 1708 inquit,
1515 1672 1618 1709 gentes
1633 1669 1702 1700 deos
1710 1677 1790 1706 suos,

97 1718 151 1743 τῶν
167 1724 174 1732 ·
191 1715 247 1755 καὶ,
262 1715 340 1744 Αὐτοὶ
353 1715 401 1744 οὒκ
417 1715 467 1743 εἶσὶ
493 1715 559 1744 θεοί.
585 1707 633 1742 Ὠν
648 1712 676 1741 δὲ
693 1715 739 1743 οὒκ
754 1713 818 1741 εἰσὶν
834 1714 857 1741 οἱ
871 1714 899 1741 θε

990 1716 998 1742 t
1014 1713 1072 1752 ipsi
1085 1720 1146 1742 non
1162 1715 1234 1743 sunt
1249 1711 1295 1742 dii
1306 1707 1463 1748 ‘.Quoruin
1479 1707 1577 1743 autem
1593 1712 1637 1744 dii
1651 1722 1710 1743 non
1725 1717 1795 1745 sunt

96 1760 161 1796 θεοὶ,
178 1759 278 1788 τούτων
293 1759 352 1788 οὐδὲ
369 1759 392 1788 οἱ
408 1759 516 1796 μάντεις
542 1759 606 1787 εἰσὶν
630 1758 753 1792 ἀληθείας
772 1760 902 1798 προφῆται

991 1755 1023 1793 ii,
1041 1756 1148 1786 horum
1166 1765 1221 1786 nec
1237 1759 1317 1786 vates
1328 1756 1480 1797 prophetae
1496 1761 1564 1788 sunt
1582 1757 1722 1795 veritatis,
1738 1766 1794 1789 nec

96 1803 151 1833 οὐδ’
179 1804 197 1837 ἡ
220 1803 306 1832 αότῶν
329 1803 474 1844 πρόῤῥησις
503 1802 704 1843 ἁναπόδραστόν
731 1813 761 1831 τε
775 1803 820 1831 καὶ
834 1801 902 1836 ἆλτιθ

990 1809 1070 1831 arum
1102 1799 1258 1841 praedictio
1287 1800 1488 1832 inevitabilem
1517 1806 1547 1832 et
1576 1811 1679 1833 verum
1700 1801 1791 1838 habet

97 1848 156 1887 ἕχει
188 1848 238 1881 τὴν
267 1847 385 1879 ἔκϐασιν.
416 1847 527 1887 ’Ὥσπερ
541 1847 591 1887 γάρ
605 1848 654 1875 εἱσι
670 1847 773 1886 μακρὰν
787 1847 836 1880 τῆς
851 1845 902 1880 ἁλη

990 1845 1380 1881 ventum.Quemadmodum
1392 1845 1471 1876 enim
1489 1847 1590 1886 procul
1607 1850 1676 1878 sunt
1691 1856 1709 1877 a
1723 1856 1794 1878 vera

96 1892 170 1926 θινῆς
185 1892 323 1929 θεότητος,
340 1891 424 1924 οὕτως
442 1893 484 1920 καὶ
498 1892 546 1926 τῆς
563 1893 615 1920 τῶν
632 1891 784 1929 μελλόντων
800 1891 902 1931 προγνώ

990 1889 1089 1930 citate,
1106 1891 1146 1920 ita
1161 1895 1190 1920 et
1215 1899 1231 1920 a
1246 1890 1412 1920 futurorum
1429 1890 1669 1930 prtecognitione.
1683 1892 1716 1923 ln
1732 1901 1793 1932 pu-

97 1948 178 1968 σεως.
197 1935 263 1966 ’Ὅτι
277 1936 304 1965 δὲ
322 1936 384 1977 (43)
399 1937 442 1965 καὶ
457 1937 484 1966 ὲν
499 1940 533 1976 τῇ
548 1937 627 1977 μάχῃ
638 1939 692 1965 τῶν
705 1935 843 1971 Ἐλλήνων
858 1937 902 1975 πρὶ

990 1932 1034 1965 nis
1049 1939 1148 1964 autem
1165 1935 1334 1965 Graecorum
1346 1935 1488 1966 adversus
1499 1934 1627 1973 Graecos,
1648 1935 1698 1976 qui
1715 1937 1795 1967 mul-

99 1981 255 2022 ”Ελληνας,
283 1985 336 2010 τῶν
367 1981 555 2021 πολυτρόπως,
579 1981 695 2020 μα’λιστα
724 1981 825 2013 ἐντοῖς
840 1980 902 2009 πολε

993 1979 1095 2009 [ariam
1129 1978 1293 2018 praesertim
1319 1979 1349 2009 in
1374 1979 1471 2017 bellis,
1498 1979 1543 2010 usi
1568 1983 1638 2010 sunt
1653 1981 1795 2022 oraculis,

99 2038 176 2066 μοις,
190 2033 252 2059 ταῖς
279 2027 415 2064 μαντείαις
444 2025 635 2068 χρησαμένων,
658 2027 672 2054 ὁ
695 2029 748 2054 τῶν
763 2026 902 2065 Χριστιανὸ

990 2023 1206 2054 κὴτίειὶοηοτυιη
1220 2024 1313 2055 Deum
1342 2024 1491 2064 propriam
1508 2024 1647 2055 statuisse
1662 2025 1796 2056 volunta-

100 2072 166 2102 Θεὸς
188 2071 237 2105 τὴν
253 2070 319 2099 ἰδίαν
344 2070 441 2105 ἔστησε
457 2067 611 2109 βούλησιν,
628 2076 756 2110 μαρτυρεῖ
770 2070 819 2108 μὲν
833 2071 851 2104 ἡ
873 2081 902 2108 με

990 2077 1042 2101 3m.
1061 2071 1188 2115 testatur
1201 2072 1230 2099 et
1245 2067 1452 2115 Alexandri‘et
1463 2069 1542 2115 Darii
1556 2079 1794 2115 pugna,quorum

100 2127 141 2156 χη
158 2114 329 2155 Ἀλεξάνδρου
358 2117 402 2144 καὶ
433 2117 541 2155 Δαρείου
559 2123 566 2131 ·
597 2120 643 2144 τοῦ
664 2115 714 2153 μὲν
729 2115 858 2154 κρατύνας
880 2115 902 2143 τε

993 2113 1094 2143 lter-ius
1105 2112 1242 2143 vaticinia
1253 2113 1573 2150 conﬁrmavit,ullerius
1585 2114 1740 2153 subvertit;
1754 2119 1797 2146 te-

101 2160 239 2200 μαντείας,
272 2164 317 2189 τοῦ
345 2159 374 2189 δὲ
400 2161 570 2200 καταργήσας
588 2169 595 2175 ·
627 2165 756 2199 μαρτυρεῖ
779 2158 807 2186 δὲ
827 2160 872 2187 καὶ
886 2170 901 2188 τ

992 2162 1067 2187 tatur
1080 2161 1109 2188 et
1118 2157 1235 2197 Assyrii
1247 2167 1314 2188 cum
1327 2157 1392 2188 aliis
1405 2158 1505 2189 multis
1517 2167 1551 2189 ac
1561 2158 1686 2189 fortibus
1696 2159 1795 2199 genti-

100 2204 239 2244 ’Λσσυρίου
252 2206 270 2239 ἡ
287 2205 367 2245 μάχη
383 2205 416 2239 ἣν
429 2205 493 2244 εἶχε
503 2204 568 2243 πρὸς
577 2204 610 2233 τὰ
620 2203 688 2232 ἄλλα
699 2203 788 2232 ποΛλὰ
798 2204 842 2232 καὶ
853 2205 901 2244 ίσχ

990 2212 1029 2232 ηυε
1042 2211 1240 2242 pugna,quem
1252 2202 1331 2233 Deus
1338 2203 1458 2243 virgam
1465 2203 1580 2242 furoris
1587 2208 1615 2234 et
1623 2212 1740 2235 serram
1750 2213 1798 2234 vo-

101 2252 134 2292 ρᾶι
149 2239 223 2291 ἔθνη,
253 2239 294 2286 ἢν*
368 2253 432 2283 Θεὸς
460 2239 563 2291 ’ῥάϐδον
584 2250 632 2284 τῆς
661 2250 742 2289 ὀργῆς
766 2251 809 2277 καὶ
838 2239 902 2290 πρίδ

992 2247 1035 2277 avi
1042 2239 1060 2277 t~
1073 2239 1250 2288 quandoque
1260 2239 1455 2278 dicens:Ecce
1462 2239 1707 2289 Assyriusmirga
1713 2248 1800 2288 furo-

99 2295 225 2334 ὶκάλεσε,
243 2296 309 2324 ποτὶ
334 2296 384 2335 μὲν
412 2295 498 2336 λέγων
514 2303 522 2311 ⁹
552 2294 617 2324 Ἰδοὺ
642 2295 656 2323 ἔ)
685 2293 835 2334 Ἀσσύριος,
863 2294 902 2333 ῥά(

993 2293 1016 2323 is
1028 2294 1086 2323 mei
1100 2296 1145 2322 cst
1156 2302 1169 2327 ;
1183 2292 1328 2323 adversus
1342 2295 1457 2332 gentem
1466 2293 1664 2333 peccatricem
1678 2294 1799 2324 mittam

102 2341 146 2373 δος
175 2340 233 2369 ἐστὶ
262 2343 313 2374 τῆς
354 2341 435 2381 ὀργῆς
476 2351 526 2370 μου
543 2348 550 2356 '
588 2340 632 2368 ἐπὶ
666 2338 738 2370 ἔθνος
773 2338 901 2378 ἆμαρτωλ

991 2336 1237 2381 um.Quandoque
1248 2336 1286 2367 de
1296 2346 1330 2367 ee
1342 2337 1490 2377 inquiens:
1500 2336 1800 2381 Nunquidrexaltabi-

978 2386 1028 2414 tur
1038 2390 1125 2412 serra
1145 2380 1256 2421 absque
1264 2390 1297 2412 eo
1322 2382 1374 2422 qui
1384 2382 1476 2413 trahit
1486 2382 1575 2413 illam
1588 2381 1601 2403 9
1611 2385 1625 2413 ?
1641 2380 1717 2414 Sane
1728 2382 1798 2423 qui-

982 2427 1047 2458 dem
1060 2425 1138 2467 quod
1154 2425 1290 2466 Assyrius
1307 2434 1359 2466 per
1377 2435 1552 2467 prosperum
1577 2435 1795 2467 responsorum

102 2384 245 2414 ἀποστελῶ
362 2385 440 2414 αὗτόν
461 2392 468 2400 '
495 2385 561 2413 ποτὲ
588 2383 616 2412 δὲ
638 2382 726 2422 λέγων
744 2383 805 2422 περὶ
826 2384 907 2412 αὑτοῦ
925 2392 932 2400 '

106 2430 152 2464 Μὴ
181 2430 350 2468 ὑψωθήσεται
379 2430 463 2470 πρίων
500 2429 561 2458 ἄνευ
595 2432 642 2458 τοῦ
675 2427 800 2459 ἕλκοντος
830 2428 934 2462 αὑτόνς

139 2495 171 2518 π
185 2495 260 2528 Gen.
276 2504 317 2537 1x,
333 2497 365 2527 ι.
409 2495 498 2529 ‘Jer.
515 2505 549 2538 η,
567 2496 616 2528 11.
659 2493 743 2526 915a.
760 2503 791 2533 x,
805 2494 856 2527 15.

148 2559 376 2606 (sago-1:11:3th
390 2563 480 2606 Deest
491 2564 548 2596 πῶς
555 2565 631 2606 gnte
643 2562 720 2593 hanc
734 2569 849 2606 vocem.
890 2600 897 2606 ι

1012 2561 1072 2600 (44)
1093 2560 1258 2606 egestate.
1275 2559 1339 2591 Hoc
1355 2559 1484 2606 verbum_
1496 2569 1530 2606 er
1542 2559 1646 2606 Bibliis
1654 2559 1798 2606 desump-

147 2597 212 2643 {43}
221 2597 286 2633 "0n
301 2603 393 2636 8E.Sic
404 2604 514 2636 habent
528 2603 675 2635 editiones
687 2601 867 2643 posteriores
873 2626 881 2643 ._
883 2600 902 2632 Α

990 2597 1097 2643 iunia
1116 2601 1266 2641 Sylbugio,
1294 2609 1422 2643 moxque
1449 2600 1581 2643 additum
1615 2597 1796 2643 νψωθήσετᾶι.

104 2640 330 2683 Β.’5ιορ1]ειιιυε
354 2654 426 2676 mss.
450 2645 494 2674 ὅτε
522 2644 560 2684 δέ,
584 2647 615 2675 et
638 2640 706 2684 moi
730 2649 858 2682 μαρτυρεῖ
872 2641 898 2669 δὲ

990 2642 1055 2672 nl‘ra
1066 2641 1123 2681 leg.
1139 2640 1300 2681 κρατύνωσι,
1318 2641 1364 2672 vel
1374 2640 1482 2673 causas
1497 2644 1541 2673 est
1552 2640 1717 2673 absolutus.

105 2685 197 2725 μάχη-
211 2684 301 2716 Paulo
317 2690 381 2726 post
396 2685 454 2726 leg.
473 2687 502 2715 ὃν
515 2686 529 2713 δ
546 2683 610 2717 Θεὸς
624 2683 730 2723 ῥάϐδον,
