1967 3076
209 75 288 109 1399
556 72 761 105 ΑΡΡΕΝΒῙΧ.
785 88 824 94 -
847 72 952 103 PARS.
975 66 1000 98 Ι.
1023 67 1053 97 S.

211 150 276 183 qua
285 150 302 172 a
316 140 374 173 diis
385 140 447 172 suis
459 148 513 180 per
526 142 607 170 vates
621 142 786 183 acceperat,
799 141 947 183 eventum,
964 142 1028 167 tan-
1041 136 1060 160 Α

211 182 299 227 quam
308 194 393 217 serra
400 183 547 216 conscidit
556 186 584 215 et
593 182 764 214 dilaceravit
774 182 957 227 miserabiles
965 189 1032 227 gen:

211 226 340 272 tes,qu:e
353 234 383 261 et
398 228 587 270 ipsae,itirlem
599 231 632 258 ut
643 227 897 265 ille,oraculorum
913 226 1031 261 ﬁducia,

211 275 322 308 beltem
348 284 415 306 cum
437 274 501 313 ipso
530 274 721 310 commisere,
738 276 768 303 et
778 281 830 313 spe
844 275 1032 312 acceptorum

213 328 429 361 responsorum
446 318 794 358 decidere,permittente
804 318 866 349 Deo
874 316 905 347 id
919 320 962 361 est
977 316 1033 345 fac-

212 360 287 402 tum,
301 368 333 396 ut
343 364 460 396 scilicet
470 362 590 393 oracula
600 361 712 402 Assyrii
722 362 797 392 votis
805 360 1030 401 responderent.

211 413 315 449 gentes
330 413 428 440 autem
443 407 592 439 vaticiniis
608 407 669 437 suis
684 406 912 437 fallerentur.De
927 405 1033 446 quibus

211 453 291 485 Deus
298 452 536 494 per'prophetam
546 451 783 483 IsaiamzRemisi
790 460 914 482 manum
925 459 1032 490 meam,

213 496 548 537 etamerunt.Assyrius
560 505 640 527 vero:
652 496 1035 536 Nunquid,ait,liberar1mt

212 543 257 574 dii
265 543 399 583 gentium
410 545 525 573 terram
542 549 645 572 eorum
655 541 690 572 de
707 549 803 571 manu
813 550 888 576 mea,
902 544 936 570 ut
946 543 1034 570 eruat

213 587 360 619 Dominus
373 585 539 618 Jerusalem
563 594 602 616 em
625 593 720 617 manu
733 593 801 616 mea
816 584 851 614 3‘?
866 585 1034 616 Secundum

213 632 344 672 oracula,
363 640 429 671 quae
444 630 582 670 Assyrius
598 639 614 660 a
642 629 756 660 vatibus
770 634 935 670 arceperat,
953 630 1034 667 eius-

213 676 293 708 modi
311 676 483 716 prolocutus
500 679 545 706 est
555 674 643 704 verba
655 678 757 706 contra
773 678 920 714 gentes,et
935 679 1037 705 contra

214 721 414 753 Hierusalem.
431 720 529 760 Atque
540 719 565 749 is
580 719 720 749 adversus
735 724 838 759 gentes
853 725 957 750 eventu
975 729 1037 750 ora-

214 766 348 797 culorum
360 765 439 800 felici
454 768 498 795 est
514 763 701 804 potitus,Deo
711 764 902 804 permittente
915 773 921 795 :
935 765 1032 795 adverr
1050 778 1066 802 ῃ

214 818 265 842 sus
278 809 480 849 Hierosolyma
499 811 610 848 autem,
627 808 802 840 eorumdem
831 811 910 840 exitu
927 810 1035 849 potitus

213 864 273 885 non
286 854 406 890 est,Deo
419 863 477 884 non
495 853 854 893 permittente.Quomodo
866 854 955 892 igitur
966 864 1034 885 ora—

212 899 280 931 culo
295 898 431 929 frustrati
443 901 512 929 sunt
527 902 641 938 septem
657 897 701 928 illi
716 898 808 929 duces
818 899 893 938 apud
906 898 1034 939 Thebas,

214 944 373 985 quominus
387 943 492 973 urbem
504 952 569 973 eam
585 951 707 982 prorsus
722 943 944 974 exscinderent?
959 944 1037 975 Inte-

214 989 254 1021 lix
270 988 351 1020 enim
364 988 478 1019 oraculi
494 988 590 1018 exitus
603 991 809 1026 argumentum
826 992 870 1019 est
885 988 1038 1020 inﬁrmita—

214 1033 253 1065 tis
269 1033 358 1070 illius,
372 1042 390 1064 a
402 1042 460 1073 quo
478 1041 513 1063 ea
526 1041 579 1072 per
592 1032 748 1062 oraculum
759 1033 881 1072 pradita
896 1043 961 1073 quae
978 1043 1035 1064 non

214 1081 392 1110 evenerunt.
408 1077 450 1109 Ac
466 1077 586 1117 si,jnxta
607 1077 729 1107 minime
744 1077 878 1108 fallacem
895 1078 1035 1109 Servato—

213 1123 257 1154 ris
267 1122 499 1162 vocem,absque
511 1121 570 1152 Deo
584 1130 620 1151 ne
637 1130 740 1162 passer
754 1122 913 1162 quidemin
926 1127 1034 1153 terram

214 1167 293 1199 cadit
309 1176 316 1197 :
335 1167 426 1198 multo
456 1166 588 1206 profecto
613 1166 710 1197 minus
729 1167 854 1207 populus
869 1167 1034 1205 universus,

214 1216 265 1244 aut
279 1211 353 1243 urbs
368 1216 427 1243 tota
442 1211 556 1251 interit,
574 1212 636 1242 Deo
653 1220 711 1241 non
728 1212 925 1251 permittente.
954 1212 1037 1248 Quod

215 1265 284 1288 vero
301 1257 411 1298 quavis
424 1256 547 1297 profana
561 1264 716 1295 gens,quaa
727 1265 743 1286 a
753 1261 840 1295 gente
852 1258 954 1287 itidem
967 1266 1037 1297 pro-

216 1303 284 1334 fana
295 1302 441 1333 exstincta
452 1306 508 1338 est,
527 1300 606 1340 virga
622 1304 651 1331 et
671 1309 754 1331 serra
768 1302 875 1332 furoris
891 1302 942 1333 Dei
960 1301 1037 1332 inte-

215 1346 473 1386 rierit,manifesto
485 1349 606 1385 apparet
615 1354 651 1375 ex
662 1345 708 1375 his
717 1355 782 1385 quae
793 1346 831 1376 de
840 1346 959 1386 Assyrio
971 1350 1040 1376 sunt

217 1391 308 1423 dicta.
326 1390 369 1422 Ad
386 1390 490 1425 ᾕδεσεὶ
506 1399 541 1420 ea
556 1399 622 1430 qum
637 1399 654 1420 a
669 1390 779 1421 Graecis
795 1391 831 1422 de
847 1390 961 1421 Tiresia
977 1395 1039 1422 vate

217 1439 379 1467 memorata
396 1434 561 1472 sunt,omni
572 1442 608 1464 ex
620 1438 703 1474 parte
716 1439 784 1465 sunt
800 1435 925 1465 ridicula
943 1444 949 1466 :
963 1445 1041 1475 quo-

218 1481 306 1512 modo
322 1479 388 1511 ﬂeri
404 1482 513 1520 potest,
531 1483 563 1509 ut
578 1487 643 1518 qum
656 1478 706 1509 ille
725 1478 810 1519 dixit,
826 1489 893 1510 vera
909 1480 1040 1511 fuerint?

219 1525 327 1557 Fertur
341 1525 422 1556 enim
437 1523 475 1555 de
491 1533 537 1561 eo,
554 1523 624 1553 606
638 1524 732 1554 virum
743 1523 840 1564 ipsum
857 1529 886 1554 (ιι
901 1525 1039 1555 feminam

215 1570 321 1610 fuisse,
353 1576 384 1600 et
408 1572 603 1607 utrorumque
631 1568 771 1599 habuisse
792 1568 913 1609 formas,
930 1574 959 1600 et
974 1579 1039 1600 cum

217 1614 326 1646 multas
340 1614 420 1644 inter
434 1613 507 1644 deos
522 1611 694 1643 diremisset
721 1613 937 1649 contentiones,
966 1614 1041 1644 hanc

218 1659 256 1690 ob
271 1667 403 1695 causam,
419 1657 523 1688 iratam
539 1656 581 1687 illi
596 1657 755 1696 lunonem,
767 1657 928 1688 cacitatem
946 1658 984 1688 im
991 1658 1042 1688 mi-

219 1703 316 1734 sisse:
333 1703 435 1734 Jovem
452 1705 563 1741 autem,
581 1705 612 1731 ut
623 1709 725 1732 casum
742 1701 807 1742 ejus
821 1701 978 1742 solaretur,
993 1703 1041 1733 di—

218 1747 368 1778 vinatione
379 1747 461 1778 illum
477 1745 646 1777 donavisse.
661 1746 754 1777 Porro
770 1755 836 1777 cum
855 1746 1043 1778 incredibilia

216 1792 288 1829 sint,
301 1801 366 1832 quin
381 1791 419 1822 de
429 1790 495 1831 ipso
511 1789 646 1821 fabulose
661 1794 780 1821 narrata
794 1795 874 1828 sunt,
892 1793 1042 1831 quomodo

217 1845 286 1868 vera
297 1845 364 1868 esse
380 1836 497 1876 possint
512 1844 578 1874 quae
595 1835 658 1875 ipse
673 1835 820 1866 fabulatus
835 1836 894 1867 est?
909 1837 1044 1877 Denique

219 1880 256 1921 si,
274 1885 306 1912 ut
328 1880 423 1913 Graeci
448 1880 560 1917 dicunt,
584 1888 650 1920 qua
664 1879 824 1911 Parcarum
841 1880 913 1912 fusis
929 1881 1045 1913 evoluta

218 1930 287 1957 sunt
303 1925 415 1956 revolvi
443 1934 502 1956 non
529 1929 663 1965 possunt,
690 1925 839 1965 quomodo
856 1934 913 1956 non
933 1926 1046 1957 inutilia

218 1969 374 2001 utentibus
389 1969 520 2006 oracula,
540 1968 640 2000 Parcis
655 1968 692 1999 ad
716 1969 806 2000 linem
823 1969 1043 2001 ineluctabile":

221 2014 394 2048 necessario
409 2023 445 2045 ea
456 2013 771 2054 perducentibus,quae
787 2023 889 2044 earum
905 2014 964 2045 sint
979 2024 1046 2046 evo-

1050 1459 1070 1484 C

1076 64 1226 97 JUSTINI
1246 66 1371 100 OPERA
1393 66 1541 97 SPURIA.
1816 62 1900 95 1400

1075 131 1165 161 Καίτοι
1284 155 1291 162 .
1308 153 1317 162 .
1334 133 1348 161 ὁ
1376 130 1513 172 Ἀσσύριος
1539 131 1580 160 ὅτι
1601 133 1668 161 κατὰ
1692 132 1739 165 τὰς
1754 129 1902 170 ἒπιτυχίας

1075 176 1128 204 τῶν
1157 176 1428 217 χρησμολογημένων
1459 176 1519 218 (Al-6)
1546 177 1589 209 οὓς
1617 177 1714 218 εἴληφε
1744 176 1818 216 παρὰ
1847 176 1905 203 τῶν

1074 221 1140 248 θεῶν
1155 221 1234 250 αὑτοῦ
1263 221 1306 250 διὰ
1333 223 1386 250 τῶν
1413 222 1545 260 μάντεων,
1575 222 1658 262 πρίζει
1687 223 1730 250 καὶ
1750 220 1905 260 σπαράσσει

1074 265 1107 293 τὰ
1122 265 1223 294 ἐλεεινὰ
1238 266 1300 300 ἔθνη
1314 267 1348 297 τὰ
1373 267 1470 305 ὁμοίως
1495 267 1577 304 αὗτῷ,
1603 270 1637 305 τῇ
1661 266 1819 301 πεποιθήσει
1847 265 1904 293 τῶν

1075 314 1207 349 χρησμῶν
1224 310 1428 350 συμϐεϐληκότα
1456 311 1527 349 αὖτῷ
1555 312 1593 344 είς
1619 310 1750 349 πόλεμον,
1767 313 1812 339 καὶ
1827 309 1904 337 ἀπο-

1074 358 1244 397 τετυχηκότα
1280 360 1330 392 τῆς
1371 357 1413 386 διὰ
1453 361 1586 398 χρησμῶν
1610 356 1727 393 ἐλπίδος,
1757 360 1804 385 τοῦ
1834 359 1904 383 om

1075 410 1314 441 συγχωρησαντος,
1340 401 1480 442 ἐπιτυχεῖν
1509 402 1557 440 μὲν
1592 405 1646 430 τῶν
1683 402 1818 442 χρησμῶν
1855 401 1904 427 τὸν

1076 444 1224 485 Ἀσσύριον,
1256 447 1406 487 ἀποτυχεῖν
1433 445 1460 475 δὲ
1495 447 1528 475 τὰ
1549 446 1622 480 ἔθνη.
1649 447 1711 484 Περὶ
1736 449 1774 473 ῶν
1801 446 1816 473 ὁ
1853 445 1904 482 μὲν

1077 491 1142 523 Θεὸς
1163 490 1206 519 διὰ
1222 491 1268 520 τοῦ
1283 493 1418 532 προφήτου
1448 490 1560 521 Ἠσαίου
1589 492 1667 530 φησὶν
1683 492 1697 519 ὁ
1712 491 1777 522 Θεὸς
1793 500 1801 507 ·
1829 490 1904 522 dir}.-

1076 545 1110 562 κα
1139 536 1189 569 τὴν
1216 537 1299 576 χεῖρά
1324 547 1387 577 μου,
1425 537 1469 565 γαὶ
1496 536 1687 574 ἓξηράνθησαν.
1717 536 1747 565 ’0
1776 534 1804 563 δὲ
1833 534 1905 563 Ἀσ-

1077 579 1164 618 σύριός
1206 592 1282 620 φησι,
1325 581 1369 615 Μὴ
1410 581 1548 620 ἒρῥύσαντο
1591 581 1615 609 οἱ
1658 581 1710 609 θεοὶ
1738 581 1790 608 τῶν
1819 579 1902 607 ἐθνῶν

1077 625 1126 658 τήν
1153 626 1205 664 γῆν
1247 626 1333 654 αὐτῶν
1374 627 1405 655 ὲκ
1444 626 1498 655 τῶν
1541 629 1641 666 χειρῶν
1667 637 1728 665 μου,
1755 624 1796 653 ὅτι
1823 625 1906 663 ῥύσε-

1076 679 1120 697 ται
1147 671 1241 710 Κύριος
1267 672 1317 704 τὴν
1360 670 1536 711 Ἰερουσαλὴμ
1569 671 1600 699 ἑκ
1632 673 1681 704 τῆς
1703 670 1795 710 χειρός
1825 676 1904 707 μου;

1080 715 1153 742 Κατὰ
1174 713 1200 742 δὲ
1217 715 1276 746 τοὺς
1294 717 1434 755 χρησμοὺς
1458 716 1502 748 οὒς
1527 714 1629 748 ἐδέξατο
1657 714 1824 754 δ’Λσσύριος
1851 724 1907 741 πα-

1079 759 1111 798 ρὰ
1138 762 1191 787 τῶν
1230 760 1362 798 μάντεων,
1404 761 1527 792 τοιαύτας
1564 759 1705 800 seei-{£110
1741 759 1830 798 φωνὰς
1861 759 1907 786 καὶ

1078 804 1147 832 κατὰ
1161 807 1214 832 τῶν
1236 803 1317 832 ἐθνῶν
1342 805 1386 833 καὶ
1411 805 1478 833 κατὰ
1505 807 1554 838 τῆς
1578 803 1762 844 Ἰερουσαλήμ.
1780 804 1831 832 Καὶ
1860 807 1907 831 τοῦ

1077 851 1142 876 Θεοῦ
1180 850 1418 888 συγχωρήσαντος,
1462 849 1591 889 ἐπέτυχεν
1630 849 1645 877 ὀ
1685 849 1823 888 Ἀσσύριος
1853 849 1908 875 τῶν

1077 896 1210 932 χρησμῶν
1240 895 1308 922 κατὰ
1336 897 1389 922 τῶν
1409 894 1488 922 ἐθνῶν
1506 903 1513 911 ·
1546 895 1614 922 κατὰ
1639 893 1664 922 δὲ
1695 897 1744 926 της
1770 892 1905 932 Ἰερουσα-

1077 937 1134 975 λὴμ
1149 937 1267 978 ἀπέτυχε
1283 942 1335 966 τῶν
1352 939 1497 979 χρησμῶν,
1528 940 1574 968 τοῦ
1603 943 1668 968 Θεοῦ
1691 939 1729 976 μὴ
1754 938 1907 978 συγχωρῆ-

1077 992 1183 1014 σαντος.
1214 983 1273 1015 [Ιῶς
1302 983 1345 1011 οὖν
1372 983 1507 1023 ἀπέτυχον
1539 986 1588 1017 τῆς
1631 984 1756 1020 μαντείας
1783 984 1807 1011 οἱ
1836 983 1906 1010 ἑπτὰ

1078 1026 1120 1054 ἐπὶ
1140 1025 1238 1061 θήϐαις
1253 1027 1318 1067 (47)
1341 1031 1387 1056 τοῦ
1409 1027 1490 1064 ἄρδην
1512 1027 1640 1056 ἀπολέσαι
1666 1028 1715 1062 τὴν
1744 1027 1847 1068 πόλιν;
1874 1023 1904 1055 Ἠ

1077 1070 1128 1109 γὰρ
1163 1071 1295 1111 ἀποτυχία
1329 1075 1379 1105 τῆς
1415 1072 1538 1109 μαντείας
1578 1071 1692 1112 ἔλεγχος
1717 1071 1819 1111 γίνεται
1855 1073 1905 1104 τῆς

1078 1115 1210 1147 ἀσθενείας
1236 1121 1282 1145 τοῦ
1317 1118 1377 1145 θεοῦ
1397 1120 1443 1144 τοῦ
1465 1116 1507 1145 διὰ
1528 1119 1577 1150 τῆς
1612 1117 1736 1154 μαντείας
1765 1117 1905 1156 προμηνύ-

1079 1170 1174 1191 σαντος
1195 1161 1228 1188 τὰ
1257 1160 1399 1193 ὰνέκϐατχ,
1431 1162 1479 1190 Καὶ
1507 1162 1529 1189 εί
1557 1163 1624 1190 κατὰ
1651 1162 1700 1195 τὴν
1725 1160 1827 1199 ἄψευδῆ
1859 1161 1905 1189 τοῦ

1080 1205 1205 1243 Σωτῆρος
1230 1205 1332 1245 φωνὴν,
1362 1207 1445 1246 χωρὶς
1475 1209 1540 1234 Θεοῦ
1568 1207 1700 1246 στρουθίον
1729 1207 1760 1235 οὗ
1780 1212 1905 1234 πεσεῖται

1080 1248 1122 1276 ἐπὶ
1144 1251 1191 1284 τῆς
1213 1252 1264 1289 γῆς
1282 1260 1288 1266 ·
1306 1249 1374 1278 πολὺ
1396 1250 1498 1288 μᾶλλον
1515 1250 1586 1282 ἔθνος
1617 1251 1678 1279 ὅλον
1699 1251 1716 1285 ἢ
1739 1250 1818 1283 πόλις
1841 1250 1904 1286 ὅλη,

1080 1296 1127 1322 οὒκ
1146 1293 1177 1321 ἂν
1192 1294 1319 1323 ἀπόλοιτο
1346 1296 1384 1332 μὴ
1414 1295 1460 1323 τοῦ
1482 1295 1547 1324 Θεοῦ
1569 1297 1806 1336 σιδγχιιῳῆσαντος.
1838 1291 1907 1324 ’Ὅτι

1081 1337 1108 1365 δὲ
1132 1342 1184 1366 πᾶν
1225 1339 1296 1371 ἔθνος
1337 1338 1495 1372 Ἑλληνικὸν
1536 1341 1587 1368 ὑπὸ
1630 1340 1717 1372 ἔθνους
1747 1339 1908 1374 Ἑλληνικοῦ

1081 1382 1263 1420 ἀπολλύμενον
1290 1384 1341 1411 ὑπὸ
1367 1382 1461 1422 ράϐὂου
1489 1385 1532 1412 καὶ
1552 1385 1658 1424 πρίονος
1679 1388 1729 1418 τῆς
1751 1386 1834 1424 ὀργῆς
1863 1384 1908 1413 τοῦ

1083 1431 1149 1456 Θεοῦ
1182 1427 1340 1466 ἀπόλλυται,
1367 1429 1478 1468 ῳανερὸν
1519 1429 1683 1463 καθέστηκεν
1710 1431 1741 1458 ὲκ
1768 1433 1822 1458 τῶν
1849 1431 1907 1468 περὶ

1082 1473 1129 1500 τοῦ
1144 1471 1279 1512 Ἀσσυρίου
1306 1472 1463 1512 εἰρημένων.
1495 1472 1561 1502 ’Ἔτι
1590 1473 1618 1502 δὲ
1650 1475 1672 1502 εἰ
1687 1475 1718 1502 τὰ
1740 1472 1813 1514 παρᾶ
1841 1473 1906 1503 Ἐλ-

1082 1516 1171 1552 λήνων
1198 1518 1256 1556 περὶ
1282 1522 1328 1546 τοῦ
1362 1518 1482 1554 μάντεως
1525 1519 1657 1558 Τειρεσίου
1679 1519 1807 1558 εἰρημένα
1836 1530 1906 1547 παν-

1083 1562 1195 1590 τάπασίν
1215 1561 1270 1589 ἔστι
1285 1561 1482 1601 καταγέλαστα,
1499 1566 1557 1595 πῶς
1570 1562 1707 1604 ἒνόέχεται
1735 1565 1768 1592 τὰ
1794 1564 1830 1592 δι’
1859 1563 1908 1591 αὖ·

1082 1610 1128 1634 τοῦ
1155 1605 1284 1646 λεχθέντα
1320 1613 1389 1634 εῖναι
1418 1606 1530 1648 ἀληθῆ;
1560 1608 1627 1636 Φασὶ
1649 1608 1699 1647 γὰρ
1720 1609 1779 1647 περῖ
1816 1609 1909 1645 αὐτοῦ,

1083 1649 1162 1690 ἄνδρα
1183 1651 1228 1678 καὶ
1253 1657 1367 1690 γυναῖκα
1394 1651 1532 1690 γεγονεναι
1561 1652 1651 1689 αὐτὸν,
1676 1653 1721 1681 καὶ
1750 1653 1907 1693 ἀμφοτέρων

1083 1695 1157 1736 ἔχειν
1172 1696 1218 1728 τὰς
1240 1695 1363 1736 πλάσεις,
1386 1698 1430 1724 καὶ
1458 1695 1560 1728 πολλὰς
1589 1697 1680 1737 μάχας
1696 1701 1750 1726 τῶν
1764 1699 1834 1726 θεῶν
1847 1697 1907 1725 διι-

1083 1740 1208 1771 λύααντος
1231 1740 1306 1779 (48),
1336 1739 1378 1768 διὰ
1405 1741 1504 1774 ταύτην
1528 1741 1577 1775 τὴν
1595 1742 1677 1770 αὶτίαν
1692 1743 1709 1776 ἡ
1738 1742 1789 1780 μὶν
1819 1738 1907 1781 “”Ηρα,

1084 1784 1239 1825 χολωθεῖσα
1268 1786 1350 1823 αὐτῷ,
1380 1785 1518 1824 ἐπήρωσεν
1546 1786 1624 1815 αὐτόν
1641 1794 1649 1801 ’
1682 1788 1695 1815 ὁ
1729 1786 1757 1815 δὲ
1778 1787 1842 1819 Ζεὺς
1873 1788 1908 1818 εἰς

1085 1830 1249 1868 παραμυθίαν
1275 1832 1324 1863 τῆς
1353 1830 1500 1868 πηρώσεως
1529 1831 1620 1868 invi,
1665 1831 1810 1872 ἐχαρίσατο
1838 1831 1908 1868 inti:

1085 1876 1134 1909 τὴν
1161 1875 1303 1912 μαντικήν,
1335 1873 1410 1902 Ἀλλ’
1445 1875 1467 1903 εἰ
1503 1874 1630 1915 ἀλλότρια
1650 1876 1765 1908 πίστεως
1792 1876 1907 1916 ὑπάρχει

1086 1921 1119 1948 τὰ
1133 1920 1192 1959 περὶ
1206 1921 1286 1949 αὑτοῦ
1309 1919 1483 1957 μυθευόμενα,
1510 1923 1567 1952 πῶς
1593 1919 1729 1961 ἐνδέχεται
1744 1920 1833 1955 ἀληθῆ
1862 1922 1907 1949 εἷ-

1088 1976 1129 1993 ναι
1143 1965 1177 1993 τὰ
1190 1964 1235 1992 ὑπ’
1266 1965 1344 1993 αὐτοῦ
1372 1965 1536 2002 μυθευόμενα
1553 1974 1561 2002 ;
1577 1963 1646 1994 "Eri.
1661 1965 1688 1994 δὲ
1704 1967 1737 2006 εί,
1754 1967 1841 1998 καθώς
1854 1977 1905 2006 φα-

1087 2020 1128 2038 σιν
1154 2006 1302 2045 "Eu-meq,
1330 2009 1363 2037 τὰ
1391 2009 1441 2037 ὕπὸ
1477 2012 1531 2037 τῶν
1561 2011 1666 2050 Μοιρῶν
1695 2009 1905 2048 ὲπικλωθόμενα,

218 2059 279 2090 luta
292 2058 392 2090 fusis?
419 2053 489 2094 Quae
503 2057 529 2089 si
543 2058 582 2088 ita
597 2053 720 2095 habent,
738 2059 887 2098 quomodo
903 2068 963 2090 non
975 2060 1045 2090 falsa

1127 2055 1213 2083 ›νατόν
1242 2054 1311 2082 ἐστιν
1342 2053 1538 2091 ἆνακλωθῆναι,
1568 2058 1626 2086 πῶς
1651 2055 1698 2084 οὒκ
1722 2056 1786 2083 εἰσὶν
1810 2055 1906 2095 ἀκρωρε-

220 2112 286 2151 quae
300 2103 356 2134 alia
372 2102 409 2133 ab
419 2102 490 2151 aliis
512 2102 667 2151 tolluntur,
682 2097 781 2151 Parcae
793 2103 940 2141 videliCet,
958 2108 986 2134 et
998 2105 1044 2134 di-

1127 2105 1143 2132 ῖς
1171 2101 1196 2127 αἱ
1226 2105 1349 2134 μαντεῖαι
1371 2105 1429 2131 τοῖς
1461 2101 1555 2131 αὐταῖς
1580 2101 1744 2140 χρωμένοις,
1772 2103 1824 2128 τῶν
1841 2104 1907 2128 Μει-

218 2148 399 2180 vinationes?
414 2147 570 2184 Quomodo
585 2156 654 2178 vero
683 2148 852 2179 Menoeceus
864 2158 923 2178 non
939 2149 1045 2180 frustra

219 2192 352 2233 seipsum
369 2192 484 2224 necavit
499 2192 537 2223 de
547 2191 658 2223 oraculi
674 2192 825 2223 sententia
840 2203 847 2223 :
860 2202 927 2223 cum
943 2203 1044 2232 causa,

219 2246 274 2268 cur
286 2237 388 2268 hostes
403 2236 624 2277 occiderentur,
643 2236 714 2267 urbs
738 2241 836 2268 autem
866 2243 1045 2279 servaretur,

219 2291 280 2313 non
298 2290 335 2312 ex
346 2281 491 2318 demone,
512 2281 561 2321 qui
574 2290 627 2321 per
641 2286 735 2311 vatem
749 2291 922 2322 responsum
941 2283 1044 2324 edidit,

220 2326 271 2358 sed
283 2335 319 2357 ex
336 2327 463 2357 Domino
480 2334 551 2358 vero
568 2327 642 2366 Deo,
659 2326 729 2367 quid
745 2326 774 2358 id
790 2327 936 2367 permisit,
953 2329 1044 2359 exsti-

221 2370 290 2403 terit
301 2371 314 2402 ’ί

1088 2148 1139 2184 ρῶν
1166 2145 1208 2173 ἐπὶ
1236 2145 1266 2172 τὸ
1289 2143 1484 2183 ἁναπόδραστον
1508 2144 1583 2175 τέλος
1615 2145 1764 2184 ἀναγκαίως
1789 2145 1907 2183 ἁγουσὼν

1087 2191 1119 2217 τὰ
1133 2189 1177 2218 ὑπ’
1207 2191 1293 2218 αὒτῶν
1321 2187 1542 2229 ἒπικλωθόμενα;
1568 2187 1643 2217 Ἀλλ’
1670 2191 1692 2217 εἰ
1720 2193 1802 2218 ταῦτα
1829 2189 1907 2220 οὕτως

1087 2235 1159 2275 ἕχει,
1183 2237 1241 2265 πῶς
1264 2233 1310 2261 οὐκ
1338 2233 1386 2260 εἰσὶ
1401 2235 1507 2271 ψευςεϊς
1529 2233 1560 2262 αἴ
1584 2245 1612 2262 τε
1628 2238 1727 2274 Μοῖραι
1741 2235 1786 2263 καὶ
1799 2236 1825 2263 αἱ
1840 2246 1907 2272 μαν-

1087 2288 1170 2316 τεῖαι,
1197 2279 1241 2307 ὑπ’
1270 2277 1396 2313 ἀλλήλων
1425 2278 1629 2318 ἇναιρούμεναι;
1658 2283 1718 2311 Πῶς
1733 2278 1762 2307 δὲ
1778 2281 1826 2309 οὔκ
1843 2279 1908 2307 ὶστιν

1087 2330 1100 2356 ὁ
1118 2324 1271 2361 Μενοικεὺς,
1303 2323 1390 2361 μάτην
1416 2323 1585 2364 κατασφάξας
1612 2323 1704 2354 ἑαυτὸν
1730 2325 1798 2352 κατά
1823 2325 1853 2352 τὰ
1865 2323 1908 2352 δο-

1087 2376 1148 2402 κοῦν
1177 2369 1211 2403 τῆ
1240 2368 1360 2404 μαντείᾳ,
1389 2370 1439 2401 τῆς
1475 2368 1558 2400 αἰτίας
1598 2373 1645 2397 τοῦ
1672 2369 1836 2407 ἀναιρεῖσθαι
1864 2369 1908 2406 μὲν

219 2416 280 2448 τοὺς
293 2415 451 2456 πολεμίους,
462 2416 591 2451 σώζεσθαι
613 2414 639 2443 δὲ
653 2415 701 2449 τὴν
716 2415 806 2453 πόλιν,
830 2417 868 2453 μὴ
895 2416 924 2444 ἐκ
948 2420 994 2445 τοῦ
1016 2417 1138 2457 δαίμονος
1159 2417 1205 2443 τοῦ
1220 2412 1262 2441 διὰ
1277 2413 1398 2450 μάντεως
1413 2412 1634 2452 χρηματίσαντος
1649 2414 1836 2453 ὑπαρχούσης,
1853 2412 1909 2441 ἀλλ’

221 2460 252 2488 ἐκ
273 2461 322 2494 τῆς
344 2465 391 2490 τοῦ
414 2460 548 2489 Δέσπότου
570 2463 615 2488 τοῦ
638 2459 761 2493 ἀληθινοῦ
785 2462 849 2488 Θεοῦ
863 2463 1061 2501 συγχωρήσεως
1080 2471 1088 2500 ;

260 2522 345 2558 315a.
361 2534 460 2565 xxxvr,
476 2526 524 2558 18.

261 2593 323 2634 (45)
339 2599 442 2626 Καιτοι.
458 2591 630 2634 Sylburgius
644 2591 742 2632 explet
764 2592 899 2624 lacunam
909 2594 1045 2625 addendo

222 2633 355 2674 πρόδηλός
369 2634 451 2665 ἐστιν.

263 2673 326 2714 (46)
354 2673 634 2714 Χρησμολογημένων.
674 2672 964 2714 Subintelligendum
999 2680 1046 2705 est

221 2713 320 2755 λόγων,
335 2713 446 2755 alioqui
462 2713 620 2755 legendum
636 2713 744 2755 esset;
760 2713 866 2755 ε’ίληφε,

260 2724 318 2753 γων,
335 2723 394 2745 auo
416 2723 446 2745 ni
462 2723 489 2745 ie
512 2723 620 2745 enuum
636 2723 714 2744 esset.
728 2724 744 2741 α
760 2723 866 2755 stiti-Qa,

260 2754 324 2794 (47)
347 2754 376 2784 0t
396 2723 471 2783 ίίπτᾱι
492 2723 537 2782 Eni
564 2753 675 2794 Θήϐαις.
703 2752 846 2794 Observat
871 2754 1044 2794 Sylburgius

219 2793 333 2835 ‘optem
348 2793 415 2826 illos
429 2794 522 2826 duces
532 2793 609 2835 apud
623 2793 859 2837 Appollodorum
875 2793 999 2826 minime
1012 2795 1043 2827 in

1087 2593 1143 2624 hoc
1157 2589 1316 2622 consilium
1331 2588 1467 2620 inductos
1491 2588 1661 2625 memorari,
1688 2589 1741 2619 sed
1765 2589 1862 2629 potius
1875 2590 1908 2620 ab

1086 2631 1265 2673 Amphiarao
1281 2628 1453 2673 deterritos.
1461 2629 1509 2673 _At
1519 2628 1791 2673 Pseudo-Justinus
1802 2630 1911 2673 videtur

1086 2668 1257 2713 supponere
1272 2668 1347 2699 nihil
1364 2669 1486 2713 majoris
1511 2669 1556 2700 rei
1582 2669 1721 2710 antiquos
1736 2669 1910 2701 inconsultis

1086 2709 1213 2744 oraculis
1228 2718 1384 2748 aggressos
1398 2709 1500 2741 fuisse.

1127 2753 1187 2790 (48)
1205 2749 1394 2790 Διαλύσαντος.
1409 2749 1450 2780 Ita
1468 2759 1548 2790 mss,
1555 2753 1587 2790 et
1606 2750 1643 2782 Β.
1658 2749 1841 2790 Stephanus.
1856 2750 1909 2783 Le-

1085 2789 1163 2834 gitur
1175 2790 1332 2821 διαλύσαντα
1347 2789 1378 2820 in
1395 2789 1608 2831 posterioribus
1621 2789 1818 2822 editionibus.
