1967 3076
109 62 184 97 1403
455 65 660 96 ΑΡΡΕΝΒΙΧ.
683 80 722 86 ---
744 64 850 95 PARS.
873 64 898 94 l.

996 63 1125 94 USTINI
1148 64 1273 96 OPERA
1296 63 1446 96 SPURIA.
1720 65 1796 97 1404

107 132 185 163 Deus
201 130 396 162 est.videlicet
411 131 435 161 si
451 131 517 170 quis
532 134 680 170 supponat
699 139 848 159 summum
866 138 917 159 ma

995 130 1100 168 ἑγιστον
1134 132 1147 159 ὁ
1177 132 1241 162 Θεός
1269 131 1336 166 ἐστι,
1352 131 1473 165 δηλονότι
1496 132 1576 164 εἴτις
1591 132 1715 162 ὑπόθοιτο
1732 132 1800 173 (49)

106 177 179 215 lum,
194 175 374 217 principium
392 175 471 206 aliud
487 174 656 216 reperietur
666 174 727 205 Deo
739 174 917 205 contrarium

992 174 1100 213 ,ἐγιστον
1129 177 1224 216 κακὸν,
1260 176 1427 216 εὒρεθήσεται
1456 176 1531 216 ἑτέρα
1557 177 1631 217 ἀρχὴ
1643 177 1747 206 ἐναντία
1761 181 1801 214 τῷ

107 221 185 262 quod
201 220 324 261 quidem
341 219 493 251 Manichaai
504 228 661 261 perperam
673 218 917 250 asserunt.Absm

992 223 1044 256 ιεῷ·
1080 218 1145 259 ὅπερ
1174 221 1197 248 οἱ
1223 224 1372 260 Μανιχαῖοι
1414 223 1503 252 κακῶς
1526 220 1649 260 λέγοντες
1677 220 1798 260 λέγουσι,

108 267 178 298 dum
195 265 274 297 enim
292 269 337 296 est
353 266 447 297 Deum
463 275 522 296 non
544 265 686 295 universa
714 263 885 303 complecti,
900 273 917 294 a

992 264 1025 293 Lai
1053 264 1104 303 γὰρ
1133 264 1233 293 ἄτοπον
1262 266 1308 294 τὸν
1324 266 1389 294 Θεὸν
1404 266 1442 303 μὴ
1465 266 1551 294 πάντα
1572 265 1801 304 καταλαμϐάνειν,

108 310 247 342 bonitatis
263 320 323 341 suae
343 310 442 341 lucem
468 310 499 341 in
529 309 629 340 omnia
659 318 718 339 non
753 307 932 341 diffundere.

105 356 203 393 Quare
213 355 327 387 nullum
345 358 390 386 est
406 354 566 385 maximum
580 353 772 391 malum;nam
787 353 931 393 ignoran-

106 401 144 432 tia
157 409 293 442 persmpe
309 399 442 431 utilitatis
459 408 548 430 causa
562 398 735 430 hominibus
750 398 932 435 datur;unde

106 445 135 476 id
149 444 250 476 multis
264 444 401 476 videmus
411 453 492 484 saepe
507 443 655 481 accidere,
668 446 701 474 ut
712 443 804 482 magis
814 443 932 483 cognita

105 489 273 530 despiciant
299 498 386 530 quam
413 488 523 528 ignota.
555 487 700 519 Praeterea
716 487 930 527 ignorationem

107 534 167 565 veri
183 534 237 565 Dei
252 543 312 565 non
326 533 449 564 aliunde
465 542 553 574 quam
584 541 619 564 ex
645 532 768 572 propria
782 531 933 563 oblivione

104 579 205 610 anima
222 579 343 619 patitur.
360 578 492 610 Obvenit
507 581 606 609 autem
625 577 675 608 hic
690 586 810 618 quoque
825 577 931 608 animis

106 623 186 655 notio
198 623 252 656 Dei
271 622 489 663 ;vldemusque
514 626 543 653 et
573 622 602 652 in
630 621 684 653 hac
710 621 767 653 vita
795 621 932 653 homines

105 668 198 700 Deum
215 672 431 708 cognoscentes
444 676 452 699 ε
467 677 513 703 ac,
530 667 554 698 si
565 667 632 707 quis
647 666 748 698 dicere
760 675 863 698 verum
879 675 929 697 ve-

104 713 149 750 lit,
167 712 248 744 nulla
263 711 440 743 omninoDei
451 710 723 752 ignoratio.0mnes
736 711 815 742 enim
832 711 928 742 Deum

103 766 169 790 esse
185 756 335 788 communi
351 757 482 788 fatentur
505 755 665 787 sententia.
682 757 774 788 Porro
790 756 929 788 homines

975 309 1014 347 μή
1030 311 1094 337 πᾶσι
1121 309 1169 343 τὴν
1193 310 1285 339 ἑαυτοῦ
1313 309 1466 349 ἀγαθὸτητα
1500 309 1672 348 ἐπιλάμπειν,
1712 311 1798 350 Μέγι-

972 365 1033 382 στον
1059 354 1145 382 τοίνυν
1167 355 1249 383 κακὸν
1277 354 1361 384 οὗδέν·
1385 356 1429 383 καὶ
1457 355 1507 395 γὰρ
1521 356 1538 389 ἡ
1560 355 1653 395 ἂγνοια
1665 355 1798 388 πολλάκις

973 398 1015 427 ἐπ’
1044 399 1134 438 ἀγαθῷ
1168 398 1265 428 δίδοται
1291 406 1350 432 τοῖς
1385 400 1544 440 ἀνθρώποις·
1561 401 1665 440 ὁρῶμεν
1680 401 1724 429 οὖν
1753 401 1798 429 ἐπὶ

975 443 1092 482 πολλῶν,
1122 445 1158 476 ὡς
1188 443 1318 477 πολλάκις
1346 443 1480 481 συμϐαίνει
1499 444 1602 482 μᾶλλον
1618 452 1795 485 καταφρονεῖν

973 489 1025 517 τῶν
1041 489 1247 528 γινωσκομένων
1274 488 1292 523 ἤ
1320 493 1373 517 τῶν
1406 489 1600 528 ἀγνοουμένων,
1624 484 1737 521 ’Ἄλλως
1767 501 1796 518 τε

973 535 1017 562 καὶ
1044 535 1074 562 τὸ
1109 534 1218 571 ἀγνοεῖν
1243 535 1290 562 τὸν
1318 533 1401 566 ὅντως
1417 533 1479 562 ὄντα
1509 535 1586 571 Θεὸν,
1614 535 1661 563 οὔκ
1679 535 1710 563 ἓκ
1724 546 1797 568 τινος

973 578 1066 616 ἄλλου,
1095 578 1154 607 ἀλλ’
1185 579 1217 607 ἐκ
1243 579 1293 613 τῆς
1330 579 1428 611 οἰκείας
1455 578 1571 614 λήθηςή
1589 580 1666 620 ψυχὴ
1681 580 1797 619 πάσχει.

974 624 1147 664 Παραγίνεται
1177 623 1205 652 δὲ
1232 624 1275 652 καὶ
1305 631 1366 656 ταῖς
1405 623 1514 653 ἐνταῦθα
1554 626 1659 664 ψυχαῖς
1695 627 1795 664 γνῶσις

970 674 1045 701 Θεοτῖ
1075 669 1163 708 ὥσπερ
1190 668 1235 697 οὗν
1263 669 1367 708 ὁρῶμεν
1405 669 1448 699 καὶ
1495 668 1606 697 ἐνταῦθα
1643 669 1796 708 ἀνθρώπως

969 716 1148 756 γινώσκοντας
1161 714 1206 742 τὸν
1222 713 1300 744 Θεόν.
1311 715 1339 743 Εἰ
1350 713 1377 742 δέ
1389 725 1429 746 τις
1444 713 1527 742 ἐθέλοι
1541 714 1572 742 τὸ
1582 713 1678 747 ἀληθὲς
1693 713 1795 753 λέγειν,

969 760 1026 790 οὖδέ
1065 759 1136 787 ἔστιν
1161 758 1230 788 ὅλως
1255 758 1347 797 ἄγνοια
1376 759 1435 798 περὶ
1458 758 1536 787 Θεοῦ·
1552 759 1649 790 πάντες
1673 759 1737 798 γὰρ,
1754 760 1795 787 ὃτι

102 803 158 833 hoc
174 803 262 833 etiam
278 802 307 833 in
324 801 434 832 mundo
452 802 545 833 Deum
560 810 742 840 cognoscere
759 811 856 841 posse,
875 811 917 832 or-

992 816 1040 832 mv
1068 805 1081 832 ὸ
1111 804 1189 840 Θεὸς,
1229 803 1387 842 ὁμολογοῦσι
1417 806 1495 841 κοινῇ
1509 802 1605 840 ἐννοίᾳ.
1625 799 1694 832 εὈτι
1711 802 1796 832 δὲκαὶ

103 846 301 877 tbodoxorum
332 855 451 887 quoque
466 845 580 886 liquido
596 846 671 876 fides
692 845 834 884 declarat,
862 856 929 887 quae

102 892 196 922 Deum
211 891 307 931 ipsum
323 891 526 927 descendisse,
552 895 582 921 et
596 901 612 922 a
627 890 802 921 mortalibus
823 892 927 931 cogni-

104 940 167 967 tum
182 945 248 967 esse
260 939 422 966 asseverat.
446 935 549 976 Itaque
560 935 585 966 si
610 936 640 965 in
654 936 708 966 hac
722 936 778 966 vita
790 937 929 968 mortales

103 981 197 1011 Deum
209 990 297 1012 nosse
314 984 448 1021 possunt,
459 980 573 1011 nullum
584 980 627 1011 eis
643 989 791 1011 summum
819 981 928 1012 malum

104 1034 139 1056 ex
153 1034 200 1064 eo,
216 1026 294 1065 quod
310 1025 357 1056 liic
374 1025 445 1066 sint,
462 1025 618 1065 contingit.
634 1025 751 1057 Etenim
763 1026 929 1065 ignoranti-

105 1069 172 1107 bus,
187 1074 220 1101 ut
234 1070 346 1101 dictum
366 1074 421 1110 est,
439 1070 587 1101 increduli
602 1070 715 1110 ingenii
733 1070 802 1100 vitio
812 1070 864 1101 Dei
881 1071 927 1110 ig-

102 1114 219 1145 noratio
247 1114 380 1148 obvenit.
409 1114 494 1151 Quod
524 1114 549 1145 si
572 1116 637 1156 quis
666 1114 755 1146 etiam
771 1115 925 1151 concedat,

102 1159 180 1198 quod
194 1159 314 1200 quidem
327 1163 373 1190 est
386 1159 560 1196 absurdum,
573 1168 721 1190 summum
738 1168 804 1191 esse
816 1159 925 1190 malum

103 1212 137 1234 ea
153 1213 220 1244 quae
234 1203 282 1235 hic
293 1208 373 1241 sunt,
391 1213 484 1245 eaque
511 1214 568 1234 non
584 1204 727 1235 exsistere
753 1204 846 1235 satius
861 1213 927 1235 esse

104 1257 192 1288 quam
208 1248 365 1287 exsistere;
383 1248 529 1289 siquidem
546 1258 581 1280 ea
597 1258 663 1289 quae
673 1248 721 1280 hic
733 1252 803 1280 sunt
813 1248 850 1279 ab
865 1249 927 1288 opi-

104 1294 158 1324 tice
172 1293 210 1324 ob
226 1293 429 1324 inﬁrmitatem
440 1294 511 1324 508
521 1294 596 1324 mala
608 1293 699 1324 fuisse
712 1293 788 1324 facta
798 1293 922 1330 dicit,in‘

103 1338 264 1376 sanit,dum
274 1338 326 1369 Dei
334 1338 496 1379 potentiam
509 1345 600 1377 negat
608 1338 744 1369 universa
754 1338 923 1377 complecti.

103 1383 154 1414 Siu
178 1387 279 1414 autem
308 1392 374 1415 cum
394 1393 438 1421 ea,
463 1393 529 1424 qua;
545 1384 592 1414 hic
617 1388 697 1420 sunt,
715 1383 791 1414 bona
808 1383 925 1414 efficere

103 1432 215 1468 posset,
235 1428 370 1468 permisit
386 1429 451 1460 aliis
475 1433 506 1460 ut
522 1429 599 1459 mala
615 1429 781 1469 efﬁcerent,
798 1428 856 1458 erit
870 1428 926 1459 hoc

969 850 1077 878 ἐνταῦθα
1109 848 1183 880 ὄντες
1213 847 1332 876 δύνανται
1359 849 1382 876 οἱ
1425 847 1556 887 ἂνθρωποι
1581 848 1721 887 γινώσκειν
1746 848 1793 876 τὸν

971 895 1047 933 Θεὸν,
1072 894 1115 921 καὶ
1138 894 1153 927 ἧ
1182 895 1234 920 τῶν
1250 891 1389 931 ὁρθοδόξών
1416 892 1503 924 πίστις
1531 895 1622 932 σαφῶς
1637 891 1730 931 δηλοῖ,
1745 891 1792 920 λέ-

970 949 1052 978 γουσα
1085 938 1130 965 τὸν
1161 938 1226 965 Θεὸν
1252 936 1330 965 αυτὸν
1358 935 1577 974 κατεληλυθέναι,
1605 937 1649 965 καὶ
1664 937 1795 976 ἐγνῶσθαι

970 990 1029 1014 τοῖς
1058 982 1216 1021 ἀνθρώποις.
1250 982 1278 1010 Ei
1308 982 1392 1010 τοίνυν
1416 980 1523 1011 ευνατὸν
1542 982 1586 1010 καὶ
1603 983 1713 1011 ενταῦθα
1735 982 1798 1013 τοὺς

970 1026 1120 1064 ἀνθρώπους
1150 1025 1227 1058 ὄντας
1256 1026 1396 1065 γινώσκειν
1423 1026 1469 1054 τὸν
1499 1026 1576 1064 Θεὸν,
1603 1025 1675 1054 0-33?»
1701 1027 1792 1057 αὺτοῖς

970 1072 1095 1111 μέγιστον
1128 1071 1209 1098 κακὸν
1238 1070 1370 1108 συμϐ.ίνει
1395 1070 1424 1098 ἐκ
1439 1074 1484 1099 τσῦ
1499 1070 1608 1099 ἐνταῦοα
1622 1071 1707 1100 εἶναι.
1723 1072 1787 1102 Τοῖς

968 1116 1091 1155 ἀγνοοῦσι
1128 1116 1190 1155 γὰρ,
1224 1115 1311 1147 καθὼς
1323 1115 1440 1154 εἴρηται,
1457 1115 1488 1143 ἐκ
1502 1118 1551 1148 τῆς
1566 1115 1676 1144 ἀπίστου
1690 1115 1794 1155 φύσεως

968 1162 999 1189 τὸ
1031 1160 1137 1200 ἀγνοεῖν
1163 1161 1209 1188 τὸν
1231 1160 1296 1188 Θεὸν
1306 1159 1452 1197 συμϐαίνει,
1470 1162 1498 1188 Εἰ
1513 1159 1540 1188 δέ
1554 1171 1595 1192 τις
1621 1160 1664 1188 καὶ
1679 1170 1791 1199 συγχω-

968 1205 1055 1244 ρήσει,
1092 1204 1157 1243 ὅπερ
1192 1204 1299 1236 ἄτοπον,
1318 1204 1442 1243 μέγιστον
1459 1204 1530 1233 εῖναι
1546 1205 1626 1233 κακὸν
1642 1205 1675 1232 τὰ
1694 1204 1789 1233 ἐνταῦ-

967 1252 1009 1286 θα,
1041 1250 1084 1278 καὶ
1109 1248 1219 1277 κάλλιον
1250 1249 1381 1289 ὑπάρχειν
1409 1250 1440 1277 τὸ
1471 1249 1510 1287 μὴ
1532 1251 1602 1277 εἶναι
1617 1250 1650 1277 τὰ
1663 1248 1725 1288 τῇδε
1741 1254 1788 1278 τοῦ

968 1295 1052 1323 εἶναι·
1095 1295 1117 1322 εἰ
1144 1293 1192 1332 μὲν
1222 1293 1294 1333 λέγει
1322 1294 1391 1322 κακά
1418 1294 1592 1328 πεποιηκέναι
1616 1295 1649 1323 τὰ
1662 1293 1724 1333 τῇδε
1742 1295 1787 1322 τὸν

967 1338 1128 1378 δημιουργὸν
1157 1336 1191 1366 δι’
1218 1338 1364 1378 ἀσθένειαν,
1394 1338 1556 1378 ἀνοητειίνει¹
1587 1339 1637 1372 τὴν
1662 1338 1707 1367 τοῦ
1723 1340 1790 1367 Θεοῦ

966 1382 1075 1421 δύναμιν
1115 1383 1222 1423 φάσκων
1252 1383 1291 1421 μὴ
1330 1382 1543 1421 καταλαμϐάνειν
1586 1383 1682 1411 πάντα·
1714 1384 1736 1411 εἱ
1764 1382 1792 1411 δὲ

967 1426 1110 1465 δυνάμενος
1136 1426 1206 1455 καλά
1235 1430 1346 1461 ποιῆσαι
1369 1428 1402 1456 τὰ
1428 1426 1504 1466 τῇδε,
1529 1428 1716 1468 συνεχώρησεν
1732 1428 1792 1456 ἑτέ-

103 1482 221 1513 quoque
235 1473 287 1504 Dei
302 1473 536 1505 incusatio.Nam
552 1474 602 1514 qui
615 1472 773 1514 prohibere
789 1477 885 1513 potest
895 1482 917 1504 at

992 1483 1026 1504 3t:
1058 1472 1129 1501 κακὰ
1156 1479 1257 1509 ποιεῖν,
1273 1473 1318 1500 καὶ
1333 1475 1411 1501 τοῦτο
1425 1472 1498 1501 ἔσται
1520 1472 1698 1512 κατηγόρημα
1712 1476 1789 1502 Θεοῦ,

105 1517 282 1555 contemnit,
298 1518 399 1549 verius
411 1519 474 1560 ipse
490 1519 613 1550 eﬂ'ector
627 1523 682 1549 est.
699 1518 752 1550 Sin
771 1517 836 1558 ipse
851 1517 929 1549 Deus

106 1566 152 1593 est
165 1562 215 1602 qui
231 1563 294 1594 haec
310 1563 390 1601 fecit,
407 1563 502 1604 liquet
517 1564 624 1594 eodem
642 1565 704 1595 Deo
720 1567 928 1601 manente,ea-

102 1607 170 1638 dem
185 1611 214 1639 et
224 1609 347 1648 posthac
360 1613 388 1640 et
396 1618 516 1650 semper
526 1608 709 1645 futuraQuae
723 1609 802 1640 enim
816 1608 927 1640 dudum

104 1652 208 1692 potuit,
227 1663 305 1685 nunc
321 1664 439 1695 quoque
450 1653 647 1694 potest.Quod
660 1653 685 1684 si
696 1663 774 1684 nunc
787 1653 928 1694 prolixius

103 1697 263 1738 quidquam
280 1703 478 1741 potest,quam
492 1698 772 1740 antea,temporaria
784 1698 841 1729 erit
851 1699 930 1738 cjus-

103 1742 184 1772 modi
200 1742 294 1783 ipsius
308 1745 441 1784 polentia
458 1753 464 1776 :
482 1744 560 1785 quod
577 1743 740 1774 absurdum
759 1747 804 1773 est
820 1754 832 1779 ;
859 1752 928 1774 nam

105 1786 182 1827 quod
200 1789 425 1829 temporarium,
442 1789 471 1821 id
489 1788 683 1829 corruptibile
699 1792 754 1819 est.
778 1787 843 1825 Sin,
860 1797 927 1818 cum

104 1831 190 1862 etiam
208 1832 277 1863 olim
304 1833 462 1872 prohibere
478 1833 608 1875 potuerit
623 1841 772 1864 summum
790 1832 845 1863 hoc
862 1841 927 1862 ma-

104 1875 176 1914 lum,
191 1886 249 1908 non
267 1877 428 1918 prohibuit,
448 1878 564 1910 invidus
578 1877 680 1909 fuerit:
698 1876 775 1917 quod
793 1877 836 1907 vel
851 1876 928 1907 ima-

103 1919 197 1960 ginari
213 1921 336 1962 impium
355 1928 411 1954 est.
428 1923 558 1954 Necesse
570 1927 614 1954 est
644 1931 714 1962 ergo
744 1921 883 1952 eumdem
897 1921 928 1952 in

104 1964 218 1996 eisdem
232 1972 416 2005 manentem,
428 1968 531 1999 eadem
545 1969 654 2000 facere.

142 2009 358 2050 Bcspomtonis
368 2021 429 2044 non
449 2017 529 2044 recte
544 2014 692 2044 instituta:
707 2012 889 2050 confutatio.

145 2052 174 2081 t.
190 2051 267 2082 Satis
279 2056 324 2083 est
339 2052 415 2084 hanc
432 2053 596 2084 orationem
612 2052 793 2092 intelligere,
820 2056 851 2082 ut
865 2060 930 2082 eam

971 1513 1001 1547 Ὀ
1031 1518 1080 1557 γὰρ
1104 1517 1249 1555 δυνάμενος
1277 1517 1327 1555 μὲ)
1350 1521 1460 1555 παῦσαι,
1497 1517 1628 1557 περιορΒν
1655 1516 1693 1554 δὲ,
1721 1516 1791 1551 ἀλη-

969 1562 1091 1601 θέστερον
1121 1561 1199 1594 ὠτὸς
1229 1560 1287 1601 δρᾷ.
1318 1563 1345 1590 Εἰ
1375 1561 1402 1590 δὲ
1443 1562 1522 1593 αὐτός
1552 1562 1622 1590 ἐστιν
1647 1563 1661 1590 ὁ
1690 1563 1755 1593 Θεὸς
1780 1563 1794 1590 ὁ

970 1607 1085 1642 ποιήσας
1112 1607 1145 1636 τὰ
1160 1605 1232 1644 τῇδε,
1270 1605 1349 1640 δῆλον
1373 1607 1414 1635 ὅτι
1442 1611 1488 1636 τοῦ
1502 1608 1581 1636 αὖτοῦ
1603 1610 1669 1635 Θεοῦ
1697 1606 1792 1643 μένοι-

970 1663 1027 1687 τος,
1052 1652 1097 1680 καὶ
1125 1653 1163 1683 εἷς
1178 1651 1284 1691 ὕστερον
1319 1653 1362 1680 καὶ
1386 1652 1426 1680 ἀεὶ
1446 1652 1479 1680 τὰ
1500 1652 1565 1681 αξιτά
1577 1651 1662 1681 ἔσται.
1683 1647 1726 1680 "A
1741 1663 1793 1690 γαρ

969 1696 1052 1726 πάλαι
1078 1696 1198 1733 ἠδύνατο,
1221 1698 1265 1725 καὶ
1280 1700 1323 1725 νῦν
1342 1696 1457 1727 δύναται.
1483 1697 1512 1724 El
1540 1695 1567 1724 δὲ
1583 1699 1626 1725 νῦν
1654 1707 1679 1724 τι
1694 1695 1792 1724 πλεῖον

969 1740 1074 1770 δύναται
1104 1742 1175 1780 παρὰ
1203 1742 1236 1769 τὰ
1264 1746 1373 1780 προ-τοῦ⁹
1399 1740 1528 1781 ’ἑγχρονος
1558 1741 1637 1770 αὐτοῦ
1674 1739 1745 1768 ἔσται
1774 1741 1791 1774 ἡ

969 1786 1078 1819 τοιαὺτη
1120 1784 1242 1823 δύναμις·
1287 1785 1351 1825 ὅπερ
1391 1785 1501 1813 ἄτοπον·
1531 1785 1563 1813 τὸ
1582 1785 1632 1824 γάρ
1661 1784 1793 1824 ἕγχρονον

969 1830 1091 1871 φθαρτόν.
1133 1831 1160 1860 Ei
1189 1829 1227 1871 δὲ,
1269 1829 1412 1868 δυνάμενος
1442 1831 1485 1858 καὶ
1511 1829 1593 1858 πάλαι
1620 1828 1738 1858 κωλῦσαι
1763 1831 1794 1857 τὸ

970 1875 1095 1914 μέγιστον
1118 1875 1186 1904 οὕτω
1220 1876 1313 1912 κακὸν,
1330 1875 1377 1903 οὒκ
1392 1874 1521 1911 ἐκώλυσε,
1540 1874 1663 1914 φθονερὸς
1679 1873 1710 1901 ἄν
1732 1874 1791 1907 εἴη’

970 1919 1035 1957 ὅπερ
1046 1919 1138 1951 ἀσεϐὲς
1169 1921 1212 1949 καὶ
1241 1919 1426 1960 φαντὶζεσθαν
1459 1925 1507 1948 Δεῖ
1522 1923 1566 1948 οὖν
1580 1919 1626 1947 τὸν
1650 1918 1729 1946 at",th
1752 1919 1797 1947 imi

970 1965 1023 1993 τῶν
1035 1965 1121 1993 αὐτῶν
1131 1964 1245 2003 μένοντα
1259 1966 1290 1994 τὰ
1308 1967 1372 1995 αὔτα
1386 1972 1486 1996 ποιεῖν,

972 2008 978 2021 ⁷
982 2008 1115 2049 Ἔλεγχος
1130 2009 1178 2044 τῆς
1193 2010 1356 2050 ἀποκρίσεως
1368 2010 1415 2039 οὒκ
1429 2010 1511 2050 ὀρθῶς
1524 2008 1682 2049 γενομένης.

1015 2056 1044 2085 1.
1068 2053 1168 2086 Ἰκανός
1190 2055 1239 2093 μὲν
1259 2056 1294 2088 ἦν
1308 2055 1345 2086 εἷς
1361 2054 1476 2094 ἔλεγχον
1492 2059 1537 2084 τοῦ
1550 2053 1696 2083 ἀσυστάτου
1712 2051 1793 2092 λόγυο

104 2093 160 2145 sibi
177 2104 236 2126 non
248 2102 386 2129 constare
394 2099 624 2138 arguatur.Nam
637 2107 704 2128 cum
715 2096 798 2127 initio
807 2096 917 2137 quiden

992 2099 1049 2130 ὒτὸς
1064 2100 1078 2127 ὸ
1099 2098 1178 2138 λόγος
1193 2100 1392 2137 νοούμενος.Τῷ
1472 2098 1594 2138 λέγε-γὲν
1609 2100 1682 2140 ἀρχῇ
1692 2097 1740 2134 μὲν
1749 2104 1795 2128 τοι)

103 2138 257 2185 dicat.non
272 2151 336 2173 esse
348 2152 500 2174 summum
513 2142 677 2181 malum,in
687 2142 744 2172 fine
753 2141 917 2179 autem,im-

992 2144 1050 2183 Ξγου
1078 2144 1116 2181 μὴ
1145 2151 1212 2172 εῖνῡι
1238 2145 1364 2184 μέγιστον
1393 2145 1489 2185 κακὸν¹
1504 2146 1531 2173 tv
1561 2148 1600 2182 τῷ
1614 2145 1684 2175 τελει
1701 2145 1729 2173 δὲ
1745 2149 1792 2173 τοῦ

104 2183 185 2223 pium
202 2194 283 2223 esse,
301 2186 345 2217 vel
360 2187 422 2218 sola
434 2187 644 2228 imaginatione
659 2196 693 2217 ea
718 2196 783 2226 qua:
798 2185 858 2216 Deo
879 2185 927 2215 in-

105 2229 194 2268 digna
221 2235 289 2262 sunt
303 2233 434 2264 sentire:
466 2232 615 2273 quomodo
645 2241 704 2262 non
729 2229 929 2262 introducitur

103 2275 290 2307 considerate
301 2285 454 2308 summum
469 2276 671 2317 malum,quod
683 2275 904 2307 inconsiderate
913 2284 929 2305 a

103 2327 283 2359 responsare
299 2325 344 2352 est
354 2321 501 2361 rejeclum
512 2322 524 2351 τ
536 2321 574 2352 At
590 2322 613 2351 si
630 2320 800 2360 hujusmodi
817 2329 852 2350 ex
867 2319 930 2350 sola

103 2363 475 2406 imaginationeimpietati
489 2366 561 2397 illud
575 2365 748 2403 addatur,ut
764 2375 797 2396 ea
812 2374 930 2405 quoque

104 2409 202 2440 verbis
227 2411 404 2450 proferatur,
437 2412 530 2451 major
556 2410 753 2442 committitur
780 2409 928 2450 impietas.

104 2453 188 2490 Quod
205 2454 229 2485 si
241 2464 299 2485 non
315 2456 433 2488 dicatur
449 2457 558 2492 solum,
576 2455 628 2486 sed
652 2455 744 2486 etiam
771 2454 928 2491 scribatur,

104 2507 222 2530 omnem
244 2500 360 2532 malitia
373 2500 496 2541 gradum
514 2500 638 2531 excedet
664 2499 811 2539 impietas.
836 2499 930 2539 Atque

105 2543 168 2574 haec
183 2543 207 2575 si
224 2543 264 2576 ita
278 2545 400 2584 habent,
417 2550 449 2577 et
464 2545 495 2577 in
512 2545 566 2582 eis,
583 2554 649 2585 qua:
664 2544 784 2585 indigne
809 2543 846 2574 de
868 2543 929 2574 Deo

147 2611 208 2650 (49)
236 2613 374 2645 ι’πόθοιτο.
390 2613 426 2644 Β.
444 2613 612 2651 Stephanus
626 2613 747 2641 ὑπόθειτο
774 2612 924 2643 Emenda-

105 2650 143 2681 vit
155 2651 335 2692 Sylburgius,
353 2653 477 2693 ejusque
492 2650 730 2685 emendationem
746 2653 841 2683 codex
857 2652 926 2684 Cla-

103 2696 297 2724 romontauus
312 2693 476 2725 conlirmat.

147 2731 207 2772 (50)
224 2733 400 2774 Κικριμένως.
418 2733 467 2766 Sic
482 2733 638 2767 emendavi
656 2742 712 2775 ope
736 2733 847 2765 codicis
860 2733 928 2766 Gla-

970 2188 1049 2228 λόγου
1064 2189 1094 2217 τὸ
1109 2188 1201 2221 ἀσεϐὲς
1212 2191 1281 2217 εἶναι
1295 2190 1339 2217 καὶ
1354 2189 1383 2217 ἐκ
1396 2189 1481 2227 μόνης
1493 2192 1635 2230 φαντασίας
1645 2192 1714 2220 τὸτὰ
1729 2191 1794 2218 ἀνά-

970 2232 1010 2265 ξια
1026 2234 1085 2273 περί
1106 2237 1171 2262 Θεοῦ
1199 2240 1318 2274 φρονεῖν,
1335 2234 1393 2266 πῶς
1414 2235 1461 2262 οὒκ
1477 2233 1532 2263 ἔστι
1548 2235 1712 2274 κεκριμένως
1731 2235 1794 2275 (50)

971 2277 1142 2317 εἰσαγόμενον
1156 2279 1187 2306 τὸ
1217 2278 1343 2317 μέγιστον
1371 2279 1452 2307 κακὸν
1488 2279 1519 2307 τὸ
1542 2279 1654 2318 ἀκρίτως
1666 2279 1795 2314 ἐκϐληθὲν

971 2323 1042 2362 παρὰ
1056 2326 1102 2350 τοῦ
1129 2322 1336 2363 ἀποκρινομένου
1353 2332 1361 2364 ς
1394 2324 1422 2352 Εἰ
1437 2322 1465 2351 δὲ
1480 2325 1635 2363 προστεθείη
1650 2328 1685 2363 τῇ
1700 2325 1797 2353 τοιαύ-

971 2377 1004 2405 τῃ
1036 2366 1064 2395 ἐκ
1099 2366 1184 2404 μόνης
1218 2368 1361 2407 φαντασίας
1384 2367 1490 2404 ἀσεϐείᾳ
1504 2369 1548 2398 καὶ
1566 2369 1592 2397 εἰ)
1615 2368 1716 2409 λέγειν²
1732 2369 1796 2406 μεί-

972 2415 1024 2447 ζων
1053 2411 1151 2450 γίνεται
1167 2413 1184 2446 ἡ
1211 2411 1328 2443 ἀσέϐεια.
1358 2411 1425 2442 Sto“:
1449 2413 1495 2441 σὺν
1521 2416 1560 2450 τῷ
1589 2413 1676 2453 λέγειν
1704 2414 1749 2442 καὶ
1766 2415 1797 2442 τὸ

971 2467 1092 2496 γραφειν,
1123 2456 1148 2489 ἐξ
1187 2457 1307 2496 ἀνάγκης
1351 2460 1437 2486 πᾶσαν
1466 2459 1559 2491 κακίας
1604 2457 1752 2498 ὑπερϐολὴν
1778 2459 1796 2492 ᾖ

971 2499 1078 2529 ἀσέϐεια
1105 2500 1217 2541 ἔχουσα,
1232 2503 1260 2531 Ei
1295 2500 1321 2529 δὲ
1336 2503 1417 2530 ταὺτα
1439 2502 1522 2535 οὕτως
1537 2502 1608 2543 ἕχει,
1624 2504 1668 2531 καὶ
1683 2502 1755 2532 ἔστιν
1767 2505 1795 2531 ἓν

971 2548 1035 2573 πᾶσι
1051 2557 1111 2579 τοις
1126 2545 1237 2579 ἀναξίως
1261 2547 1319 2587 περὶ
1334 2550 1399 2575 Θεοῦ
1426 2546 1579 2587 λεγομένοις
1608 2559 1637 2576 τε
1657 2548 1700 2576 καὶ
1723 2559 1794 2588 γρι-

967 2613 1146 2649 romontaui,
1183 2614 1236 2655 qui
1272 2618 1371 2655 tamen
1397 2613 1487 2655 liabet
1522 2616 1688 2655 κεκρυμένως
1718 2614 1797 2648 Editi

968 2654 1160 2701 κεχρξηαιένωςἶ
1182 2653 1260 2686 Vidit
1282 2653 1463 2701 Sylburgius‘
1479 2653 1639 2694 legendum
1655 2664 1731 2701 esse
1747 2667 1798 2685 κε-

970 2695 1115 2734 κριμένως,
1132 2698 1164 2727 ut
1177 2695 1314 2736 sequenti
1326 2695 1390 2726 voci
1405 2695 1516 2735 ἀκρίτως
1531 2699 1719 2737 opponatur.
