1967 3076
192 176 267 208 1409

643 178 689 214 QU
696 178 886 209 {ESTIONES
907 175 1151 208 CHRISTIANE
1176 178 1223 207 AD
1247 174 1414 208 GR/ECOS.

1797 173 1875 205 mo

188 255 243 282 ναι,
271 243 315 271 καὶ
344 243 472 282 ἐγνῶσθαι
500 250 559 275 τοῖς
597 243 752 282 ἀνθρώποις.
787 244 869 271 Ιιὶῖπεν
893 245 932 272 ὃτι
969 242 1095 272 ἐπἈἃῦε

1117 243 1245 273 inlitatis
1256 247 1299 273 est
1310 251 1445 274 asserere
1458 242 1674 282 ignorationem
1680 241 1732 272 Dei
1741 241 1879 281 ignoran—

189 287 280 326 ἀγαθῷ
295 287 396 316 δέδοται
413 287 544 319 πολλάκις
560 288 620 319 τοῖς
639 288 784 327 ἀνθρώποις
797 289 813 321 ἡ
830 287 933 326 ἄγνοια·
952 287 1011 316 ἀλλ’

190 333 212 360 εἰ
242 333 291 370 μὲν
323 333 372 366 τὴν
387 331 434 361 τοῦ
450 336 516 361 Θεοῦ
532 331 594 372 (52)
611 332 683 372 λέγει
700 332 809 372 ἄγνοιαν
824 334 882 366 περὶ
897 333 929 366 ἧς
943 334 1015 360 ἔστιν

190 378 258 414 ἡμῒθ
288 377 406 416 ὸλόγος,
446 376 586 414 προδήλως
609 378 710 406 ἄτοπον
731 378 762 405 τὸ
776 377 826 411 τὴν
843 377 950 416 ἄγνοιαν
970 380 1017 405 τοῦ

192 425 257 451 Θεοῦ
285 421 372 460 λέγειν
396 421 439 449 ἐπ’
468 422 559 460 ἀγαθῷ
573 421 683 450 δίδοσθαι
699 428 758 453 τοῖς
774 422 908 460 ἀγνοοῦσι.
927 422 1017 457 Τούτῳ

192 467 242 506 γὰρ
258 469 296 504 τῷ
309 465 383 506 λόγῳ
398 466 502 494 ἔσονται
524 470 606 495 πᾶσαι
623 468 648 494 αἱ
662 469 804 506 θρησκεῖαι
828 468 853 494 αἱ
875 467 1015 505 ἀγνοοῦσαι

192 512 237 539 τὸν
265 511 340 547 Θεὸν,
356 510 398 539 ἐπ’
414 511 504 550 ἀγαθῷ
528 512 626 539 ἑαυτῶν
643 512 783 550 ὰγνοοῦσαι
798 512 843 539 τὸν
860 515 934 539 Θεόν·
952 511 969 545 ἡ
989 509 1016 538 δὲ

191 556 238 583 τὸν
269 557 333 583 Θεὸν
357 555 523 595 γινώσκουσα
548 556 673 595 θρησκεία
704 556 750 584 οὐκ
785 555 829 583 ἐπ’
850 555 939 594 ἀγαθῷ
953 555 1016 583 ἑαυ-

193 603 253 633 τῆς.
271 601 299 628 Εἰ
314 600 340 627 δὲ
375 600 466 637 ἑτέραν
495 600 566 640 λέγει
583 600 691 638 ἄγνοιαν
706 601 765 639 περὶ
780 600 811 634 ἧς
835 601 864 628 οὔ
880 601 1017 639 προέκειτο

194 646 262 682 ἡμῖν
291 644 392 684 λέγειν,
419 644 527 685 ἄκαιρος
550 646 566 679 ἡ
589 646 731 684 παράθεσις
749 645 805 672 ἀντὶ
821 647 868 678 τῆς
883 643 1017 682 ζητουμέ-

195 699 243 722 νης
273 689 381 728 ἀγνοίας
411 689 460 723 τὴν
487 690 524 727 μὴ
540 689 706 727 ζητουμένην
721 689 833 729 ἔλουσα,
865 689 961 729 Εἶπεν,
977 688 1017 716 ὅτι

196 733 225 761 ἐκ
246 736 295 766 τῆς
326 733 423 765 οἰκείας
445 734 530 769 λήθης
551 735 652 773 πάσχει
667 735 684 767 ἡ
707 735 785 773 ψυχὴ
806 735 837 761 τὸ
852 734 958 772 ἀγνοεῖν
972 734 1017 761 τὸν

197 779 272 806 Θεόν’
291 778 381 815 εἶπεν,
397 778 438 806 ὅτι
451 780 495 806 καὶ
511 778 619 807 ἐνταῦθα
644 779 815 818 παραγίνεται
829 784 890 810 ταῖς
913 780 1017 817 ψυχαῖς

195 826 292 863 γνῶσις
329 826 404 851 Θεοῦ·
437 830 524 860 εἶπεν,
562 822 602 851 ὅτι
628 824 671 851 καὶ
686 823 795 851 ἐνταῦθα
810 823 913 861 ὁρῶμεν
933 822 1016 862 γινώ-

197 868 309 898 σκοντας
337 868 382 896 τὸν
413 867 487 895 Θεὸν·
513 868 603 906 εἶπεν,
619 866 658 895 ὅτι
699 867 813 899 οὖδόλως
827 868 898 895 εστὶν
925 866 1018 906 ἄγνοια

1056 286 1133 318 tibus
1148 287 1178 317 in
1196 287 1330 318 beneﬁcii
1347 287 1410 318 loco
1426 296 1493 318 esse
1507 295 1695 318 concessum.
1712 285 1772 317 Hac
1783 285 1878 325 siqui—

1056 331 1123 362 dem
1139 332 1254 362 ratione
1273 332 1434 370 religiones
1449 341 1552 362 omnes
1564 331 1618 363 Dei
1629 331 1750 370 ignarae,
1768 331 1880 361 utiliter

1058 376 1152 406 Deum
1176 377 1383 416 ignoraverint,
1401 381 1432 408 at
1454 376 1559 416 religio
1582 377 1676 407 Deum
1702 384 1877 415 agnoscens,

1059 429 1118 450 non
1134 421 1244 451 utiliter
1258 421 1340 451 illum
1362 421 1453 453 norit.
1471 420 1523 452 Sin
1543 420 1630 451 aliam
1655 420 1726 457 dicit
1737 420 1879 459 ignoran-

1061 464 1140 501 tiam,
1154 465 1191 495 de
1202 475 1260 506 qua
1277 466 1459 506 propositum
1475 465 1561 496 nobis
1577 475 1635 496 non
1650 465 1704 496 fuit
1715 465 1880 501 dicere,in-

1059 510 1230 549 tempestive
1245 515 1289 540 est
1300 510 1470 550 propositio,
1496 519 1548 550 pro
1565 509 1687 550 quaesita
1699 519 1758 539 non
1769 509 1878 549 quiesi-

1058 557 1115 584 tam
1131 553 1294 585 obtrudens
1304 555 1509 593 ignorantiam.
1527 554 1603 585 Dixit
1619 563 1653 584 ex
1667 553 1786 594 propria
1801 553 1879 584 obli-

1058 598 1144 629 vione
1159 599 1285 629 animam
1297 599 1355 639 pati
1367 599 1584 639 ignorationem
1597 598 1741 630 Dei.Dixit
1751 598 1799 628 hic
1808 607 1880 638 quo-

1059 652 1116 683 que
1131 643 1251 675 evenire
1265 644 1373 674 animis
1389 644 1586 682 cognitionem
1598 643 1662 674 Dei:
1676 643 1748 673 dixit
1758 643 1882 682 hicquo—

1059 697 1116 727 que
1132 687 1264 727 conspici
1286 687 1336 728 qui
1359 687 1451 719 Deum
1477 691 1666 727 cognoscant.
1678 687 1757 718 Dixit
1781 686 1881 717 neuti-

1060 741 1146 770 quam
1173 740 1240 762 esse
1255 732 1469 771 ignorationem
1493 733 1561 770 Dei;
1580 732 1735 763 universos
1754 739 1882 771 namque

1061 779 1153 807 Deum
1167 785 1232 806 esse
1239 776 1389 807 communi
1400 776 1484 807 fateri
1494 776 1651 807 sententia.
1666 775 1744 807 Dixit
1755 775 1804 806 hic
1811 784 1881 816 quo-

1059 829 1117 860 que
1123 821 1258 852 homines
1266 829 1444 860 cognoscere
1453 821 1547 852 Deum
1559 820 1748 861 posse.Cujus
1758 819 1801 850 rei
1813 828 1882 860 pro—

1060 864 1164 895 bandae
1188 874 1276 896 causa
1304 865 1536 896 orthodoxorum
1563 865 1683 906 protulit
1699 864 1801 902 ﬁdem,
1818 872 1883 904 quae

198 912 256 951 περὶ
274 915 349 940 Θεοῦ⁸
367 912 463 943 πάντες
479 912 541 951 γὰρ,
557 913 596 940 im
613 912 668 940 ἐστὶ
690 913 754 944 Θεὸς
771 910 930 950 ὁμολογοῦσι
946 914 1021 949 κοινῇ
1034 917 1051 942 Β
1063 909 1095 939 Dt

1117 918 1156 939 im
1168 909 1266 950 ipsum
1277 909 1480 949 descendisse,
1497 911 1575 941 etab
1587 908 1757 941 hominibus
1780 908 1884 948 cogni—

197 956 294 992 ἐννοίᾳ·
320 956 411 996 εἶπεν,
441 955 482 984 ὅτι
511 957 555 984 καὶ
577 956 686 984 ἐνταῦθα
708 955 827 984 δύνανται
842 957 866 984 οἱ
888 955 1019 995 ἅνθρωποι

198 1001 339 1040 γινώσκειν
365 1001 411 1029 τὸν
441 1000 518 1029 Θεόν·
544 1001 589 1030 καὶ
616 1001 709 1029 τούτου
724 1002 761 1032 εἰς
777 999 908 1033 ἀπόδειξιν
934 999 1020 1039 παρέ-

197 1047 258 1074 θετο
286 1045 335 1079 τὴν
359 1046 446 1074 πίστιν
474 1048 527 1074 τῶν
556 1044 696 1085 ὀρθοδόξων
711 1045 840 1085 λέγουσαν
869 1045 947 1073 αὐτὸν
975 1045 1020 1072 τὸν

199 1091 264 1118 Θεὸν
309 1089 516 1123 κατεληλυθέναι
543 1091 587 1119 καὶ
612 1091 740 1130 ἐγνῶσθαι
777 1096 834 1121 τοῖς
862 1089 1019 1129 ἀνθρώποις,

199 1133 275 1162 Ἀλλ’
303 1135 325 1162 εἰ
358 1134 405 1172 μὲν
433 1134 540 1172 ἀληθὲς,
569 1135 659 1173 ὅτιτῇ
681 1135 762 1171 οἰκείᾳ
783 1134 853 1172 λήθῃ
882 1134 982 1174 πάσχει
1005 1134 1022 1167 ἡ

200 1179 278 1218 ψυχὴ
307 1179 338 1207 τό
361 1179 468 1218 ἀγνοεῖν
495 1180 540 1207 τὸν
555 1180 630 1219 Θεὸν,
648 1178 770 1213 δηλονότι
783 1177 889 1217 ψευδὲς,
906 1179 948 1216 τὸ,
966 1177 1022 1206 οὑδὲ

200 1222 271 1251 ’ἐστιν
298 1223 365 1256 ὅλως
395 1223 489 1263 ἂγνοια
518 1225 576 1263 περί
601 1227 677 1252 Θεοῦ’
708 1224 803 1255 πάντες
819 1224 880 1262 γὰρ,
903 1223 943 1251 ὅτι
969 1221 1023 1250 ἔστι

202 1269 278 1304 Θεὸς,
309 1267 467 1307 ὁμολογοῦσι
483 1271 558 1306 κοινῇ
585 1268 682 1305 ἐννοίᾳ.
713 1268 757 1300 Τίς
772 1267 798 1295 δὲ
814 1267 846 1301 ἦν
869 1268 947 1307 χρεία
977 1268 1023 1295 τοῦ

201 1312 394 1352 παραγενέσθαι
423 1320 482 1345 ταῖς
521 1313 630 1341 ἐνταῦθα
646 1316 749 1353 ψυχαῖς
766 1317 862 1351 γνῶσιν
879 1313 924 1340 τοῦ
944 1315 1021 1351 Θεοῦ,

203 1357 310 1385 πάντων
339 1359 522 1395 γινωσκόντων
555 1359 600 1385 τὸν
644 1359 708 1385 Θεὸν
737 1357 781 1385 καὶ
822 1356 1023 1396 ὁμολογούντων

203 1403 280 1440 κοινῇ
316 1401 425 1441 ἐννοίας
461 1403 497 1431 Τὸ
531 1401 569 1442 δὲ,
599 1403 647 1430 Καὶ
661 1402 769 1430 ἐνταῦθα
803 1402 905 1440 ὁρῶμεν
920 1401 1022 1440 ἀνθρώ-

201 1457 265 1478 πους
294 1446 472 1485 γινώσκοντας
512 1447 556 1474 τὸν
585 1448 661 1483 Θεὸν,
689 1447 745 1485 περί
772 1446 850 1475 τίνων
878 1446 949 1486 λέγει
978 1446 1024 1474 ἆν-

203 1492 315 1524 θρώπων
335 1500 344 1527 ;
370 1492 397 1519 El
428 1491 476 1528 μὲν
492 1492 551 1530 περὶ
571 1492 623 1519 τῶν
639 1491 793 1531 ἐγνωκότων
815 1492 860 1519 τὸν
876 1492 940 1519 Θεὸν
955 1501 1022 1519 κατ-

203 1535 313 1563 ελθόντα
349 1536 393 1563 καὶ
434 1536 609 1574 γνωρισθέντα
644 1537 734 1568 αὐτοῖς
763 1537 832 1564 κατὰ
860 1537 909 1570 τὴν
936 1536 1024 1563 πίστιν

201 1581 254 1608 τῶν
289 1579 444 1619 ὀρθοδόξων,
473 1579 575 1614 ἀληθὴς
592 1582 606 1608 ὁ
620 1580 712 1619 λόγος·
729 1582 832 1620 ὁρῶμεν
848 1581 898 1620 γὰρ
919 1581 1023 1612 αὐτούς.

1062 958 1123 984 tum
1140 963 1207 985 esse
1222 955 1385 995 proﬁtetur.
1403 955 1440 986 At
1455 955 1482 986 si
1502 963 1608 986 verum
1635 958 1680 985 est
1703 953 1832 984 animam
1848 961 1885 984 ex

1063 998 1181 1038 propria
1195 999 1343 1030 oblivione
1357 999 1573 1038 ignorationem
1590 999 1651 1039 pati
1668 1009 1676 1030 :
1694 998 1831 1030 videlicet
1845 997 1883 1028 il-

1063 1043 1112 1074 lud
1128 1043 1234 1074 falsum
1264 1044 1410 1083 erit,‘,non
1436 1053 1503 1075 esse
1525 1051 1648 1085 prorsus
1670 1043 1884 1083 ignorationem

1063 1087 1128 1125 Dei;
1140 1097 1245 1119 omnes
1260 1089 1339 1120 enim
1357 1090 1449 1120 Deum
1466 1097 1532 1119 esse
1548 1088 1699 1119 communi
1711 1087 1796 1118 fateri
1811 1095 1884 1118 sen-

1065 1132 1246 1169 tentia.Quid
1261 1142 1330 1164 vero
1342 1142 1417 1174 opus
1431 1132 1640 1170 fuit,obvenire
1655 1132 1818 1163 hicanimis
1832 1140 1887 1162 no-

1064 1177 1133 1209 stris
1148 1178 1281 1209 notitiam
1298 1178 1364 1218 Dei,
1379 1177 1403 1208 si
1416 1186 1521 1208 omnes
1538 1178 1630 1209 Deum
1642 1181 1837 1216 cognoscunt,
1856 1180 1886 1206 et

1063 1223 1241 1254 conﬁtentur
1255 1222 1406 1253 communi
1422 1221 1582 1253 sententia?
1597 1221 1669 1252 illud
1681 1221 1884 1258 autem,vide—

1063 1277 1129 1298 mus
1138 1273 1166 1299 et
1180 1267 1228 1299 hic
1238 1268 1374 1298 homines
1387 1268 1481 1298 Deum
1495 1269 1715 1306 cognoscentes,
1731 1265 1769 1296 de
1779 1265 1887 1305 quibus

1064 1310 1236 1343 hominibus
1248 1312 1334 1343 dicit?
1346 1311 1378 1343 Si
1389 1311 1510 1351 quidem
1533 1312 1572 1341 de
1585 1310 1644 1341 illis
1659 1310 1708 1350 qui
1723 1309 1817 1340 Deum
1834 1319 1885 1340 co-

1063 1366 1122 1397 gno
1128 1361 1239 1393 verunt,
1257 1361 1410 1396 postquam
1435 1355 1590 1387 descendit
1605 1358 1634 1385 et
1648 1353 1886 1394 cognoscendum

1064 1410 1096 1432 se
1110 1401 1154 1432 eis
1166 1401 1292 1441 praebuit
1303 1401 1387 1441 juxta
1402 1401 1633 1431 orthodoxorum
1649 1399 1829 1440 ﬁdem,vera
1840 1402 1889 1429 est.

1065 1440 1311 1487 oratio,videmus
1320 1446 1399 1476 enim
1413 1454 1475 1476 eos.
1486 1444 1640 1481 Quomodo
1655 1448 1752 1475 autem
1767 1443 1819 1484 qui
1835 1440 1887 1475 Dei

1064 1491 1101 1522 ad
1113 1492 1250 1522 homines
1264 1492 1423 1522 adventum
1439 1489 1603 1529 argumenti
1615 1489 1680 1520 loco
1695 1489 1841 1526 adhibuit,
1856 1492 1887 1518 ut

1065 1536 1202 1576 probaret
1228 1535 1365 1566 homines
1380 1535 1428 1565 hic
1448 1543 1566 1575 quoque
1590 1535 1683 1564 Deum
1708 1541 1888 1572 cognoscere

1065 1589 1162 1618 posse,
1178 1580 1304 1620 ipsemet
1320 1579 1409 1610 ﬁdem
1425 1579 1504 1610 illius
1530 1579 1614 1609 dictis
1631 1578 1668 1608 de
1680 1578 1783 1608 mundi
1797 1577 1887 1608 resti-

203 1627 264 1656 Πῶς
289 1623 317 1651 δὲ
345 1625 359 1652 ὁ
386 1625 420 1662 τῇ
450 1625 496 1652 τοῦ
525 1628 590 1653 Θεοῦ
613 1626 678 1664 πρὸς
708 1625 859 1664 ἀνθρώπους
894 1625 1095 1664 παρουσίᾳοιυ

1117 1633 1179 1655 one
1204 1634 1262 1655 non
1287 1624 1392 1656 habet?
1413 1623 1540 1654 inﬁdelis
1570 1623 1649 1653 enim
1675 1622 1887 1653 demonstratio

201 1668 331 1702 ἀποδείξει
374 1669 546 1708 χρησάμενος
575 1675 622 1699 τοῦ
636 1669 744 1699 δυνατὸν
760 1670 831 1698 εἶναι
847 1676 905 1701 τοῖς
921 1670 1023 1708 ἀνθρώ-

204 1723 264 1746 ποις
298 1714 342 1742 καὶ
371 1714 481 1742 emam
502 1716 600 1754 γνῶναι
631 1715 708 1752 Θεὸν,
735 1714 813 1745 αὐτὸς
836 1715 944 1742 ἀπιστεῖ
965 1721 1025 1744 τοῖς

203 1757 266 1798 παρ’
303 1759 382 1786 αὐτοῦ
407 1759 510 1798 ῥηθεῖσι
540 1760 598 1798 περὶ
622 1762 672 1793 τῆς
705 1762 752 1787 τοῦ
787 1759 887 1797 κόσμου
915 1759 1026 1787 ἀνακτί-

204 1813 272 1834 σεως
301 1801 365 1842 (53)
383 1813 392 1840 ;
430 1799 461 1831 Ἠ
485 1804 534 1843 γὰρ
549 1803 659 1836 ἄπιστος
682 1803 813 1836 ἀπόδειξις
825 1804 917 1832 πιστὸν
929 1804 958 1832 οὒ
973 1802 1026 1832 δεί-

206 1858 279 1876 κνυσι
307 1849 338 1875 τὸ
354 1849 391 1880 εἷς
419 1847 500 1881 δεῖξιν
525 1849 711 1888 προκείμενον,
741 1849 770 1877 Ei.
801 1847 827 1876 δὲ
858 1849 896 1886 μὴ
912 1848 972 1880 τοὺς
997 1849 1028 1876 ἐκ

209 1890 376 1925 διδασκαλίας
403 1896 449 1921 τοῦ
480 1893 653 1926 κατελθόντος
689 1897 755 1922 Θεοῦ
789 1893 938 1932 ἀνθρώπους
954 1892 1027 1932 λέγει

207 1936 317 1977 ξνταῡθα
329 1937 479 1977 ἐγνωκότας
495 1939 541 1967 τὸν
556 1939 632 1975 Θεὸν,
657 1937 755 1976 ψευδὴς
771 1939 784 1966 ὁ
800 1937 879 1976 λόγος
902 1939 916 1966 ὁ
928 1937 1026 1977 λέγων·

209 1975 328 2020 Ὀρῶμεν
349 1975 499 2022 ἆνθρώπους
550 1975 668 2012 ἐνταῦθα
695 1975 845 2022 ἐγνωκότας
880 1983 925 2010 τὸν
950 1975 1026 2012 Θεόν,

207 2025 280 2066 Ἐγὼ
313 2027 363 2066 γὰρ
393 2028 500 2060 τούτους
531 2029 583 2068 οὐχ
612 2029 677 2068 ὁρῶ.
706 2030 755 2057 Καὶ
785 2028 807 2056 εἰ
831 2028 878 2055 οὐκ
900 2027 933 2061 ἦν
959 2026 1028 2058 ὅλως

208 2068 302 2109 ἄγνοια
328 2072 386 2110 περὶ
408 2075 484 2100 Θεοῦ·
516 2075 613 2104 πάντες
636 2074 687 2112 γὰρ
714 2071 874 2111 ὁμολογοῦσι
890 2075 967 2110 κοινῇ
982 2072 1029 2100 ἑν-

208 2115 276 2151 νοίᾳ²
306 2116 369 2144 ποία
396 2120 493 2156 γνῶσις
508 2121 555 2146 τοῦ
582 2122 648 2147 Θεοῦ
661 2117 770 2146 ἐνταῦθα
792 2116 956 2156 τ.αραγέγονε
969 2123 1027 2148 τοῖς

209 2159 366 2200 ἀνθρώποις,
393 2164 414 2189 εἰ
444 2162 483 2199 μὴ
511 2163 529 2195 ἡ
559 2161 643 2196 εἰδικὴ
658 2163 768 2201 γνῶσις,
788 2160 846 2189 καθ’
861 2160 894 2195 ἥν
909 2164 990 2189 πᾶσαι
1004 2162 1029 2189 αἱ

210 2205 284 2233 οὖσαι
313 2205 355 2233 ἐπὶ
382 2208 433 2245 γῆς
461 2208 603 2246 omnem
626 2206 676 2240 τῆς
689 2207 738 2245 μὲν
762 2207 807 2235 τὸν
836 2205 923 2240 ἀληθῆ
952 2205 1032 2245 λόγον

211 2248 406 2287 πρεσϐευούσης
432 2250 571 2289 θρησκείας
601 2249 693 2281 ἁπλῶς
721 2253 760 2287 τῷ
778 2248 878 2287 ψεύδει,
906 2248 1031 2284 ἀλλήλων

1066 1669 1156 1699 ﬁdem
1172 1667 1200 1699 ei
1213 1669 1258 1700 rei
1274 1678 1332 1699 non
1344 1670 1460 1706 astruit,
1480 1669 1564 1708 cujus
1576 1667 1815 1698 demonstrandae
1827 1676 1890 1706 gra-

1065 1714 1106 1744 tia
1121 1718 1165 1744 est
1181 1713 1333 1753 producta.
1350 1713 1401 1744 Sin
1416 1722 1536 1744 noneos
1547 1713 1618 1744 dicit
1632 1712 1780 1753 homines,
1793 1712 1845 1752 qui
1856 1721 1890 1742 ex

1067 1758 1203 1789 doctrina
1228 1759 1343 1789 coalitus
1358 1758 1394 1789 ad
1410 1767 1465 1789 nos
1489 1757 1603 1798 delapsi
1628 1758 1692 1787 t5“
1711 1756 1778 1794 Dei,
1795 1758 1889 1788 Deum

1068 1808 1278 1843 cognoverunt,
1291 1803 1395 1833 falsum
1412 1803 1468 1833 erit
1481 1804 1538 1834 erit
1551 1803 1608 1833 hoc
1622 1801 1891 1833 dictuszt'demus

1067 1848 1203 1879 homines
1217 1849 1270 1888 qui
1282 1849 1331 1879 hic
1345 1848 1439 1878 Deum
1449 1852 1641 1888 cognoscunt.
1660 1848 1721 1887 Ego
1741 1846 1821 1878 enim
1837 1846 1892 1876 hos

1068 1901 1129 1924 non
1144 1893 1242 1924 video.
1258 1893 1296 1924 Et
1312 1892 1338 1923 si
1361 1893 1482 1923 omnino
1507 1901 1566 1923 non
1589 1896 1635 1922 est
1659 1891 1804 1931 ignoratio
1827 1891 1891 1927 Dei.

1070 1937 1147 1978 quod
1157 1946 1224 1968 eum
1239 1946 1343 1968 omnes
1358 1937 1509 1968 communi
1524 1937 1720 1968 conﬁteantur
1734 1935 1891 1967 sententia:

1071 1992 1204 2023 quasnam
1217 1982 1247 2012 in
1261 1983 1317 2013 hac
1331 1983 1388 2013 vita
1403 1982 1521 2013 obvenit
1537 1981 1714 2013 mortalibus
1735 1982 1813 2011 notio
1825 1980 1892 2018 Dei,

1070 2028 1127 2058 nisi
1152 2027 1290 2067 specialis
1315 2027 1366 2057 illa
1392 2026 1532 2066 cognitio,
1549 2035 1584 2057 ex
1611 2035 1668 2067 qua
1684 2027 1716 2056 ﬁt
1730 2029 1762 2056 ut
1776 2033 1893 2062 omnes,

1070 2081 1136 2113 quae
1151 2073 1181 2102 in
1200 2072 1287 2102 terris
1312 2075 1391 2107 sunt.
1408 2071 1567 2111 religiones
1596 2071 1760 2102 mendaciis
1774 2070 1894 2111 quidem

1069 2117 1246 2157 simpliciter
1259 2116 1295 2147 ab
1312 2126 1357 2156 ea,
1374 2125 1440 2157 quae
1456 2116 1607 2147 veritatem
1627 2116 1792 2156 proﬁtetur,
1806 2123 1894 2145 men-

1073 2162 1150 2192 dacii
1170 2166 1268 2192 autem
1292 2160 1468 2192 discrimine
1494 2170 1511 2191 a
1529 2169 1562 2191 se
1590 2160 1717 2191 invicem
1742 2159 1895 2191 diﬂ‘erant‘?

1073 2204 1157 2238 Quod
1173 2202 1198 2232 si
1213 2202 1254 2232 ita
1268 2206 1323 2240 est,
1340 2211 1398 2231 non
1407 2201 1468 2241 jam
1485 2211 1566 2241 ergo,
1589 2200 1753 2232 secundum
1767 2208 1896 2240 respon-

1074 2247 1150 2277 soris
1167 2246 1326 2284 rationem,
1344 2246 1392 2276 hic
1406 2245 1513 2277 animis
1534 2245 1663 2284 cognitio
1687 2245 1742 2276 Dei
1765 2244 1895 2281 obvenit,

211 2292 239 2321 δὲ
263 2300 324 2325 ταῖς
349 2292 500 2338 ,διαφοραῖς
514 2298 561 2323 τοῦ
575 2293 685 2332 ψεύδους
707 2293 872 2334 διαφέρουσιν
890 2303 897 2334 ;
921 2292 995 2322 Ἀλλ’
1011 2294 1033 2321 εἰ
1044 2301 1095 2338 Ds:

1117 2292 1129 2322 1
1145 2291 1238 2330 magis
1250 2291 1393 2330 ignoratio
1406 2300 1413 2322 :
1431 2290 1579 2331 siquidem
1594 2289 1752 2329 religiones
1767 2298 1827 2320 lan
1841 2297 1895 2328 ge-

211 2342 288 2366 τοῦτο
324 2337 406 2370 οὕτως
439 2337 509 2378 ἔχει,
541 2339 588 2367 οὐκ
603 2339 653 2378 ἄρα
667 2339 735 2367 κατὰ
748 2340 793 2367 τὸν
815 2338 896 2377 λόγον
906 2341 952 2366 τοῦ
966 2338 1032 2366 ἀπο-

212 2382 368 2422 κριναμένου
397 2383 570 2421 παραγίνεται
601 2390 662 2415 ταῖς
684 2384 793 2412 ἐνταῦθα
818 2385 921 2423 ψυχαῖς
936 2386 1033 2423 γνῶσις

213 2428 289 2466 Θεοῦ,
321 2425 388 2454 ἀλλὰ
416 2426 519 2465 μᾶλλον
544 2428 561 2462 ἡ
598 2427 704 2468 ἄγνοια,
740 2427 798 2467 εἴγε
821 2429 859 2465 μὴ
874 2430 908 2465 τῇ
923 2427 1035 2456 καθόλου

1075 2336 1168 2368 nerali
1185 2337 1237 2368 Dei
1251 2336 1420 2376 cognitione
1430 2336 1503 2376 ipsis
1515 2335 1604 2366 insita
1613 2335 1691 2366 inter
1701 2343 1734 2365 se
1744 2334 1895 2372 differunt,

1075 2381 1129 2456 εἶά
1145 2390 1180 2412 ea
1195 2381 1293 2420 potius
1307 2390 1372 2422 quae
1387 2381 1435 2412 hic
1450 2381 1493 2412 eis
1507 2389 1561 2421 pro
1575 2389 1608 2411 se
1621 2380 1729 2420 cuique
1742 2378 1897 2419 speciatim

1076 2436 1093 2458 ο
1116 2426 1206 2457 venit.

214 2472 312 2511 γνώσει
327 2477 373 2501 τοῦ
388 2476 454 2502 Θεοῦ
469 2472 533 2511 οὔσῃ
548 2473 576 2500 tv
591 2474 685 2505 αὐταῖς
700 2472 826 2508 ἀλλήλων
842 2472 1005 2513 ’διαφέρουσιν
1021 2474 1047 2501 αἱ
1061 2474 1213 2513 θρησκεῖαι,
1230 2475 1264 2512 τῇ
1276 2471 1360 2511 εἰδικῇ
1372 2471 1399 2500 δὲ
1414 2470 1515 2510 μᾶλλον
1531 2474 1565 2510 τῇ
1575 2470 1685 2500 ἐνταῦθα
1694 2468 1898 2510 παταγενομένῃ

213 2516 307 2549 αὒταῖς
312 2541 319 2549 .

251 2561 282 2592 4.
314 2563 342 2591 Εἰ
368 2563 452 2592 τοίνλν
481 2562 588 2592 δυνατὸν
617 2563 660 2591 καὶ
706 2564 816 2591 ἐνταῦθα
842 2563 902 2596 τοὺς
931 2562 1035 2602 ἀνθρώ-

214 2618 279 2640 πους
315 2607 390 2640 ὄντας
431 2608 571 2647 γινώσκειν
611 2609 657 2636 τὸν
707 2608 784 2648 Θεὸν,
827 2607 899 2636 οὒδεν
943 2608 1035 2640 αὐτοῖς

256 2680 316 2721 (52)
332 2684 382 2710 Τοῦ
397 2685 473 2713 Θεοῦ.
490 2681 597 2712 Deerat
608 2685 672 2710 Θεοῦ
687 2681 763 2721 apud
779 2680 813 2712 Β.
831 2681 1014 2720 Stephanum
1029 2690 1036 2720 ;

217 2720 330 2751 addidit
344 2721 528 2761 Sylburgius;
547 2721 654 2761 legitur
667 2722 696 2752 in
706 2720 815 2752 codice
828 2722 954 2753 Clarom.

257 2760 320 2796 (53)
336 2760 522 2795 Ἀνακτίσεως.
538 2760 760 2802 Βξὸιομὴδιιυε
779 2765 809 2793 et
830 2770 899 2792 mss.
926 2761 1037 2794 habent

1117 2562 1258 2603 4.!laque
1267 2563 1294 2593 si
1303 2563 1335 2593 in
1345 2561 1401 2593 hac
1410 2562 1473 2593 vita
1482 2560 1625 2593 mortales
1632 2560 1728 2592 Deum
1737 2568 1824 2591 nosse
1832 2567 1901 2599 pos-

1076 2608 1240 2649 sunt,nifu‘l
1251 2608 1295 2639 eis
1304 2608 1417 2639 summi
1427 2607 1555 2645 matter
1563 2614 1597 2638 eo
1606 2605 1687 2646 quod
1697 2604 1746 2636 hic
1752 2607 1827 2641 sint,
1843 2604 1898 2635 ob-

1078 2683 1261 2721 ἀνακτήσεως,
1291 2685 1322 2714 et
1348 2681 1425 2713 infra
1449 2681 1647 2721 κηξυττομὲνην
1665 2681 1820 2721 ἀνακτνιπιν,
1847 2677 1899 2721 sed

1078 2727 1160 2755 recte
1171 2719 1339 2754 emendavit
1352 2723 1386 2762 Si
1396 2719 1540 2762 lburgius,
1553 2730 1619 2762 cum
1633 2721 1664 2762 in
1679 2720 1743 2751 aliis
1754 2719 1899 2762 gemellis

1079 2763 1153 2800 locis
1167 2763 1246 2794 idem
1262 2763 1297 2794 Β.
1310 2760 1479 2803 Stephanus
1490 2766 1522 2793 et
1537 2760 1895 2792 mss.habeautézvixmw.
