1967 3076
73 127 140 163 1421
520 130 718 172 ΟυιΕὸΤΙΟΝ
724 134 765 166 ES
779 134 883 166 CHRIE

963 132 1025 185 ΝΕ
1047 134 1097 166 AD
1118 134 1284 166 GR/EGOS.
1671 132 1746 168 1422

69 197 119 226 οὔδ’
135 198 166 227 αὖ
179 200 211 228 τὸ
227 208 302 229 ποιεῖ
316 206 362 231 τοὺ
377 202 495 236 ποιήσει,
526 200 601 229 Ἐπεὶ
627 201 667 233 τίς
690 201 723 234 ἦν
739 201 816 240 χεεία
836 203 883 234 τῆς

963 201 1151 232 ιθνιιιὶοῐιὶιηις
1166 201 1243 232 inter
1254 210 1286 232 se
1299 201 1462 232 secundum
1473 201 1576 240 verba,
1586 203 1690 241 recitet
1700 204 1746 242 fu-

67 241 112 270 τοῦ
130 242 232 280 μᾶλλον
255 245 415 284 ἀναιρέσεως
446 245 498 274 ἀπὸ
520 247 573 273 τῶν
594 246 727 280 ποιήσεων
752 247 804 273 τῶν
818 246 883 274 κατὰ

963 250 968 273 ι
984 250 1011 275 et
1028 247 1133 284 faciet,
1153 246 1460 286 discrepantibus,nisi
1473 246 1542 287 quia
1558 241 1746 287 operationes

66 287 96 315 τὸ
115 289 257 324 πεποίηκε,
290 291 333 317 καὶ
362 297 447 326 ποιεῖ,
476 291 521 319 καὶ
549 291 668 328 ποιήσει,
685 289 810 324 ἀλλήλων
832 289 883 318 δια-

965 294 996 320 nt
1010 300 1075 330 quae
1092 291 1128 321 ab
1144 290 1270 322 invicem
1287 291 1450 322 secundum
1469 292 1565 331 majus
1581 294 1632 323 aut
1647 293 1746 323 minus

65 335 207 373 φερουσῶν,
232 337 285 362 τῶν
314 335 448 369 ποιήσεων
476 335 523 364 οὒκ
564 335 648 363 οὐσῶν
686 335 739 362 τῶν
767 335 835 362 κατὰ
856 335 883 362 τὸ

963 344 984 364 ιη
997 335 1153 366 differunt?
1164 334 1223 366 Nsn
1239 336 1317 366 enim
1332 336 1425 367 Deum
1441 335 1551 367 feciose
1580 341 1677 376 negat,
1695 338 1746 378 qui

67 375 166 412 μᾶλλον
193 378 235 405 καὶ
263 378 344 412 ἧττον
372 379 411 414 μὴ
440 377 616 420 διαφερουσῶν
652 378 777 414 ἀλλήλων
791 389 799 397 ·
828 379 883 407 οὐδὲ

963 379 1024 418 agis
1039 379 1145 410 fecisse
1157 383 1241 418 negat
1253 388 1339 419 quam
1353 380 1518 420 facere,sed
1531 375 1746 420 potiusfecisse

64 420 113 459 γὰρ
139 421 267 461 ἀναίρεσίς
305 424 359 451 ἐστι
385 427 431 452 τοῦ
467 423 642 458 πεποιηκέναι
663 424 695 451 τὸ
718 423 758 462 μὴ
784 423 883 461 μᾶλλον

963 428 1077 453 several
1106 425 1195 454 Porro
1212 424 1366 455 manifeste
1389 434 1603 464 quaacunquea
1631 427 1692 457 Deo
1717 427 1747 457 in

64 465 206 499 πεποίηκεν
220 466 238 501 ἢ
262 474 349 504 ποιεῖ,
376 467 443 496 ἀλλὰ
458 469 529 501 θέσις
543 467 645 506 μᾶλλον
661 471 707 497 τοῦ
727 469 884 501 πεποίηκεν,

63 508 145 538 Ἀλλὰ
157 510 297 550 προδήλως
322 513 407 541 πάντα
432 513 481 541 ὅσα
505 512 610 542 ἀνεῖλεν
630 513 743 543 ἀπὸτοῦ
764 516 830 541 Θεοῦ
853 513 886 541 τὰ

64 552 177 594 ἕγχρονα
207 555 234 583 ἐν
254 561 292 594 τῷ
319 558 450 596 προοιμίῳ
480 558 529 591 τῆς
562 557 681 597 δευτέρας
710 557 883 597 ἀποκρίσεως,

65 601 144 627 ταῦτ»
174 602 245 638 αὖτῷ
278 601 419 630 κατέλιπεν
448 603 568 643 ἐνταῦθα,
598 603 635 635 ὡς
673 601 746 632 οὐδὲν
778 603 885 641 ῥευστὸν

65 641 173 682 ἔχοντος
195 649 243 673 τοῦ
258 649 334 678 Θεοῦ,
366 647 406 675 ἀεὶ
430 646 457 674 δὲ
471 647 504 675 τὰ
531 647 595 675 αὐτὰ
613 650 751 679 ποιοῦντος
773 646 815 675 διὰ
835 647 885 680 τὴν

64 687 165 716 τελείαν
181 691 260 718 αὖτοῦ
287 692 330 719 καὶ
356 690 540 728 ἀμετάϐλητον
566 691 673 728 δύναμίν
688 702 717 719 τε
746 692 790 719 καὶ
810 691 884 731 ἐνέρ-

928 467 1049 497 exordio
1066 468 1188 498 secundi
1206 468 1343 508 responsi
1358 468 1462 499 adimit
1471 469 1541 499 516
1555 470 1746 510 temporaria,

927 512 1009 542 eailli
1023 512 1069 542 hic
1085 512 1204 551 reliquit
1222 513 1321 542 omnia
1338 523 1344 544 :
1365 513 1444 543 Deus
1458 515 1570 554 quippe
1585 522 1651 545 cum
1667 515 1746 546 nihil

925 555 1003 595 ﬂuxi
1013 556 1133 593 habeat,
1149 557 1200 587 sed
1210 558 1312 587 eadem
1321 565 1435 597 semper
1442 557 1750 599 faciut,propterpcr-

925 601 1034 639 [ortam
1049 603 1116 639 ejus
1127 602 1156 632 ct‘
1173 601 1393 635 immutabilem
1405 605 1575 640 potentiam
1590 607 1617 633 et
1632 608 1744 635 actum.

926 643 981 680 Qui
1011 646 1190 685 temporaria
1207 645 1294 685 tollit,
1313 655 1370 676 non
1387 647 1470 686 ponit
1486 647 1673 686 temporaria.
1690 647 1746 684 Qui

927 698 1008 728 ergo,
1027 690 1051 719 si
1069 689 1142 721 nihil
1159 695 1215 725 est,
1233 690 1270 720 de
1290 690 1479 730 responsoris
1494 692 1652 731 sententia,
1667 693 1745 733 apud

63 742 148 771 γειαν,
174 729 202 762 ’0
231 734 344 774 ἀναιρῶν
366 736 398 764 τὰ
412 735 530 775 ἔγχρονα
554 738 583 765 οὐ
597 736 682 769 τίθησι
698 736 730 765 τὰ
757 729 883 776 ἕγχρονα.

963 744 1017 764 eum
1033 729 1348 775 temporarium,Deus
1358 735 1461 765 eadem
1473 735 1565 765 facit?
1578 729 1652 767 Illud
1663 729 1745 769 enim

65 779 124 810 Πῶς
153 778 208 815 οὖν,
232 780 254 807 εἰ
271 780 337 807 κατὰ
359 781 405 808 τὸν
418 781 628 819 ἀποκρινάμενον
650 779 735 819 μηδὲι
757 780 883 820 ἔγχρονον

963 782 1001 809 rit
1019 780 1134 820 concipi
1151 789 1208 810 non
1227 784 1323 820 potest
1351 783 1435 811 extra
1456 789 1589 820 prtesens
1617 785 1759 824 tempus.‘

64 822 133 860 παρὰ
147 826 184 859 τῷ
200 825 268 864 Θεῷ,
285 831 360 853 ποιεῖ
375 825 407 852 τὰ
423 825 488 855 αὒτᾶ
500 825 514 853 ὁ
525 826 590 857 Θεὸς
603 834 612 863 ;
628 826 664 854 T6
679 825 728 864 γὰρ
742 832 816 853 ποιεῖ
829 824 883 853 ἀδύ-

963 824 1081 854 tnlllttdo
1099 833 1168 855 vero
1180 824 1338 864 perfectam
1352 824 1441 855 habet
1452 825 1531 856 Deus
1543 822 1702 865 potentiam
1718 833 1747 859 et

65 876 141 893 νατον
157 869 282 902 νοηθῆναι
292 873 338 898 τοῦ
352 869 497 901 ἐνεστῶτος
510 870 607 909 χρόνον
618 869 704 901 ἐκτός,
720 873 779 901 Πώς
791 869 818 898 δὲ
829 869 883 909 ἔχει

963 868 1173 907 ιρι-διιοηοιηβί
1188 868 1394 900 indesinenter
1408 869 1512 900 eadem
1528 869 1597 900 facit
1612 870 1624 900 't
1638 869 1711 902 Nam
1724 880 1739 903 ε

64 909 165 939 τελείαν
180 910 287 951 δύναμιν
316 924 344 942 τε
366 915 410 942 καὶ
432 914 563 954 ἐνέργειαν
579 915 593 942 ὁ
618 915 693 952 Θεὸς,
711 915 733 943 εί
748 913 780 948 δὴ
795 914 883 942 ἀπαύ-

963 923 989 944 es
1002 913 1091 944 motio
1110 913 1302 955 imperfectus
1317 914 1426 945 dicitur
1441 918 1536 952 actus,
1568 916 1635 956 quia
1650 917 1746 948 conti-

65 965 133 987 στως
150 963 222 985 ποιεῖ
237 958 269 985 τὰ
284 958 348 986 αὑτά
362 966 370 995 ;
384 959 411 987 Εἰ
427 959 477 998 γὰρ
487 958 529 986 διὰ
541 962 619 988 τοῦτο
627 958 734 998 λέγεται
748 960 765 993 ἡ
780 959 883 992 κίνησις

963 963 1032 988 nter
1047 962 1189 995 movetur,
1207 963 1235 989 et
1243 958 1278 988 ad
1294 958 1361 997 ejus
1372 958 1566 990 imitationem
1580 959 1658 991 Deus
1674 970 1745 1002 quo-

66 999 182 1039 Ξνέργεια
198 1001 296 1036 ἀτελὴς
311 1001 352 1031 διὰ
367 1004 397 1031 τὸ
408 1003 447 1031 ἆεὶ
460 1005 600 1032 κινεῖσθαιι
613 1006 646 1038 ἧς
661 1004 683 1031 εὶ
692 1004 760 1032 κατά
770 1004 883 1041 μίμησιν

963 1013 981 1032 κθ
999 1002 1079 1040 facit;
1092 1002 1264 1042 imperfecta
1276 1003 1369 1034 eritet
1383 1012 1441 1033 non
1453 1002 1589 1034 absoluta
1599 1004 1665 1044 ejus
1673 999 1747 1046 ope—

99 1044 107 1055 \
188 1047 194 1055 l
353 1047 359 1056 1
416 1049 422 1056 ι
469 1047 482 1058 Ἰ
635 1049 642 1059 9
680 1053 689 1056 -
708 1049 717 1064 ξ
743 1048 748 1057 Υ
875 1049 881 1058 \

65 1055 108 1072 και
123 1046 136 1072 6
152 1049 214 1078 Θεος
229 1047 325 1085 ἱποίει,
348 1047 445 1082 ατελης
471 1059 543 1076 εσται
573 1049 590 1082 ἡ
614 1059 693 1077 αυτου
708 1059 825 1088 ενεργεια
840 1059 883 1077 και

963 1047 1010 1078 tio.
1028 1046 1171 1078 Absoluta
1186 1046 1264 1076 enim
1280 1047 1412 1086 operatio
1426 1046 1456 1077 iu
1467 1047 1609 1087 perfecto,
1628 1044 1700 1080 noni
1717 1050 1747 1081 in

65 1091 95 1118 οὒ
115 1089 202 1118 τελεία
218 1099 226 1107 ⁸
250 1092 268 1125 ἡ
290 1092 339 1131 γὰρ
359 1092 447 1121 τελεία
463 1093 580 1132 ἐνέργεια
593 1092 620 1121 ἒν
634 1096 672 1130 τῷ
685 1092 736 1126 ἤδη
752 1093 881 1122 ἀποτελε-

967 1091 1099 1132 perfecto
1113 1091 1291 1132 perspicitur
1306 1099 1407 1130 opere.
1422 1090 1567 1122 Caeterum
1587 1092 1611 1122 si
1626 1099 1749 1134 propter

63 1134 150 1163 σθένει
174 1135 242 1175 ἔργῳ
272 1138 423 1176 θεωρεῖται,
452 1137 498 1166 καί
540 1138 587 1165 οὒκ
616 1137 643 1165 ἐν
670 1140 708 1174 τῷ
736 1138 880 1173 ἀτελέστῳ.

62 1177 137 1207 Ἀλλ’
157 1181 178 1208 εὶ
208 1180 257 1218 μὲν
280 1180 323 1208 διὰ
350 1181 380 1210 τὸ
406 1181 497 1214 ἀτελὲς
519 1184 569 1215 τῆς
591 1182 722 1221 ἐνεργείας
737 1183 780 1211 καὶ
795 1182 837 1210 διὰ
851 1183 881 1212 τὸ

63 1223 236 1253 ἀτελέστατον
258 1230 304 1255 τοῦ
332 1225 412 1265 λόγου
438 1226 511 1266 λέγει
525 1234 570 1254 τον
585 1227 650 1254 Θεὸν
665 1225 748 1265 μηδὲν
763 1237 880 1261 πεποιη-

62 1268 135 1296 κέναι
165 1270 178 1297 ὀ
206 1270 428 1309 ἀποκρινάμενος,
471 1272 519 1300 οὒκ
547 1270 698 1311 ἀληθεύσει,
721 1271 807 1310 λέγων
835 1283 883 1300 τε-

63 1313 136 1341 λείαν
158 1313 228 1342 εἶναι
254 1315 303 1348 τὴν
335 1315 469 1355 ἐνέργειαν
490 1318 535 1344 τοῦ
558 1317 634 1352 Θεοῦ,
657 1316 706 1350 τὴν
728 1315 812 1353 μηδὲν
826 1316 883 1345 οὔτε

62 1360 102 1395 τῷ
126 1357 181 1395 ὅλῳ
205 1357 263 1387 οὔτε
285 1371 323 1397 τῳ
345 1359 418 1399 μέρει
447 1359 591 1388 τελέσασαν
607 1368 615 1376 ⁸
639 1361 661 1389 εί
682 1359 720 1397 δὲ,
736 1364 782 1389 τοῦ
809 1360 884 1400 ἔργου

64 1403 104 1440 μὴ
121 1402 299 1441 τελεσθέντος,
327 1402 450 1433 ἀδύνατον
473 1403 575 1433 τελείαν
596 1405 667 1433 εἶναι
689 1405 738 1438 τὴν
754 1405 883 1444 ἐνέργειαν

62 1452 109 1476 τοῦ
129 1451 280 1488 ποιοῦντος,
302 1447 396 1488 δῆλον,
426 1448 468 1477 ὅτι
494 1448 551 1477 οὐδὲ
574 1451 587 1477 6
610 1451 674 1481 Θεὸς
695 1449 754 1490 ἔχει
781 1449 884 1479 τελείαν

62 1491 206 1531 ἐνέργειαν,
224 1493 264 1522 ἀεὶ
280 1496 362 1522 ποιῶν
377 1493 407 1521 τὸ
424 1493 591 1531 ποιούμενον.

103 1537 134 1568 5.
150 1540 227 1566 Ποιεϊ
254 1538 339 1567 τοίνυν
368 1539 413 1566 τὸν
443 1538 545 1576 κόσμον
566 1538 593 1566 ἒν
614 1539 686 1576 αὐτῷ
712 1539 796 1576 τούτῳ
819 1539 883 1580 ὅπερ

922 1135 1126 1176 imperfectam
1138 1135 1341 1174 operationem
1354 1139 1383 1165 et
1394 1135 1681 1176 imperfectissimam
1694 1147 1746 1169 ra-

923 1180 1032 1212 tionem
1049 1189 1211 1220 responsor
1225 1179 1333 1211 asserit
1348 1180 1441 1211 Deum
1455 1179 1530 1210 nihil
1547 1179 1666 1220 fecisse,
1679 1191 1748 1213 vera

922 1234 982 1256 non
993 1224 1072 1256 dicet
1079 1225 1238 1266 perfectam
1246 1233 1311 1255 esse
1317 1232 1453 1255 asserens
1462 1222 1516 1254 Dei
1528 1224 1731 1264 operationem
1738 1252 1745 1264 ,

925 1270 1069 1310 queenihit
1093 1278 1189 1309 neque
1203 1269 1232 1299 in
1250 1268 1363 1308 integro
1390 1276 1491 1308 opere,
1509 1277 1606 1308 neque
1620 1269 1651 1300 in
1668 1269 1749 1301 illius

926 1319 1009 1353 parte
1025 1314 1157 1354 perfecit.
1175 1313 1227 1344 Sin
1238 1321 1329 1352 opere
1342 1321 1402 1343 non
1416 1312 1633 1350 absoluto,ﬁeri
1646 1315 1747 1355 nequit

927 1364 958 1389 ut
969 1359 1084 1399 opiﬁcis
1101 1358 1231 1400 perfecta
1253 1357 1291 1388 sit
1301 1357 1550 1397 operatiozneque
1566 1359 1643 1389 Deus
1659 1359 1746 1390 vide-

926 1403 995 1434 licet
1021 1404 1179 1444 perfectam
1198 1401 1288 1433 habet
1309 1401 1523 1442 operationem,
1539 1411 1607 1433 cum
1628 1412 1749 1445 semper

925 1449 1009 1479 faciat
1026 1449 1052 1479 id
1071 1448 1147 1488 quod
1167 1448 1209 1478 ﬁt.
1488 1458 1492 1461 '

963 1538 992 1568 5.
999 1538 1104 1577 Itaque
1110 1537 1252 1568 mundum
1258 1536 1333 1575 facit
1340 1544 1373 1567 eo
1384 1536 1450 1575 ipso
1459 1536 1539 1576 quod
1547 1537 1675 1575 est,dum
1683 1548 1747 1571 mo-

62 1581 118 1610 ἓστὶ
146 1582 196 1616 τὴν
238 1583 342 1617 κίνησιν
382 1583 454 1621 αὑτῷ
494 1582 628 1612 ἄπαυστον
667 1583 804 1624 παρέχων,
845 1587 883 1622 τῷ

963 1593 987 1614 m
999 1586 1178 1623 perpetuum
1186 1582 1215 1612 ei
1222 1581 1545 1621 suppeditatfacitque
1555 1586 1649 1623 utper
1658 1592 1746 1617 omne

61 1626 209 1664 ἒλλᾶμπςιν
239 1628 317 1656 αὑτὸν
352 1626 386 1656 δι’
420 1628 525 1660 αίῶνος.
550 1628 579 1656 Εἰ
600 1628 628 1656 ἑν
649 1628 682 1667 τῇ
703 1631 813 1669 παροχῇ
837 1632 886 1663 τῆς

61 1672 194 1706 κινήσεως
209 1679 283 1700 ποιεῖ
297 1673 343 1700 τὸν
359 1672 482 1710 κόσμονὸ
500 1674 576 1710 Θεὸς,
593 1672 685 1710 δῆλον,
702 1673 742 1702 ὅτι
758 1673 885 1714 ἔγχρονον

61 1723 138 1746 ποιεῖ
159 1717 205 1745 τὸν
226 1716 327 1755 κόσμον
346 1727 352 1733 ·
377 1717 407 1745 οὗ
428 1717 478 1757 γὰρ
500 1717 560 1746 ἅιευ
584 1718 683 1758 χρόνου
703 1719 720 1752 ἡ
743 1720 845 1753 κίνησις
868 1721 886 1753 ἡ

60 1762 102 1799 τῷ
123 1762 217 1799 κόσμῳ
238 1762 309 1802 παρὰ
328 1765 376 1791 τοῦ
408 1765 473 1790 Θεοῦ
503 1762 568 1802 πρὸς
598 1762 648 1796 τὴν
676 1763 755 1792 αὑτοῦ
783 1763 885 1798 κίνησιν

60 1807 249 1846 παρεχομένῃ.
268 1807 296 1835 Ei
317 1807 403 1835 τοίνυν
431 1807 462 1836 τὸ
490 1813 580 1835 ποιεῖν
604 1810 651 1835 τοῦ
665 1806 808 1840 ἐνεστῶτος
830 1808 891 1849 ἐστι⁷

61 1851 174 1892 χρόνου,
197 1851 241 1879 καὶ
261 1851 278 1885 ἦ
301 1851 404 1885 κίνησις
433 1851 564 1891 ἕγχρονός
594 1850 661 1888 ἐστι,
678 1855 736 1884 πῶς
762 1853 808 1882 οὒκ
829 1853 885 1882 ἕστὶ

61 1894 170 1935 ψευδὲς,
201 1896 243 1933 τὸ,
275 1895 354 1925 Οὓδὲν
394 1895 524 1936 ἕγχρονόν
553 1896 609 1924 ἐστι
638 1897 709 1936 παρὰ
736 1899 774 1934 τῷ
803 1900 884 1939 Θεῷ;

59 1943 124 1972 Πῶς
150 1939 176 1968 δὲ
192 1939 299 1968 δυνατὸν
314 1943 444 1970 κινεῖσθαι
463 1941 509 1969 τὸν
534 1941 634 1980 κόσμον
656 1942 701 1970 τὸν
725 1942 809 1981 μήπω
837 1954 886 1983 γε-

58 1985 170 2026 γονότα,
188 1983 247 2013 ἀλλ’
264 1986 285 2014 εί
302 1984 364 2026 (62)
380 1986 409 2014 ὶν
423 1987 462 2023 τῷ
476 1987 611 2015 ποιεῖσθαι
626 1986 701 2023 ὄντα,
717 1987 756 2024 τῷ
770 1989 816 2016 τὸν
839 1988 887 2025 μὲν

59 2031 127 2059 Θεὸν
151 2036 239 2058 ποιεῖν
267 2029 401 2070 ἆχρόνως,
427 2031 473 2060 τὸν
501 2030 530 2059 δὲ
558 2031 658 2068 κόσμον
686 2031 713 2059 ἐν
733 2032 772 2069 τῷ
797 2033 888 2073 χρόνῳ

58 2076 198 2105 ’ποιεῖσθαι
215 2084 223 2115 ;
242 2075 346 2114 ἀνάγκη
376 2076 438 2115 γὰρ,
454 2075 545 2115 ὥσπερ
571 2082 646 2104 ποιεῖ
661 2077 675 2103 ὃ
691 2077 785 2113 ποιῶν,
804 2077 887 2109 οὕτως

58 2121 197 2149 ποιεῖσθαι
226 2120 257 2148 τὸ
286 2120 445 2150 ποιούμενον
469 2119 605 2160 ἆχρὸνως.
632 2120 660 2149 Εἰ
685 2119 713 2148 δὲ
728 2121 762 2155 τῆ
777 2122 887 2162 παρδχῆ

58 2167 111 2200 τῆς
127 2164 258 2199 κινήσεως
281 2171 354 2192 ποιεῖ
369 2165 414 2192 τὸν
435 2163 535 2202 κόσμον
558 2165 572 2192 6
589 2165 666 2199 Θεὸς,
693 2166 737 2193 καὶ
758 2167 810 2206 οὐχ
838 2167 887 2206 ἁρ-

55 2210 153 2249 μόττει
169 2209 199 2237 τὸ
215 2208 337 2248 λέγεσθαι
347 2209 405 2248 περὶ
418 2209 496 2236 αὑτοῦ
504 2209 546 2245 τὸ,
560 2209 694 2243 Πεποίηκε
709 2210 755 2238 τὸν
773 2212 885 2250 κόσμον,

57 2253 115 2283 ob?
133 2252 182 2292 ἄρα
197 2255 236 2289 τῷ
259 2253 353 2290 κόσμῳ
382 2252 507 2292 ἁρμόττει
532 2254 562 2281 τὸ
589 2255 741 2287 κινηθῆναι.
758 2255 786 2283 Εἰ
800 2256 887 2295 ἕτερον

927 1636 1023 1659 (eoum
1045 1628 1200 1658 colluceat.
1230 1625 1261 1657 Si
1288 1625 1526 1666 suppeditalione
1554 1633 1650 1659 motus
1668 1628 1747 1661 Deus

928 1673 1069 1703 mundum
1086 1672 1187 1708 efficit,
1205 1675 1316 1701 constat
1333 1670 1543 1710 temporarium
1555 1671 1591 1701 ab
1607 1681 1643 1703 eo
1657 1682 1747 1706 mun-

927 1717 996 1749 dum
1006 1717 1159 1752 etﬁci;non
1173 1717 1252 1746 enim
1266 1715 1377 1755 absque
1386 1717 1521 1755 tempore
1533 1720 1577 1746 est
1588 1723 1685 1748 motus
1695 1720 1746 1759 qui

928 1762 1038 1793 mundo
1054 1771 1071 1792 a
1082 1763 1142 1793 Deo
1158 1759 1354 1800 praebetur.Si
1363 1759 1453 1799 igitur
1464 1759 1584 1791 efﬁcere
1593 1763 1747 1801 prasentis

926 1811 971 1839 est
987 1808 1139 1848 temporis,
1157 1810 1184 1836 et
1201 1808 1297 1835 motus
1311 1804 1508 1845 temporarius
1525 1808 1581 1843 est,
1597 1808 1746 1846 quomodo

926 1852 1030 1883 falsum
1041 1861 1098 1882 non
1107 1849 1248 1890 est,uihtt
1258 1858 1320 1880 esse
1329 1849 1503 1889 apudDenm
1515 1852 1748 1890 temporarium?

927 1897 983 1934 Qui
996 1900 1093 1927 autem
1110 1895 1173 1926 ﬁeri
1188 1899 1282 1935 potest
1296 1898 1327 1924 ut
1339 1894 1466 1925 mundus
1476 1894 1671 1934 qui,necdum
1683 1897 1746 1929 fac-

927 1946 974 1974 tus
985 1943 1255 1979 sit,moveatur,aut
1266 1939 1291 1969 si
1303 1939 1373 1969 dum
1387 1938 1523 1976 efﬁcitur,
1540 1940 1746 1981 exsistit,Deus

928 1987 1048 2028 quidem
1064 1985 1176 2025 absque
1192 1987 1325 2028 tempore
1340 1982 1460 2021 efﬁciat,
1477 1984 1606 2015 mundus
1621 1994 1690 2016 vero
1714 1987 1745 2018 in

928 2027 1062 2071 tempore
1077 2028 1238 2060 efficiatur?
1251 2027 1380 2058 Necesse
1395 2036 1522 2067 namque
1537 2032 1591 2064 est,
1609 2029 1686 2061 sicut
1699 2031 1747 2062 ef—

929 2077 1022 2108 fector
1036 2075 1157 2111 facit,ita
1172 2082 1290 2114 quoque
1306 2073 1444 2103 effectum
1457 2072 1534 2103 efﬁci
1543 2073 1657 2113 absque
1667 2078 1746 2106 tem-

930 2129 1012 2162 pore.
1027 2118 1078 2151 Sin
1098 2121 1194 2148 motus
1210 2115 1484 2162 subministratione
1506 2116 1585 2148 Deus
1603 2119 1747 2151 mundum

929 2159 1068 2206 facit,nec
1083 2161 1296 2194 convenienter
1304 2161 1348 2206 Vde
1364 2170 1398 2191 eo
1414 2159 1532 2201 dicitur,
1546 2162 1686 2194 Mundum
1700 2163 1746 2195 fe-

929 2205 1039 2242 citzn'ec
1052 2207 1110 2249 ipsi
1121 2207 1210 2239 etiam
1222 2205 1332 2236 mundo
1341 2208 1483 2244 congruet
1494 2206 1615 2238 moveri.
1627 2206 1658 2238 Si
1668 2207 1747 2240 aliud

929 2260 974 2287 est
990 2254 1067 2294 quod
1084 2257 1227 2287 movetur,
1245 2255 1274 2282 et
1285 2250 1360 2281 alius
1376 2254 1471 2280 motus
1488 2260 1494 2278 :
1513 2254 1544 2280 ut
1559 2257 1639 2291 puta,
1656 2252 1693 2284 sit
1718 2253 1748 2284 id

57 2299 111 2338 μὲν
129 2297 158 2326 τὸ
187 2297 354 2335 κινούμενον,
378 2297 454 2336 ἑτέρα
476 2296 503 2325 δὲ
525 2298 542 2332 ἡ
565 2298 668 2331 κίνησις
687 2306 694 2313 ·
721 2299 792 2336 οἷον,
819 2298 883 2329 ἔστω

963 2299 1007 2330 iod
1031 2302 1162 2329 movetur
1177 2296 1233 2333 sol,
1248 2300 1345 2326 motus
1359 2298 1455 2326 autem
1468 2295 1533 2334 ejus
1545 2296 1676 2341 transitio
1693 2307 1749 2338 per

56 2345 93 2373 τὸ
110 2342 161 2381 μὲν
175 2341 329 2380 κινούμενον
345 2343 359 2370 6
370 2341 458 2382 ἥλιος,
475 2343 492 2376 ἡ
509 2342 537 2370 δὲ
565 2342 667 2375 κίνησις
694 2343 772 2372 αὒτοῡ
800 2355 886 2382 μετα-

56 2398 155 2420 στασις
171 2387 238 2415 κατὰ
262 2387 344 2427 φορὰν
369 2388 396 2415 εν
412 2386 495 2415 τόπου
511 2387 548 2418 εἰς
563 2387 645 2415 τόπον
663 2395 670 2403 ·
688 2389 731 2416 καὶ
753 2389 769 2422 ἡ
785 2389 887 2422 κίνησις

57 2434 91 2463 οὗ
114 2431 229 2472 παρέχει
246 2430 294 2469 μὲν
308 2432 347 2469 τῷ
371 2431 440 2469 ¹ἰιλίῳ
466 2431 516 2465 τὴν
532 2431 633 2472 οὐσίαν,
649 2431 761 2472 παρέχει
776 2431 803 2461 δὲ
818 2435 889 2471 αὖτῷ

56 2479 90 2506 τὸ
107 2478 237 2505 κινεῖσθαι
251 2476 320 2505 κατὰ
333 2477 415 2516 φοράν
433 2486 440 2493 ·
459 2476 554 2514 δῆλον,
579 2475 622 2505 ὅτι
638 2475 681 2505 δύο
693 2478 815 2513 ποιήσεις
830 2478 889 2518 ἔχει

57 2524 73 2551 6
108 2521 198 2559 ἥλιος,
223 2521 285 2559 μίαν
307 2521 356 2560 μὲν
377 2520 426 2555 τῆς
447 2522 549 2559 οὔσίας,
574 2521 665 2560 ἑτέραν
686 2521 714 2549 δὲ
735 2522 783 2557 τῆς
810 2524 888 2559 κινή-

59 2578 134 2599 σεως
151 2574 158 2582 ⁸
176 2566 236 2595 οἶόν
251 2566 323 2595 ἐστιν
338 2567 351 2595 6
366 2565 442 2600 ἥλιος
467 2565 572 2604 πίλημα
588 2565 739 2606 αἱθεροειδὲς
753 2569 788 2606 τῇ
802 2568 886 2607 οὐσίᾳ,

60 2612 190 2651 λαμπρὸς
209 2613 247 2649 τῷ
262 2609 341 2649 εῖδει,
356 2610 526 2652 σφαιροειδὴς
548 2612 586 2648 τῷ
600 2612 722 2652 σχήματι
740 2621 747 2628 ·
764 2612 802 2640 ὧν
816 2612 888 2642 οὐδὲν

56 2656 103 2685 διὰ
119 2656 250 2691 κινήσεως
273 2657 286 2684 6
300 2655 389 2690 ἥλιος.
406 2655 481 2684 Ἀλλ’
509 2657 530 2684 εἰ
552 2655 635 2694 μηδὲν
660 2657 761 2685 τούτων
775 2655 817 2684 διὰ
841 2661 889 2692 τῆς

57 2701 195 2737 κινήσεως
210 2701 269 2742 ἔχει
292 2702 306 2730 6
321 2701 408 2739 ἥλιος,
425 2699 518 2738 δῆλον,
544 2700 585 2730 ὅτι
602 2699 660 2729 οὐδὲ
676 2700 718 2730 διᾶ
733 2701 783 2736 τῆς
803 2704 887 2739 ποιή-

928 2340 1109 2376 delationem
1122 2351 1137 2372 e
1152 2342 1217 2372 loco
1234 2340 1262 2370 in
1280 2341 1423 2371 locum:ct
1440 2344 1536 2370 motus
1553 2340 1674 2380 quidem
1691 2342 1747 2375 soli

929 2389 1088 2421 essentiam
1101 2396 1158 2417 non
1169 2384 1407 2426 praebet,praebet
1414 2388 1512 2414 autem
1522 2384 1590 2416 eiut
1599 2384 1748 2418 delatione

930 2439 1040 2465 moveat
1048 2430 1246 2472 urtdup'icem
1258 2428 1584 2460 videlicetcreationem
1593 2430 1746 2472 solhabet,

930 2487 1020 2510 unam
1046 2476 1229 2511 substantiae,
1259 2474 1381 2505 alteram
1398 2472 1539 2504 motionis
1554 2481 1561 2501 :
1577 2478 1623 2505 est
1639 2475 1749 2516 quippe

931 2523 973 2554 sol
992 2520 1154 2558 concretio,
1171 2519 1289 2550 aetheris
1299 2518 1387 2548 modo
1400 2517 1748 2557 pellucidussubstantia,

931 2567 1105 2608 splendidus
1121 2564 1229 2605 specie,
1243 2562 1631 2608 rotundusﬁguraquarum
1647 2572 1747 2595 rerum

929 2606 1004 2644 nihil
1020 2613 1193 2652 permotum
1208 2607 1252 2639 sol
1267 2606 1399 2638 habet.Si
1408 2606 1479 2637 nihil
1497 2607 1604 2638 horum
1615 2616 1667 2648 per
1681 2617 1749 2638 mo-

930 2663 993 2688 tum
1009 2651 1110 2693 habet,
1126 2663 1223 2693 neque
1241 2661 1293 2693 per
1312 2652 1365 2683 Dei
1380 2651 1586 2691 operationem
1596 2652 1747 2683 videlicet.

929 2700 1014 2739 Quod
1030 2701 1054 2731 si
1071 2698 1206 2741 perpetui
1221 2702 1317 2728 motus
1342 2695 1627 2734 Iubministratione,
1641 2696 1748 2733 solem,

103 2765 156 2809 62)
172 2766 249 2796 Ἀλλ’
265 2767 299 2796 εὶ.
315 2765 445 2797 Claram.
462 2765 531 2794 ἁλλὰ
548 2765 599 2798 ἀεί.
618 2764 683 2797 Mox
697 2763 859 2806 legendum
875 2783 883 2801 τ

963 2780 970 2797 ι
986 2768 1037 2808 μὲν
1051 2767 1128 2798 Θεὸν.
1664 2782 1667 2786 .
1684 2775 1710 2794 αι
