1967 3076
183 141 195 172 1
202 137 256 173 441

639 136 883 178 QUESTIONES
903 135 1152 173 CHRISTIAN/E
1173 140 1224 172 AD
1245 135 1412 172 GRAECOS.

1797 135 1873 170 1442

182 208 267 246 ἑαυτῷ
295 208 491 249 συνυφίσταται,
528 208 596 237 ἀλλὰ
610 207 709 247 ἕτερος.
740 207 834 236 ’Άλλο
867 208 897 236 τὸ
925 212 958 237 es

1097 208 1174 239 idum
1192 207 1295 238 falsum
1314 207 1477 243 est,l’alsum
1496 210 1523 238 et
1540 205 1873 248 primum.Compositus

184 251 250 282 ἄλλο
270 253 301 282 τὸ
316 253 472 294 ἀγέννητον·
489 254 578 283 ἰκετνο
593 252 656 292 (85)
679 253 728 290 μὲν
741 253 868 292 ὑπάρχει,
886 257 963 283 τοῦτο
978 254 1005 283 δὲ

186 298 329 338 χωρίζεται
357 301 410 327 τῶν
445 302 591 338 γεννητῶν.
611 303 659 327 Kal
674 300 757 327 ποιῶν
772 298 785 325 ὁ
800 299 865 330 Θεὸς
878 299 1004 340 ὑπάρχει·

188 349 260 371 ποιεῖ
288 341 363 382 (86),
395 344 426 372 οὐ
458 343 614 383 χωρίζεται.
649 343 677 371 El.
701 341 729 370 δὲ
757 342 801 370 καὶ
829 343 1007 383 ᾦχωρίζεται

189 393 275 424 ποιεῖ,
311 387 380 416 ἀλλὰ
394 389 463 416 κατὰ
477 386 657 426 συμϐεϐηκὸς,
672 387 716 416 καὶ
732 388 762 416 οὗ
777 387 834 416 καθ’
857 389 932 427 αὖτὸ⁷
950 392 1008 421 πῶς

190 430 264 462 οὐδὲν
290 431 425 470 συμϐαίνει
452 433 491 470 τῷ
527 432 584 470 Θεῷ
598 433 667 460 κατὰ.
681 431 849 469 συμϐεϐηκὸς
864 436 981 462 ποιοῦντι
1000 443 1008 471 ;

190 476 230 514 El,
262 477 352 515 ὣσπερ
379 478 563 517 συνυφίσταται
592 479 626 515 τῇ
640 477 735 517 σφαίρᾳ
763 477 794 505 τὸ
808 476 901 507 κοῖλον
921 478 1009 507 καὶτὸ

188 521 295 560 κυρτὸν,
326 521 395 550 οὕτω
409 523 594 562 συνυφίσταται
616 522 656 559 τῷ
671 522 729 560 Θεῷ
749 523 763 550 ὀ
785 521 896 560 κόσμος·
926 522 1010 557 ἀλλη-

189 566 286 595 λαίτιοι
316 565 365 607 ἄρα
394 567 408 595 ό
424 567 473 605 μὲν
498 567 562 599 Θεὸς
586 566 633 595 τοῦ
646 578 759 605 κοσμου,
775 567 790 595 ὀ
804 567 831 596 δὲ
847 569 945 606 κόσμος
962 569 1008 598 τοῦ

187 610 266 648 θεοῦ,
289 612 407 651 καθάπερ
429 611 552 643 κάκεῖνα.
590 612 619 640 Εἰ
648 613 678 641 οὗ
692 618 767 640 ποιεῖ
788 623 828 645 τις
849 612 973 651 βουλήσει
990 614 1006 642 ἅ

185 655 229 683 καὶ
264 656 302 693 μὴ
323 655 484 695 βουλόμενος
499 657 592 692 Erro-fu,
616 659 673 689 πῶς
689 658 734 685 οὖν
748 656 873 695 βουλήσει
888 659 934 686 τὸν
955 659 1006 687 κό-

185 709 253 737 σμον
268 700 391 734 ἐποίησεν
424 702 438 729 ὀ
468 701 545 737 Θεὸς,
562 699 591 730 ὄν
612 702 657 730 καὶ
673 703 711 739 μὴ
726 700 887 740 βουλόμενος
902 708 1002 742 ποῖεϊν,

186 743 214 777 εξ
243 744 362 784 ἀνάγκης
374 745 456 774 ἐποίει
474 757 482 784 ς
508 747 537 775 El
551 745 579 774 ἓν
594 746 643 784 μὲν
658 748 692 784 τῇ
706 746 780 783 οὖσίᾳ
794 747 809 775 ό
826 748 903 785 Θεὸς,
931 749 1011 779 Emt-

189 800 235 828 ρος
263 788 290 818 δὲ
314 793 348 828 τῇ
382 789 500 828 δυνάμει·
533 791 566 820 τὰ
581 789 609 819 δὲ
623 791 833 831 συνυφιστάμενα
848 792 920 832 αὖτῷ
943 796 1012 833 μήτε

191 833 219 862 ἓν
253 835 321 863 κατὰ
346 835 395 869 τὴν
423 836 512 865 οὐσίαν
547 836 639 875 αὐτοῦ,
655 836 723 873 μήτε
741 835 836 877 ἄπειρα
864 840 932 868 κατὰ
963 840 1013 875 τὴν

1047 253 1127 284 enim
1146 257 1189 283 est
1206 253 1332 283 mintdus
1357 254 1385 282 Si
1405 251 1483 283 Deus
1508 252 1607 283 divino
1623 251 1709 282 modo
1726 251 1800 282 deos
1816 261 1875 282 non

1048 301 1138 332 creat.
1157 297 1304 338 quomodo
1320 296 1467 336 ingenitus
1483 297 1611 336 ingenite
1628 296 1761 334 ingenita
1777 296 1845 327 facit
1859 297 1875 326 ‘!

1048 343 1112 373 Non
1139 343 1217 372 enim
1241 343 1304 382 ipse
1329 343 1382 372 sibi
1413 342 1466 380 ipsi
1489 341 1692 377 conSubsistit.
1709 340 1762 372 sed
1786 341 1874 373 alius.

1050 387 1138 419 Aliud
1151 392 1195 418 est
1210 388 1299 423 Deus,
1313 387 1391 417 aliud
1408 386 1581 426 ingenitum-
1598 387 1647 417 illo
1660 386 1779 427 quidem
1793 386 1874 417 exsi-

1050 432 1169 471 stit,|toc
1179 436 1276 462 autem
1293 432 1459 462 st'cernitur
1473 441 1490 462 a
1504 431 1663 471 genitis.Et
1674 430 1785 462 faciens
1797 431 1875 462 Deus

1049 477 1172 507 exsistit:
1191 477 1324 507 faciendo
1342 486 1401 507 non
1415 476 1648 507 secernitur.Sin
1663 480 1691 506 et.
1705 486 1762 516 quo
1777 485 1875 507 secer-

1050 523 1141 562 nitur,
1157 521 1237 558 facit,
1254 521 1306 552 sed
1325 531 1377 560 per
1392 521 1544 558 accidens,
1571 531 1629 552 non
1655 530 1709 561 per
1728 530 1760 552 se
1777 530 1874 562 :quo-

1052 567 1140 596 modo
1158 566 1232 596 nihil
1248 565 1355 596 accidit
1373 567 1432 598 Deo
1457 576 1509 605 per
1526 565 1666 598 accidens
1680 565 1815 598 facienti?
1830 565 1872 607 Si,

1048 610 1299 651 quemadmodum
1317 620 1374 641 una
1383 620 1449 641 cum
1460 611 1546 650 globo
1556 610 1644 642 simul
1660 610 1793 642 subsistit
1801 621 1875 642 con—

1047 664 1150 687 cavum
1169 661 1197 686 ct
1211 666 1241 686 ct.
1249 665 1388 696 nvexum,
1404 656 1447 687 sic
1464 665 1520 686 una
1533 665 1600 686 cum
1627 656 1686 687 Deo
1701 656 1789 687 simul
1802 657 1876 687 sub-

1044 700 1122 731 sistit
1136 701 1275 740 mundus;
1293 703 1381 732 erunt
1404 705 1483 731 certe
1507 700 1630 731 invicem
1656 701 1743 732 aliter
1756 702 1877 737 alterius

1051 747 1234 782 causa,Dcus
1246 745 1359 784 mundi,
1372 745 1499 775 mundus
1511 745 1658 782 Dei,hauti
1674 745 1760 778 aliter
1780 751 1871 787 atque

1053 791 1149 824 illa.Si
1167 802 1254 823 nemo
1266 793 1412 823 voluntate
1424 801 1458 822 ea
1472 792 1620 831 facit,quae
1639 792 1755 823 etiamsi
1770 793 1874 834 nollet,

1053 837 1165 868 faceret
1180 836 1445 877 tamenzquomodo
1457 845 1526 876 ergo
1536 836 1678 867 mundum
1689 838 1766 869 Deus
1777 838 1877 869 volun-

190 877 299 918 δύναμ.ν
325 881 416 909 αὐτοῦ·
446 879 500 910 οὐδ’
531 880 581 920 ἂρα
604 881 787 920 συνυφίσταται
802 882 883 920 αὐτῷ.
903 880 931 913 I0
947 889 966 914 Ο

1101 891 1113 913 e
1128 882 1209 919 fecit,
1226 891 1314 921 quem
1331 881 1447 912 etiamsi
1462 890 1521 911 non
1537 880 1624 912 vellet
1639 881 1747 918 facere,
1772 892 1877 913 neces-

189 924 230 952 ἀεὶ
258 924 360 956 τέλειός
382 924 466 960 ἐστιν,
497 925 538 953 ἀεὶ
572 924 681 957 δυνατός
712 924 795 954 ἐστιν·
826 928 870 956 καὶ
885 928 912 957 ἐν
941 929 1013 967 αὒτῷ

190 969 238 1006 μὲν
262 969 387 1009 πρότερον
417 970 460 998 καὶ
481 968 589 1009 ὕστερον
610 969 695 998 οὒδέν·
720 970 746 999 ἐν
781 971 809 999 δὲ
836 980 896 1005 τοῖς
926 973 1012 1013 ἔργοις

188 1013 266 1043 αὑτοῦ
287 1015 360 1042 ἔστιν
386 1013 535 1054 ἀμφότερα.
571 1015 600 1044 Εἰ
626 1015 733 1044 σύνθετα
760 1016 793 1044 τὰ
822 1016 886 1057 ἔργα
922 1019 1011 1056 αὸτοῦ,

186 1061 238 1087 πᾶν
265 1057 292 1086 δὲ
318 1059 440 1087 σύνθετον
465 1058 491 1092 ἐξ
516 1058 608 1087 ἁπλῶν
638 1060 785 1097 σύγκειται,
812 1063 856 1090 καὶ
885 1062 1014 1092 ἀδύνατον

188 1102 244 1141 ἅμα
269 1104 340 1132 εἶναι
368 1104 401 1132 τὰ
422 1103 495 1132 ἀπλᾶ
523 1103 584 1136 τοῖς
615 1103 757 1147 συνθέτοις·
796 1109 888 1145 πρῶτα
902 1107 952 1147 γᾶρ
979 1108 1013 1136 τὰ

191 1147 275 1188 ἁπλᾶ,
301 1147 408 1183 ὕστερον
436 1148 464 1176 δὲ
490 1149 524 1177 τὰ
549 1149 669 1178 σύνθετα.
701 1145 813 1190 ’Ὥσπερ
827 1145 1013 1186 ἀδιάϐλητοςό

193 1193 259 1225 Θεὸς
284 1193 326 1221 Eni
352 1197 387 1232 τῇ
402 1193 521 1230 ἀσθενείᾳ
549 1196 598 1227 τῆς
623 1192 769 1232 δυνάμεως,
787 1194 827 1224 ὅτι
842 1197 881 1234 μὴ
898 1198 1013 1233 ποιήσας

194 1236 299 1270 πλείους
334 1237 462 1276 κόσμους,
488 1237 557 1266 ἀλλὰ
580 1239 694 1273 ποιήσας
726 1239 769 1267 ἕνα
792 1241 892 1278 κόσμον
918 1242 1015 1271 ἔπαυσε

195 1281 245 1315 τὴν
266 1282 386 1316 ποίησιν⁴
415 1282 499 1314 οὕτως
516 1281 675 1316 ἀδιάϐλητος
696 1283 710 1311 ὁ
725 1285 789 1315 Θεὸς
805 1285 847 1314 ἐπὶ
864 1287 902 1324 τῷ
922 1286 1015 1315 ἀτελεῖ

194 1329 245 1360 τῆς
273 1325 421 1365 δυνάμεως,
448 1326 488 1356 ὅτι
517 1327 556 1365 μὴ
596 1327 652 1366 ἅμα
679 1330 718 1365 τῷ
751 1329 822 1357 εἶναι
863 1331 939 1359 αὐτὸν
972 1332 1017 1359 τὸν

194 1372 301 1410 κόσμον
326 1371 534 1409 ἱποίτ,σεν,ἆλλ⁷
564 1370 609 1400 ὅτε
637 1370 769 1402 ἐϐούλετο.
801 1374 878 1403 οὐδὲν
902 1375 1018 1416 διαφέρει

195 1415 399 1456 αὒτοπάρακτον
445 1420 493 1445 τοῦ
534 1416 702 1457 αὖτογενοῦς.
747 1417 830 1449 Ἀλλὰ
876 1421 898 1449 εἰ
941 1415 1017 1451 αὖτο-

195 1460 331 1500 πάρακτος
360 1461 374 1489 ὀ
386 1462 450 1494 Θεὸς
484 1461 529 1489 καὶ
547 1461 744 1502 αὐτοπάρακτος
759 1463 773 1491 ὃ
788 1463 899 1502 κόσμος,
915 1465 1019 1494 ἔσονται

192 1505 365 1545 αὒτογένητοι
380 1506 396 1534 ὅ
419 1516 449 1534 τε
474 1507 551 1542 Θεὸς,
568 1506 612 1534 καὶ
624 1506 639 1534 ὀ
655 1506 768 1545 κόσμος.
781 1509 823 1548 El,
846 1509 937 1549 ὥσπερ
951 1510 1020 1550 ὀρῶ·

193 1560 242 1595 μεν
272 1550 373 1591 ἀθρόως
395 1550 445 1584 τὴν
469 1550 549 1584 πῆξιν
573 1552 612 1588 τῷ
640 1551 754 1590 γάλακτι
791 1554 1017 1595 παραγινομένην,

1054 928 1131 958 sario
1148 925 1272 958 faceret?
1285 926 1315 957 Si
1328 928 1407 958 Deus
1424 936 1514 957 unum
1537 925 1658 967 quidem
1673 929 1720 957 est
1737 928 1878 962 essentia.

1055 972 1187 1003 inﬁnitus
1198 979 1297 1002 autem
1315 971 1445 1011 potentia
1463 980 1470 1000 :
1489 980 1522 1001 ea
1539 979 1607 1001 vero
1623 980 1690 1010 qua:
1703 980 1770 1002 cum
1787 981 1821 1003 eo
1834 972 1880 1002 si-.

1056 1018 1117 1048 mul
1131 1016 1407 1056 subsistunt,neque
1423 1025 1512 1046 unum
1529 1015 1608 1056 juxta
1625 1017 1784 1047 essentiam
1800 1017 1877 1057 ejus,

1056 1071 1154 1102 neque
1171 1061 1283 1092 inﬁnita
1296 1061 1378 1100 juxta
1393 1060 1552 1099 potentiam
1568 1061 1635 1100 ejus
1650 1065 1730 1099 sunt;
1757 1061 1879 1093 minime

1055 1115 1124 1146 ergo
1140 1105 1303 1136 simulcum
1317 1104 1613 1136 cosubsistunt.Deus
1628 1115 1748 1145 semper
1760 1107 1877 1146 perfec-

1056 1156 1102 1182 tus
1117 1154 1171 1186 est,
1187 1158 1306 1189 semper
1319 1154 1423 1190 potens
1440 1153 1494 1180 est.
1513 1153 1607 1190 Atque
1622 1149 1651 1180 in
1668 1150 1732 1190 ipso
1750 1151 1821 1182 nihil
1834 1157 1878 1183 est

1055 1195 1133 1237 quod
1144 1195 1226 1235 prius
1240 1195 1277 1224 sit
1293 1199 1322 1225 et
1334 1194 1490 1235 posterius.
1508 1195 1538 1225 [n
1554 1195 1693 1234 operibus
1707 1200 1805 1226 autem
1815 1197 1879 1236 ejus

1056 1245 1102 1272 est
1115 1246 1283 1280 utramque.
1298 1239 1329 1270 Si
1345 1248 1435 1279 opera
1451 1239 1516 1278 ejus
1530 1239 1693 1278 composita
1704 1242 1880 1282 sunt.quid-

1057 1285 1127 1326 quid
1145 1294 1213 1315 vero
1229 1284 1425 1324 compositum
1438 1288 1494 1320 est,
1510 1292 1545 1314 cx
1562 1284 1747 1324 simplicibus
1767 1287 1880 1318 consti-

1061 1329 1231 1370 tuitur,ﬁeri
1251 1333 1331 1360 certe
1348 1328 1450 1369 nequit
1473 1332 1504 1359 ut
1529 1328 1618 1358 simul
1644 1328 1790 1369 simplicia
1813 1340 1881 1361 cum

1060 1374 1231 1415 compositis
1254 1374 1405 1405 exsistant.
1418 1372 1548 1404 Primum
1575 1382 1702 1414 namque
1722 1374 1880 1415 simplicia,

1062 1424 1164 1460 postea
1179 1423 1276 1450 autem
1292 1418 1464 1459 composita.
1481 1416 1738 1454 Quemadmodum
1753 1419 1882 1452 incusari

1062 1474 1120 1495 non
1132 1468 1226 1505 potest
1240 1464 1268 1494 in
1282 1465 1341 1495 Deo
1358 1462 1667 1502 potentiaainﬁrmitas.
1687 1464 1766 1504 quod
1782 1465 1883 1506 plures

1062 1509 1189 1540 mundos
1204 1518 1262 1539 non
1277 1507 1433 1543 creaverit,
1450 1507 1501 1538 sed
1514 1517 1572 1538 uno
1586 1506 1717 1548 condito,
1733 1509 1884 1540 creatione

1060 1553 1316 1595 supersederil:ita
1327 1562 1381 1583 nec
1391 1551 1520 1583 incusari
1528 1551 1668 1592 potentiae
1682 1552 1881 1593 imperfeclio,

196 1594 287 1642 oiitmi
307 1595 412 1642 ἀθρόως
423 1595 597 1642 παραγίνεται
611 1597 649 1633 τῷ
660 1596 753 1642 κόσμῳ
767 1598 798 1626 τὸ
819 1599 902 1639 εἶναι,
918 1610 972 1640 γενη

1105 1598 1137 1629 ad
1152 1608 1209 1629 non
1221 1598 1308 1629 simul
1319 1601 1410 1642 atque
1424 1597 1486 1642 ipse
1502 1596 1564 1633 fuit,
1578 1595 1721 1642 mundum
1738 1597 1881 1629 eﬁ'ecerit.

197 1640 243 1672 τὸς
271 1639 321 1680 ἄρα
347 1641 361 1668 ὃ
388 1640 500 1679 κὸσμος,
514 1641 560 1669 καὶ
591 1639 757 1679 μεταϐλητὸς
781 1643 812 1670 ὲκ
838 1648 885 1673 τοῦ
898 1644 1018 1674 ἆνουσίου

197 1684 234 1717 lic
263 1685 362 1714 οὗσίανσ
389 1685 420 1713 τὸ
444 1685 493 1724 γὰρ
522 1685 693 1725 παραγίνεται
721 1687 752 1715 τὸ
775 1688 894 1727 γενέσθαι
925 1688 1015 1724 δηλοῖ,

194 1730 224 1759 Εἰ
252 1730 451 1769 αὒτοπάρακτος
465 1730 493 1774 γό
519 1730 596 1767 Θεὸς,
626 1731 670 1759 καὶ
697 1733 896 1774 αὖτοπέρακτος
925 1735 938 1763 ὸ
966 1735 1017 1763 κό-

194 1785 273 1813 σμος,
295 1775 313 1809 ἡ
327 1773 504 1814 αὒτοπαραξία
532 1774 670 1812 ἐκατέρου,
686 1776 820 1817 ἑκατέρου,
848 1777 921 1807 ἔσται
944 1778 1017 1819 ἀρχὴ

194 1821 245 1855 τῆς
265 1819 413 1859 ὑπάρξεως.
452 1822 511 1851 Πῶς
536 1820 580 1848 οὖν
606 1819 724 1860 ἄναρχος
752 1824 796 1851 καὶ
811 1821 897 1855 ἀΐδιος
912 1824 926 1851 ὁ
951 1824 1016 1856 Θεὸς

192 1864 238 1893 καὶ
264 1864 279 1892 ὁ
309 1863 423 1902 κόσμος,
446 1864 494 1896 τὰς
514 1864 705 1905 αὐτοπαραξίᾳς
731 1865 840 1907 ἔχοντες
856 1869 942 1897 αὐτῶν
965 1868 1018 1908 ἆρ-

192 1910 247 1950 χάς
282 1911 332 1944 τῆς
358 1908 494 1949 ὑπάρξεως
522 1910 634 1947 αἰνεῶνς
659 1911 695 1939 Τὸ
710 1911 910 1952 αὔτοπάρακτον
924 1924 1016 1953 παρα-

194 1957 287 1994 γωγῆς
314 1953 374 1995 ἔχει
395 1953 530 1993 σημασίαν
558 1957 605 1983 τοῦ
634 1954 680 1995 ἀφ’
709 1956 803 1985 ἑαυτοῦ
817 1958 1016 1998 παραγομένου.

195 1999 279 2029 Ἀλλὰ
306 1999 399 2034 ἐπειδὴ
413 2002 466 2028 πᾶν
487 2000 518 2028 τὸ
532 2000 720 2040 παραγόμενον
735 2001 754 2036 ἢ
770 2005 804 2041 τῇ
827 2003 956 2043 παρουσίᾳ
971 2014 1023 2032 ποι-

196 2045 304 2085 ράγεται
333 2045 403 2073 κατὰ
419 2043 582 2083 μετάστασιν
605 2044 635 2073 ἐκ
663 2045 747 2074 τόπου
776 2047 813 2079 εἰς
827 2048 921 2082 τόπον,
950 2048 968 2082 ἢ
987 2052 1021 2087 τῇ

197 2089 272 2127 οὖσίᾳ
296 2089 445 2129 παράγεται
473 2089 542 2118 κατὰ
569 2089 678 2123 ποίησιν
699 2089 815 2130 ἄγουσαν
838 2091 868 2120 ἐκ
891 2095 940 2132 τῇς
955 2093 1020 2122 ἄνυ-

199 2134 308 2175 παρξίας
337 2135 374 2167 εἰς
401 2133 521 2173 ὕπαρξιν·
551 2132 637 2171 μηδὲν
660 2133 688 2162 δὲ
703 2135 803 2164 τούτων
831 2137 955 2177 πρόσεστι
983 2138 1022 2176 τῷ

201 2180 271 2217 Θεῷ,
287 2177 410 2214 δηλονότι
446 2179 494 2207 οὐκ
510 2179 591 2217 ὀρθῶς
626 2180 705 2208 αὐτὸν
724 2181 863 2219 ὠνόμασεν
877 2183 891 2210 ό
913 2183 1023 2222 ἀποκρι-

198 2225 312 2262 νάμινος
354 2223 566 2261 αὕτοπάρακτον.
595 2223 631 2252 Τὸ
660 2225 709 2264 γὰρ
751 2227 950 2267 αὐτοπάρακτον
976 2232 1023 2257 τοῦ

1059 1643 1112 1674 sed
1128 1652 1196 1674 cum
1212 1641 1394 1674 voluit.Nihil
1411 1641 1509 1672 differt
1523 1640 1603 1682 quod
1614 1649 1666 1681 per
1676 1641 1806 1681 seipsum
1818 1652 1885 1683 pro-

1058 1688 1178 1719 ductum
1193 1692 1247 1725 est,
1264 1687 1301 1718 ab
1317 1696 1351 1718 eo
1368 1686 1445 1727 quod
1459 1695 1511 1726 per
1523 1685 1654 1726 seipsum
1675 1687 1807 1725 genitum
1826 1692 1882 1719 est.

1058 1732 1117 1765 Sed
1133 1733 1158 1764 si
1175 1743 1227 1773 per
1242 1733 1371 1772 seipsum
1389 1731 1553 1772 productus
1563 1735 1608 1761 est
1619 1732 1742 1765 Deus.et
1754 1740 1807 1772 per
1820 1731 1883 1762 sei-

1058 1787 1144 1819 psum
1161 1778 1320 1819 productus
1340 1775 1478 1812 mundus,
1496 1780 1584 1807 erunt
1599 1784 1651 1816 per
1666 1775 1782 1816 seipsos
1796 1777 1883 1816 geni-

1059 1822 1080 1854 ti
1096 1824 1177 1855 Deus
1188 1826 1218 1853 et
1229 1821 1371 1853 mundus.
1389 1820 1469 1858 Si,ut
1485 1819 1618 1852 videmus
1633 1826 1757 1861 repente
1771 1830 1884 1860 coagu-

1058 1867 1196 1899 lationem
1223 1866 1291 1898 lacti
1317 1865 1468 1903 advenire,
1486 1865 1526 1896 ita
1540 1869 1664 1905 repente
1680 1874 1747 1896 esse
1771 1866 1883 1897 mundo

1057 1912 1210 1950 advenire,
1234 1910 1351 1951 genitus
1376 1910 1433 1941 erit
1454 1909 1584 1941 mundus
1599 1914 1642 1948 et
1663 1909 1823 1941 translatus
1849 1919 1883 1941 ex

1063 1967 1099 1989 eo
1127 1957 1205 1999 quod
1233 1966 1292 1987 non
1318 1960 1381 1987 erat
1407 1955 1439 1987 in
1460 1954 1654 1986 substantiam
1674 1964 1682 1986 :
1699 1964 1767 1986 nam
1790 1955 1885 1987 adve-

1062 2004 1133 2034 nire
1160 2002 1309 2042 signiﬁcat
1328 2001 1407 2041 ﬁeri.
1425 2000 1456 2032 Si
1486 2008 1539 2040 per
1561 1999 1692 2040 seipsum
1723 1999 1886 2040 productus

1062 2051 1107 2079 est
1125 2048 1216 2085 Deus,
1249 2051 1278 2077 et
1304 2055 1357 2087 per
1385 2044 1518 2085 seipsum
1551 2044 1714 2084 productus
1742 2044 1885 2086 mundus;

1063 2101 1116 2133 per
1130 2101 1162 2123 se
1183 2091 1335 2132 productio
1350 2091 1515 2130 ulriuSque,
1532 2088 1711 2130 principium
1733 2089 1791 2121 erit
1811 2090 1886 2120 sub-

1063 2136 1206 2169 sistentiae
1221 2137 1385 2176 utriusque.
1402 2134 1555 2171 Quomodo
1580 2143 1652 2174 ergo
1671 2133 1813 2175 principii
1831 2143 1884 2164 ex-

1064 2191 1134 2223 pers
1150 2185 1180 2212 et
1193 2185 1320 2212 aeternus
1331 2181 1409 2212 Deus
1425 2185 1454 2210 et
1469 2178 1608 2216 mundus,
1631 2180 1682 2219 qui
1699 2179 1752 2210 has
1777 2188 1830 2219 per
1853 2187 1887 2209 se

1064 2225 1274 2269 productiones
1280 2224 1425 2266 principia
1433 2223 1811 2269 habentisubsistentiarum
1821 2232 1888 2269 sua-

198 2268 410 2313 έτεροπαράκτου
439 2269 479 2305 τῷ
513 2266 584 2300 ὅλως
621 2269 812 2313 αὸτοπαρᾶκτῳ
826 2271 900 2302 οὖδὲν
926 2271 974 2301 διας

1111 2271 1146 2303 n?
1160 2271 1216 2302 Per
1235 2268 1366 2311 seipsum
1378 2269 1513 2310 produci,
1531 2268 1779 2308 signiﬁcationem
1800 2267 1887 2300 habet

198 2314 250 2353 ρὶι.
280 2313 310 2342 El
339 2311 466 2341 ἀδύνατον
503 2313 573 2340 εἶναι
594 2312 625 2341 τό
640 2312 784 2352 ἀγέννητον
798 2315 938 2354 ἀποίητον,
955 2311 1019 2345 ait.-

199 2368 277 2387 νατον
305 2363 372 2398 εῖνρι
398 2357 444 2385 τὸν
466 2357 565 2390 κόσμον
577 2356 733 2399 ἀγέννητον,
749 2361 793 2388 καὶ
815 2361 860 2389 τὸν
871 2362 1021 2397 ποιήσαντα

200 2404 278 2432 αὐτὸν
309 2403 384 2434 Θεόν,
416 2402 445 2431 ΕΙ
482 2401 509 2431 δὲ
522 2404 561 2440 τῷ
575 2403 681 2441 ποιητῷ
694 2402 808 2445 διαφέρει
830 2406 844 2434 ὁ
858 2406 960 2446 κόσμος
975 2410 1022 2436 τοῦ

202 2451 280 2489 Θεοῦ,
308 2447 335 2481 ΞΕ
370 2447 490 2487 ἀνάγκης
512 2448 555 2476 καὶ
569 2447 608 2485 τῷ
621 2450 742 2487 γεννητῷ
769 2448 894 2491 διαφέρει·
911 2452 1023 2486 ποιητὸς

201 2494 253 2534 γὰρ
279 2493 294 2522 ὁ
308 2493 421 2532 κόσμος,
437 2492 564 2526 ἀποίητος
577 2491 605 2520 δὲ
621 2492 636 2521 ὀ
650 2493 727 2526 Θεός.
746 2495 774 2523 El.
788 2495 802 2523 ὁ
817 2499 914 2535 φ)σικῇ
943 2496 1023 2536 ἀνάγ-

202 2549 238 2578 κῃ
280 2540 318 2576 τῷ
345 2538 482 2578 ἀγεννήτῳ
495 2537 717 2578 συνυφιστάμενος
733 2538 860 2574 ἀποίητός
875 2540 942 2579 ἐστι,
965 2542 1022 2574 πῶς

202 2584 249 2613 οὖν
276 2583 323 2613 οὐκ
351 2583 406 2612 ἔστι
437 2582 529 2622 ψευδὲς
557 2583 599 2612 τό·
641 2581 768 2618 Ἐποίησε
794 2587 907 2619 ποιητὸν
921 2586 1022 2624 κόσμον

201 2629 217 2657 ὀ
246 2630 325 2668 Θεὸς,
342 2628 473 2663 ἀποίητον
501 2626 564 2657 ὄντα
578 2629 623 2657 καὶ
643 2627 787 2668 ἀγέννητον
800 2628 859 2659 κατ’
881 2630 959 2659 αὐτόν
975 2641 984 2668 ;
1000 2632 1022 2660 εἴ

241 2695 256 2718 ι
269 2697 344 2736 Leg,
359 2694 487 2730 ποιητόν.

1061 2315 1264 2359 productionis
1278 2315 1369 2355 illius,
1387 2314 1467 2355 quod
1481 2323 1499 2344 a
1512 2313 1610 2359 seipso
1631 2313 1816 2353 producitur.
1828 2313 1887 2345 Sed

1063 2357 1142 2403 quia,
1157 2360 1301 2402 quidquid
1316 2359 1499 2400 producitur,
1516 2357 1587 2389 526
1607 2364 1658 2389 aut
1671 2359 1797 2390 adventu
1815 2367 1887 2399 pro-

1063 2407 1182 2438 ducitur
1197 2415 1250 2446 per
1263 2404 1469 2436 transitionem
1486 2413 1503 2435 e
1517 2404 1583 2435 loco
1594 2403 1624 2434 in
1640 2404 1749 2442 locum,
1765 2408 1817 2435 aut
1832 2413 1886 2434 su-

1064 2451 1192 2483 bstantia
1205 2460 1259 2491 per
1269 2450 1532 2490 creationem,quaa
1547 2448 1632 2489 illud,
1648 2457 1715 2480 cum
1729 2459 1788 2479 non
1805 2448 1886 2480 exsi-

1063 2500 1165 2534 steret,
1183 2496 1218 2527 ad
1232 2495 1431 2526 exsistentiam
1445 2493 1593 2534 perduxit,
1609 2494 1683 2525 nihil
1695 2503 1764 2524 vero
1782 2494 1886 2524 horum

1066 2543 1125 2574 Deo
1140 2541 1235 2579 adest;
1253 2550 1324 2580 ergo
1340 2549 1399 2570 nun
1414 2544 1497 2571 recte
1512 2548 1580 2570 eum
1593 2547 1757 2580 responsor
1771 2547 1825 2578 per
1837 2546 1888 2568 se-

1062 2586 1161 2627 ipsum
1176 2585 1353 2626 productum
1364 2583 1574 2616 nominavit.“
1591 2583 1671 2615 enim
1685 2583 1765 2624 quod
1782 2591 1835 2623 per
1842 2591 1888 2612 se-

1063 2631 1161 2672 ipsum
1176 2631 1353 2672 productum
1369 2634 1426 2668 est,
1443 2628 1479 2660 ab
1497 2638 1532 2661 eo
1549 2628 1626 2670 quod
1643 2627 1680 2659 ab
1703 2629 1759 2660 alio
1775 2627 1887 2669 produ-

256 2765 310 2805 85)
323 2765 443 2796 Ἐκεῖνο.
460 2762 570 2795 Melius
580 2761 675 2794 multo
692 2743 861 2803 legeremus
874 2764 964 2804 ἐκιὶυῳ
975 2769 1005 2797 et

240 2765 313 2847 $86)
328 2808 417 2838 110m.
434 2804 506 2844 L63.
517 2805 615 2836 ποιῶν.

975 2769 1005 2797 et
1019 2774 1087 2797 mox
1097 2764 1183 2793 πίτνω
1199 2762 1263 2795 .Sic
1273 2763 1354 2795 enim
1369 2762 1456 2802 paulo
1470 2766 1536 2803 post
1551 2774 1573 2799 ῳ
1589 2762 1740 2802 χωρίζεται.

260 2804 313 2847 86)
328 2808 417 2838 Ποιετ.
434 2804 506 2844 Ιιοε.
517 2805 615 2836 ποιῶν.
