  <div class='ocr_page' id='page_1' title='image "/cluster/home/n/w/nwhite01/storage/ocr_20150623/6/njp.32101077772364/861.png"; bbox 0 0 1967 3076; ppageno 0'>
   <div class='ocr_carea' id='block_1_1' title="bbox 231 98 309 135">
    <p class='ocr_par' dir='ltr' id='par_1_1' title="bbox 231 98 309 135">
     <span class='ocr_line' id='line_1_1' title="bbox 231 98 309 135; baseline -0.026 0"><span class='ocrx_word' id='word_1_1' title='bbox 231 98 309 135; x_wconf 81' lang='grc'>1455</span> 
     </span>
    </p>
   </div>
   <div class='ocr_carea' id='block_1_2' title="bbox 574 94 1563 133">
    <p class='ocr_par' dir='ltr' id='par_1_2' title="bbox 574 94 1563 133">
     <span class='ocr_line' id='line_1_2' title="bbox 574 94 1563 133; baseline -0.002 0"><span class='ocrx_word' id='word_1_2' title='bbox 574 94 784 133; x_wconf 80' lang='lat' dir='ltr'><strong>APPENDIX.</strong></span> <span class='ocrx_word' id='word_1_3' title='bbox 804 113 846 124; x_wconf 89' lang='lat'>—</span> <span class='ocrx_word' id='word_1_4' title='bbox 865 96 973 132; x_wconf 82' lang='lat' dir='ltr'><strong>PARS.</strong></span> <span class='ocrx_word' id='word_1_5' title='bbox 998 96 1022 131; x_wconf 88' lang='grc' dir='ltr'><strong>Ι.</strong></span> <span class='ocrx_word' id='word_1_6' title='bbox 1045 98 1076 130; x_wconf 87' lang='lat' dir='ltr'>S.</span> <span class='ocrx_word' id='word_1_7' title='bbox 1099 95 1248 132; x_wconf 82' lang='lat' dir='ltr'><strong>JUS&#39;l‘INI</strong></span> <span class='ocrx_word' id='word_1_8' title='bbox 1269 95 1392 132; x_wconf 82' lang='lat' dir='ltr'><strong>OPERA</strong></span> <span class='ocrx_word' id='word_1_9' title='bbox 1413 95 1563 132; x_wconf 84' lang='lat' dir='ltr'><strong>SPURIA.</strong></span> 
     </span>
    </p>
   </div>
   <div class='ocr_carea' id='block_1_3' title="bbox 1832 94 1915 130">
    <p class='ocr_par' dir='ltr' id='par_1_3' title="bbox 1832 94 1915 130">
     <span class='ocr_line' id='line_1_3' title="bbox 1832 94 1915 130; baseline -0.012 0"><span class='ocrx_word' id='word_1_10' title='bbox 1832 94 1915 130; x_wconf 76' lang='grc'><strong>1456</strong></span> 
     </span>
    </p>
   </div>
   <div class='ocr_carea' id='block_1_4' title="bbox 227 162 1014 209">
    <p class='ocr_par' dir='ltr' id='par_1_4' title="bbox 227 165 1014 209">
     <span class='ocr_line' id='line_1_4' title="bbox 227 165 1014 209; baseline -0.006 -9"><span class='ocrx_word' id='word_1_11' title='bbox 227 167 378 209; x_wconf 85' lang='lat' dir='ltr'><strong>opiﬁcium</strong></span> <span class='ocrx_word' id='word_1_12' title='bbox 394 169 492 199; x_wconf 84' lang='lat' dir='ltr'><strong>autem</strong></span> <span class='ocrx_word' id='word_1_13' title='bbox 503 165 638 199; x_wconf 89' lang='lat' dir='ltr'><strong>meliore.</strong></span> <span class='ocrx_word' id='word_1_14' title='bbox 650 165 764 198; x_wconf 86' lang='lat' dir='ltr'><strong>Deinde</strong></span> <span class='ocrx_word' id='word_1_15' title='bbox 775 175 845 198; x_wconf 77' lang='lat' dir='ltr'><strong>vero</strong></span> <span class='ocrx_word' id='word_1_16' title='bbox 857 165 935 207; x_wconf 92' lang='lat' dir='ltr'><strong>quod</strong></span> <span class='ocrx_word' id='word_1_17' title='bbox 951 169 1014 196; x_wconf 88' lang='lat' dir='ltr'><strong>conl</strong></span> 
     </span>
    </p>
   </div>
   <div class='ocr_carea' id='block_1_5' title="bbox 1129 162 1916 209">
    <p class='ocr_par' dir='ltr' id='par_1_5' title="bbox 1129 162 1916 207">
     <span class='ocr_line' id='line_1_5' title="bbox 1129 162 1916 207; baseline 0.003 -14"><span class='ocrx_word' id='word_1_18' title='bbox 1129 177 1146 194; x_wconf 77' lang='grc' dir='ltr'><strong>ιι</strong></span> <span class='ocrx_word' id='word_1_19' title='bbox 1161 165 1243 206; x_wconf 67' lang='grc' dir='ltr'><strong>τάξει¹</strong></span> <span class='ocrx_word' id='word_1_20' title='bbox 1270 166 1301 194; x_wconf 88' lang='grc' dir='ltr'>τό</span> <span class='ocrx_word' id='word_1_21' title='bbox 1330 165 1357 194; x_wconf 73' lang='grc' dir='ltr'>δὲ</span> <span class='ocrx_word' id='word_1_22' title='bbox 1378 166 1567 206; x_wconf 78' lang='grc' dir='ltr'><strong>δημιούργημα</strong></span> <span class='ocrx_word' id='word_1_23' title='bbox 1582 166 1608 195; x_wconf 77' lang='grc' dir='ltr'>ἐν</span> <span class='ocrx_word' id='word_1_24' title='bbox 1624 169 1657 205; x_wconf 77' lang='grc' dir='ltr'><strong>τῇ</strong></span> <span class='ocrx_word' id='word_1_25' title='bbox 1678 167 1816 207; x_wconf 73' lang='grc' dir='ltr'><strong>κρείττονι.</strong></span> <span class='ocrx_word' id='word_1_26' title='bbox 1837 162 1916 195; x_wconf 50' lang='grc' dir='ltr'><strong>’Ἀλ-</strong></span> 
     </span>
    </p>
   </div>
   <div class='ocr_carea' id='block_1_6' title="bbox 228 210 1052 253">
    <p class='ocr_par' dir='ltr' id='par_1_6' title="bbox 228 210 1052 253">
     <span class='ocr_line' id='line_1_6' title="bbox 228 210 1052 253; baseline -0.006 -8"><span class='ocrx_word' id='word_1_27' title='bbox 228 217 318 245; x_wconf 88' lang='lat' dir='ltr'><strong>netur</strong></span> <span class='ocrx_word' id='word_1_28' title='bbox 328 212 359 244; x_wconf 89' lang='lat' dir='ltr'><strong>in</strong></span> <span class='ocrx_word' id='word_1_29' title='bbox 372 212 438 243; x_wconf 89' lang='lat' dir='ltr'><strong>loco</strong></span> <span class='ocrx_word' id='word_1_30' title='bbox 452 214 510 253; x_wconf 80' lang='lat' dir='ltr'><strong>est;</strong></span> <span class='ocrx_word' id='word_1_31' title='bbox 526 210 670 252; x_wconf 84' lang='lat' dir='ltr'><strong>quidquid</strong></span> <span class='ocrx_word' id='word_1_32' title='bbox 684 214 781 242; x_wconf 89' lang='lat' dir='ltr'><strong>autem</strong></span> <span class='ocrx_word' id='word_1_33' title='bbox 797 215 842 242; x_wconf 89' lang='lat' dir='ltr'><strong>est</strong></span> <span class='ocrx_word' id='word_1_34' title='bbox 856 211 886 241; x_wconf 91' lang='lat' dir='ltr'><strong>in</strong></span> <span class='ocrx_word' id='word_1_35' title='bbox 901 210 1052 250; x_wconf 89' lang='lat' dir='ltr'><strong>loco,cor-</strong></span> 
     </span>
    </p>
   </div>
   <div class='ocr_carea' id='block_1_7' title="bbox 227 255 1052 300">
    <p class='ocr_par' dir='ltr' id='par_1_7' title="bbox 227 255 1052 300">
     <span class='ocr_line' id='line_1_7' title="bbox 227 255 1052 300; baseline -0.006 -11"><span class='ocrx_word' id='word_1_36' title='bbox 227 267 285 300; x_wconf 91' lang='lat' dir='ltr'><strong>pus</strong></span> <span class='ocrx_word' id='word_1_37' title='bbox 311 261 378 289; x_wconf 88' lang='lat' dir='ltr'><strong>est:</strong></span> <span class='ocrx_word' id='word_1_38' title='bbox 394 265 429 287; x_wconf 88' lang='lat' dir='ltr'><strong>ac</strong></span> <span class='ocrx_word' id='word_1_39' title='bbox 453 255 580 296; x_wconf 86' lang='lat' dir='ltr'><strong>proinde</strong></span> <span class='ocrx_word' id='word_1_40' title='bbox 602 255 693 292; x_wconf 81' lang='lat' dir='ltr'><strong>Deus.</strong></span> <span class='ocrx_word' id='word_1_41' title='bbox 711 256 735 286; x_wconf 92' lang='lat' dir='ltr'><strong>si</strong></span> <span class='ocrx_word' id='word_1_42' title='bbox 758 255 789 286; x_wconf 89' lang='lat' dir='ltr'><strong>in</strong></span> <span class='ocrx_word' id='word_1_43' title='bbox 806 256 870 286; x_wconf 89' lang='lat' dir='ltr'><strong>loco</strong></span> <span class='ocrx_word' id='word_1_44' title='bbox 883 258 1052 294; x_wconf 85' lang='lat' dir='ltr'><strong>est,corpus</strong></span> 
     </span>
    </p>
   </div>
   <div class='ocr_carea' id='block_1_8' title="bbox 228 299 1050 341">
    <p class='ocr_par' dir='ltr' id='par_1_8' title="bbox 228 299 1050 341">
     <span class='ocr_line' id='line_1_8' title="bbox 228 299 1050 341; baseline -0.006 -7"><span class='ocrx_word' id='word_1_45' title='bbox 228 302 296 334; x_wconf 88' lang='lat' dir='ltr'><strong>erit.</strong></span> <span class='ocrx_word' id='word_1_46' title='bbox 314 300 469 338; x_wconf 89' lang='lat' dir='ltr'><strong>Quomodo</strong></span> <span class='ocrx_word' id='word_1_47' title='bbox 484 300 572 340; x_wconf 79' lang='lat' dir='ltr'><strong>igitur</strong></span> <span class='ocrx_word' id='word_1_48' title='bbox 586 309 694 341; x_wconf 86' lang='lat' dir='ltr'><strong>corpus</strong></span> <span class='ocrx_word' id='word_1_49' title='bbox 708 299 786 341; x_wconf 91' lang='lat' dir='ltr'><strong>quod</strong></span> <span class='ocrx_word' id='word_1_50' title='bbox 802 300 899 330; x_wconf 91' lang='lat' dir='ltr'><strong>minus</strong></span> <span class='ocrx_word' id='word_1_51' title='bbox 917 303 961 330; x_wconf 88' lang='lat' dir='ltr'><strong>est</strong></span> <span class='ocrx_word' id='word_1_52' title='bbox 976 307 1050 339; x_wconf 90' lang='lat' dir='ltr'><strong>qua-</strong></span> 
     </span>
    </p>
   </div>
   <div class='ocr_carea' id='block_1_9' title="bbox 228 343 1048 385">
    <p class='ocr_par' dir='ltr' id='par_1_9' title="bbox 228 343 1048 385">
     <span class='ocr_line' id='line_1_9' title="bbox 228 343 1048 385; baseline -0.006 -7"><span class='ocrx_word' id='word_1_53' title='bbox 228 350 316 378; x_wconf 89' lang='lat' dir='ltr'><strong>tenus</strong></span> <span class='ocrx_word' id='word_1_54' title='bbox 335 345 616 385; x_wconf 87' lang='lat' dir='ltr'><strong>continetur,rnajus</strong></span> <span class='ocrx_word' id='word_1_55' title='bbox 629 353 737 385; x_wconf 89' lang='lat' dir='ltr'><strong>corpus</strong></span> <span class='ocrx_word' id='word_1_56' title='bbox 752 343 1048 375; x_wconf 79' lang='lat' dir='ltr'><strong>continebit?Absur-</strong></span> 
     </span>
    </p>
   </div>
   <div class='ocr_carea' id='block_1_10' title="bbox 229 388 1048 426">
    <p class='ocr_par' dir='ltr' id='par_1_10' title="bbox 229 388 1048 426">
     <span class='ocr_line' id='line_1_10' title="bbox 229 388 1048 426; baseline -0.005 -4"><span class='ocrx_word' id='word_1_57' title='bbox 229 391 300 423; x_wconf 90' lang='lat' dir='ltr'><strong>dum</strong></span> <span class='ocrx_word' id='word_1_58' title='bbox 315 390 344 421; x_wconf 91' lang='lat' dir='ltr'><strong>id</strong></span> <span class='ocrx_word' id='word_1_59' title='bbox 358 390 438 421; x_wconf 91' lang='lat' dir='ltr'><strong>dictu</strong></span> <span class='ocrx_word' id='word_1_60' title='bbox 452 393 508 421; x_wconf 86' lang='lat' dir='ltr'><strong>est.</strong></span> <span class='ocrx_word' id='word_1_61' title='bbox 524 388 609 426; x_wconf 86' lang='lat' dir='ltr'><strong>Quod</strong></span> <span class='ocrx_word' id='word_1_62' title='bbox 631 392 730 420; x_wconf 90' lang='lat' dir='ltr'><strong>autem</strong></span> <span class='ocrx_word' id='word_1_63' title='bbox 752 388 864 420; x_wconf 82' lang='lat' dir='ltr'><strong>habitat</strong></span> <span class='ocrx_word' id='word_1_64' title='bbox 877 388 908 419; x_wconf 91' lang='lat' dir='ltr'><strong>in</strong></span> <span class='ocrx_word' id='word_1_65' title='bbox 924 388 1000 425; x_wconf 87' lang='lat' dir='ltr'><strong>loco,</strong></span> <span class='ocrx_word' id='word_1_66' title='bbox 1017 388 1048 418; x_wconf 88' lang='lat' dir='ltr'><strong>id</strong></span> 
     </span>
    </p>
   </div>
   <div class='ocr_carea' id='block_1_11' title="bbox 229 432 1050 471">
    <p class='ocr_par' dir='ltr' id='par_1_11' title="bbox 229 432 1050 471">
     <span class='ocr_line' id='line_1_11' title="bbox 229 432 1050 471; baseline -0.006 -3"><span class='ocrx_word' id='word_1_67' title='bbox 229 434 376 468; x_wconf 74' lang='lat' dir='ltr'><strong>contineri</strong></span> <span class='ocrx_word' id='word_1_68' title='bbox 385 433 867 471; x_wconf 81' lang='lat' dir='ltr'><strong>domicilio,cuilibetmanifestum</strong></span> <span class='ocrx_word' id='word_1_69' title='bbox 875 432 1050 471; x_wconf 81' lang='lat' dir='ltr'><strong>est,etiamsi</strong></span> 
     </span>
    </p>
   </div>
   <div class='ocr_carea' id='block_1_12' title="bbox 228 477 1047 521">
    <p class='ocr_par' dir='ltr' id='par_1_12' title="bbox 228 477 1047 521">
     <span class='ocr_line' id='line_1_12' title="bbox 228 477 1047 521; baseline -0.004 -10"><span class='ocrx_word' id='word_1_70' title='bbox 228 480 295 521; x_wconf 86' lang='lat' dir='ltr'><strong>quis</strong></span> <span class='ocrx_word' id='word_1_71' title='bbox 313 482 420 520; x_wconf 84' lang='lat' dir='ltr'><strong>sponte</strong></span> <span class='ocrx_word' id='word_1_72' title='bbox 438 478 585 510; x_wconf 68' lang='lat' dir='ltr'><strong>caacutiat.</strong></span> <span class='ocrx_word' id='word_1_73' title='bbox 611 478 764 514; x_wconf 86' lang='lat' dir='ltr'><strong>Quomodo</strong></span> <span class='ocrx_word' id='word_1_74' title='bbox 789 478 889 518; x_wconf 78' lang='lat' dir='ltr'><strong>igitur,</strong></span> <span class='ocrx_word' id='word_1_75' title='bbox 919 477 1047 518; x_wconf 88' lang='lat' dir='ltr'><strong>inquies,</strong></span> 
     </span>
    </p>
   </div>
   <div class='ocr_carea' id='block_1_13' title="bbox 228 521 1049 564">
    <p class='ocr_par' dir='ltr' id='par_1_13' title="bbox 228 521 1049 564">
     <span class='ocr_line' id='line_1_13' title="bbox 228 521 1049 564; baseline -0.005 -8"><span class='ocrx_word' id='word_1_76' title='bbox 228 524 377 557; x_wconf 75' lang='lat' dir='ltr'><strong>Homerus</strong></span> <span class='ocrx_word' id='word_1_77' title='bbox 391 522 506 564; x_wconf 83' lang='lat' dir='ltr'><strong>opiﬁcis</strong></span> <span class='ocrx_word' id='word_1_78' title='bbox 520 522 704 554; x_wconf 89' lang='lat' dir='ltr'><strong>domicilium</strong></span> <span class='ocrx_word' id='word_1_79' title='bbox 714 522 843 564; x_wconf 84' lang='lat' dir='ltr'><strong>appellat</strong></span> <span class='ocrx_word' id='word_1_80' title='bbox 852 521 1049 557; x_wconf 84' lang='lat' dir='ltr'><strong>coelum?Quia</strong></span> 
     </span>
    </p>
   </div>
   <div class='ocr_carea' id='block_1_14' title="bbox 228 566 1048 610">
    <p class='ocr_par' dir='ltr' id='par_1_14' title="bbox 228 566 1048 610">
     <span class='ocr_line' id='line_1_14' title="bbox 228 566 1048 610; baseline -0.006 -9"><span class='ocrx_word' id='word_1_81' title='bbox 228 570 340 610; x_wconf 86' lang='lat' dir='ltr'><strong>ubique</strong></span> <span class='ocrx_word' id='word_1_82' title='bbox 355 568 410 601; x_wconf 87' lang='lat' dir='ltr'><strong>Dei</strong></span> <span class='ocrx_word' id='word_1_83' title='bbox 435 567 514 599; x_wconf 85' lang='lat' dir='ltr'><strong>circa</strong></span> <span class='ocrx_word' id='word_1_84' title='bbox 532 567 675 599; x_wconf 88' lang='lat' dir='ltr'><strong>mundum</strong></span> <span class='ocrx_word' id='word_1_85' title='bbox 702 567 892 608; x_wconf 86' lang='lat' dir='ltr'><strong>splendorem</strong></span> <span class='ocrx_word' id='word_1_86' title='bbox 915 566 1048 606; x_wconf 89' lang='lat' dir='ltr'><strong>intuens,</strong></span> 
     </span>
    </p>
   </div>
   <div class='ocr_carea' id='block_1_15' title="bbox 229 610 1050 654">
    <p class='ocr_par' dir='ltr' id='par_1_15' title="bbox 229 610 1050 654">
     <span class='ocr_line' id='line_1_15' title="bbox 229 610 1050 654; baseline -0.006 -8"><span class='ocrx_word' id='word_1_87' title='bbox 229 614 374 646; x_wconf 86' lang='lat' dir='ltr'><strong>mundum</strong></span> <span class='ocrx_word' id='word_1_88' title='bbox 402 612 559 654; x_wconf 83' lang='lat' dir='ltr'><strong>appellavit</strong></span> <span class='ocrx_word' id='word_1_89' title='bbox 582 611 766 644; x_wconf 90' lang='lat' dir='ltr'><strong>domicilium</strong></span> <span class='ocrx_word' id='word_1_90' title='bbox 788 611 862 651; x_wconf 86' lang='lat' dir='ltr'><strong>Dei,</strong></span> <span class='ocrx_word' id='word_1_91' title='bbox 894 615 925 642; x_wconf 91' lang='lat' dir='ltr'><strong>ut</strong></span> <span class='ocrx_word' id='word_1_92' title='bbox 952 610 1050 641; x_wconf 87' lang='lat' dir='ltr'><strong>omnis</strong></span> 
     </span>
    </p>
   </div>
   <div class='ocr_carea' id='block_1_16' title="bbox 227 655 1049 699">
    <p class='ocr_par' dir='ltr' id='par_1_16' title="bbox 227 655 1049 699">
     <span class='ocr_line' id='line_1_16' title="bbox 227 655 1049 699; baseline -0.006 -9"><span class='ocrx_word' id='word_1_93' title='bbox 227 659 282 691; x_wconf 89' lang='lat' dir='ltr'><strong>Dei</strong></span> <span class='ocrx_word' id='word_1_94' title='bbox 320 657 498 699; x_wconf 83' lang='lat' dir='ltr'><strong>operationis</strong></span> <span class='ocrx_word' id='word_1_95' title='bbox 534 661 564 688; x_wconf 89' lang='lat' dir='ltr'><strong>et</strong></span> <span class='ocrx_word' id='word_1_96' title='bbox 597 655 763 688; x_wconf 71' lang='lat' dir='ltr'><strong>eﬂ‘ectionis</strong></span> <span class='ocrx_word' id='word_1_97' title='bbox 802 655 1049 695; x_wconf 85' lang='lat' dir='ltr'><strong>receptaculum;</strong></span> 
     </span>
    </p>
   </div>
   <div class='ocr_carea' id='block_1_17' title="bbox 225 699 1048 744">
    <p class='ocr_par' dir='ltr' id='par_1_17' title="bbox 225 699 1048 744">
     <span class='ocr_line' id='line_1_17' title="bbox 225 699 1048 744; baseline -0.009 -8"><span class='ocrx_word' id='word_1_98' title='bbox 225 705 298 736; x_wconf 71' lang='grc'><strong>552</strong></span> <span class='ocrx_word' id='word_1_99' title='bbox 321 702 469 744; x_wconf 66' lang='lat' dir='ltr'><strong>praecipue</strong></span> <span class='ocrx_word' id='word_1_100' title='bbox 483 705 580 733; x_wconf 89' lang='lat' dir='ltr'><strong>autem</strong></span> <span class='ocrx_word' id='word_1_101' title='bbox 605 701 711 733; x_wconf 70' lang='lat' dir='ltr'><strong>coelum</strong></span> <span class='ocrx_word' id='word_1_102' title='bbox 736 700 900 737; x_wconf 87' lang='lat' dir='ltr'><strong>nominant,</strong></span> <span class='ocrx_word' id='word_1_103' title='bbox 917 699 986 740; x_wconf 83' lang='lat' dir='ltr'><strong>quia</strong></span> <span class='ocrx_word' id='word_1_104' title='bbox 1001 703 1048 730; x_wconf 68' lang='grc' dir='ltr'>ιον-</span> 
     </span>
    </p>
   </div>
   <div class='ocr_carea' id='block_1_18' title="bbox 225 744 1047 781">
    <p class='ocr_par' dir='ltr' id='par_1_18' title="bbox 225 744 1047 781">
     <span class='ocr_line' id='line_1_18' title="bbox 225 744 1047 781; baseline -0.007 0"><span class='ocrx_word' id='word_1_105' title='bbox 225 749 286 781; x_wconf 88' lang='lat' dir='ltr'><strong>tius</strong></span> <span class='ocrx_word' id='word_1_106' title='bbox 306 747 411 779; x_wconf 89' lang='lat' dir='ltr'><strong>mundi</strong></span> <span class='ocrx_word' id='word_1_107' title='bbox 431 754 580 778; x_wconf 84' lang='lat' dir='ltr'><strong>summum</strong></span> <span class='ocrx_word' id='word_1_108' title='bbox 604 754 671 778; x_wconf 87' lang='lat' dir='ltr'><strong>esse</strong></span> <span class='ocrx_word' id='word_1_109' title='bbox 692 744 802 777; x_wconf 65' lang='lat' dir='ltr'><strong>coelum</strong></span> <span class='ocrx_word' id='word_1_110' title='bbox 831 752 936 776; x_wconf 89' lang='lat' dir='ltr'><strong>omnes</strong></span> <span class='ocrx_word' id='word_1_111' title='bbox 951 744 1047 775; x_wconf 82' lang='lat' dir='ltr'><strong>conﬁ-</strong></span> 
     </span>
    </p>
   </div>
   <div class='ocr_carea' id='block_1_19' title="bbox 222 796 335 827">
    <p class='ocr_par' dir='ltr' id='par_1_19' title="bbox 222 796 335 827">
     <span class='ocr_line' id='line_1_19' title="bbox 222 796 335 827; baseline -0.018 -2"><span class='ocrx_word' id='word_1_112' title='bbox 222 796 335 827; x_wconf 80' lang='lat' dir='ltr'><strong>tentur.</strong></span> 
     </span>
    </p>
   </div>
   <div class='ocr_carea' id='block_1_20' title="bbox 264 835 1006 880">
    <p class='ocr_par' dir='ltr' id='par_1_20' title="bbox 264 835 1006 880">
     <span class='ocr_line' id='line_1_20' title="bbox 264 835 1006 880; baseline -0.008 -8"><span class='ocrx_word' id='word_1_113' title='bbox 264 837 483 880; x_wconf 69' lang='lat' dir='ltr'><strong>Responsinnis</strong></span> <span class='ocrx_word' id='word_1_114' title='bbox 497 845 559 869; x_wconf 84' lang='lat' dir='ltr'><strong>non</strong></span> <span class='ocrx_word' id='word_1_115' title='bbox 574 840 652 869; x_wconf 78' lang='lat' dir='ltr'><strong>recte</strong></span> <span class='ocrx_word' id='word_1_116' title='bbox 665 836 812 869; x_wconf 66' lang='grc' dir='ltr'>ίηκιίειιιαε</span> <span class='ocrx_word' id='word_1_117' title='bbox 828 835 1006 874; x_wconf 73' lang='grc' dir='ltr'>οοηῙυιαιίο.</span> 
     </span>
    </p>
   </div>
   <div class='ocr_carea' id='block_1_21' title="bbox 269 925 1048 970">
    <p class='ocr_par' dir='ltr' id='par_1_21' title="bbox 269 925 1048 970">
     <span class='ocr_line' id='line_1_21' title="bbox 269 925 1048 970; baseline -0.006 -8"><span class='ocrx_word' id='word_1_118' title='bbox 269 930 396 963; x_wconf 79' lang='grc' dir='ltr'>1.Ι)οιιῐη</span> <span class='ocrx_word' id='word_1_119' title='bbox 404 927 525 970; x_wconf 83' lang='lat' dir='ltr'><strong>quidem</strong></span> <span class='ocrx_word' id='word_1_120' title='bbox 533 927 672 968; x_wconf 84' lang='lat' dir='ltr'><strong>opiﬁcem</strong></span> <span class='ocrx_word' id='word_1_121' title='bbox 680 925 942 968; x_wconf 87' lang='lat' dir='ltr'><strong>dicere,mundum</strong></span> <span class='ocrx_word' id='word_1_122' title='bbox 950 929 1048 957; x_wconf 87' lang='lat' dir='ltr'><strong>autem</strong></span> 
     </span>
    </p>
   </div>
   <div class='ocr_carea' id='block_1_22' title="bbox 227 970 1047 1014">
    <p class='ocr_par' dir='ltr' id='par_1_22' title="bbox 227 970 1047 1014">
     <span class='ocr_line' id='line_1_22' title="bbox 227 970 1047 1014; baseline -0.007 -8"><span class='ocrx_word' id='word_1_123' title='bbox 227 973 528 1014; x_wconf 85' lang='lat' dir='ltr'><strong>infectum;infectum</strong></span> <span class='ocrx_word' id='word_1_124' title='bbox 543 972 623 1004; x_wconf 87' lang='lat' dir='ltr'><strong>enim</strong></span> <span class='ocrx_word' id='word_1_125' title='bbox 638 972 718 1004; x_wconf 90' lang='lat' dir='ltr'><strong>idem</strong></span> <span class='ocrx_word' id='word_1_126' title='bbox 732 971 809 1002; x_wconf 82' lang='lat' dir='ltr'><strong>valet</strong></span> <span class='ocrx_word' id='word_1_127' title='bbox 820 979 855 1002; x_wconf 88' lang='lat' dir='ltr'><strong>ac</strong></span> <span class='ocrx_word' id='word_1_128' title='bbox 870 970 1047 1010; x_wconf 76' lang='lat' dir='ltr'><strong>ingenitum,</strong></span> 
     </span>
    </p>
   </div>
   <div class='ocr_carea' id='block_1_23' title="bbox 226 1014 1049 1059">
    <p class='ocr_par' dir='ltr' id='par_1_23' title="bbox 226 1014 1049 1059">
     <span class='ocr_line' id='line_1_23' title="bbox 226 1014 1049 1059; baseline -0.01 -6"><span class='ocrx_word' id='word_1_129' title='bbox 226 1025 257 1053; x_wconf 90' lang='lat' dir='ltr'><strong>et</strong></span> <span class='ocrx_word' id='word_1_130' title='bbox 271 1026 456 1059; x_wconf 68' lang='lat' dir='ltr'><strong>eorum,quaz</strong></span> <span class='ocrx_word' id='word_1_131' title='bbox 464 1017 543 1048; x_wconf 90' lang='lat' dir='ltr'><strong>idem</strong></span> <span class='ocrx_word' id='word_1_132' title='bbox 557 1016 766 1054; x_wconf 81' lang='lat' dir='ltr'><strong>valent,libera</strong></span> <span class='ocrx_word' id='word_1_133' title='bbox 775 1020 820 1047; x_wconf 88' lang='lat' dir='ltr'><strong>est</strong></span> <span class='ocrx_word' id='word_1_134' title='bbox 832 1014 1049 1056; x_wconf 85' lang='lat' dir='ltr'><strong>transmutatio;</strong></span> 
     </span>
    </p>
   </div>
   <div class='ocr_carea' id='block_1_24' title="bbox 225 1059 1048 1100">
    <p class='ocr_par' dir='ltr' id='par_1_24' title="bbox 225 1059 1048 1100">
     <span class='ocr_line' id='line_1_24' title="bbox 225 1059 1048 1100; baseline -0.01 -3"><span class='ocrx_word' id='word_1_135' title='bbox 225 1075 261 1098; x_wconf 85' lang='lat' dir='ltr'><strong>ac</strong></span> <span class='ocrx_word' id='word_1_136' title='bbox 275 1065 377 1096; x_wconf 83' lang='lat' dir='ltr'><strong>dicere</strong></span> <span class='ocrx_word' id='word_1_137' title='bbox 387 1061 481 1094; x_wconf 86' lang='lat' dir='ltr'><strong>Deum</strong></span> <span class='ocrx_word' id='word_1_138' title='bbox 491 1061 631 1092; x_wconf 83' lang='lat' dir='ltr'><strong>infectum</strong></span> <span class='ocrx_word' id='word_1_139' title='bbox 647 1060 757 1092; x_wconf 81' lang='lat' dir='ltr'><strong>infecta</strong></span> <span class='ocrx_word' id='word_1_140' title='bbox 770 1059 960 1100; x_wconf 83' lang='lat' dir='ltr'><strong>facere,quod</strong></span> <span class='ocrx_word' id='word_1_141' title='bbox 969 1059 1048 1090; x_wconf 92' lang='lat' dir='ltr'><strong>idem</strong></span> 
     </span>
    </p>
   </div>
   <div class='ocr_carea' id='block_1_25' title="bbox 226 1103 1049 1146">
    <p class='ocr_par' dir='ltr' id='par_1_25' title="bbox 226 1103 1049 1146">
     <span class='ocr_line' id='line_1_25' title="bbox 226 1103 1049 1146; baseline -0.007 -5"><span class='ocrx_word' id='word_1_142' title='bbox 226 1113 273 1142; x_wconf 86' lang='lat' dir='ltr'><strong>est</strong></span> <span class='ocrx_word' id='word_1_143' title='bbox 284 1118 320 1140; x_wconf 87' lang='lat' dir='ltr'><strong>ac</strong></span> <span class='ocrx_word' id='word_1_144' title='bbox 334 1107 447 1144; x_wconf 83' lang='lat' dir='ltr'><strong>dicere,</strong></span> <span class='ocrx_word' id='word_1_145' title='bbox 461 1107 557 1138; x_wconf 90' lang='lat' dir='ltr'><strong>Deum</strong></span> <span class='ocrx_word' id='word_1_146' title='bbox 579 1105 741 1146; x_wconf 63' lang='lat' dir='ltr'><strong>ingenitum</strong></span> <span class='ocrx_word' id='word_1_147' title='bbox 763 1103 894 1144; x_wconf 80' lang='lat' dir='ltr'><strong>ingenite</strong></span> <span class='ocrx_word' id='word_1_148' title='bbox 918 1104 1049 1143; x_wconf 78' lang='lat' dir='ltr'><strong>ingenita</strong></span> 
     </span>
    </p>
   </div>
   <div class='ocr_carea' id='block_1_26' title="bbox 224 1148 1046 1191">
    <p class='ocr_par' dir='ltr' id='par_1_26' title="bbox 224 1148 1046 1191">
     <span class='ocr_line' id='line_1_26' title="bbox 224 1148 1046 1191; baseline -0.009 -5"><span class='ocrx_word' id='word_1_149' title='bbox 224 1155 323 1186; x_wconf 81' lang='lat' dir='ltr'><strong>facere</strong></span> <span class='ocrx_word' id='word_1_150' title='bbox 339 1163 346 1182; x_wconf 91' lang='lat'><strong>:</strong></span> <span class='ocrx_word' id='word_1_151' title='bbox 362 1155 392 1184; x_wconf 87' lang='lat' dir='ltr'><strong>et</strong></span> <span class='ocrx_word' id='word_1_152' title='bbox 405 1152 500 1183; x_wconf 91' lang='lat' dir='ltr'><strong>Deum</strong></span> <span class='ocrx_word' id='word_1_153' title='bbox 524 1150 645 1191; x_wconf 88' lang='lat' dir='ltr'><strong>quidem</strong></span> <span class='ocrx_word' id='word_1_154' title='bbox 661 1154 804 1181; x_wconf 63' lang='lat' dir='ltr'><strong>aeternum</strong></span> <span class='ocrx_word' id='word_1_155' title='bbox 825 1148 939 1185; x_wconf 85' lang='lat' dir='ltr'><strong>dicere,</strong></span> <span class='ocrx_word' id='word_1_156' title='bbox 957 1158 1046 1179; x_wconf 92' lang='lat' dir='ltr'><strong>mun-</strong></span> 
     </span>
    </p>
   </div>
   <div class='ocr_carea' id='block_1_27' title="bbox 225 1193 1045 1236">
    <p class='ocr_par' dir='ltr' id='par_1_27' title="bbox 225 1193 1045 1236">
     <span class='ocr_line' id='line_1_27' title="bbox 225 1193 1045 1236; baseline -0.009 -6"><span class='ocrx_word' id='word_1_157' title='bbox 225 1199 297 1231; x_wconf 91' lang='lat' dir='ltr'><strong>dum</strong></span> <span class='ocrx_word' id='word_1_158' title='bbox 309 1202 409 1229; x_wconf 87' lang='lat' dir='ltr'><strong>autem</strong></span> <span class='ocrx_word' id='word_1_159' title='bbox 424 1199 654 1236; x_wconf 74' lang='lat' dir='ltr'><strong>coaeternum,ac</strong></span> <span class='ocrx_word' id='word_1_160' title='bbox 669 1196 764 1227; x_wconf 89' lang='lat' dir='ltr'><strong>Deum</strong></span> <span class='ocrx_word' id='word_1_161' title='bbox 779 1198 810 1225; x_wconf 90' lang='lat' dir='ltr'><strong>et</strong></span> <span class='ocrx_word' id='word_1_162' title='bbox 823 1193 967 1225; x_wconf 90' lang='lat' dir='ltr'><strong>mundum</strong></span> <span class='ocrx_word' id='word_1_163' title='bbox 978 1203 1045 1224; x_wconf 91' lang='lat' dir='ltr'><strong>cum</strong></span> 
     </span>
    </p>
   </div>
   <div class='ocr_carea' id='block_1_28' title="bbox 225 1237 1045 1281">
    <p class='ocr_par' dir='ltr' id='par_1_28' title="bbox 225 1237 1045 1281">
     <span class='ocr_line' id='line_1_28' title="bbox 225 1237 1045 1281; baseline -0.009 -6"><span class='ocrx_word' id='word_1_164' title='bbox 225 1252 287 1275; x_wconf 92' lang='lat' dir='ltr'><strong>non</strong></span> <span class='ocrx_word' id='word_1_165' title='bbox 301 1245 402 1274; x_wconf 84' lang='lat' dir='ltr'><strong>essent</strong></span> <span class='ocrx_word' id='word_1_166' title='bbox 414 1240 451 1272; x_wconf 86' lang='lat' dir='ltr'><strong>ad</strong></span> <span class='ocrx_word' id='word_1_167' title='bbox 466 1249 533 1271; x_wconf 87' lang='lat' dir='ltr'><strong>esse</strong></span> <span class='ocrx_word' id='word_1_168' title='bbox 549 1249 603 1281; x_wconf 91' lang='lat' dir='ltr'><strong>per</strong></span> <span class='ocrx_word' id='word_1_169' title='bbox 619 1249 651 1271; x_wconf 88' lang='lat' dir='ltr'><strong>se</strong></span> <span class='ocrx_word' id='word_1_170' title='bbox 671 1239 832 1279; x_wconf 88' lang='lat' dir='ltr'><strong>productos</strong></span> <span class='ocrx_word' id='word_1_171' title='bbox 853 1238 957 1276; x_wconf 81' lang='lat' dir='ltr'><strong>fuisse;</strong></span> <span class='ocrx_word' id='word_1_172' title='bbox 973 1237 1045 1268; x_wconf 91' lang='lat' dir='ltr'><strong>illud</strong></span> 
     </span>
    </p>
   </div>
   <div class='ocr_carea' id='block_1_29' title="bbox 223 1282 1044 1327">
    <p class='ocr_par' dir='ltr' id='par_1_29' title="bbox 223 1282 1044 1327">
     <span class='ocr_line' id='line_1_29' title="bbox 223 1282 1044 1327; baseline -0.009 -8"><span class='ocrx_word' id='word_1_173' title='bbox 223 1287 317 1327; x_wconf 88' lang='lat' dir='ltr'><strong>enim,</strong></span> <span class='ocrx_word' id='word_1_174' title='bbox 328 1294 384 1326; x_wconf 84' lang='lat' dir='ltr'><strong>per</strong></span> <span class='ocrx_word' id='word_1_175' title='bbox 394 1294 426 1317; x_wconf 78' lang='lat' dir='ltr'><strong>sc</strong></span> <span class='ocrx_word' id='word_1_176' title='bbox 434 1285 628 1326; x_wconf 78' lang='lat' dir='ltr'><strong>productum,</strong></span> <span class='ocrx_word' id='word_1_177' title='bbox 644 1284 683 1316; x_wconf 88' lang='lat' dir='ltr'><strong>de</strong></span> <span class='ocrx_word' id='word_1_178' title='bbox 699 1284 759 1316; x_wconf 92' lang='lat' dir='ltr'><strong>Deo</strong></span> <span class='ocrx_word' id='word_1_179' title='bbox 774 1287 803 1314; x_wconf 89' lang='lat' dir='ltr'><strong>et</strong></span> <span class='ocrx_word' id='word_1_180' title='bbox 813 1283 924 1314; x_wconf 91' lang='lat' dir='ltr'><strong>mundo</strong></span> <span class='ocrx_word' id='word_1_181' title='bbox 934 1282 1044 1313; x_wconf 91' lang='lat' dir='ltr'><strong>dictum</strong></span> 
     </span>
    </p>
   </div>
   <div class='ocr_carea' id='block_1_30' title="bbox 226 1327 1046 1369">
    <p class='ocr_par' dir='ltr' id='par_1_30' title="bbox 226 1327 1046 1369">
     <span class='ocr_line' id='line_1_30' title="bbox 226 1327 1046 1369; baseline -0.009 -5"><span class='ocrx_word' id='word_1_182' title='bbox 226 1331 363 1365; x_wconf 86' lang='lat' dir='ltr'><strong>eamdem</strong></span> <span class='ocrx_word' id='word_1_183' title='bbox 379 1329 467 1362; x_wconf 89' lang='lat' dir='ltr'><strong>habet</strong></span> <span class='ocrx_word' id='word_1_184' title='bbox 481 1328 726 1369; x_wconf 75' lang='lat' dir='ltr'><strong>signiﬁcationem</strong></span> <span class='ocrx_word' id='word_1_185' title='bbox 739 1338 746 1360; x_wconf 91' lang='lat'><strong>:</strong></span> <span class='ocrx_word' id='word_1_186' title='bbox 759 1331 789 1359; x_wconf 88' lang='lat' dir='ltr'><strong>et</strong></span> <span class='ocrx_word' id='word_1_187' title='bbox 797 1327 940 1358; x_wconf 91' lang='lat' dir='ltr'><strong>mundum</strong></span> <span class='ocrx_word' id='word_1_188' title='bbox 952 1335 1006 1366; x_wconf 90' lang='lat' dir='ltr'><strong>per</strong></span> <span class='ocrx_word' id='word_1_189' title='bbox 1013 1335 1046 1357; x_wconf 87' lang='lat' dir='ltr'><strong>se</strong></span> 
     </span>
    </p>
   </div>
   <div class='ocr_carea' id='block_1_31' title="bbox 226 1371 1046 1418">
    <p class='ocr_par' dir='ltr' id='par_1_31' title="bbox 226 1371 1046 1418">
     <span class='ocr_line' id='line_1_31' title="bbox 226 1371 1046 1418; baseline -0.007 -10"><span class='ocrx_word' id='word_1_190' title='bbox 226 1376 402 1418; x_wconf 83' lang='lat' dir='ltr'><strong>productum</strong></span> <span class='ocrx_word' id='word_1_191' title='bbox 417 1373 498 1406; x_wconf 86' lang='lat' dir='ltr'><strong>etab</strong></span> <span class='ocrx_word' id='word_1_192' title='bbox 513 1373 608 1406; x_wconf 87' lang='lat' dir='ltr'><strong>altero</strong></span> <span class='ocrx_word' id='word_1_193' title='bbox 632 1372 809 1418; x_wconf 78' lang='lat' dir='ltr'><strong>custoditum</strong></span> <span class='ocrx_word' id='word_1_194' title='bbox 832 1372 943 1418; x_wconf 78' lang='lat' dir='ltr'><strong>dicere;</strong></span> <span class='ocrx_word' id='word_1_195' title='bbox 967 1371 1046 1412; x_wconf 90' lang='lat' dir='ltr'><strong>quod</strong></span> 
     </span>
    </p>
   </div>
   <div class='ocr_carea' id='block_1_32' title="bbox 225 1416 1046 1457">
    <p class='ocr_par' dir='ltr' id='par_1_32' title="bbox 225 1416 1046 1457">
     <span class='ocr_line' id='line_1_32' title="bbox 225 1416 1046 1457; baseline -0.009 -4"><span class='ocrx_word' id='word_1_196' title='bbox 225 1416 305 1453; x_wconf 76' lang='lat' dir='ltr'><strong>enim</strong></span> <span class='ocrx_word' id='word_1_197' title='bbox 318 1429 335 1451; x_wconf 90' lang='lat' dir='ltr'><strong>a</strong></span> <span class='ocrx_word' id='word_1_198' title='bbox 348 1419 410 1451; x_wconf 88' lang='lat' dir='ltr'><strong>Deo</strong></span> <span class='ocrx_word' id='word_1_199' title='bbox 429 1418 604 1456; x_wconf 89' lang='lat' dir='ltr'><strong>custoditur,</strong></span> <span class='ocrx_word' id='word_1_200' title='bbox 617 1418 648 1449; x_wconf 91' lang='lat' dir='ltr'><strong>id</strong></span> <span class='ocrx_word' id='word_1_201' title='bbox 663 1417 700 1448; x_wconf 89' lang='lat' dir='ltr'><strong>ab</strong></span> <span class='ocrx_word' id='word_1_202' title='bbox 715 1417 773 1448; x_wconf 91' lang='lat' dir='ltr'><strong>alio</strong></span> <span class='ocrx_word' id='word_1_203' title='bbox 789 1416 931 1448; x_wconf 87' lang='lat' dir='ltr'><strong>custodiri</strong></span> <span class='ocrx_word' id='word_1_204' title='bbox 955 1420 1046 1457; x_wconf 86' lang='lat' dir='ltr'><strong>patet,</strong></span> 
     </span>
    </p>
   </div>
   <div class='ocr_carea' id='block_1_33' title="bbox 225 1460 1048 1498">
    <p class='ocr_par' dir='ltr' id='par_1_33' title="bbox 225 1460 1048 1498">
     <span class='ocr_line' id='line_1_33' title="bbox 225 1460 1048 1498; baseline -0.007 -1"><span class='ocrx_word' id='word_1_205' title='bbox 225 1466 301 1498; x_wconf 86' lang='lat' dir='ltr'><strong>alius</strong></span> <span class='ocrx_word' id='word_1_206' title='bbox 317 1464 398 1496; x_wconf 92' lang='lat' dir='ltr'><strong>enim</strong></span> <span class='ocrx_word' id='word_1_207' title='bbox 412 1463 540 1494; x_wconf 90' lang='lat' dir='ltr'><strong>mundus</strong></span> <span class='ocrx_word' id='word_1_208' title='bbox 555 1467 585 1494; x_wconf 88' lang='lat' dir='ltr'><strong>et</strong></span> <span class='ocrx_word' id='word_1_209' title='bbox 596 1463 672 1494; x_wconf 87' lang='lat' dir='ltr'><strong>alius</strong></span> <span class='ocrx_word' id='word_1_210' title='bbox 681 1463 762 1493; x_wconf 85' lang='lat' dir='ltr'><strong>Deus</strong></span> <span class='ocrx_word' id='word_1_211' title='bbox 771 1460 943 1493; x_wconf 84' lang='lat' dir='ltr'><strong>custodiens</strong></span> <span class='ocrx_word' id='word_1_212' title='bbox 959 1470 1048 1492; x_wconf 91' lang='lat' dir='ltr'><strong>mun-</strong></span> 
     </span>
    </p>
   </div>
   <div class='ocr_carea' id='block_1_34' title="bbox 226 1505 1051 1550">
    <p class='ocr_par' dir='ltr' id='par_1_34' title="bbox 226 1505 1051 1550">
     <span class='ocr_line' id='line_1_34' title="bbox 226 1505 1051 1550; baseline -0.008 -8"><span class='ocrx_word' id='word_1_213' title='bbox 226 1511 400 1550; x_wconf 87' lang='lat' dir='ltr'><strong>dum,quem</strong></span> <span class='ocrx_word' id='word_1_214' title='bbox 414 1517 468 1549; x_wconf 92' lang='lat' dir='ltr'><strong>per</strong></span> <span class='ocrx_word' id='word_1_215' title='bbox 478 1516 512 1539; x_wconf 90' lang='lat' dir='ltr'><strong>se</strong></span> <span class='ocrx_word' id='word_1_216' title='bbox 523 1507 698 1548; x_wconf 88' lang='lat' dir='ltr'><strong>productum</strong></span> <span class='ocrx_word' id='word_1_217' title='bbox 710 1506 881 1538; x_wconf 83' lang='lat' dir='ltr'><strong>necessario</strong></span> <span class='ocrx_word' id='word_1_218' title='bbox 896 1505 984 1536; x_wconf 85' lang='lat' dir='ltr'><strong>etiam</strong></span> <span class='ocrx_word' id='word_1_219' title='bbox 997 1514 1051 1545; x_wconf 90' lang='lat' dir='ltr'><strong>per</strong></span> 
     </span>
    </p>
   </div>
   <div class='ocr_carea' id='block_1_35' title="bbox 223 1550 1048 1592">
    <p class='ocr_par' dir='ltr' id='par_1_35' title="bbox 223 1550 1048 1592">
     <span class='ocr_line' id='line_1_35' title="bbox 223 1550 1048 1592; baseline -0.007 -6"><span class='ocrx_word' id='word_1_220' title='bbox 223 1564 257 1587; x_wconf 83' lang='lat' dir='ltr'><strong>se</strong></span> <span class='ocrx_word' id='word_1_221' title='bbox 272 1553 450 1586; x_wconf 90' lang='lat' dir='ltr'><strong>custoditum</strong></span> <span class='ocrx_word' id='word_1_222' title='bbox 465 1552 566 1584; x_wconf 88' lang='lat' dir='ltr'><strong>dicere</strong></span> <span class='ocrx_word' id='word_1_223' title='bbox 579 1552 751 1592; x_wconf 80' lang='lat' dir='ltr'><strong>oportuitzet</strong></span> <span class='ocrx_word' id='word_1_224' title='bbox 762 1550 856 1583; x_wconf 90' lang='lat' dir='ltr'><strong>Deum</strong></span> <span class='ocrx_word' id='word_1_225' title='bbox 865 1553 895 1581; x_wconf 83' lang='lat' dir='ltr'><strong>et</strong></span> <span class='ocrx_word' id='word_1_226' title='bbox 905 1550 1048 1581; x_wconf 89' lang='lat' dir='ltr'><strong>mundum</strong></span> 
     </span>
    </p>
   </div>
   <div class='ocr_carea' id='block_1_36' title="bbox 225 1594 1050 1639">
    <p class='ocr_par' dir='ltr' id='par_1_36' title="bbox 225 1594 1050 1639">
     <span class='ocr_line' id='line_1_36' title="bbox 225 1594 1050 1639; baseline -0.007 -9"><span class='ocrx_word' id='word_1_227' title='bbox 225 1599 374 1639; x_wconf 78' lang='lat' dir='ltr'><strong>ingenitas</strong></span> <span class='ocrx_word' id='word_1_228' title='bbox 389 1602 419 1629; x_wconf 85' lang='lat' dir='ltr'><strong>et</strong></span> <span class='ocrx_word' id='word_1_229' title='bbox 433 1606 486 1638; x_wconf 89' lang='lat' dir='ltr'><strong>per</strong></span> <span class='ocrx_word' id='word_1_230' title='bbox 500 1605 533 1627; x_wconf 89' lang='lat' dir='ltr'><strong>se</strong></span> <span class='ocrx_word' id='word_1_231' title='bbox 548 1596 663 1636; x_wconf 72' lang='lat' dir='ltr'><strong>genitos</strong></span> <span class='ocrx_word' id='word_1_232' title='bbox 677 1595 791 1635; x_wconf 87' lang='lat' dir='ltr'><strong>dicere;</strong></span> <span class='ocrx_word' id='word_1_233' title='bbox 811 1594 886 1639; x_wconf 91' lang='lat' dir='ltr'><strong>illud</strong></span> <span class='ocrx_word' id='word_1_234' title='bbox 900 1594 979 1639; x_wconf 83' lang='lat' dir='ltr'><strong>enim</strong></span> <span class='ocrx_word' id='word_1_235' title='bbox 993 1603 1050 1634; x_wconf 82' lang='lat' dir='ltr'><strong>per</strong></span> 
     </span>
    </p>
   </div>
   <div class='ocr_carea' id='block_1_37' title="bbox 225 1638 1047 1684">
    <p class='ocr_par' dir='ltr' id='par_1_37' title="bbox 225 1638 1047 1684">
     <span class='ocr_line' id='line_1_37' title="bbox 225 1638 1047 1684; baseline -0.007 -9"><span class='ocrx_word' id='word_1_236' title='bbox 225 1653 255 1676; x_wconf 76' lang='lat' dir='ltr'><strong>se</strong></span> <span class='ocrx_word' id='word_1_237' title='bbox 264 1638 500 1684; x_wconf 69' lang='lat' dir='ltr'><strong>productum,de</strong></span> <span class='ocrx_word' id='word_1_238' title='bbox 516 1642 578 1673; x_wconf 89' lang='lat' dir='ltr'><strong>Deo</strong></span> <span class='ocrx_word' id='word_1_239' title='bbox 589 1645 620 1672; x_wconf 87' lang='lat' dir='ltr'><strong>et</strong></span> <span class='ocrx_word' id='word_1_240' title='bbox 632 1640 742 1671; x_wconf 89' lang='lat' dir='ltr'><strong>mundo</strong></span> <span class='ocrx_word' id='word_1_241' title='bbox 751 1638 957 1684; x_wconf 80' lang='lat' dir='ltr'><strong>dictum,idem</strong></span> <span class='ocrx_word' id='word_1_242' title='bbox 970 1639 1047 1684; x_wconf 62' lang='lat' dir='ltr'><strong>valet</strong></span> 
     </span>
    </p>
   </div>
   <div class='ocr_carea' id='block_1_38' title="bbox 225 1682 1045 1729">
    <p class='ocr_par' dir='ltr' id='par_1_38' title="bbox 225 1682 1045 1729">
     <span class='ocr_line' id='line_1_38' title="bbox 225 1682 1045 1729; baseline -0.01 -8"><span class='ocrx_word' id='word_1_243' title='bbox 225 1682 330 1729; x_wconf 47' lang='lat' dir='ltr'><strong>iac—per</strong></span> <span class='ocrx_word' id='word_1_244' title='bbox 343 1696 376 1718; x_wconf 90' lang='lat' dir='ltr'><strong>se</strong></span> <span class='ocrx_word' id='word_1_245' title='bbox 391 1686 607 1726; x_wconf 76' lang='lat' dir='ltr'><strong>genitumzitem</strong></span> <span class='ocrx_word' id='word_1_246' title='bbox 617 1684 811 1725; x_wconf 87' lang='lat' dir='ltr'><strong>dicere,Deus</strong></span> <span class='ocrx_word' id='word_1_247' title='bbox 822 1683 871 1723; x_wconf 92' lang='lat' dir='ltr'><strong>qui</strong></span> <span class='ocrx_word' id='word_1_248' title='bbox 888 1683 951 1729; x_wconf 67' lang='lat' dir='ltr'><strong>haec</strong></span> <span class='ocrx_word' id='word_1_249' title='bbox 962 1682 1045 1729; x_wconf 58' lang='lat' dir='ltr'><strong>fecit,</strong></span> 
     </span>
    </p>
   </div>
   <div class='ocr_carea' id='block_1_39' title="bbox 224 1727 1045 1769">
    <p class='ocr_par' dir='ltr' id='par_1_39' title="bbox 224 1727 1045 1769">
     <span class='ocr_line' id='line_1_39' title="bbox 224 1727 1045 1769; baseline -0.007 -5"><span class='ocrx_word' id='word_1_250' title='bbox 224 1737 255 1765; x_wconf 88' lang='lat' dir='ltr'><strong>et</strong></span> <span class='ocrx_word' id='word_1_251' title='bbox 268 1727 382 1769; x_wconf 76' lang='lat' dir='ltr'><strong>rursus,</strong></span> <span class='ocrx_word' id='word_1_252' title='bbox 399 1739 458 1762; x_wconf 89' lang='lat' dir='ltr'><strong>non</strong></span> <span class='ocrx_word' id='word_1_253' title='bbox 471 1730 553 1769; x_wconf 84' lang='lat' dir='ltr'><strong>fecit;</strong></span> <span class='ocrx_word' id='word_1_254' title='bbox 571 1728 782 1769; x_wconf 86' lang='lat' dir='ltr'><strong>temporarium</strong></span> <span class='ocrx_word' id='word_1_255' title='bbox 799 1736 844 1759; x_wconf 83' lang='lat' dir='ltr'><strong>est</strong></span> <span class='ocrx_word' id='word_1_256' title='bbox 866 1727 946 1758; x_wconf 90' lang='lat' dir='ltr'><strong>enim</strong></span> <span class='ocrx_word' id='word_1_257' title='bbox 959 1727 1045 1763; x_wconf 87' lang='lat' dir='ltr'><strong>illud,</strong></span> 
     </span>
    </p>
   </div>
   <div class='ocr_carea' id='block_1_40' title="bbox 223 1771 1046 1818">
    <p class='ocr_par' dir='ltr' id='par_1_40' title="bbox 223 1771 1046 1818">
     <span class='ocr_line' id='line_1_40' title="bbox 223 1771 1046 1818; baseline -0.009 -10"><span class='ocrx_word' id='word_1_258' title='bbox 223 1778 309 1818; x_wconf 71' lang='lat' dir='ltr'><strong>fecit,</strong></span> <span class='ocrx_word' id='word_1_259' title='bbox 324 1784 384 1807; x_wconf 88' lang='lat' dir='ltr'><strong>non</strong></span> <span class='ocrx_word' id='word_1_260' title='bbox 398 1784 485 1806; x_wconf 85' lang='lat' dir='ltr'><strong>secus</strong></span> <span class='ocrx_word' id='word_1_261' title='bbox 494 1783 529 1806; x_wconf 87' lang='lat' dir='ltr'><strong>ac</strong></span> <span class='ocrx_word' id='word_1_262' title='bbox 542 1775 596 1815; x_wconf 81' lang='lat' dir='ltr'><strong>qui</strong></span> <span class='ocrx_word' id='word_1_263' title='bbox 610 1774 700 1813; x_wconf 79' lang='lat' dir='ltr'><strong>fecit:</strong></span> <span class='ocrx_word' id='word_1_264' title='bbox 717 1772 788 1804; x_wconf 89' lang='lat' dir='ltr'><strong>item</strong></span> <span class='ocrx_word' id='word_1_265' title='bbox 800 1772 901 1818; x_wconf 76' lang='lat' dir='ltr'><strong>dicere</strong></span> <span class='ocrx_word' id='word_1_266' title='bbox 911 1771 948 1803; x_wconf 87' lang='lat' dir='ltr'><strong>ab</strong></span> <span class='ocrx_word' id='word_1_267' title='bbox 964 1776 1046 1818; x_wconf 68' lang='lat' dir='ltr'><strong>aster-</strong></span> 
     </span>
    </p>
   </div>
   <div class='ocr_carea' id='block_1_41' title="bbox 225 1816 1048 1853">
    <p class='ocr_par' dir='ltr' id='par_1_41' title="bbox 225 1816 1048 1853">
     <span class='ocr_line' id='line_1_41' title="bbox 225 1816 1048 1853; baseline -0.007 0"><span class='ocrx_word' id='word_1_268' title='bbox 225 1816 264 1853; x_wconf 86' lang='lat' dir='ltr'><strong>no</strong></span> <span class='ocrx_word' id='word_1_269' title='bbox 272 1816 361 1852; x_wconf 84' lang='lat' dir='ltr'><strong>simul</strong></span> <span class='ocrx_word' id='word_1_270' title='bbox 376 1829 444 1851; x_wconf 90' lang='lat' dir='ltr'><strong>cum</strong></span> <span class='ocrx_word' id='word_1_271' title='bbox 456 1819 517 1851; x_wconf 89' lang='lat' dir='ltr'><strong>Deo</strong></span> <span class='ocrx_word' id='word_1_272' title='bbox 532 1819 597 1850; x_wconf 86' lang='lat' dir='ltr'><strong>sine</strong></span> <span class='ocrx_word' id='word_1_273' title='bbox 611 1817 763 1850; x_wconf 87' lang='lat' dir='ltr'><strong>intervallo</strong></span> <span class='ocrx_word' id='word_1_274' title='bbox 779 1816 923 1848; x_wconf 89' lang='lat' dir='ltr'><strong>mundum</strong></span> <span class='ocrx_word' id='word_1_275' title='bbox 935 1816 1048 1848; x_wconf 89' lang='lat' dir='ltr'><strong>subsis-</strong></span> 
     </span>
    </p>
   </div>
   <div class='ocr_carea' id='block_1_42' title="bbox 224 1861 1046 1906">
    <p class='ocr_par' dir='ltr' id='par_1_42' title="bbox 224 1861 1046 1906">
     <span class='ocr_line' id='line_1_42' title="bbox 224 1861 1046 1906; baseline -0.006 -9"><span class='ocrx_word' id='word_1_276' title='bbox 224 1870 299 1904; x_wconf 84' lang='lat' dir='ltr'><strong>tere,</strong></span> <span class='ocrx_word' id='word_1_277' title='bbox 316 1865 366 1906; x_wconf 91' lang='lat' dir='ltr'><strong>qui</strong></span> <span class='ocrx_word' id='word_1_278' title='bbox 381 1874 416 1896; x_wconf 83' lang='lat' dir='ltr'><strong>ex</strong></span> <span class='ocrx_word' id='word_1_279' title='bbox 431 1864 554 1895; x_wconf 83' lang='lat' dir='ltr'><strong>materia</strong></span> <span class='ocrx_word' id='word_1_280' title='bbox 567 1867 597 1894; x_wconf 90' lang='lat' dir='ltr'><strong>et</strong></span> <span class='ocrx_word' id='word_1_281' title='bbox 611 1863 706 1894; x_wconf 81' lang='lat' dir='ltr'><strong>forma</strong></span> <span class='ocrx_word' id='word_1_282' title='bbox 726 1871 780 1903; x_wconf 88' lang='lat' dir='ltr'><strong>per</strong></span> <span class='ocrx_word' id='word_1_283' title='bbox 801 1861 1046 1902; x_wconf 75' lang='lat' dir='ltr'><strong>compositionem</strong></span> 
     </span>
    </p>
   </div>
   <div class='ocr_carea' id='block_1_43' title="bbox 224 1906 1044 1951">
    <p class='ocr_par' dir='ltr' id='par_1_43' title="bbox 224 1906 1044 1951">
     <span class='ocr_line' id='line_1_43' title="bbox 224 1906 1044 1951; baseline -0.007 -9"><span class='ocrx_word' id='word_1_284' title='bbox 224 1910 261 1942; x_wconf 86' lang='lat' dir='ltr'><strong>ab</strong></span> <span class='ocrx_word' id='word_1_285' title='bbox 272 1909 378 1951; x_wconf 85' lang='lat' dir='ltr'><strong>opiﬁce</strong></span> <span class='ocrx_word' id='word_1_286' title='bbox 389 1908 589 1941; x_wconf 87' lang='lat' dir='ltr'><strong>exsistentiam</strong></span> <span class='ocrx_word' id='word_1_287' title='bbox 600 1907 725 1948; x_wconf 87' lang='lat' dir='ltr'><strong>accepit;</strong></span> <span class='ocrx_word' id='word_1_288' title='bbox 743 1912 772 1938; x_wconf 86' lang='lat' dir='ltr'><strong>et</strong></span> <span class='ocrx_word' id='word_1_289' title='bbox 789 1906 1044 1951; x_wconf 76' lang='lat' dir='ltr'><strong>incorruptibilem</strong></span> 
     </span>
    </p>
   </div>
   <div class='ocr_carea' id='block_1_44' title="bbox 224 1949 1044 1995">
    <p class='ocr_par' dir='ltr' id='par_1_44' title="bbox 224 1949 1044 1995">
     <span class='ocr_line' id='line_1_44' title="bbox 224 1949 1044 1995; baseline -0.007 -8"><span class='ocrx_word' id='word_1_290' title='bbox 224 1959 254 1987; x_wconf 90' lang='lat' dir='ltr'><strong>et</strong></span> <span class='ocrx_word' id='word_1_291' title='bbox 268 1949 491 1995; x_wconf 79' lang='lat' dir='ltr'><strong>corruptibilem</strong></span> <span class='ocrx_word' id='word_1_292' title='bbox 506 1952 651 1983; x_wconf 81' lang='lat' dir='ltr'><strong>mundum</strong></span> <span class='ocrx_word' id='word_1_293' title='bbox 666 1951 778 1992; x_wconf 86' lang='lat' dir='ltr'><strong>dicere,</strong></span> <span class='ocrx_word' id='word_1_294' title='bbox 790 1949 1044 1991; x_wconf 87' lang='lat' dir='ltr'><strong>incorruptibilem</strong></span> 
     </span>
    </p>
   </div>
   <div class='ocr_carea' id='block_1_45' title="bbox 224 1995 1046 2041">
    <p class='ocr_par' dir='ltr' id='par_1_45' title="bbox 224 1995 1046 2041">
     <span class='ocr_line' id='line_1_45' title="bbox 224 1995 1046 2041; baseline -0.005 -10"><span class='ocrx_word' id='word_1_295' title='bbox 224 1999 362 2041; x_wconf 84' lang='lat' dir='ltr'><strong>quidem,</strong></span> <span class='ocrx_word' id='word_1_296' title='bbox 375 1998 516 2036; x_wconf 85' lang='lat' dir='ltr'><strong>essentia,</strong></span> <span class='ocrx_word' id='word_1_297' title='bbox 532 1996 754 2037; x_wconf 87' lang='lat' dir='ltr'><strong>corruptibilem</strong></span> <span class='ocrx_word' id='word_1_298' title='bbox 771 2005 839 2027; x_wconf 82' lang='lat' dir='ltr'><strong>vero</strong></span> <span class='ocrx_word' id='word_1_299' title='bbox 855 1995 923 2035; x_wconf 84' lang='lat' dir='ltr'><strong>quia</strong></span> <span class='ocrx_word' id='word_1_300' title='bbox 944 2000 1046 2027; x_wconf 89' lang='lat' dir='ltr'><strong>custo-</strong></span> 
     </span>
    </p>
   </div>
   <div class='ocr_carea' id='block_1_46' title="bbox 223 2041 1043 2084">
    <p class='ocr_par' dir='ltr' id='par_1_46' title="bbox 223 2041 1043 2084">
     <span class='ocr_line' id='line_1_46' title="bbox 223 2041 1043 2084; baseline -0.005 -9"><span class='ocrx_word' id='word_1_301' title='bbox 223 2044 410 2076; x_wconf 79' lang='lat' dir='ltr'><strong>diturzitem</strong></span> <span class='ocrx_word' id='word_1_302' title='bbox 437 2044 551 2084; x_wconf 88' lang='lat' dir='ltr'><strong>dicere,</strong></span> <span class='ocrx_word' id='word_1_303' title='bbox 578 2043 609 2073; x_wconf 86' lang='lat' dir='ltr'><strong>ﬁt</strong></span> <span class='ocrx_word' id='word_1_304' title='bbox 631 2042 772 2082; x_wconf 86' lang='lat' dir='ltr'><strong>mundus,</strong></span> <span class='ocrx_word' id='word_1_305' title='bbox 792 2041 871 2082; x_wconf 90' lang='lat' dir='ltr'><strong>quod</strong></span> <span class='ocrx_word' id='word_1_306' title='bbox 886 2044 983 2072; x_wconf 88' lang='lat' dir='ltr'><strong>autem</strong></span> <span class='ocrx_word' id='word_1_307' title='bbox 999 2041 1043 2079; x_wconf 82' lang='lat' dir='ltr'><strong>ﬁt,</strong></span> 
     </span>
    </p>
   </div>
   <div class='ocr_carea' id='block_1_47' title="bbox 223 2086 1043 2129">
    <p class='ocr_par' dir='ltr' id='par_1_47' title="bbox 223 2086 1043 2129">
     <span class='ocr_line' id='line_1_47' title="bbox 223 2086 1043 2129; baseline -0.006 -9"><span class='ocrx_word' id='word_1_308' title='bbox 223 2089 437 2129; x_wconf 86' lang='lat' dir='ltr'><strong>temporarium</strong></span> <span class='ocrx_word' id='word_1_309' title='bbox 453 2091 512 2126; x_wconf 86' lang='lat' dir='ltr'><strong>est,</strong></span> <span class='ocrx_word' id='word_1_310' title='bbox 528 2092 558 2119; x_wconf 90' lang='lat' dir='ltr'><strong>et</strong></span> <span class='ocrx_word' id='word_1_311' title='bbox 567 2086 646 2128; x_wconf 90' lang='lat' dir='ltr'><strong>quod</strong></span> <span class='ocrx_word' id='word_1_312' title='bbox 659 2086 885 2126; x_wconf 83' lang='lat' dir='ltr'><strong>temporarium,</strong></span> <span class='ocrx_word' id='word_1_313' title='bbox 897 2086 1043 2126; x_wconf 87' lang='lat' dir='ltr'><strong>corrupti-</strong></span> 
     </span>
    </p>
   </div>
   <div class='ocr_carea' id='block_1_48' title="bbox 223 2130 1046 2172">
    <p class='ocr_par' dir='ltr' id='par_1_48' title="bbox 223 2130 1046 2172">
     <span class='ocr_line' id='line_1_48' title="bbox 223 2130 1046 2172; baseline -0.006 -7"><span class='ocrx_word' id='word_1_314' title='bbox 223 2133 252 2165; x_wconf 89' lang='lat' dir='ltr'><strong>le</strong></span> <span class='ocrx_word' id='word_1_315' title='bbox 272 2144 279 2166; x_wconf 95' lang='lat'>:</span> <span class='ocrx_word' id='word_1_316' title='bbox 296 2133 366 2165; x_wconf 88' lang='lat' dir='ltr'><strong>item</strong></span> <span class='ocrx_word' id='word_1_317' title='bbox 378 2133 480 2164; x_wconf 88' lang='lat' dir='ltr'><strong>dicere</strong></span> <span class='ocrx_word' id='word_1_318' title='bbox 494 2131 592 2164; x_wconf 90' lang='lat' dir='ltr'><strong>omnis</strong></span> <span class='ocrx_word' id='word_1_319' title='bbox 619 2130 801 2172; x_wconf 86' lang='lat' dir='ltr'><strong>operationis</strong></span> <span class='ocrx_word' id='word_1_320' title='bbox 828 2134 858 2161; x_wconf 86' lang='lat' dir='ltr'><strong>et</strong></span> <span class='ocrx_word' id='word_1_321' title='bbox 881 2130 1046 2161; x_wconf 80' lang='lat' dir='ltr'><strong>affectionis</strong></span> 
     </span>
    </p>
   </div>
   <div class='ocr_carea' id='block_1_49' title="bbox 222 2174 1046 2219">
    <p class='ocr_par' dir='ltr' id='par_1_49' title="bbox 222 2174 1046 2219">
     <span class='ocr_line' id='line_1_49' title="bbox 222 2174 1046 2219; baseline -0.005 -10"><span class='ocrx_word' id='word_1_322' title='bbox 222 2178 276 2210; x_wconf 87' lang='lat' dir='ltr'><strong>Dei</strong></span> <span class='ocrx_word' id='word_1_323' title='bbox 293 2177 516 2219; x_wconf 85' lang='lat' dir='ltr'><strong>receptaculum</strong></span> <span class='ocrx_word' id='word_1_324' title='bbox 545 2185 610 2208; x_wconf 90' lang='lat' dir='ltr'><strong>esse</strong></span> <span class='ocrx_word' id='word_1_325' title='bbox 634 2175 791 2215; x_wconf 90' lang='lat' dir='ltr'><strong>mundum,</strong></span> <span class='ocrx_word' id='word_1_326' title='bbox 807 2178 836 2206; x_wconf 85' lang='lat' dir='ltr'><strong>et</strong></span> <span class='ocrx_word' id='word_1_327' title='bbox 864 2174 1046 2215; x_wconf 90' lang='lat' dir='ltr'><strong>corruptibi-</strong></span> 
     </span>
    </p>
   </div>
   <div class='ocr_carea' id='block_1_50' title="bbox 222 2219 1047 2262">
    <p class='ocr_par' dir='ltr' id='par_1_50' title="bbox 222 2219 1047 2262">
     <span class='ocr_line' id='line_1_50' title="bbox 222 2219 1047 2262; baseline -0.004 -8"><span class='ocrx_word' id='word_1_328' title='bbox 222 2222 295 2254; x_wconf 90' lang='lat' dir='ltr'><strong>lium</strong></span> <span class='ocrx_word' id='word_1_329' title='bbox 310 2231 371 2254; x_wconf 91' lang='lat' dir='ltr'><strong>non</strong></span> <span class='ocrx_word' id='word_1_330' title='bbox 385 2231 451 2253; x_wconf 88' lang='lat' dir='ltr'><strong>esse</strong></span> <span class='ocrx_word' id='word_1_331' title='bbox 462 2221 597 2262; x_wconf 82' lang='lat' dir='ltr'><strong>opiﬁcem</strong></span> <span class='ocrx_word' id='word_1_332' title='bbox 614 2220 721 2258; x_wconf 86' lang='lat' dir='ltr'><strong>Deum;</strong></span> <span class='ocrx_word' id='word_1_333' title='bbox 738 2219 817 2251; x_wconf 85' lang='lat' dir='ltr'><strong>Deus</strong></span> <span class='ocrx_word' id='word_1_334' title='bbox 838 2221 968 2257; x_wconf 86' lang='lat' dir='ltr'><strong>enim,ut</strong></span> <span class='ocrx_word' id='word_1_335' title='bbox 983 2219 1047 2260; x_wconf 85' lang='lat' dir='ltr'><strong>pla-</strong></span> 
     </span>
    </p>
   </div>
   <div class='ocr_carea' id='block_1_51' title="bbox 222 2264 1046 2308">
    <p class='ocr_par' dir='ltr' id='par_1_51' title="bbox 222 2264 1046 2308">
     <span class='ocr_line' id='line_1_51' title="bbox 222 2264 1046 2308; baseline -0.005 -10"><span class='ocrx_word' id='word_1_336' title='bbox 222 2270 272 2298; x_wconf 81' lang='lat' dir='ltr'><strong>cet</strong></span> <span class='ocrx_word' id='word_1_337' title='bbox 284 2267 467 2308; x_wconf 87' lang='lat' dir='ltr'><strong>responsori,</strong></span> <span class='ocrx_word' id='word_1_338' title='bbox 479 2265 553 2296; x_wconf 91' lang='lat' dir='ltr'><strong>nihil</strong></span> <span class='ocrx_word' id='word_1_339' title='bbox 568 2264 779 2305; x_wconf 89' lang='lat' dir='ltr'><strong>temporarium</strong></span> <span class='ocrx_word' id='word_1_340' title='bbox 793 2264 872 2302; x_wconf 75' lang='lat' dir='ltr'><strong>facit;</strong></span> <span class='ocrx_word' id='word_1_341' title='bbox 883 2264 986 2304; x_wconf 78' lang='lat' dir='ltr'><strong>genita</strong></span> <span class='ocrx_word' id='word_1_342' title='bbox 996 2273 1046 2295; x_wconf 86' lang='lat' dir='ltr'><strong>au-</strong></span> 
     </span>
    </p>
   </div>
   <div class='ocr_carea' id='block_1_52' title="bbox 223 2308 1046 2351">
    <p class='ocr_par' dir='ltr' id='par_1_52' title="bbox 223 2308 1046 2351">
     <span class='ocr_line' id='line_1_52' title="bbox 223 2308 1046 2351; baseline -0.004 -9"><span class='ocrx_word' id='word_1_343' title='bbox 223 2314 284 2342; x_wconf 91' lang='lat' dir='ltr'><strong>tem</strong></span> <span class='ocrx_word' id='word_1_344' title='bbox 299 2314 329 2344; x_wconf 91' lang='lat' dir='ltr'><strong>et</strong></span> <span class='ocrx_word' id='word_1_345' title='bbox 343 2310 525 2351; x_wconf 86' lang='lat' dir='ltr'><strong>temporaria</strong></span> <span class='ocrx_word' id='word_1_346' title='bbox 544 2309 655 2347; x_wconf 91' lang='lat' dir='ltr'><strong>omnia,</strong></span> <span class='ocrx_word' id='word_1_347' title='bbox 671 2313 704 2340; x_wconf 89' lang='lat' dir='ltr'><strong>ut</strong></span> <span class='ocrx_word' id='word_1_348' title='bbox 718 2308 815 2340; x_wconf 87' lang='lat' dir='ltr'><strong>eidem</strong></span> <span class='ocrx_word' id='word_1_349' title='bbox 841 2308 947 2349; x_wconf 88' lang='lat' dir='ltr'><strong>placet,</strong></span> <span class='ocrx_word' id='word_1_350' title='bbox 963 2317 1046 2341; x_wconf 86' lang='lat' dir='ltr'><strong>sem-</strong></span> 
     </span>
    </p>
   </div>
   <div class='ocr_carea' id='block_1_53' title="bbox 223 2353 1046 2396">
    <p class='ocr_par' dir='ltr' id='par_1_53' title="bbox 223 2353 1046 2396">
     <span class='ocr_line' id='line_1_53' title="bbox 223 2353 1046 2396; baseline -0.002 -9"><span class='ocrx_word' id='word_1_351' title='bbox 223 2364 278 2396; x_wconf 89' lang='lat' dir='ltr'><strong>per</strong></span> <span class='ocrx_word' id='word_1_352' title='bbox 292 2355 496 2396; x_wconf 84' lang='lat' dir='ltr'><strong>corruptibilia</strong></span> <span class='ocrx_word' id='word_1_353' title='bbox 510 2359 591 2392; x_wconf 83' lang='lat' dir='ltr'><strong>sunt;</strong></span> <span class='ocrx_word' id='word_1_354' title='bbox 607 2354 671 2385; x_wconf 72' lang='lat' dir='ltr'><strong>haec</strong></span> <span class='ocrx_word' id='word_1_355' title='bbox 692 2357 722 2385; x_wconf 87' lang='lat' dir='ltr'><strong>et</strong></span> <span class='ocrx_word' id='word_1_356' title='bbox 745 2353 854 2385; x_wconf 86' lang='lat' dir='ltr'><strong>similia</strong></span> <span class='ocrx_word' id='word_1_357' title='bbox 869 2363 928 2384; x_wconf 93' lang='lat' dir='ltr'><strong>non</strong></span> <span class='ocrx_word' id='word_1_358' title='bbox 943 2363 1046 2385; x_wconf 87' lang='lat' dir='ltr'><strong>eorum</strong></span> 
     </span>
    </p>
   </div>
   <div class='ocr_carea' id='block_1_54' title="bbox 222 2398 1043 2441">
    <p class='ocr_par' dir='ltr' id='par_1_54' title="bbox 222 2398 1043 2441">
     <span class='ocr_line' id='line_1_54' title="bbox 222 2398 1043 2441; baseline -0.001 -10"><span class='ocrx_word' id='word_1_359' title='bbox 222 2404 303 2438; x_wconf 84' lang='lat' dir='ltr'><strong>sunt,</strong></span> <span class='ocrx_word' id='word_1_360' title='bbox 320 2401 371 2441; x_wconf 91' lang='lat' dir='ltr'><strong>qui</strong></span> <span class='ocrx_word' id='word_1_361' title='bbox 399 2403 553 2441; x_wconf 88' lang='lat' dir='ltr'><strong>perspecta</strong></span> <span class='ocrx_word' id='word_1_362' title='bbox 579 2407 681 2430; x_wconf 90' lang='lat' dir='ltr'><strong>rerum</strong></span> <span class='ocrx_word' id='word_1_363' title='bbox 707 2402 813 2429; x_wconf 85' lang='lat' dir='ltr'><strong>natura</strong></span> <span class='ocrx_word' id='word_1_364' title='bbox 835 2398 968 2438; x_wconf 77' lang='lat' dir='ltr'><strong>gnaviter</strong></span> <span class='ocrx_word' id='word_1_365' title='bbox 998 2407 1043 2436; x_wconf 81' lang='lat' dir='ltr'><strong>ea,</strong></span> 
     </span>
    </p>
   </div>
   <div class='ocr_carea' id='block_1_55' title="bbox 222 2442 1043 2485">
    <p class='ocr_par' dir='ltr' id='par_1_55' title="bbox 222 2442 1043 2485">
     <span class='ocr_line' id='line_1_55' title="bbox 222 2442 1043 2485; baseline -0.002 -9"><span class='ocrx_word' id='word_1_366' title='bbox 222 2453 288 2485; x_wconf 82' lang='lat' dir='ltr'><strong>quas</strong></span> <span class='ocrx_word' id='word_1_367' title='bbox 301 2443 396 2476; x_wconf 89' lang='lat' dir='ltr'><strong>Deum</strong></span> <span class='ocrx_word' id='word_1_368' title='bbox 408 2448 436 2475; x_wconf 86' lang='lat' dir='ltr'><strong>et</strong></span> <span class='ocrx_word' id='word_1_369' title='bbox 448 2443 590 2475; x_wconf 88' lang='lat' dir='ltr'><strong>mundum</strong></span> <span class='ocrx_word' id='word_1_370' title='bbox 602 2447 747 2484; x_wconf 82' lang='lat' dir='ltr'><strong>spectant,</strong></span> <span class='ocrx_word' id='word_1_371' title='bbox 762 2442 974 2480; x_wconf 85' lang='lat' dir='ltr'><strong>demonstrent,</strong></span> <span class='ocrx_word' id='word_1_372' title='bbox 991 2444 1043 2475; x_wconf 87' lang='lat' dir='ltr'><strong>sed</strong></span> 
     </span>
    </p>
   </div>
   <div class='ocr_carea' id='block_1_56' title="bbox 222 2487 1043 2529">
    <p class='ocr_par' dir='ltr' id='par_1_56' title="bbox 222 2487 1043 2529">
     <span class='ocr_line' id='line_1_56' title="bbox 222 2487 1043 2529; baseline 0 -10"><span class='ocrx_word' id='word_1_373' title='bbox 222 2488 378 2521; x_wconf 90' lang='lat' dir='ltr'><strong>hominum</strong></span> <span class='ocrx_word' id='word_1_374' title='bbox 394 2489 619 2520; x_wconf 88' lang='lat' dir='ltr'><strong>temerariorum</strong></span> <span class='ocrx_word' id='word_1_375' title='bbox 631 2487 820 2528; x_wconf 87' lang='lat' dir='ltr'><strong>impudenter</strong></span> <span class='ocrx_word' id='word_1_376' title='bbox 833 2487 863 2518; x_wconf 92' lang='lat' dir='ltr'><strong>id</strong></span> <span class='ocrx_word' id='word_1_377' title='bbox 878 2487 956 2528; x_wconf 92' lang='lat' dir='ltr'><strong>quod</strong></span> <span class='ocrx_word' id='word_1_378' title='bbox 971 2488 1043 2529; x_wconf 90' lang='lat' dir='ltr'><strong>ipsis</strong></span> 
     </span>
    </p>
   </div>
   <div class='ocr_carea' id='block_1_57' title="bbox 223 2532 960 2573">
    <p class='ocr_par' dir='ltr' id='par_1_57' title="bbox 223 2532 960 2573">
     <span class='ocr_line' id='line_1_57' title="bbox 223 2532 960 2573; baseline 0.003 -10"><span class='ocrx_word' id='word_1_379' title='bbox 223 2532 338 2565; x_wconf 88' lang='lat' dir='ltr'><strong>videtur</strong></span> <span class='ocrx_word' id='word_1_380' title='bbox 351 2532 390 2565; x_wconf 85' lang='lat' dir='ltr'><strong>de</strong></span> <span class='ocrx_word' id='word_1_381' title='bbox 401 2533 463 2566; x_wconf 88' lang='lat' dir='ltr'><strong>Deo</strong></span> <span class='ocrx_word' id='word_1_382' title='bbox 479 2536 508 2564; x_wconf 84' lang='lat' dir='ltr'><strong>et</strong></span> <span class='ocrx_word' id='word_1_383' title='bbox 520 2532 558 2564; x_wconf 91' lang='lat' dir='ltr'><strong>de</strong></span> <span class='ocrx_word' id='word_1_384' title='bbox 573 2532 684 2564; x_wconf 90' lang='lat' dir='ltr'><strong>mundo</strong></span> <span class='ocrx_word' id='word_1_385' title='bbox 697 2532 960 2573; x_wconf 87' lang='lat' dir='ltr'><strong>pronuntiantium.</strong></span> 
     </span>
    </p>
   </div>
   <div class='ocr_carea' id='block_1_58' title="bbox 263 2665 1042 2709">
    <p class='ocr_par' dir='ltr' id='par_1_58' title="bbox 263 2665 1042 2709">
     <span class='ocr_line' id='line_1_58' title="bbox 263 2665 1042 2709; baseline 0.001 -11"><span class='ocrx_word' id='word_1_386' title='bbox 263 2669 293 2699; x_wconf 79' lang='lat'><strong>2.</strong></span> <span class='ocrx_word' id='word_1_387' title='bbox 310 2665 487 2709; x_wconf 84' lang='lat' dir='ltr'><strong>Vituperare</strong></span> <span class='ocrx_word' id='word_1_388' title='bbox 496 2671 594 2699; x_wconf 89' lang='lat' dir='ltr'><strong>autem</strong></span> <span class='ocrx_word' id='word_1_389' title='bbox 606 2675 684 2708; x_wconf 88' lang='lat' dir='ltr'><strong>eam,</strong></span> <span class='ocrx_word' id='word_1_390' title='bbox 699 2675 789 2707; x_wconf 88' lang='lat' dir='ltr'><strong>quam</strong></span> <span class='ocrx_word' id='word_1_391' title='bbox 805 2666 998 2707; x_wconf 88' lang='lat' dir='ltr'><strong>dicimus,Dei</strong></span> <span class='ocrx_word' id='word_1_392' title='bbox 1013 2668 1042 2699; x_wconf 86' lang='lat' dir='ltr'><strong>in</strong></span> 
     </span>
    </p>
   </div>
   <div class='ocr_carea' id='block_1_59' title="bbox 262 2733 914 2774">
    <p class='ocr_par' dir='ltr' id='par_1_59' title="bbox 262 2733 914 2774">
     <span class='ocr_line' id='line_1_59' title="bbox 262 2733 914 2774; baseline -0.003 -8"><span class='ocrx_word' id='word_1_393' title='bbox 262 2734 280 2762; x_wconf 66' lang='grc'>⁸</span> <span class='ocrx_word' id='word_1_394' title='bbox 291 2733 366 2767; x_wconf 85' lang='lat' dir='ltr'><strong>Dele</strong></span> <span class='ocrx_word' id='word_1_395' title='bbox 377 2734 395 2770; x_wconf 71' lang='grc' dir='ltr'>ἦ</span> <span class='ocrx_word' id='word_1_396' title='bbox 409 2737 479 2766; x_wconf 82' lang='lat' dir='ltr'><strong>ante</strong></span> <span class='ocrx_word' id='word_1_397' title='bbox 493 2734 546 2766; x_wconf 73' lang='grc' dir='ltr'>ὅτι.</span> <span class='ocrx_word' id='word_1_398' title='bbox 587 2733 605 2759; x_wconf 73' lang='grc'>⁸</span> <span class='ocrx_word' id='word_1_399' title='bbox 618 2734 688 2774; x_wconf 72' lang='lat' dir='ltr'><strong>Leg.</strong></span> <span class='ocrx_word' id='word_1_400' title='bbox 703 2734 914 2773; x_wconf 79' lang='grc' dir='ltr'>παραγομένους.</span> 
     </span>
    </p>
   </div>
   <div class='ocr_carea' id='block_1_60' title="bbox 1094 209 1916 252">
    <p class='ocr_par' dir='ltr' id='par_1_60' title="bbox 1094 209 1916 252">
     <span class='ocr_line' id='line_1_60' title="bbox 1094 209 1916 252; baseline 0 -14"><span class='ocrx_word' id='word_1_401' title='bbox 1094 209 1148 242; x_wconf 92' lang='grc' dir='ltr'><strong>λως</strong></span> <span class='ocrx_word' id='word_1_402' title='bbox 1172 221 1202 239; x_wconf 80' lang='grc' dir='ltr'>τε</span> <span class='ocrx_word' id='word_1_403' title='bbox 1229 210 1275 240; x_wconf 77' lang='grc' dir='ltr'>καὶ</span> <span class='ocrx_word' id='word_1_404' title='bbox 1303 211 1335 239; x_wconf 81' lang='grc' dir='ltr'><strong>τὸ</strong></span> <span class='ocrx_word' id='word_1_405' title='bbox 1362 211 1557 252; x_wconf 76' lang='grc' dir='ltr'>περιεχόμενον</span> <span class='ocrx_word' id='word_1_406' title='bbox 1586 211 1613 240; x_wconf 70' lang='grc' dir='ltr'>ἐν</span> <span class='ocrx_word' id='word_1_407' title='bbox 1641 211 1716 249; x_wconf 77' lang='grc' dir='ltr'>τόπῳ</span> <span class='ocrx_word' id='word_1_408' title='bbox 1729 211 1798 243; x_wconf 61' lang='grc' dir='ltr'>ἔστί.</span> <span class='ocrx_word' id='word_1_409' title='bbox 1815 214 1874 239; x_wconf 79' lang='grc' dir='ltr'>Πᾶν</span> <span class='ocrx_word' id='word_1_410' title='bbox 1889 210 1916 238; x_wconf 81' lang='grc' dir='ltr'>δὲ</span> 
     </span>
    </p>
   </div>
   <div class='ocr_carea' id='block_1_61' title="bbox 1093 254 1917 297">
    <p class='ocr_par' dir='ltr' id='par_1_61' title="bbox 1093 254 1917 297">
     <span class='ocr_line' id='line_1_61' title="bbox 1093 254 1917 297; baseline 0.001 -14"><span class='ocrx_word' id='word_1_411' title='bbox 1093 254 1121 283; x_wconf 65' lang='grc' dir='ltr'>ἓν</span> <span class='ocrx_word' id='word_1_412' title='bbox 1153 255 1228 292; x_wconf 77' lang='grc' dir='ltr'>τύπῳ</span> <span class='ocrx_word' id='word_1_413' title='bbox 1251 255 1280 284; x_wconf 68' lang='grc' dir='ltr'>ὄν</span> <span class='ocrx_word' id='word_1_414' title='bbox 1308 255 1387 294; x_wconf 78' lang='grc' dir='ltr'>σῶμά</span> <span class='ocrx_word' id='word_1_415' title='bbox 1412 255 1480 285; x_wconf 70' lang='grc' dir='ltr'>ἐστι·</span> <span class='ocrx_word' id='word_1_416' title='bbox 1509 256 1554 285; x_wconf 81' lang='grc' dir='ltr'><strong>καὶ</strong></span> <span class='ocrx_word' id='word_1_417' title='bbox 1578 257 1668 289; x_wconf 79' lang='grc' dir='ltr'>ὁθεδς</span> <span class='ocrx_word' id='word_1_418' title='bbox 1684 255 1746 297; x_wconf 78' lang='grc' dir='ltr'>ἂρα,</span> <span class='ocrx_word' id='word_1_419' title='bbox 1761 257 1785 285; x_wconf 75' lang='grc' dir='ltr'>εἰ</span> <span class='ocrx_word' id='word_1_420' title='bbox 1800 256 1828 285; x_wconf 76' lang='grc' dir='ltr'>ἑν</span> <span class='ocrx_word' id='word_1_421' title='bbox 1839 255 1917 293; x_wconf 77' lang='grc' dir='ltr'>τόπῳ</span> 
     </span>
    </p>
   </div>
   <div class='ocr_carea' id='block_1_62' title="bbox 1093 299 1914 341">
    <p class='ocr_par' dir='ltr' id='par_1_62' title="bbox 1093 299 1914 341">
     <span class='ocr_line' id='line_1_62' title="bbox 1093 299 1914 341; baseline 0 -13"><span class='ocrx_word' id='word_1_422' title='bbox 1093 300 1160 341; x_wconf 67' lang='grc' dir='ltr'><strong>ἐστὶ,</strong></span> <span class='ocrx_word' id='word_1_423' title='bbox 1191 303 1269 338; x_wconf 85' lang='grc' dir='ltr'>σῶμα</span> <span class='ocrx_word' id='word_1_424' title='bbox 1296 299 1383 333; x_wconf 73' lang='grc' dir='ltr'>ἔσται.</span> <span class='ocrx_word' id='word_1_425' title='bbox 1399 301 1460 334; x_wconf 83' lang='grc' dir='ltr'>Πῶς</span> <span class='ocrx_word' id='word_1_426' title='bbox 1474 304 1519 330; x_wconf 70' lang='grc' dir='ltr'>οὖν</span> <span class='ocrx_word' id='word_1_427' title='bbox 1533 300 1631 334; x_wconf 76' lang='grc' dir='ltr'><strong>συνέξει</strong></span> <span class='ocrx_word' id='word_1_428' title='bbox 1646 303 1725 339; x_wconf 84' lang='grc' dir='ltr'>σῶμα</span> <span class='ocrx_word' id='word_1_429' title='bbox 1745 299 1774 329; x_wconf 78' lang='grc' dir='ltr'><strong>ὅν</strong></span> <span class='ocrx_word' id='word_1_430' title='bbox 1789 300 1914 341; x_wconf 69' lang='grc' dir='ltr'><strong>ἔλαττον³</strong></span> 
     </span>
    </p>
   </div>
   <div class='ocr_carea' id='block_1_63' title="bbox 1093 344 1912 385">
    <p class='ocr_par' dir='ltr' id='par_1_63' title="bbox 1093 344 1912 385">
     <span class='ocr_line' id='line_1_63' title="bbox 1093 344 1912 385; baseline 0.002 -12"><span class='ocrx_word' id='word_1_431' title='bbox 1093 345 1158 385; x_wconf 76' lang='grc' dir='ltr'>καθὸ</span> <span class='ocrx_word' id='word_1_432' title='bbox 1184 344 1350 385; x_wconf 71' lang='grc' dir='ltr'><strong>περιέχεται,</strong></span> <span class='ocrx_word' id='word_1_433' title='bbox 1376 345 1408 374; x_wconf 77' lang='grc' dir='ltr'><strong>τὸ</strong></span> <span class='ocrx_word' id='word_1_434' title='bbox 1443 349 1537 384; x_wconf 71' lang='grc' dir='ltr'>μεῖζον</span> <span class='ocrx_word' id='word_1_435' title='bbox 1551 346 1630 384; x_wconf 80' lang='grc' dir='ltr'>σῶμα</span> <span class='ocrx_word' id='word_1_436' title='bbox 1646 355 1654 384; x_wconf 87' lang='grc'><strong>;</strong></span> <span class='ocrx_word' id='word_1_437' title='bbox 1671 344 1796 374; x_wconf 67' lang='grc' dir='ltr'>’Ἄτοπον</span> <span class='ocrx_word' id='word_1_438' title='bbox 1811 344 1912 384; x_wconf 75' lang='grc' dir='ltr'>λέγειν.</span> 
     </span>
    </p>
   </div>
   <div class='ocr_carea' id='block_1_64' title="bbox 1091 384 1911 431">
    <p class='ocr_par' dir='ltr' id='par_1_64' title="bbox 1091 384 1911 431">
     <span class='ocr_line' id='line_1_64' title="bbox 1091 384 1911 431; baseline 0.002 -14"><span class='ocrx_word' id='word_1_439' title='bbox 1091 384 1109 403; x_wconf 74' lang='grc'><strong>’¹</strong></span> <span class='ocrx_word' id='word_1_440' title='bbox 1114 393 1160 418; x_wconf 90' lang='grc' dir='ltr'><strong>Οτι</strong></span> <span class='ocrx_word' id='word_1_441' title='bbox 1185 388 1213 417; x_wconf 79' lang='grc' dir='ltr'>δὲ</span> <span class='ocrx_word' id='word_1_442' title='bbox 1241 384 1279 418; x_wconf 81' lang='grc' dir='ltr'>τό</span> <span class='ocrx_word' id='word_1_443' title='bbox 1300 384 1386 420; x_wconf 75' lang='grc' dir='ltr'>οἰκοῦν</span> <span class='ocrx_word' id='word_1_444' title='bbox 1412 390 1440 418; x_wconf 79' lang='grc' dir='ltr'>ἐν</span> <span class='ocrx_word' id='word_1_445' title='bbox 1454 391 1528 428; x_wconf 85' lang='grc' dir='ltr'><strong>τόπῳ</strong></span> <span class='ocrx_word' id='word_1_446' title='bbox 1542 391 1734 431; x_wconf 79' lang='grc' dir='ltr'>περιεχόμενόν</span> <span class='ocrx_word' id='word_1_447' title='bbox 1749 390 1806 419; x_wconf 74' lang='grc' dir='ltr'>ἐστι</span> <span class='ocrx_word' id='word_1_448' title='bbox 1821 394 1857 429; x_wconf 80' lang='grc' dir='ltr'><strong>τῇ</strong></span> <span class='ocrx_word' id='word_1_449' title='bbox 1873 391 1911 419; x_wconf 82' lang='grc' dir='ltr'><strong>οἰ-</strong></span> 
     </span>
    </p>
   </div>
   <div class='ocr_carea' id='block_1_65' title="bbox 1089 433 1909 476">
    <p class='ocr_par' dir='ltr' id='par_1_65' title="bbox 1089 433 1909 476">
     <span class='ocr_line' id='line_1_65' title="bbox 1089 433 1909 476; baseline 0.002 -14"><span class='ocrx_word' id='word_1_450' title='bbox 1089 434 1147 475; x_wconf 70' lang='grc' dir='ltr'>κίᾳ,</span> <span class='ocrx_word' id='word_1_451' title='bbox 1172 434 1251 463; x_wconf 77' lang='grc' dir='ltr'>παντί</span> <span class='ocrx_word' id='word_1_452' title='bbox 1278 445 1330 463; x_wconf 83' lang='grc' dir='ltr'><strong>που</strong></span> <span class='ocrx_word' id='word_1_453' title='bbox 1355 433 1436 469; x_wconf 72' lang='grc' dir='ltr'>δῆλον</span> <span class='ocrx_word' id='word_1_454' title='bbox 1462 435 1513 476; x_wconf 36' lang='grc' dir='ltr'>καὶέ</span> <span class='ocrx_word' id='word_1_455' title='bbox 1530 438 1569 473; x_wconf 80' lang='grc' dir='ltr'><strong>τῷ</strong></span> <span class='ocrx_word' id='word_1_456' title='bbox 1595 435 1701 464; x_wconf 79' lang='grc' dir='ltr'>αὒιόθεν</span> <span class='ocrx_word' id='word_1_457' title='bbox 1715 435 1909 476; x_wconf 73' lang='grc' dir='ltr'>τυφλώττοντι.</span> 
     </span>
    </p>
   </div>
   <div class='ocr_carea' id='block_1_66' title="bbox 1090 474 1912 521">
    <p class='ocr_par' dir='ltr' id='par_1_66' title="bbox 1090 474 1912 521">
     <span class='ocr_line' id='line_1_66' title="bbox 1090 474 1912 521; baseline 0.004 -15"><span class='ocrx_word' id='word_1_458' title='bbox 1090 479 1121 507; x_wconf 86' lang='grc' dir='ltr'>Τί</span> <span class='ocrx_word' id='word_1_459' title='bbox 1136 481 1181 506; x_wconf 90' lang='grc' dir='ltr'><strong>οῦν</strong></span> <span class='ocrx_word' id='word_1_460' title='bbox 1196 489 1205 516; x_wconf 87' lang='lat'><strong>;</strong></span> <span class='ocrx_word' id='word_1_461' title='bbox 1236 479 1315 519; x_wconf 73' lang='grc' dir='ltr'>φαίης</span> <span class='ocrx_word' id='word_1_462' title='bbox 1337 478 1380 519; x_wconf 77' lang='grc' dir='ltr'><strong>ἄν,</strong></span> <span class='ocrx_word' id='word_1_463' title='bbox 1409 482 1468 512; x_wconf 84' lang='grc' dir='ltr'>πῶς</span> <span class='ocrx_word' id='word_1_464' title='bbox 1493 474 1623 521; x_wconf 70' lang='grc' dir='ltr'><strong>1’ρμηρος</strong></span> <span class='ocrx_word' id='word_1_465' title='bbox 1636 479 1708 521; x_wconf 77' lang='grc' dir='ltr'>λέγει</span> <span class='ocrx_word' id='word_1_466' title='bbox 1724 474 1771 509; x_wconf 83' lang='grc' dir='ltr'>τοῦ</span> <span class='ocrx_word' id='word_1_467' title='bbox 1785 479 1912 520; x_wconf 81' lang='grc' dir='ltr'>δημιουρ-</span> 
     </span>
    </p>
   </div>
   <div class='ocr_carea' id='block_1_67' title="bbox 1090 519 1912 565">
    <p class='ocr_par' dir='ltr' id='par_1_67' title="bbox 1090 519 1912 565">
     <span class='ocr_line' id='line_1_67' title="bbox 1090 519 1912 565; baseline 0.001 -14"><span class='ocrx_word' id='word_1_468' title='bbox 1090 526 1139 562; x_wconf 86' lang='grc' dir='ltr'><strong>γοῦ</strong></span> <span class='ocrx_word' id='word_1_469' title='bbox 1152 522 1258 562; x_wconf 77' lang='grc' dir='ltr'>οἴκημα</span> <span class='ocrx_word' id='word_1_470' title='bbox 1286 524 1331 552; x_wconf 86' lang='grc' dir='ltr'>τόν</span> <span class='ocrx_word' id='word_1_471' title='bbox 1346 523 1454 564; x_wconf 75' lang='grc' dir='ltr'>οὗρανόν</span> <span class='ocrx_word' id='word_1_472' title='bbox 1471 534 1480 564; x_wconf 68' lang='grc' dir='ltr'><strong>ς</strong></span> <span class='ocrx_word' id='word_1_473' title='bbox 1496 519 1540 553; x_wconf 78' lang='lat' dir='ltr'><strong>&quot;ﬂ</strong></span> <span class='ocrx_word' id='word_1_474' title='bbox 1552 525 1568 550; x_wconf 80' lang='lat'><strong>5</strong></span> <span class='ocrx_word' id='word_1_475' title='bbox 1588 524 1629 553; x_wconf 84' lang='grc' dir='ltr'>ὅτι</span> <span class='ocrx_word' id='word_1_476' title='bbox 1644 519 1784 565; x_wconf 77' lang='grc' dir='ltr'>πανταχοῦ</span> <span class='ocrx_word' id='word_1_477' title='bbox 1799 526 1849 564; x_wconf 81' lang='grc' dir='ltr'>μὲν</span> <span class='ocrx_word' id='word_1_478' title='bbox 1863 519 1912 559; x_wconf 46' lang='lat' dir='ltr'><strong>ei“</strong></span> 
     </span>
    </p>
   </div>
   <div class='ocr_carea' id='block_1_68' title="bbox 1091 566 1911 610">
    <p class='ocr_par' dir='ltr' id='par_1_68' title="bbox 1091 566 1911 610">
     <span class='ocr_line' id='line_1_68' title="bbox 1091 566 1911 610; baseline 0.002 -14"><span class='ocrx_word' id='word_1_479' title='bbox 1091 566 1223 606; x_wconf 77' lang='grc' dir='ltr'>ἔλλαμψιν</span> <span class='ocrx_word' id='word_1_480' title='bbox 1246 568 1293 597; x_wconf 80' lang='grc' dir='ltr'>τοῦ</span> <span class='ocrx_word' id='word_1_481' title='bbox 1321 572 1386 597; x_wconf 87' lang='grc' dir='ltr'>Θεοῦ</span> <span class='ocrx_word' id='word_1_482' title='bbox 1412 569 1572 607; x_wconf 83' lang='grc' dir='ltr'>θεασάμενος</span> <span class='ocrx_word' id='word_1_483' title='bbox 1594 570 1652 610; x_wconf 80' lang='grc' dir='ltr'>περὶ</span> <span class='ocrx_word' id='word_1_484' title='bbox 1673 571 1719 598; x_wconf 76' lang='grc' dir='ltr'>τὸν</span> <span class='ocrx_word' id='word_1_485' title='bbox 1734 570 1849 610; x_wconf 76' lang='grc' dir='ltr'>κόσμον,</span> <span class='ocrx_word' id='word_1_486' title='bbox 1866 570 1911 598; x_wconf 84' lang='grc' dir='ltr'><strong>οῗ-</strong></span> 
     </span>
    </p>
   </div>
   <div class='ocr_carea' id='block_1_69' title="bbox 1091 613 1912 655">
    <p class='ocr_par' dir='ltr' id='par_1_69' title="bbox 1091 613 1912 655">
     <span class='ocr_line' id='line_1_69' title="bbox 1091 613 1912 655; baseline 0.002 -15"><span class='ocrx_word' id='word_1_487' title='bbox 1091 623 1170 646; x_wconf 86' lang='grc' dir='ltr'>κησιν</span> <span class='ocrx_word' id='word_1_488' title='bbox 1198 613 1243 642; x_wconf 75' lang='grc' dir='ltr'>τὸν</span> <span class='ocrx_word' id='word_1_489' title='bbox 1271 615 1373 651; x_wconf 80' lang='grc' dir='ltr'>κόσμον</span> <span class='ocrx_word' id='word_1_490' title='bbox 1396 613 1504 643; x_wconf 72' lang='grc' dir='ltr'>ἐκάλεσε</span> <span class='ocrx_word' id='word_1_491' title='bbox 1532 618 1579 644; x_wconf 85' lang='grc' dir='ltr'>τοῦ</span> <span class='ocrx_word' id='word_1_492' title='bbox 1611 618 1688 655; x_wconf 72' lang='grc' dir='ltr'>Θεοῦ,</span> <span class='ocrx_word' id='word_1_493' title='bbox 1711 616 1748 648; x_wconf 82' lang='grc' dir='ltr'><strong>ὡς</strong></span> <span class='ocrx_word' id='word_1_494' title='bbox 1774 614 1912 655; x_wconf 75' lang='grc' dir='ltr'>ὑποδοχὴν</span> 
     </span>
    </p>
   </div>
   <div class='ocr_carea' id='block_1_70' title="bbox 1091 656 1910 699">
    <p class='ocr_par' dir='ltr' id='par_1_70' title="bbox 1091 656 1910 699">
     <span class='ocr_line' id='line_1_70' title="bbox 1091 656 1910 699; baseline 0.006 -14"><span class='ocrx_word' id='word_1_495' title='bbox 1091 656 1155 685; x_wconf 75' lang='grc' dir='ltr'>ὄντα</span> <span class='ocrx_word' id='word_1_496' title='bbox 1184 660 1234 691; x_wconf 82' lang='grc' dir='ltr'><strong>τῆς</strong></span> <span class='ocrx_word' id='word_1_497' title='bbox 1249 659 1383 693; x_wconf 78' lang='grc' dir='ltr'>ποιήσεως</span> <span class='ocrx_word' id='word_1_498' title='bbox 1404 659 1448 687; x_wconf 80' lang='grc' dir='ltr'><strong>καὶ</strong></span> <span class='ocrx_word' id='word_1_499' title='bbox 1468 657 1640 699; x_wconf 77' lang='grc' dir='ltr'>δημιουργίας</span> <span class='ocrx_word' id='word_1_500' title='bbox 1657 660 1748 694; x_wconf 79' lang='grc' dir='ltr'>πάσης</span> <span class='ocrx_word' id='word_1_501' title='bbox 1763 665 1810 690; x_wconf 77' lang='grc' dir='ltr'>τοῦ</span> <span class='ocrx_word' id='word_1_502' title='bbox 1833 663 1910 690; x_wconf 81' lang='grc' dir='ltr'>Θεοῦ.</span> 
     </span>
    </p>
   </div>
   <div class='ocr_carea' id='block_1_71' title="bbox 1090 700 1911 744">
    <p class='ocr_par' dir='ltr' id='par_1_71' title="bbox 1090 700 1911 744">
     <span class='ocr_line' id='line_1_71' title="bbox 1090 700 1911 744; baseline 0.005 -15"><span class='ocrx_word' id='word_1_503' title='bbox 1090 700 1228 741; x_wconf 75' lang='grc' dir='ltr'><strong>ἐξαιρέτως</strong></span> <span class='ocrx_word' id='word_1_504' title='bbox 1251 701 1279 731; x_wconf 77' lang='grc' dir='ltr'>δὲ</span> <span class='ocrx_word' id='word_1_505' title='bbox 1306 704 1352 731; x_wconf 78' lang='grc' dir='ltr'>τὸν</span> <span class='ocrx_word' id='word_1_506' title='bbox 1379 704 1487 743; x_wconf 77' lang='grc' dir='ltr'>οὐρανὸν</span> <span class='ocrx_word' id='word_1_507' title='bbox 1514 704 1634 744; x_wconf 75' lang='grc' dir='ltr'>καλοῦσι,</span> <span class='ocrx_word' id='word_1_508' title='bbox 1663 704 1728 734; x_wconf 80' lang='grc' dir='ltr'>διότι</span> <span class='ocrx_word' id='word_1_509' title='bbox 1743 709 1790 735; x_wconf 84' lang='grc' dir='ltr'>τοῦ</span> <span class='ocrx_word' id='word_1_510' title='bbox 1812 705 1911 737; x_wconf 70' lang='grc' dir='ltr'>παν-εὶς</span> 
     </span>
    </p>
   </div>
   <div class='ocr_carea' id='block_1_72' title="bbox 1089 747 1911 787">
    <p class='ocr_par' dir='ltr' id='par_1_72' title="bbox 1089 747 1911 787">
     <span class='ocr_line' id='line_1_72' title="bbox 1089 747 1911 787; baseline 0.005 -13"><span class='ocrx_word' id='word_1_511' title='bbox 1089 747 1190 784; x_wconf 88' lang='grc' dir='ltr'>κόσμου</span> <span class='ocrx_word' id='word_1_512' title='bbox 1216 747 1247 775; x_wconf 68' lang='grc' dir='ltr'><strong>ιδ</strong></span> <span class='ocrx_word' id='word_1_513' title='bbox 1280 747 1426 787; x_wconf 73' lang='grc' dir='ltr'>ἀκρότατον</span> <span class='ocrx_word' id='word_1_514' title='bbox 1439 749 1486 776; x_wconf 80' lang='grc' dir='ltr'><strong>τὸν</strong></span> <span class='ocrx_word' id='word_1_515' title='bbox 1500 749 1607 787; x_wconf 78' lang='grc' dir='ltr'>οὐρανὸν</span> <span class='ocrx_word' id='word_1_516' title='bbox 1621 752 1701 777; x_wconf 83' lang='grc' dir='ltr'>πᾶσιν</span> <span class='ocrx_word' id='word_1_517' title='bbox 1716 749 1788 778; x_wconf 77' lang='grc' dir='ltr'>εἶναι</span> <span class='ocrx_word' id='word_1_518' title='bbox 1805 749 1911 787; x_wconf 64' lang='grc' dir='ltr'>ὡμολο-</span> 
     </span>
    </p>
   </div>
   <div class='ocr_carea' id='block_1_73' title="bbox 1125 802 1182 821">
    <p class='ocr_par' dir='ltr' id='par_1_73' title="bbox 1125 802 1182 821">
     <span class='ocr_line' id='line_1_73' title="bbox 1125 802 1182 821; baseline 0.035 -2"><span class='ocrx_word' id='word_1_519' title='bbox 1125 802 1182 821; x_wconf 81' lang='grc' dir='ltr'>ται.</span> 
     </span>
    </p>
   </div>
   <div class='ocr_carea' id='block_1_74' title="bbox 1059 801 1910 891">
    <p class='ocr_par' dir='ltr' id='par_1_74' title="bbox 1059 801 1910 891">
     <span class='ocr_line' id='line_1_74' title="bbox 1125 802 1182 821; baseline 0.035 -2"><span class='ocrx_word' id='word_1_520' title='bbox 1125 802 1141 819; x_wconf 86' lang='grc' dir='ltr'>τ</span> <span class='ocrx_word' id='word_1_521' title='bbox 1173 811 1182 821; x_wconf 79' lang='grc' dir='ltr'><strong>ο</strong></span> 
     </span>
     <span class='ocr_line' id='line_1_75' title="bbox 1059 801 1910 891; baseline 0.007 -25"><span class='ocrx_word' id='word_1_522' title='bbox 1059 801 1231 876; x_wconf 47' lang='grc' dir='ltr'><strong>1³ζίέὶλῗὶοβκ</strong></span> <span class='ocrx_word' id='word_1_523' title='bbox 1286 839 1337 871; x_wconf 77' lang='grc' dir='ltr'><strong>τῆς</strong></span> <span class='ocrx_word' id='word_1_524' title='bbox 1375 836 1539 891; x_wconf 54' lang='grc' dir='ltr'>ἀποκρίσεως</span> <span class='ocrx_word' id='word_1_525' title='bbox 1579 838 1627 868; x_wconf 78' lang='grc' dir='ltr'><strong>οὒκ</strong></span> <span class='ocrx_word' id='word_1_526' title='bbox 1666 838 1749 876; x_wconf 79' lang='grc' dir='ltr'>ὀρθῶς</span> <span class='ocrx_word' id='word_1_527' title='bbox 1791 849 1910 878; x_wconf 74' lang='grc' dir='ltr'>γεγενη-</span> 
     </span>
    </p>
   </div>
   <div class='ocr_carea' id='block_1_75' title="bbox 1451 892 1546 919">
    <p class='ocr_par' dir='ltr' id='par_1_75' title="bbox 1451 892 1546 919">
     <span class='ocr_line' id='line_1_76' title="bbox 1451 892 1546 919; baseline -0.042 -3"><span class='ocrx_word' id='word_1_528' title='bbox 1451 892 1546 919; x_wconf 81' lang='grc' dir='ltr'>μενης.</span> 
     </span>
    </p>
   </div>
   <div class='ocr_carea' id='block_1_76' title="bbox 1134 925 1910 967">
    <p class='ocr_par' dir='ltr' id='par_1_76' title="bbox 1134 925 1910 967">
     <span class='ocr_line' id='line_1_77' title="bbox 1134 925 1910 967; baseline -0.004 -9"><span class='ocrx_word' id='word_1_529' title='bbox 1134 927 1162 958; x_wconf 80' lang='grc'><strong>1.</strong></span> <span class='ocrx_word' id='word_1_530' title='bbox 1194 927 1230 956; x_wconf 79' lang='grc' dir='ltr'><strong>Τὸ</strong></span> <span class='ocrx_word' id='word_1_531' title='bbox 1240 925 1328 966; x_wconf 75' lang='grc' dir='ltr'>λέγειν</span> <span class='ocrx_word' id='word_1_532' title='bbox 1358 925 1520 966; x_wconf 79' lang='grc' dir='ltr'>δημιουργὸν</span> <span class='ocrx_word' id='word_1_533' title='bbox 1544 927 1593 964; x_wconf 76' lang='grc' dir='ltr'>μὲν</span> <span class='ocrx_word' id='word_1_534' title='bbox 1609 928 1654 956; x_wconf 82' lang='grc' dir='ltr'><strong>τὸν</strong></span> <span class='ocrx_word' id='word_1_535' title='bbox 1669 927 1746 964; x_wconf 78' lang='grc' dir='ltr'>Θεὸν,</span> <span class='ocrx_word' id='word_1_536' title='bbox 1763 927 1910 967; x_wconf 78' lang='grc' dir='ltr'>ἀδημιούρ-</span> 
     </span>
    </p>
   </div>
   <div class='ocr_carea' id='block_1_77' title="bbox 1091 970 1913 1011">
    <p class='ocr_par' dir='ltr' id='par_1_77' title="bbox 1091 970 1913 1011">
     <span class='ocr_line' id='line_1_78' title="bbox 1091 970 1913 1011; baseline 0.002 -12"><span class='ocrx_word' id='word_1_537' title='bbox 1091 982 1174 1010; x_wconf 82' lang='grc' dir='ltr'>γητον</span> <span class='ocrx_word' id='word_1_538' title='bbox 1188 970 1216 999; x_wconf 68' lang='grc' dir='ltr'>δὲ</span> <span class='ocrx_word' id='word_1_539' title='bbox 1231 971 1276 999; x_wconf 81' lang='grc' dir='ltr'><strong>τὸν</strong></span> <span class='ocrx_word' id='word_1_540' title='bbox 1290 970 1402 1008; x_wconf 84' lang='grc' dir='ltr'>κόσμον·</span> <span class='ocrx_word' id='word_1_541' title='bbox 1419 971 1450 999; x_wconf 79' lang='grc' dir='ltr'><strong>τὸ</strong></span> <span class='ocrx_word' id='word_1_542' title='bbox 1463 971 1512 1011; x_wconf 73' lang='grc' dir='ltr'>γὰρ</span> <span class='ocrx_word' id='word_1_543' title='bbox 1527 970 1740 1011; x_wconf 75' lang='grc' dir='ltr'>ἀδημιούργητον</span> <span class='ocrx_word' id='word_1_544' title='bbox 1761 972 1824 1000; x_wconf 86' lang='grc' dir='ltr'>ἴσον</span> <span class='ocrx_word' id='word_1_545' title='bbox 1838 971 1913 1001; x_wconf 82' lang='grc' dir='ltr'>δύνα-</span> 
     </span>
    </p>
   </div>
   <div class='ocr_carea' id='block_1_78' title="bbox 1091 1014 1913 1055">
    <p class='ocr_par' dir='ltr' id='par_1_78' title="bbox 1091 1014 1913 1055">
     <span class='ocr_line' id='line_1_79' title="bbox 1091 1014 1913 1055; baseline 0.004 -12"><span class='ocrx_word' id='word_1_546' title='bbox 1091 1020 1133 1044; x_wconf 72' lang='grc' dir='ltr'><strong>ταῖ</strong></span> <span class='ocrx_word' id='word_1_547' title='bbox 1163 1019 1202 1053; x_wconf 84' lang='grc' dir='ltr'><strong>τῷ</strong></span> <span class='ocrx_word' id='word_1_548' title='bbox 1229 1015 1376 1055; x_wconf 75' lang='grc' dir='ltr'><strong>ἆγεννήτῳ²</strong></span> <span class='ocrx_word' id='word_1_549' title='bbox 1391 1017 1435 1044; x_wconf 68' lang='grc' dir='ltr'>καὶ</span> <span class='ocrx_word' id='word_1_550' title='bbox 1450 1018 1502 1044; x_wconf 83' lang='grc' dir='ltr'>τῶν</span> <span class='ocrx_word' id='word_1_551' title='bbox 1531 1014 1756 1054; x_wconf 78' lang='grc' dir='ltr'>ἰσοδυναμούντων</span> <span class='ocrx_word' id='word_1_552' title='bbox 1777 1017 1913 1050; x_wconf 74' lang='grc' dir='ltr'>ἁκωλυτος</span> 
     </span>
    </p>
   </div>
   <div class='ocr_carea' id='block_1_79' title="bbox 1091 1059 1912 1102">
    <p class='ocr_par' dir='ltr' id='par_1_79' title="bbox 1091 1059 1912 1102">
     <span class='ocr_line' id='line_1_80' title="bbox 1091 1059 1912 1102; baseline 0.004 -14"><span class='ocrx_word' id='word_1_553' title='bbox 1091 1061 1108 1094; x_wconf 83' lang='grc' dir='ltr'>ἡ</span> <span class='ocrx_word' id='word_1_554' title='bbox 1137 1060 1300 1099; x_wconf 76' lang='grc' dir='ltr'>μετάληψις·</span> <span class='ocrx_word' id='word_1_555' title='bbox 1328 1061 1373 1089; x_wconf 84' lang='grc' dir='ltr'><strong>καὶ</strong></span> <span class='ocrx_word' id='word_1_556' title='bbox 1399 1060 1430 1088; x_wconf 80' lang='grc' dir='ltr'><strong>τὸ</strong></span> <span class='ocrx_word' id='word_1_557' title='bbox 1444 1059 1531 1100; x_wconf 75' lang='grc' dir='ltr'>λέγειν</span> <span class='ocrx_word' id='word_1_558' title='bbox 1559 1061 1573 1089; x_wconf 85' lang='grc' dir='ltr'><strong>ό</strong></span> <span class='ocrx_word' id='word_1_559' title='bbox 1607 1060 1823 1102; x_wconf 75' lang='grc' dir='ltr'>ἂδημιούργητος</span> <span class='ocrx_word' id='word_1_560' title='bbox 1849 1064 1912 1094; x_wconf 76' lang='grc' dir='ltr'>Θεὸς</span> 
     </span>
    </p>
   </div>
   <div class='ocr_carea' id='block_1_80' title="bbox 1089 1103 1912 1146">
    <p class='ocr_par' dir='ltr' id='par_1_80' title="bbox 1089 1103 1912 1146">
     <span class='ocr_line' id='line_1_81' title="bbox 1089 1103 1912 1146; baseline 0.002 -13"><span class='ocrx_word' id='word_1_561' title='bbox 1089 1103 1290 1145; x_wconf 81' lang='grc' dir='ltr'>ἀδημ.ούργητα</span> <span class='ocrx_word' id='word_1_562' title='bbox 1313 1111 1399 1142; x_wconf 76' lang='grc' dir='ltr'>ποιεῖ,</span> <span class='ocrx_word' id='word_1_563' title='bbox 1425 1104 1439 1132; x_wconf 80' lang='grc' dir='ltr'>ὅ</span> <span class='ocrx_word' id='word_1_564' title='bbox 1467 1104 1527 1133; x_wconf 84' lang='grc' dir='ltr'>ἴσον</span> <span class='ocrx_word' id='word_1_565' title='bbox 1552 1105 1606 1134; x_wconf 75' lang='grc' dir='ltr'><strong>ἐστὶ</strong></span> <span class='ocrx_word' id='word_1_566' title='bbox 1640 1107 1678 1144; x_wconf 81' lang='grc' dir='ltr'>τῷ</span> <span class='ocrx_word' id='word_1_567' title='bbox 1707 1108 1752 1135; x_wconf 79' lang='grc' dir='ltr'><strong>τὸν</strong></span> <span class='ocrx_word' id='word_1_568' title='bbox 1767 1106 1912 1146; x_wconf 76' lang='grc' dir='ltr'>ἀγέννητον</span> 
     </span>
    </p>
   </div>
   <div class='ocr_carea' id='block_1_81' title="bbox 1089 1149 1908 1190">
    <p class='ocr_par' dir='ltr' id='par_1_81' title="bbox 1089 1149 1908 1190">
     <span class='ocr_line' id='line_1_82' title="bbox 1089 1149 1908 1190; baseline 0.002 -12"><span class='ocrx_word' id='word_1_569' title='bbox 1089 1150 1153 1178; x_wconf 83' lang='grc' dir='ltr'>Θεδν</span> <span class='ocrx_word' id='word_1_570' title='bbox 1181 1150 1330 1189; x_wconf 81' lang='grc' dir='ltr'>ἀγεννὴτως</span> <span class='ocrx_word' id='word_1_571' title='bbox 1358 1149 1489 1188; x_wconf 80' lang='grc' dir='ltr'>ἀγέννητα</span> <span class='ocrx_word' id='word_1_572' title='bbox 1517 1157 1618 1178; x_wconf 77' lang='grc' dir='ltr'>ποιεῖν’</span> <span class='ocrx_word' id='word_1_573' title='bbox 1656 1151 1743 1180; x_wconf 77' lang='grc' dir='ltr'>καὶτὸ</span> <span class='ocrx_word' id='word_1_574' title='bbox 1757 1151 1847 1190; x_wconf 79' lang='grc' dir='ltr'>λέγειν</span> <span class='ocrx_word' id='word_1_575' title='bbox 1861 1151 1908 1179; x_wconf 76' lang='grc' dir='ltr'>ἀΐ-</span> 
     </span>
    </p>
   </div>
   <div class='ocr_carea' id='block_1_82' title="bbox 1087 1193 1907 1234">
    <p class='ocr_par' dir='ltr' id='par_1_82' title="bbox 1087 1193 1907 1234">
     <span class='ocr_line' id='line_1_83' title="bbox 1087 1193 1907 1234; baseline 0.001 -12"><span class='ocrx_word' id='word_1_576' title='bbox 1087 1193 1141 1223; x_wconf 84' lang='grc' dir='ltr'>διον</span> <span class='ocrx_word' id='word_1_577' title='bbox 1170 1195 1220 1232; x_wconf 75' lang='grc' dir='ltr'>μὲν</span> <span class='ocrx_word' id='word_1_578' title='bbox 1234 1194 1280 1222; x_wconf 80' lang='grc' dir='ltr'><strong>τὸν</strong></span> <span class='ocrx_word' id='word_1_579' title='bbox 1309 1194 1386 1230; x_wconf 75' lang='grc' dir='ltr'>Θεὸν,</span> <span class='ocrx_word' id='word_1_580' title='bbox 1417 1193 1550 1223; x_wconf 68' lang='grc' dir='ltr'>συναίόιον</span> <span class='ocrx_word' id='word_1_581' title='bbox 1577 1194 1604 1222; x_wconf 81' lang='grc' dir='ltr'>δὲ</span> <span class='ocrx_word' id='word_1_582' title='bbox 1631 1196 1677 1223; x_wconf 76' lang='grc' dir='ltr'>τὸν</span> <span class='ocrx_word' id='word_1_583' title='bbox 1691 1195 1804 1234; x_wconf 70' lang='grc' dir='ltr'><strong>κόσμον⁷</strong></span> <span class='ocrx_word' id='word_1_584' title='bbox 1821 1197 1865 1225; x_wconf 79' lang='grc' dir='ltr'><strong>καὶ</strong></span> <span class='ocrx_word' id='word_1_585' title='bbox 1879 1196 1907 1223; x_wconf 78' lang='grc' dir='ltr'>ἐκ</span> 
     </span>
    </p>
   </div>
   <div class='ocr_carea' id='block_1_83' title="bbox 1086 1237 1906 1279">
    <p class='ocr_par' dir='ltr' id='par_1_83' title="bbox 1086 1237 1906 1279">
     <span class='ocr_line' id='line_1_84' title="bbox 1086 1237 1906 1279; baseline 0.002 -13"><span class='ocrx_word' id='word_1_586' title='bbox 1086 1239 1136 1274; x_wconf 76' lang='grc' dir='ltr'><strong>τῆς</strong></span> <span class='ocrx_word' id='word_1_587' title='bbox 1164 1237 1320 1278; x_wconf 80' lang='grc' dir='ltr'>ἀνυπαρξίας</span> <span class='ocrx_word' id='word_1_588' title='bbox 1348 1239 1384 1270; x_wconf 75' lang='grc' dir='ltr'><strong>εἰς</strong></span> <span class='ocrx_word' id='word_1_589' title='bbox 1419 1237 1526 1274; x_wconf 74' lang='grc' dir='ltr'>ὕπαρξιν</span> <span class='ocrx_word' id='word_1_590' title='bbox 1540 1239 1585 1267; x_wconf 82' lang='grc' dir='ltr'><strong>τὸν</strong></span> <span class='ocrx_word' id='word_1_591' title='bbox 1600 1240 1665 1268; x_wconf 70' lang='grc' dir='ltr'>Θεὸν</span> <span class='ocrx_word' id='word_1_592' title='bbox 1680 1241 1724 1269; x_wconf 82' lang='grc' dir='ltr'><strong>καὶ</strong></span> <span class='ocrx_word' id='word_1_593' title='bbox 1745 1242 1791 1269; x_wconf 80' lang='grc' dir='ltr'>τὸν</span> <span class='ocrx_word' id='word_1_594' title='bbox 1806 1242 1906 1279; x_wconf 82' lang='grc' dir='ltr'>κόσμον</span> 
     </span>
    </p>
   </div>
   <div class='ocr_carea' id='block_1_84' title="bbox 1087 1282 1905 1326">
    <p class='ocr_par' dir='ltr' id='par_1_84' title="bbox 1087 1282 1905 1326">
     <span class='ocr_line' id='line_1_85' title="bbox 1087 1282 1905 1326; baseline 0.004 -14"><span class='ocrx_word' id='word_1_595' title='bbox 1087 1283 1293 1324; x_wconf 76' lang='grc' dir='ltr'>αὖτοπαράκτως</span> <span class='ocrx_word' id='word_1_596' title='bbox 1319 1282 1502 1322; x_wconf 72' lang='grc' dir='ltr'>παραγόμενον</span> <span class='ocrx_word' id='word_1_597' title='bbox 1514 1282 1541 1308; x_wconf 82' lang='grc' dir='ltr'><strong>ϐ’</strong></span> <span class='ocrx_word' id='word_1_598' title='bbox 1571 1285 1602 1313; x_wconf 72' lang='grc' dir='ltr'><strong>τὸ</strong></span> <span class='ocrx_word' id='word_1_599' title='bbox 1622 1285 1672 1325; x_wconf 79' lang='grc' dir='ltr'><strong>γὰρ</strong></span> <span class='ocrx_word' id='word_1_600' title='bbox 1693 1286 1905 1326; x_wconf 72' lang='grc' dir='ltr'>αὖτοπάρωιτον,</span> 
     </span>
    </p>
   </div>
   <div class='ocr_carea' id='block_1_85' title="bbox 1087 1327 1909 1371">
    <p class='ocr_par' dir='ltr' id='par_1_85' title="bbox 1087 1327 1909 1371">
     <span class='ocr_line' id='line_1_86' title="bbox 1087 1327 1909 1371; baseline 0.004 -15"><span class='ocrx_word' id='word_1_601' title='bbox 1087 1329 1130 1357; x_wconf 75' lang='grc' dir='ltr'>επὶ</span> <span class='ocrx_word' id='word_1_602' title='bbox 1148 1331 1203 1356; x_wconf 86' lang='grc' dir='ltr'>.τοῦ</span> <span class='ocrx_word' id='word_1_603' title='bbox 1229 1331 1296 1356; x_wconf 82' lang='grc' dir='ltr'><strong>Θεοῦ</strong></span> <span class='ocrx_word' id='word_1_604' title='bbox 1323 1329 1366 1356; x_wconf 76' lang='grc' dir='ltr'><strong>καὶ</strong></span> <span class='ocrx_word' id='word_1_605' title='bbox 1379 1327 1426 1356; x_wconf 82' lang='grc' dir='ltr'>τοῦ</span> <span class='ocrx_word' id='word_1_606' title='bbox 1446 1328 1547 1366; x_wconf 80' lang='grc' dir='ltr'>κόσμου</span> <span class='ocrx_word' id='word_1_607' title='bbox 1562 1328 1716 1369; x_wconf 75' lang='grc' dir='ltr'>λεγόμενον,</span> <span class='ocrx_word' id='word_1_608' title='bbox 1732 1331 1834 1364; x_wconf 74' lang='grc' dir='ltr'><strong>ταῦτὴν</strong></span> <span class='ocrx_word' id='word_1_609' title='bbox 1849 1330 1909 1371; x_wconf 70' lang='grc' dir='ltr'>ἔχει</span> 
     </span>
    </p>
   </div>
   <div class='ocr_carea' id='block_1_86' title="bbox 1087 1371 1908 1414">
    <p class='ocr_par' dir='ltr' id='par_1_86' title="bbox 1087 1371 1908 1414">
     <span class='ocr_line' id='line_1_87' title="bbox 1087 1371 1908 1414; baseline 0.005 -14"><span class='ocrx_word' id='word_1_610' title='bbox 1087 1373 1137 1406; x_wconf 79' lang='grc' dir='ltr'><strong>τὴν</strong></span> <span class='ocrx_word' id='word_1_611' title='bbox 1164 1371 1290 1407; x_wconf 76' lang='grc' dir='ltr'>δήλωσιν·</span> <span class='ocrx_word' id='word_1_612' title='bbox 1321 1371 1365 1400; x_wconf 83' lang='grc' dir='ltr'>καὶ</span> <span class='ocrx_word' id='word_1_613' title='bbox 1385 1372 1415 1400; x_wconf 82' lang='grc' dir='ltr'><strong>τὸ</strong></span> <span class='ocrx_word' id='word_1_614' title='bbox 1430 1371 1518 1411; x_wconf 82' lang='grc' dir='ltr'>λέγειν</span> <span class='ocrx_word' id='word_1_615' title='bbox 1527 1373 1726 1413; x_wconf 77' lang='grc' dir='ltr'>αὖτοπάρακτον</span> <span class='ocrx_word' id='word_1_616' title='bbox 1747 1375 1790 1403; x_wconf 75' lang='grc' dir='ltr'><strong>καὶ</strong></span> <span class='ocrx_word' id='word_1_617' title='bbox 1819 1375 1908 1414; x_wconf 72' lang='grc' dir='ltr'>ἑτερο-</span> 
     </span>
    </p>
   </div>
   <div class='ocr_carea' id='block_1_87' title="bbox 1059 1417 1910 1502">
    <p class='ocr_par' dir='ltr' id='par_1_87' title="bbox 1059 1417 1910 1502">
     <span class='ocr_line' id='line_1_88' title="bbox 1090 1417 1910 1458; baseline 0.001 -13"><span class='ocrx_word' id='word_1_618' title='bbox 1090 1417 1237 1457; x_wconf 76' lang='grc' dir='ltr'>φρούρητον</span> <span class='ocrx_word' id='word_1_619' title='bbox 1259 1417 1305 1445; x_wconf 78' lang='grc' dir='ltr'><strong>τὸν</strong></span> <span class='ocrx_word' id='word_1_620' title='bbox 1332 1417 1445 1454; x_wconf 83' lang='grc' dir='ltr'>κόσμον·</span> <span class='ocrx_word' id='word_1_621' title='bbox 1477 1418 1508 1445; x_wconf 81' lang='grc' dir='ltr'><strong>τὺ</strong></span> <span class='ocrx_word' id='word_1_622' title='bbox 1539 1418 1590 1458; x_wconf 81' lang='grc' dir='ltr'><strong>γὰρ</strong></span> <span class='ocrx_word' id='word_1_623' title='bbox 1616 1419 1806 1458; x_wconf 74' lang='grc' dir='ltr'>θεοφρούρητον</span> <span class='ocrx_word' id='word_1_624' title='bbox 1832 1419 1910 1453; x_wconf 75' lang='grc' dir='ltr'>δηλοῖ</span> 
     </span>
     <span class='ocr_line' id='line_1_89' title="bbox 1059 1456 1910 1502; baseline 0.002 -12"><span class='ocrx_word' id='word_1_625' title='bbox 1059 1456 1121 1490; x_wconf 66' lang='lat' dir='ltr'><strong>cro</strong></span> <span class='ocrx_word' id='word_1_626' title='bbox 1147 1461 1379 1502; x_wconf 72' lang='grc' dir='ltr'>ἑτεροφρούρητον·</span> <span class='ocrx_word' id='word_1_627' title='bbox 1410 1461 1497 1501; x_wconf 77' lang='grc' dir='ltr'>ἔτερος</span> <span class='ocrx_word' id='word_1_628' title='bbox 1532 1463 1582 1502; x_wconf 77' lang='grc' dir='ltr'><strong>γὰρ</strong></span> <span class='ocrx_word' id='word_1_629' title='bbox 1610 1462 1750 1502; x_wconf 74' lang='grc' dir='ltr'>ὃκόσμος,</span> <span class='ocrx_word' id='word_1_630' title='bbox 1765 1465 1811 1492; x_wconf 73' lang='grc' dir='ltr'><strong>καί</strong></span> <span class='ocrx_word' id='word_1_631' title='bbox 1825 1464 1910 1502; x_wconf 71' lang='grc' dir='ltr'>ἕτερος</span> 
     </span>
    </p>
   </div>
   <div class='ocr_carea' id='block_1_88' title="bbox 1539 1475 1912 1502">
    <p class='ocr_par' dir='ltr' id='par_1_88' title="bbox 1539 1475 1912 1502">
     <span class='ocr_line' id='line_1_90' title="bbox 1539 1475 1912 1502; baseline 0.005 -11"><span class='ocrx_word' id='word_1_632' title='bbox 1539 1475 1582 1502; x_wconf 56' lang='grc' dir='ltr'>ξαρ</span> <span class='ocrx_word' id='word_1_633' title='bbox 1610 1475 1624 1491; x_wconf 88' lang='grc' dir='ltr'><strong>ο</strong></span> <span class='ocrx_word' id='word_1_634' title='bbox 1635 1475 1750 1502; x_wconf 70' lang='grc' dir='ltr'>κοσμος,</span> <span class='ocrx_word' id='word_1_635' title='bbox 1765 1475 1810 1492; x_wconf 70' lang='grc' dir='ltr'><strong>και</strong></span> <span class='ocrx_word' id='word_1_636' title='bbox 1825 1475 1912 1502; x_wconf 68' lang='grc' dir='ltr'>ετερος</span> 
     </span>
    </p>
   </div>
   <div class='ocr_carea' id='block_1_89' title="bbox 1090 1474 1913 1549">
    <p class='ocr_par' dir='ltr' id='par_1_89' title="bbox 1090 1474 1913 1549">
     <span class='ocr_line' id='line_1_91' title="bbox 1090 1474 1912 1504; baseline 0.002 -14"><span class='ocrx_word' id='word_1_637' title='bbox 1090 1474 1121 1490; x_wconf 81' lang='grc' dir='ltr'>το</span> <span class='ocrx_word' id='word_1_638' title='bbox 1147 1474 1379 1502; x_wconf 71' lang='grc' dir='ltr'>ετεροφρουρητον·</span> <span class='ocrx_word' id='word_1_639' title='bbox 1411 1474 1497 1501; x_wconf 76' lang='grc' dir='ltr'>ετερος</span> <span class='ocrx_word' id='word_1_640' title='bbox 1532 1474 1582 1502; x_wconf 74' lang='grc' dir='ltr'><strong>γαρ</strong></span> <span class='ocrx_word' id='word_1_641' title='bbox 1610 1474 1750 1502; x_wconf 64' lang='grc' dir='ltr'>οκοσμος,</span> <span class='ocrx_word' id='word_1_642' title='bbox 1765 1475 1810 1492; x_wconf 73' lang='grc' dir='ltr'><strong>κκι</strong></span> <span class='ocrx_word' id='word_1_643' title='bbox 1825 1474 1912 1504; x_wconf 63' lang='grc' dir='ltr'>ἑτερο(</span> 
     </span>
     <span class='ocr_line' id='line_1_92' title="bbox 1090 1505 1913 1549; baseline 0.002 -15"><span class='ocrx_word' id='word_1_644' title='bbox 1090 1507 1105 1535; x_wconf 79' lang='grc' dir='ltr'>ὁ</span> <span class='ocrx_word' id='word_1_645' title='bbox 1134 1507 1198 1538; x_wconf 70' lang='grc' dir='ltr'>Θεὸς</span> <span class='ocrx_word' id='word_1_646' title='bbox 1227 1506 1241 1534; x_wconf 81' lang='grc' dir='ltr'><strong><em>ὃ</em></strong></span> <span class='ocrx_word' id='word_1_647' title='bbox 1273 1507 1320 1535; x_wconf 76' lang='grc' dir='ltr'><strong>τὸν</strong></span> <span class='ocrx_word' id='word_1_648' title='bbox 1353 1505 1454 1545; x_wconf 81' lang='grc' dir='ltr'>κόσμον</span> <span class='ocrx_word' id='word_1_649' title='bbox 1483 1510 1612 1548; x_wconf 73' lang='grc' dir='ltr'>φρουρῶν,</span> <span class='ocrx_word' id='word_1_650' title='bbox 1641 1506 1684 1545; x_wconf 71' lang='grc' dir='ltr'><strong>ἄν,</strong></span> <span class='ocrx_word' id='word_1_651' title='bbox 1713 1509 1913 1549; x_wconf 69' lang='grc' dir='ltr'>αἰνιοπάρακτῡν</span> 
     </span>
    </p>
   </div>
   <div class='ocr_carea' id='block_1_90' title="bbox 1090 1550 1911 1592">
    <p class='ocr_par' dir='ltr' id='par_1_90' title="bbox 1090 1550 1911 1592">
     <span class='ocr_line' id='line_1_93' title="bbox 1090 1550 1911 1592; baseline 0.004 -13"><span class='ocrx_word' id='word_1_652' title='bbox 1090 1550 1166 1588; x_wconf 75' lang='grc' dir='ltr'>ὄντα,</span> <span class='ocrx_word' id='word_1_653' title='bbox 1192 1550 1340 1590; x_wconf 81' lang='grc' dir='ltr'>ἀναγκαίως</span> <span class='ocrx_word' id='word_1_654' title='bbox 1354 1550 1439 1590; x_wconf 71' lang='grc' dir='ltr'>ἐχρῆν</span> <span class='ocrx_word' id='word_1_655' title='bbox 1473 1551 1518 1579; x_wconf 82' lang='grc' dir='ltr'>καὶ</span> <span class='ocrx_word' id='word_1_656' title='bbox 1545 1551 1754 1592; x_wconf 73' lang='grc' dir='ltr'>αὖτοφρώρητον</span> <span class='ocrx_word' id='word_1_657' title='bbox 1769 1554 1855 1582; x_wconf 80' lang='grc' dir='ltr'>εἶναι·</span> <span class='ocrx_word' id='word_1_658' title='bbox 1870 1554 1911 1582; x_wconf 79' lang='grc' dir='ltr'><strong>καὶ</strong></span> 
     </span>
    </p>
   </div>
   <div class='ocr_carea' id='block_1_91' title="bbox 1089 1595 1910 1637">
    <p class='ocr_par' dir='ltr' id='par_1_91' title="bbox 1089 1595 1910 1637">
     <span class='ocr_line' id='line_1_94' title="bbox 1089 1595 1910 1637; baseline 0.005 -14"><span class='ocrx_word' id='word_1_659' title='bbox 1089 1596 1120 1624; x_wconf 82' lang='grc' dir='ltr'>τὺ</span> <span class='ocrx_word' id='word_1_660' title='bbox 1147 1595 1235 1635; x_wconf 85' lang='grc' dir='ltr'>λέγειν</span> <span class='ocrx_word' id='word_1_661' title='bbox 1273 1596 1320 1624; x_wconf 75' lang='grc' dir='ltr'><strong>τὸν</strong></span> <span class='ocrx_word' id='word_1_662' title='bbox 1343 1596 1408 1623; x_wconf 78' lang='grc' dir='ltr'>Θεὸν</span> <span class='ocrx_word' id='word_1_663' title='bbox 1436 1596 1482 1624; x_wconf 80' lang='grc' dir='ltr'>καὶ</span> <span class='ocrx_word' id='word_1_664' title='bbox 1504 1596 1549 1624; x_wconf 79' lang='grc' dir='ltr'><strong>τὸν</strong></span> <span class='ocrx_word' id='word_1_665' title='bbox 1572 1597 1672 1634; x_wconf 85' lang='grc' dir='ltr'>κόσμον</span> <span class='ocrx_word' id='word_1_666' title='bbox 1694 1597 1857 1637; x_wconf 78' lang='grc' dir='ltr'>ἀγεννήτως</span> <span class='ocrx_word' id='word_1_667' title='bbox 1871 1600 1910 1627; x_wconf 84' lang='grc' dir='ltr'><strong>καὶ</strong></span> 
     </span>
    </p>
   </div>
   <div class='ocr_carea' id='block_1_92' title="bbox 1089 1639 1909 1680">
    <p class='ocr_par' dir='ltr' id='par_1_92' title="bbox 1089 1639 1909 1680">
     <span class='ocr_line' id='line_1_95' title="bbox 1089 1639 1909 1680; baseline 0.005 -12"><span class='ocrx_word' id='word_1_668' title='bbox 1089 1640 1308 1679; x_wconf 77' lang='grc' dir='ltr'>αὖτογεννήτους·</span> <span class='ocrx_word' id='word_1_669' title='bbox 1335 1641 1368 1668; x_wconf 73' lang='grc' dir='ltr'><strong>τὸ</strong></span> <span class='ocrx_word' id='word_1_670' title='bbox 1381 1640 1432 1680; x_wconf 76' lang='grc' dir='ltr'><strong>γὰρ</strong></span> <span class='ocrx_word' id='word_1_671' title='bbox 1458 1639 1665 1679; x_wconf 62' lang='grc' dir='ltr'><strong>ιιίιιιιοειτςθὶρακσιον¹</strong></span> <span class='ocrx_word' id='word_1_672' title='bbox 1683 1641 1726 1670; x_wconf 78' lang='grc' dir='ltr'><strong>ἐπὶ</strong></span> <span class='ocrx_word' id='word_1_673' title='bbox 1762 1644 1811 1671; x_wconf 69' lang='grc' dir='ltr'>τοῦ</span> <span class='ocrx_word' id='word_1_674' title='bbox 1847 1646 1909 1672; x_wconf 80' lang='grc' dir='ltr'>Θεοῦ</span> 
     </span>
    </p>
   </div>
   <div class='ocr_carea' id='block_1_93' title="bbox 1089 1683 1905 1727">
    <p class='ocr_par' dir='ltr' id='par_1_93' title="bbox 1089 1683 1905 1727">
     <span class='ocr_line' id='line_1_96' title="bbox 1089 1683 1905 1727; baseline 0.005 -14"><span class='ocrx_word' id='word_1_675' title='bbox 1089 1685 1132 1713; x_wconf 81' lang='grc' dir='ltr'>καὶ</span> <span class='ocrx_word' id='word_1_676' title='bbox 1159 1684 1207 1713; x_wconf 80' lang='grc' dir='ltr'>τοῦ</span> <span class='ocrx_word' id='word_1_677' title='bbox 1222 1685 1323 1723; x_wconf 82' lang='grc' dir='ltr'>κόσμου</span> <span class='ocrx_word' id='word_1_678' title='bbox 1351 1683 1506 1724; x_wconf 80' lang='grc' dir='ltr'>λεγόμενον,</span> <span class='ocrx_word' id='word_1_679' title='bbox 1536 1683 1617 1719; x_wconf 75' lang='grc' dir='ltr'>δηλοῖ</span> <span class='ocrx_word' id='word_1_680' title='bbox 1643 1687 1675 1714; x_wconf 77' lang='grc' dir='ltr'><strong>τὸ</strong></span> <span class='ocrx_word' id='word_1_681' title='bbox 1701 1688 1905 1727; x_wconf 72' lang='grc' dir='ltr'>αὖτογέννητον·</span> 
     </span>
    </p>
   </div>
   <div class='ocr_carea' id='block_1_94' title="bbox 1087 1727 1907 1771">
    <p class='ocr_par' dir='ltr' id='par_1_94' title="bbox 1087 1727 1907 1771">
     <span class='ocr_line' id='line_1_97' title="bbox 1087 1727 1907 1771; baseline 0.005 -13"><span class='ocrx_word' id='word_1_682' title='bbox 1087 1730 1132 1758; x_wconf 86' lang='grc' dir='ltr'>καί</span> <span class='ocrx_word' id='word_1_683' title='bbox 1154 1730 1185 1758; x_wconf 81' lang='grc' dir='ltr'>τὸ</span> <span class='ocrx_word' id='word_1_684' title='bbox 1212 1727 1313 1769; x_wconf 79' lang='grc' dir='ltr'>λέγειν,</span> <span class='ocrx_word' id='word_1_685' title='bbox 1328 1729 1444 1764; x_wconf 84' lang='grc' dir='ltr'>ποιήσας</span> <span class='ocrx_word' id='word_1_686' title='bbox 1458 1729 1492 1758; x_wconf 80' lang='grc' dir='ltr'><strong>τὰ</strong></span> <span class='ocrx_word' id='word_1_687' title='bbox 1504 1727 1566 1768; x_wconf 73' lang='grc' dir='ltr'>τῇδε</span> <span class='ocrx_word' id='word_1_688' title='bbox 1580 1731 1594 1758; x_wconf 82' lang='grc' dir='ltr'><strong>ό</strong></span> <span class='ocrx_word' id='word_1_689' title='bbox 1617 1731 1695 1771; x_wconf 74' lang='grc' dir='ltr'>Θεὸς,</span> <span class='ocrx_word' id='word_1_690' title='bbox 1709 1733 1754 1760; x_wconf 84' lang='grc' dir='ltr'>καὶ</span> <span class='ocrx_word' id='word_1_691' title='bbox 1769 1732 1853 1762; x_wconf 82' lang='grc' dir='ltr'>πάλιν</span> <span class='ocrx_word' id='word_1_692' title='bbox 1866 1734 1907 1771; x_wconf 75' lang='grc' dir='ltr'><strong>τὸ,</strong></span> 
     </span>
    </p>
   </div>
   <div class='ocr_carea' id='block_1_95' title="bbox 1087 1773 1907 1816">
    <p class='ocr_par' dir='ltr' id='par_1_95' title="bbox 1087 1773 1907 1816">
     <span class='ocr_line' id='line_1_98' title="bbox 1087 1773 1907 1816; baseline 0.005 -13"><span class='ocrx_word' id='word_1_693' title='bbox 1087 1773 1135 1803; x_wconf 75' lang='grc' dir='ltr'>οὒκ</span> <span class='ocrx_word' id='word_1_694' title='bbox 1165 1774 1302 1814; x_wconf 76' lang='grc' dir='ltr'><strong>Ιιποίησεν²</strong></span> <span class='ocrx_word' id='word_1_695' title='bbox 1331 1773 1459 1814; x_wconf 80' lang='grc' dir='ltr'>ἕγχρονον</span> <span class='ocrx_word' id='word_1_696' title='bbox 1478 1774 1528 1814; x_wconf 77' lang='grc' dir='ltr'>γὰρ</span> <span class='ocrx_word' id='word_1_697' title='bbox 1558 1775 1595 1807; x_wconf 80' lang='grc' dir='ltr'>ὡς</span> <span class='ocrx_word' id='word_1_698' title='bbox 1615 1776 1646 1804; x_wconf 76' lang='grc' dir='ltr'><strong>τὸ</strong></span> <span class='ocrx_word' id='word_1_699' title='bbox 1659 1776 1797 1816; x_wconf 65' lang='grc' dir='ltr'>εποίησεν,</span> <span class='ocrx_word' id='word_1_700' title='bbox 1826 1778 1907 1810; x_wconf 72' lang='grc' dir='ltr'>οὕτως</span> 
     </span>
    </p>
   </div>
   <div class='ocr_carea' id='block_1_96' title="bbox 1087 1817 1909 1862">
    <p class='ocr_par' dir='ltr' id='par_1_96' title="bbox 1087 1817 1909 1862">
     <span class='ocr_line' id='line_1_99' title="bbox 1087 1817 1909 1862; baseline 0.005 -14"><span class='ocrx_word' id='word_1_701' title='bbox 1087 1819 1132 1848; x_wconf 77' lang='grc' dir='ltr'>καὶ</span> <span class='ocrx_word' id='word_1_702' title='bbox 1156 1819 1187 1847; x_wconf 73' lang='grc' dir='ltr'><strong>τὸ</strong></span> <span class='ocrx_word' id='word_1_703' title='bbox 1216 1819 1344 1854; x_wconf 81' lang='grc' dir='ltr'>ποιήσας·</span> <span class='ocrx_word' id='word_1_704' title='bbox 1374 1819 1418 1847; x_wconf 77' lang='grc' dir='ltr'><strong>καὶ</strong></span> <span class='ocrx_word' id='word_1_705' title='bbox 1431 1819 1464 1847; x_wconf 73' lang='grc' dir='ltr'><strong>τὸ</strong></span> <span class='ocrx_word' id='word_1_706' title='bbox 1475 1817 1564 1859; x_wconf 77' lang='grc' dir='ltr'>λέγειν</span> <span class='ocrx_word' id='word_1_707' title='bbox 1587 1818 1680 1853; x_wconf 77' lang='grc' dir='ltr'>ἂϊδῖως</span> <span class='ocrx_word' id='word_1_708' title='bbox 1707 1823 1909 1862; x_wconf 69' lang='grc' dir='ltr'>συνυφίστασθαι</span> 
     </span>
    </p>
   </div>
   <div class='ocr_carea' id='block_1_97' title="bbox 1086 1863 1911 1902">
    <p class='ocr_par' dir='ltr' id='par_1_97' title="bbox 1086 1863 1911 1902">
     <span class='ocr_line' id='line_1_100' title="bbox 1086 1863 1911 1902; baseline 0.006 -10"><span class='ocrx_word' id='word_1_709' title='bbox 1086 1863 1251 1896; x_wconf 78' lang='grc' dir='ltr'>ἀδιαστάτως</span> <span class='ocrx_word' id='word_1_710' title='bbox 1278 1863 1317 1901; x_wconf 78' lang='grc' dir='ltr'><strong>τῷ</strong></span> <span class='ocrx_word' id='word_1_711' title='bbox 1333 1863 1392 1901; x_wconf 83' lang='grc' dir='ltr'><strong>Θεῷ</strong></span> <span class='ocrx_word' id='word_1_712' title='bbox 1419 1863 1466 1892; x_wconf 81' lang='grc' dir='ltr'>τὸν</span> <span class='ocrx_word' id='word_1_713' title='bbox 1486 1863 1599 1902; x_wconf 78' lang='grc' dir='ltr'>κόσμον,</span> <span class='ocrx_word' id='word_1_714' title='bbox 1616 1865 1662 1894; x_wconf 79' lang='grc' dir='ltr'><strong>τὸν</strong></span> <span class='ocrx_word' id='word_1_715' title='bbox 1679 1867 1711 1894; x_wconf 69' lang='grc' dir='ltr'>ὲκ</span> <span class='ocrx_word' id='word_1_716' title='bbox 1720 1866 1770 1900; x_wconf 76' lang='grc' dir='ltr'><strong>τῆς</strong></span> <span class='ocrx_word' id='word_1_717' title='bbox 1785 1866 1854 1902; x_wconf 77' lang='grc' dir='ltr'>ῧΑης</span> <span class='ocrx_word' id='word_1_718' title='bbox 1868 1873 1911 1901; x_wconf 79' lang='grc' dir='ltr'><strong>και</strong></span> 
     </span>
    </p>
   </div>
   <div class='ocr_carea' id='block_1_98' title="bbox 1088 1906 1909 1953">
    <p class='ocr_par' dir='ltr' id='par_1_98' title="bbox 1088 1906 1909 1953">
     <span class='ocr_line' id='line_1_101' title="bbox 1088 1906 1909 1953; baseline 0.006 -17"><span class='ocrx_word' id='word_1_719' title='bbox 1088 1911 1134 1936; x_wconf 76' lang='grc' dir='ltr'>τοῦ</span> <span class='ocrx_word' id='word_1_720' title='bbox 1147 1906 1234 1953; x_wconf 50' lang='grc' dir='ltr'>εἴδους</span> <span class='ocrx_word' id='word_1_721' title='bbox 1270 1907 1462 1953; x_wconf 51' lang='grc' dir='ltr'>γενηεῶςδιὰ</span> <span class='ocrx_word' id='word_1_722' title='bbox 1474 1908 1616 1942; x_wconf 77' lang='grc' dir='ltr'>συνθέσεως</span> <span class='ocrx_word' id='word_1_723' title='bbox 1640 1909 1690 1944; x_wconf 69' lang='grc' dir='ltr'>τὴν</span> <span class='ocrx_word' id='word_1_724' title='bbox 1713 1910 1824 1952; x_wconf 75' lang='grc' dir='ltr'>ὕπαρξιν</span> <span class='ocrx_word' id='word_1_725' title='bbox 1840 1913 1909 1953; x_wconf 80' lang='grc' dir='ltr'>παρᾶ</span> 
     </span>
    </p>
   </div>
   <div class='ocr_carea' id='block_1_99' title="bbox 1087 1951 1910 1997">
    <p class='ocr_par' dir='ltr' id='par_1_99' title="bbox 1087 1951 1910 1997">
     <span class='ocr_line' id='line_1_102' title="bbox 1087 1951 1910 1997; baseline 0.006 -16"><span class='ocrx_word' id='word_1_726' title='bbox 1087 1956 1133 1982; x_wconf 86' lang='grc' dir='ltr'>τοῦ</span> <span class='ocrx_word' id='word_1_727' title='bbox 1160 1951 1322 1997; x_wconf 75' lang='grc' dir='ltr'>δημιουργοῦ</span> <span class='ocrx_word' id='word_1_728' title='bbox 1348 1951 1474 1981; x_wconf 77' lang='grc' dir='ltr'>λαϐόντα⁸</span> <span class='ocrx_word' id='word_1_729' title='bbox 1508 1953 1552 1981; x_wconf 82' lang='grc' dir='ltr'><strong>καὶ</strong></span> <span class='ocrx_word' id='word_1_730' title='bbox 1577 1954 1608 1982; x_wconf 78' lang='grc' dir='ltr'><strong>τὸ</strong></span> <span class='ocrx_word' id='word_1_731' title='bbox 1647 1953 1748 1994; x_wconf 78' lang='grc' dir='ltr'>λέγειν,</span> <span class='ocrx_word' id='word_1_732' title='bbox 1780 1951 1910 1997; x_wconf 58' lang='grc' dir='ltr'>ἀφθαριον</span> 
     </span>
    </p>
   </div>
   <div class='ocr_carea' id='block_1_100' title="bbox 1085 1996 1909 2040">
    <p class='ocr_par' dir='ltr' id='par_1_100' title="bbox 1085 1996 1909 2040">
     <span class='ocr_line' id='line_1_103' title="bbox 1085 1996 1909 2040; baseline 0.005 -14"><span class='ocrx_word' id='word_1_733' title='bbox 1085 1998 1130 2026; x_wconf 81' lang='grc' dir='ltr'><strong>καὶ</strong></span> <span class='ocrx_word' id='word_1_734' title='bbox 1157 1997 1269 2037; x_wconf 78' lang='grc' dir='ltr'>φθαρτὸν</span> <span class='ocrx_word' id='word_1_735' title='bbox 1294 1996 1366 2025; x_wconf 75' lang='grc' dir='ltr'>εἶναι</span> <span class='ocrx_word' id='word_1_736' title='bbox 1405 1997 1451 2025; x_wconf 72' lang='grc' dir='ltr'><strong>τὸν</strong></span> <span class='ocrx_word' id='word_1_737' title='bbox 1484 1996 1599 2035; x_wconf 86' lang='grc' dir='ltr'>κόσμον·</span> <span class='ocrx_word' id='word_1_738' title='bbox 1634 1998 1765 2040; x_wconf 71' lang='grc' dir='ltr'>ἄφθαρτον</span> <span class='ocrx_word' id='word_1_739' title='bbox 1793 1996 1857 2038; x_wconf 17' lang='grc' dir='ltr'><strong>μένγ</strong></span> <span class='ocrx_word' id='word_1_740' title='bbox 1871 2005 1909 2039; x_wconf 82' lang='grc' dir='ltr'><strong>τῷ</strong></span> 
     </span>
    </p>
   </div>
   <div class='ocr_carea' id='block_1_101' title="bbox 1087 2040 1906 2086">
    <p class='ocr_par' dir='ltr' id='par_1_101' title="bbox 1087 2040 1906 2086">
     <span class='ocr_line' id='line_1_104' title="bbox 1087 2040 1906 2086; baseline 0.006 -16"><span class='ocrx_word' id='word_1_741' title='bbox 1087 2043 1169 2082; x_wconf 69' lang='grc' dir='ltr'>εἶναι,</span> <span class='ocrx_word' id='word_1_742' title='bbox 1201 2042 1314 2082; x_wconf 79' lang='grc' dir='ltr'>φθαρτὸν</span> <span class='ocrx_word' id='word_1_743' title='bbox 1340 2040 1368 2070; x_wconf 71' lang='grc' dir='ltr'>δὲ</span> <span class='ocrx_word' id='word_1_744' title='bbox 1402 2041 1455 2086; x_wconf 14' lang='lat' dir='ltr'><strong>ei»?</strong></span> <span class='ocrx_word' id='word_1_745' title='bbox 1469 2044 1648 2082; x_wconf 74' lang='grc' dir='ltr'>φρουρεῖσθαι·</span> <span class='ocrx_word' id='word_1_746' title='bbox 1677 2045 1723 2074; x_wconf 87' lang='grc' dir='ltr'>καὶ</span> <span class='ocrx_word' id='word_1_747' title='bbox 1745 2045 1778 2074; x_wconf 76' lang='grc' dir='ltr'><strong>τὸ</strong></span> <span class='ocrx_word' id='word_1_748' title='bbox 1806 2045 1906 2086; x_wconf 71' lang='grc' dir='ltr'>λέγειν,</span> 
     </span>
    </p>
   </div>
   <div class='ocr_carea' id='block_1_102' title="bbox 1056 2085 1906 2130">
    <p class='ocr_par' dir='ltr' id='par_1_102' title="bbox 1056 2085 1906 2130">
     <span class='ocr_line' id='line_1_105' title="bbox 1056 2085 1906 2130; baseline 0.005 -14"><span class='ocrx_word' id='word_1_749' title='bbox 1056 2087 1185 2126; x_wconf 80' lang='grc' dir='ltr'>Βγίνεται</span> <span class='ocrx_word' id='word_1_750' title='bbox 1205 2087 1219 2115; x_wconf 86' lang='grc' dir='ltr'><strong><em>ὁ</em></strong></span> <span class='ocrx_word' id='word_1_751' title='bbox 1252 2086 1367 2124; x_wconf 59' lang='grc' dir='ltr'>κόσμου</span> <span class='ocrx_word' id='word_1_752' title='bbox 1388 2086 1418 2115; x_wconf 81' lang='grc' dir='ltr'><strong>τὸ</strong></span> <span class='ocrx_word' id='word_1_753' title='bbox 1446 2085 1474 2115; x_wconf 67' lang='lat' dir='ltr'><strong>8t</strong></span> <span class='ocrx_word' id='word_1_754' title='bbox 1500 2087 1628 2127; x_wconf 84' lang='grc' dir='ltr'>γεννητὸν</span> <span class='ocrx_word' id='word_1_755' title='bbox 1650 2087 1790 2130; x_wconf 74' lang='grc' dir='ltr'>ἕγχρονον·</span> <span class='ocrx_word' id='word_1_756' title='bbox 1818 2085 1864 2120; x_wconf 80' lang='grc' dir='ltr'><strong>καὶ</strong></span> <span class='ocrx_word' id='word_1_757' title='bbox 1877 2093 1906 2120; x_wconf 71' lang='grc' dir='ltr'><strong>τὸ</strong></span> 
     </span>
    </p>
   </div>
   <div class='ocr_carea' id='block_1_103' title="bbox 1087 2130 1904 2172">
    <p class='ocr_par' dir='ltr' id='par_1_103' title="bbox 1087 2130 1904 2172">
     <span class='ocr_line' id='line_1_106' title="bbox 1087 2130 1904 2172; baseline 0.005 -12"><span class='ocrx_word' id='word_1_758' title='bbox 1087 2131 1216 2172; x_wconf 77' lang='grc' dir='ltr'>ἔγχρονον</span> <span class='ocrx_word' id='word_1_759' title='bbox 1244 2130 1367 2172; x_wconf 74' lang='grc' dir='ltr'>φθαρτόν·</span> <span class='ocrx_word' id='word_1_760' title='bbox 1389 2132 1434 2160; x_wconf 80' lang='grc' dir='ltr'><strong>καὶ</strong></span> <span class='ocrx_word' id='word_1_761' title='bbox 1461 2132 1492 2160; x_wconf 74' lang='grc' dir='ltr'><strong>τὸ</strong></span> <span class='ocrx_word' id='word_1_762' title='bbox 1506 2131 1605 2172; x_wconf 75' lang='grc' dir='ltr'>λέγειν,</span> <span class='ocrx_word' id='word_1_763' title='bbox 1618 2132 1707 2167; x_wconf 71' lang='grc' dir='ltr'>πάσης</span> <span class='ocrx_word' id='word_1_764' title='bbox 1726 2135 1863 2171; x_wconf 73' lang='grc' dir='ltr'>ποιήσεώς</span> <span class='ocrx_word' id='word_1_765' title='bbox 1878 2147 1904 2164; x_wconf 81' lang='grc' dir='ltr'>τε</span> 
     </span>
    </p>
   </div>
   <div class='ocr_carea' id='block_1_104' title="bbox 1086 2175 1904 2219">
    <p class='ocr_par' dir='ltr' id='par_1_104' title="bbox 1086 2175 1904 2219">
     <span class='ocr_line' id='line_1_107' title="bbox 1086 2175 1904 2219; baseline 0.005 -15"><span class='ocrx_word' id='word_1_766' title='bbox 1086 2177 1130 2205; x_wconf 78' lang='grc' dir='ltr'><strong>καὶ</strong></span> <span class='ocrx_word' id='word_1_767' title='bbox 1164 2175 1336 2216; x_wconf 78' lang='grc' dir='ltr'>δημιουργίας</span> <span class='ocrx_word' id='word_1_768' title='bbox 1360 2179 1427 2204; x_wconf 83' lang='grc' dir='ltr'>Θεοῦ</span> <span class='ocrx_word' id='word_1_769' title='bbox 1448 2175 1587 2217; x_wconf 78' lang='grc' dir='ltr'>ὑποδοχὴν</span> <span class='ocrx_word' id='word_1_770' title='bbox 1618 2179 1688 2207; x_wconf 78' lang='grc' dir='ltr'>εἶναι</span> <span class='ocrx_word' id='word_1_771' title='bbox 1716 2179 1764 2207; x_wconf 78' lang='grc' dir='ltr'>τὸν</span> <span class='ocrx_word' id='word_1_772' title='bbox 1791 2180 1904 2219; x_wconf 74' lang='grc' dir='ltr'>κόσμον·</span> 
     </span>
    </p>
   </div>
   <div class='ocr_carea' id='block_1_105' title="bbox 1086 2220 1908 2262">
    <p class='ocr_par' dir='ltr' id='par_1_105' title="bbox 1086 2220 1908 2262">
     <span class='ocr_line' id='line_1_108' title="bbox 1086 2220 1908 2262; baseline 0.007 -13"><span class='ocrx_word' id='word_1_773' title='bbox 1086 2221 1188 2258; x_wconf 75' lang='grc' dir='ltr'>καὶτὸ,</span> <span class='ocrx_word' id='word_1_774' title='bbox 1216 2222 1336 2261; x_wconf 69' lang='grc' dir='ltr'>φθαρτῶν</span> <span class='ocrx_word' id='word_1_775' title='bbox 1358 2221 1398 2258; x_wconf 79' lang='grc' dir='ltr'><strong>μὴ</strong></span> <span class='ocrx_word' id='word_1_776' title='bbox 1425 2221 1498 2250; x_wconf 75' lang='grc' dir='ltr'>εἶναι</span> <span class='ocrx_word' id='word_1_777' title='bbox 1523 2220 1684 2262; x_wconf 74' lang='grc' dir='ltr'>δημιουργὸν</span> <span class='ocrx_word' id='word_1_778' title='bbox 1707 2224 1754 2252; x_wconf 80' lang='grc' dir='ltr'>τὸν</span> <span class='ocrx_word' id='word_1_779' title='bbox 1769 2225 1848 2258; x_wconf 82' lang='grc' dir='ltr'>Θεόν.</span> <span class='ocrx_word' id='word_1_780' title='bbox 1880 2221 1908 2255; x_wconf 79' lang='lat' dir='ltr'><strong>l0</strong></span> 
     </span>
    </p>
   </div>
   <div class='ocr_carea' id='block_1_106' title="bbox 1087 2265 1907 2310">
    <p class='ocr_par' dir='ltr' id='par_1_106' title="bbox 1087 2265 1907 2310">
     <span class='ocr_line' id='line_1_109' title="bbox 1087 2265 1907 2310; baseline 0.006 -16"><span class='ocrx_word' id='word_1_781' title='bbox 1087 2266 1137 2306; x_wconf 83' lang='grc' dir='ltr'><strong>γὰρ</strong></span> <span class='ocrx_word' id='word_1_782' title='bbox 1163 2266 1227 2298; x_wconf 71' lang='grc' dir='ltr'>Θεὸς</span> <span class='ocrx_word' id='word_1_783' title='bbox 1255 2265 1324 2310; x_wconf 78' lang='grc' dir='ltr'>κατὰ</span> <span class='ocrx_word' id='word_1_784' title='bbox 1358 2266 1404 2294; x_wconf 73' lang='grc' dir='ltr'>τὸν</span> <span class='ocrx_word' id='word_1_785' title='bbox 1437 2265 1647 2306; x_wconf 68' lang='grc' dir='ltr'>ἀποκρινάμενον</span> <span class='ocrx_word' id='word_1_786' title='bbox 1676 2267 1750 2298; x_wconf 72' lang='grc' dir='ltr'>οῦδὲν</span> <span class='ocrx_word' id='word_1_787' title='bbox 1777 2268 1907 2310; x_wconf 72' lang='grc' dir='ltr'>ἔγχρονον</span> 
     </span>
    </p>
   </div>
   <div class='ocr_carea' id='block_1_107' title="bbox 1087 2309 1908 2351">
    <p class='ocr_par' dir='ltr' id='par_1_107' title="bbox 1087 2309 1908 2351">
     <span class='ocr_line' id='line_1_110' title="bbox 1087 2309 1908 2351; baseline 0.005 -11"><span class='ocrx_word' id='word_1_788' title='bbox 1087 2317 1172 2340; x_wconf 80' lang='grc' dir='ltr'>ποιεῖ·</span> <span class='ocrx_word' id='word_1_789' title='bbox 1202 2311 1236 2340; x_wconf 76' lang='grc' dir='ltr'><strong>ἰὰ</strong></span> <span class='ocrx_word' id='word_1_790' title='bbox 1259 2309 1287 2338; x_wconf 77' lang='grc' dir='ltr'>δὲ</span> <span class='ocrx_word' id='word_1_791' title='bbox 1318 2309 1433 2350; x_wconf 78' lang='grc' dir='ltr'>γεννητᾶ</span> <span class='ocrx_word' id='word_1_792' title='bbox 1456 2311 1499 2339; x_wconf 79' lang='grc' dir='ltr'>καὶ</span> <span class='ocrx_word' id='word_1_793' title='bbox 1513 2310 1631 2351; x_wconf 70' lang='grc' dir='ltr'>ἕγχρονα</span> <span class='ocrx_word' id='word_1_794' title='bbox 1649 2312 1734 2342; x_wconf 83' lang='grc' dir='ltr'>πάντα</span> <span class='ocrx_word' id='word_1_795' title='bbox 1753 2314 1814 2344; x_wconf 81' lang='grc' dir='ltr'>κατ’</span> <span class='ocrx_word' id='word_1_796' title='bbox 1825 2309 1908 2344; x_wconf 72' lang='grc' dir='ltr'>αὐτόν</span> 
     </span>
    </p>
   </div>
   <div class='ocr_carea' id='block_1_108' title="bbox 1086 2355 1909 2395">
    <p class='ocr_par' dir='ltr' id='par_1_108' title="bbox 1086 2355 1909 2395">
     <span class='ocr_line' id='line_1_111' title="bbox 1086 2355 1909 2395; baseline 0.006 -12"><span class='ocrx_word' id='word_1_797' title='bbox 1086 2357 1159 2384; x_wconf 64' lang='grc' dir='ltr'>ἔστιν</span> <span class='ocrx_word' id='word_1_798' title='bbox 1188 2355 1229 2384; x_wconf 77' lang='grc' dir='ltr'><strong>ἀεὶ</strong></span> <span class='ocrx_word' id='word_1_799' title='bbox 1252 2355 1362 2395; x_wconf 70' lang='grc' dir='ltr'>φθαρτά’</span> <span class='ocrx_word' id='word_1_800' title='bbox 1390 2358 1472 2384; x_wconf 81' lang='grc' dir='ltr'>ταῦτα</span> <span class='ocrx_word' id='word_1_801' title='bbox 1496 2356 1540 2384; x_wconf 85' lang='grc' dir='ltr'><strong>καὶ</strong></span> <span class='ocrx_word' id='word_1_802' title='bbox 1565 2357 1599 2385; x_wconf 79' lang='grc' dir='ltr'><strong>τὰ</strong></span> <span class='ocrx_word' id='word_1_803' title='bbox 1613 2361 1720 2386; x_wconf 62' lang='grc' dir='ltr'>τοιαῦτα</span> <span class='ocrx_word' id='word_1_804' title='bbox 1755 2359 1805 2388; x_wconf 78' lang='grc' dir='ltr'>οὒκ</span> <span class='ocrx_word' id='word_1_805' title='bbox 1839 2359 1909 2388; x_wconf 68' lang='grc' dir='ltr'><strong>ιἐστιν</strong></span> 
     </span>
    </p>
   </div>
   <div class='ocr_carea' id='block_1_109' title="bbox 1087 2399 1907 2444">
    <p class='ocr_par' dir='ltr' id='par_1_109' title="bbox 1087 2399 1907 2444">
     <span class='ocr_line' id='line_1_112' title="bbox 1087 2399 1907 2444; baseline 0.006 -15"><span class='ocrx_word' id='word_1_806' title='bbox 1087 2399 1187 2440; x_wconf 83' lang='grc' dir='ltr'>ἀνδρῶν</span> <span class='ocrx_word' id='word_1_807' title='bbox 1214 2402 1268 2429; x_wconf 84' lang='grc' dir='ltr'>τῶν</span> <span class='ocrx_word' id='word_1_808' title='bbox 1297 2400 1365 2429; x_wconf 79' lang='grc' dir='ltr'>κατὰ</span> <span class='ocrx_word' id='word_1_809' title='bbox 1377 2399 1428 2434; x_wconf 80' lang='grc' dir='ltr'><strong>τὴν</strong></span> <span class='ocrx_word' id='word_1_810' title='bbox 1457 2399 1560 2434; x_wconf 64' lang='grc' dir='ltr'>εἴδησιν</span> <span class='ocrx_word' id='word_1_811' title='bbox 1584 2404 1632 2436; x_wconf 83' lang='grc' dir='ltr'><strong>τῆς</strong></span> <span class='ocrx_word' id='word_1_812' title='bbox 1659 2403 1714 2432; x_wconf 72' lang='grc' dir='ltr'><strong>τῶν</strong></span> <span class='ocrx_word' id='word_1_813' title='bbox 1742 2405 1907 2444; x_wconf 76' lang='grc' dir='ltr'>πραγμάτων</span> 
     </span>
    </p>
   </div>
   <div class='ocr_carea' id='block_1_110' title="bbox 1083 2444 1905 2488">
    <p class='ocr_par' dir='ltr' id='par_1_110' title="bbox 1083 2444 1905 2488">
     <span class='ocr_line' id='line_1_113' title="bbox 1083 2444 1905 2488; baseline 0.006 -15"><span class='ocrx_word' id='word_1_814' title='bbox 1083 2446 1186 2487; x_wconf 75' lang='grc' dir='ltr'>φύσεως</span> <span class='ocrx_word' id='word_1_815' title='bbox 1215 2444 1257 2473; x_wconf 76' lang='grc' dir='ltr'><strong>διὰ</strong></span> <span class='ocrx_word' id='word_1_816' title='bbox 1284 2445 1404 2484; x_wconf 77' lang='grc' dir='ltr'>γενναίας</span> <span class='ocrx_word' id='word_1_817' title='bbox 1439 2444 1594 2479; x_wconf 71' lang='grc' dir='ltr'>ἀποδείξεως</span> <span class='ocrx_word' id='word_1_818' title='bbox 1620 2447 1654 2475; x_wconf 80' lang='grc' dir='ltr'><strong>τὰ</strong></span> <span class='ocrx_word' id='word_1_819' title='bbox 1679 2448 1738 2488; x_wconf 81' lang='grc' dir='ltr'>περὶ</span> <span class='ocrx_word' id='word_1_820' title='bbox 1766 2452 1814 2477; x_wconf 75' lang='grc' dir='ltr'>τοῦ</span> <span class='ocrx_word' id='word_1_821' title='bbox 1841 2453 1905 2478; x_wconf 79' lang='grc' dir='ltr'>Θεοῦ</span> 
     </span>
    </p>
   </div>
   <div class='ocr_carea' id='block_1_111' title="bbox 1083 2488 1904 2532">
    <p class='ocr_par' dir='ltr' id='par_1_111' title="bbox 1083 2488 1904 2532">
     <span class='ocr_line' id='line_1_114' title="bbox 1083 2488 1904 2532; baseline 0.004 -14"><span class='ocrx_word' id='word_1_822' title='bbox 1083 2491 1127 2520; x_wconf 78' lang='grc' dir='ltr'><strong>καὶ</strong></span> <span class='ocrx_word' id='word_1_823' title='bbox 1161 2493 1207 2518; x_wconf 82' lang='grc' dir='ltr'>τοῦ</span> <span class='ocrx_word' id='word_1_824' title='bbox 1241 2489 1343 2528; x_wconf 67' lang='grc' dir='ltr'>κόσμου</span> <span class='ocrx_word' id='word_1_825' title='bbox 1376 2488 1596 2529; x_wconf 77' lang='grc' dir='ltr'>ἀποδεικνύντων,</span> <span class='ocrx_word' id='word_1_826' title='bbox 1621 2490 1690 2520; x_wconf 80' lang='grc' dir='ltr'><strong>ἀλλᾶ</strong></span> <span class='ocrx_word' id='word_1_827' title='bbox 1717 2492 1904 2532; x_wconf 77' lang='grc' dir='ltr'>ῥιψοκινδύνων</span> 
     </span>
    </p>
   </div>
   <div class='ocr_carea' id='block_1_112' title="bbox 1083 2534 1902 2576">
    <p class='ocr_par' dir='ltr' id='par_1_112' title="bbox 1083 2534 1902 2576">
     <span class='ocr_line' id='line_1_115' title="bbox 1083 2534 1902 2576; baseline 0.006 -12"><span class='ocrx_word' id='word_1_828' title='bbox 1083 2534 1239 2575; x_wconf 67' lang='grc' dir='ltr'>ἀνθρώπων,</span> <span class='ocrx_word' id='word_1_829' title='bbox 1270 2534 1323 2563; x_wconf 83' lang='grc' dir='ltr'>τῶν</span> <span class='ocrx_word' id='word_1_830' title='bbox 1349 2534 1418 2563; x_wconf 77' lang='grc' dir='ltr'>κατὰ</span> <span class='ocrx_word' id='word_1_831' title='bbox 1451 2534 1503 2569; x_wconf 70' lang='grc' dir='ltr'><strong>τὴν</strong></span> <span class='ocrx_word' id='word_1_832' title='bbox 1528 2534 1718 2576; x_wconf 71' lang='grc' dir='ltr'>ἀναισχυντίαν</span> <span class='ocrx_word' id='word_1_833' title='bbox 1751 2538 1784 2567; x_wconf 77' lang='grc' dir='ltr'>τδ</span> <span class='ocrx_word' id='word_1_834' title='bbox 1812 2538 1902 2568; x_wconf 79' lang='grc' dir='ltr'>δοκοῦν</span> 
     </span>
    </p>
   </div>
   <div class='ocr_carea' id='block_1_113' title="bbox 1083 2579 1902 2624">
    <p class='ocr_par' dir='ltr' id='par_1_113' title="bbox 1083 2579 1902 2624">
     <span class='ocr_line' id='line_1_116' title="bbox 1083 2579 1902 2624; baseline 0.006 -17"><span class='ocrx_word' id='word_1_835' title='bbox 1083 2580 1175 2612; x_wconf 75' lang='grc' dir='ltr'>αὐτοῖς</span> <span class='ocrx_word' id='word_1_836' title='bbox 1203 2579 1262 2619; x_wconf 82' lang='grc' dir='ltr'><strong>περὶ</strong></span> <span class='ocrx_word' id='word_1_837' title='bbox 1297 2582 1345 2608; x_wconf 76' lang='grc' dir='ltr'>τοῦ</span> <span class='ocrx_word' id='word_1_838' title='bbox 1379 2580 1446 2608; x_wconf 88' lang='grc' dir='ltr'>Θεοῦ</span> <span class='ocrx_word' id='word_1_839' title='bbox 1475 2580 1520 2609; x_wconf 77' lang='grc' dir='ltr'><strong>καὶ</strong></span> <span class='ocrx_word' id='word_1_840' title='bbox 1546 2583 1593 2610; x_wconf 78' lang='grc' dir='ltr'>τοῦ</span> <span class='ocrx_word' id='word_1_841' title='bbox 1618 2581 1724 2620; x_wconf 81' lang='grc' dir='ltr'>κόσμου</span> <span class='ocrx_word' id='word_1_842' title='bbox 1753 2582 1902 2624; x_wconf 65' lang='grc' dir='ltr'>ἀποφαινο-</span> 
     </span>
    </p>
   </div>
   <div class='ocr_carea' id='block_1_114' title="bbox 1084 2636 1182 2663">
    <p class='ocr_par' dir='ltr' id='par_1_114' title="bbox 1084 2636 1182 2663">
     <span class='ocr_line' id='line_1_117' title="bbox 1084 2636 1182 2663; baseline 0 -11"><span class='ocrx_word' id='word_1_843' title='bbox 1084 2636 1182 2663; x_wconf 85' lang='grc' dir='ltr'>μενων.</span> 
     </span>
    </p>
   </div>
   <div class='ocr_carea' id='block_1_115' title="bbox 1124 2667 1907 2712">
    <p class='ocr_par' dir='ltr' id='par_1_115' title="bbox 1124 2667 1907 2712">
     <span class='ocr_line' id='line_1_118' title="bbox 1124 2667 1907 2712; baseline 0.008 -16"><span class='ocrx_word' id='word_1_844' title='bbox 1124 2667 1154 2698; x_wconf 74' lang='grc'><strong>2.</strong></span> <span class='ocrx_word' id='word_1_845' title='bbox 1186 2669 1220 2697; x_wconf 81' lang='grc' dir='ltr'><strong>Τὸ</strong></span> <span class='ocrx_word' id='word_1_846' title='bbox 1249 2668 1276 2696; x_wconf 75' lang='grc' dir='ltr'>δὲ</span> <span class='ocrx_word' id='word_1_847' title='bbox 1305 2669 1420 2704; x_wconf 72' lang='grc' dir='ltr'>κακίζειν</span> <span class='ocrx_word' id='word_1_848' title='bbox 1433 2669 1482 2707; x_wconf 72' lang='grc' dir='ltr'>μὲν</span> <span class='ocrx_word' id='word_1_849' title='bbox 1496 2672 1546 2703; x_wconf 82' lang='grc' dir='ltr'><strong>τῆς</strong></span> <span class='ocrx_word' id='word_1_850' title='bbox 1564 2674 1609 2698; x_wconf 84' lang='grc' dir='ltr'><strong>τοῦ</strong></span> <span class='ocrx_word' id='word_1_851' title='bbox 1625 2672 1691 2700; x_wconf 83' lang='grc' dir='ltr'>Θεοῦ</span> <span class='ocrx_word' id='word_1_852' title='bbox 1705 2672 1734 2700; x_wconf 64' lang='grc' dir='ltr'>ἐν</span> <span class='ocrx_word' id='word_1_853' title='bbox 1756 2675 1796 2710; x_wconf 80' lang='grc' dir='ltr'><strong>τῷ</strong></span> <span class='ocrx_word' id='word_1_854' title='bbox 1809 2672 1907 2712; x_wconf 66' lang='grc' dir='ltr'>οὖρανῷ</span> 
     </span>
    </p>
   </div>
  </div>
