1967 3076
76 126 147 159 145³1
518 127 765 165 QUIESTIONES
785 127 884 158 CHRI:

961 128 1029 160 NJE
1049 129 1100 160 AD
1120 128 1287 161 GRAECOS.
1671 129 1750 162 1458

71 192 194 226 οἰκήσεως
222 193 270 226 τὴν
298 191 378 230 λέξιν,
406 193 443 224 ὡς
470 192 510 230 μὴ
534 191 683 230 πρέπουσαν
698 194 766 229 Θεῷ,
783 191 884 231 ἀνθρώ-

961 192 1003 223 elo
1019 192 1242 232 habitationem,
1259 197 1292 225 ut
1311 194 1373 226 Deo
1397 183 1580 236 indécoram,
1594 195 1750 227 hominum

72 247 126 264 πων
153 236 207 264 ἐστὶ
228 240 281 265 τῶν
309 236 428 277 ἑχόντων
443 235 460 261 6
473 239 526 264 τῶν
541 235 647 266 ἀτόπως
670 235 823 274 λεγομένων
837 236 884 269 τὴν

962 239 973 266 t
995 246 1054 268 non
1081 236 1309 278 intelligentium
1334 238 1406 279 quid
1419 238 1459 269 sit
1472 238 1601 271 absurde
1621 239 1747 272 dictum.

71 279 206 314 αἴσθησιν.
236 276 267 309 Ἠ
296 276 345 320 γὰρ
361 281 529 320 κακέμφατος
543 279 611 313 λέξις
637 279 806 320 κακὲμφατον
828 279 884 320 ἔχει

965 280 1036 312 tios"
1054 281 1134 312 enim
1149 276 1237 313 dictio
1254 276 1389 314 vitiosum
1402 283 1492 314 habet
1502 287 1532 315 et
1545 293 1679 316 sensum.
1689 283 1749 316 Nos

71 325 112 353 καὶ
121 325 168 359 τὴν
195 325 308 357 ἔννοιαν.
325 321 420 362 Ἡμεῖς
447 325 475 353 δὲ
504 326 550 354 οὐκ
579 324 712 362 ὲθὴκαμεν
726 323 754 352 ἒν
768 327 802 362 τῇ
816 323 884 364 ἐρω-

961 330 1025 355 ltem
1038 335 1096 356 non
1108 326 1296 366 posuimusin
1305 327 1537 367 interrogatione
1550 328 1748 369 vituperatum

70 370 142 404 τήσει
165 370 211 398 τὸν
239 371 335 409 τρόπον
349 372 398 403 τῆς
426 372 473 398 τοὺ
495 372 561 398 Θεοῦ
575 369 603 397 ἐν
616 369 655 406 τῷ
679 371 779 414 οῦρανῷ
807 368 884 403 οἰκή-

961 378 1139 410 responsore
1154 370 1348 412 modum,quo
1356 371 1435 403 Deus
1446 371 1557 404 habitat
1566 372 1597 403 in
1604 368 1748 414 cmlo,sed

70 425 146 454 σεως,
173 413 203 442 ὃν
230 415 244 442 ὁ
287 414 497 453 ἀποκρινάμενος
526 412 655 442 διέϐαλεν·
686 412 755 441 ἀλλὰ.
789 413 831 450 τὸ,
857 413 884 441 Ei

961 423 969 444 ι
986 424 993 446 :
1009 414 1040 446 Si
1055 414 1219 454 ingenitum
1238 419 1282 447 est
1297 416 1416 455 cmlum,
1438 426 1499 448 non
1513 420 1559 448 est
1572 417 1637 455 Dei,
1654 412 1688 449 et
1697 412 1747 458 qui

69 458 208 498 ἀγέννητός
237 458 307 487 ἐστιν
331 459 345 487 ὁ
380 459 502 498 οὐρανὸς,
532 458 580 487 οὒκ
614 458 671 486 ’ἐστι
687 461 734 486 τοῦ
748 461 827 487 Θεοῦ·
842 458 884 486 καὶ

961 462 1029 490 cunt
1041 459 1136 491 Deum
1147 459 1178 490 in
1193 468 1229 490 eo
1243 459 1423 499 habitare,id
1433 461 1464 492 in
1474 462 1682 493 contumeliam
1692 457 1749 493 Dei

68 504 92 531 οί
118 502 238 543 λέγοντες
265 510 400 532 κατοικεῖν
428 504 474 532 τὸν
517 503 583 532 Θεὸν
605 502 632 531 ἐν
659 504 742 542 αὐτῷ,
757 501 799 542 ἐφ’
814 501 884 541 ὕϐρει

961 507 1027 534 sunt
1038 503 1196 535 habitantis
1206 504 1237 535 in
1251 504 1325 537 ccelo
1335 514 1397 536 non
1412 506 1595 538 suo.Solium
1611 510 1709 537 autem
1718 510 1749 538 et

69 547 170 588 λέγουσι
203 552 251 577 τοῦ
274 552 340 577 Θεοῦ
368 551 552 579 κατοικοῦντος
579 546 606 575 ἐν
636 551 675 584 τῷ
711 547 811 586 οὖρανῷ
838 548 884 576 οὒκ

961 556 1048 578 imum
1065 547 1120 579 Dei
1131 548 1257 580 dicimus
1266 549 1388 591 celum,
1403 559 1464 581 non
1485 550 1563 591 quod
1574 559 1609 582 eo
1617 550 1748 591 indigeat

67 592 153 622 αὐτοῦ.
184 593 268 622 οἶκον
303 592 389 621 δὲκαὶ
429 592 520 631 θρόνον
554 591 668 632 λέγομεν
689 594 737 620 τοῦ
751 595 816 619 Θεου
839 591 884 619 τὸν

972 591 1177 631 habitandum,
1200 602 1268 624 cum
1288 590 1573 635 incircumscriptus,
1588 603 1623 627 ac
1636 590 1747 627 nullius

67 638 184 676 οὖρανὸν,
215 640 266 678 οὐχ
281 639 318 670 ὡς
332 641 378 667 τοῦ
394 641 459 667 Θεοῦ
473 638 567 667 τούτου
578 638 643 677 πρὸς
659 636 766 671 οἴκησιν
785 636 802 670 ἢ
818 637 884 676 πρὸς

961 635 967 665 i
983 645 1103 676 prorsus
1118 636 1238 677 indigus
1252 637 1362 670 sit.Sed
1370 648 1409 670 ne
1422 639 1654 679 magnitudinem
1668 639 1748 671 illius

68 681 189 722 καθέδραν
234 682 391 723 χρῄζοντος,
431 682 627 723 ὰπεριγράπτοο
669 682 711 722 κρὶ
748 680 884 713 ὰνενδεοῦς

964 679 1126 712 δείειθηῑὶω
1146 685 1176 712 et
1187 681 1500 723 incorruptibilitatem
1511 683 1683 715 substantiae
1696 683 1746 714 in-

67 726 201 760 παντελῶς
228 727 407 767 ὑπάρχοντος⁶
433 726 493 755 ἀλλ’
517 727 565 756 ’ίνοι
579 727 618 765 μὴ
639 727 705 766 πρὸς
726 727 757 755 τὸ
772 725 884 765 μέγεθος

961 728 1041 756 entes
1054 724 1147 756 Deum
1162 725 1237 757 illud
1251 730 1303 758 aut
1322 727 1435 759 honore
1446 727 1558 768 aequale
1573 728 1634 759 Deo
1646 727 1747 768 suspi-

66 774 114 805 τῆς
140 773 218 801 αὐτοῦ
244 772 425 810 ὑποστάσεως,
447 773 492 800 καὶ
512 772 543 800 τὸ
566 770 695 812 ἄφθαρτον
722 771 772 804 τῆς
798 770 884 803 οὐσίας

962 778 1038 807 mur;
1051 774 1208 811 propterea
1221 779 1360 802 vocamus
1375 771 1448 803 illud
1459 772 1580 803 domum
1596 775 1626 803 et
1638 772 1746 803 solium

66 818 142 845 αὐτοῦ
167 816 329 857 ἀφορῶντες,
356 818 421 846 Θεὸν
442 820 546 854 τοῦτον,
568 816 587 851 ἢ
602 816 720 853 ἰσότιμον
736 818 795 853 Θεῷ
813 815 884 843 ὁπο-

961 813 1038 851 ιῌιὶε
1054 815 1224 846 nominibus
1231 815 1268 846 ab
1274 815 1434 847 omniillud
1441 815 1572 847 cumDeo
1579 817 1747 848 secundum

65 859 198 898 λάϐωμεν,
228 860 271 890 διὰ
298 865 376 891 τοῦτο
391 862 555 900 ὀνομάζομεν
575 862 653 890 αὺτὸν
668 860 746 889 οἶκον
761 860 804 888 καὶ
818 859 882 900 θρό-

961 859 995 889 55
1003 858 1196 891 substantiam
1212 864 1242 891 et
1256 859 1428 892 substantiae
1441 860 1656 901 appellationes
1668 870 1749 892 com-

64 916 108 934 νον
134 908 181 934 τοῦ
207 909 284 935 Θεοῦ⁹
319 906 426 939 ταύταις
451 912 511 939 ταῖς
536 905 689 944 ὀνομασίαις
717 904 806 938 πάσης
831 907 880 938 τῆς

961 903 1065 935 unione
1079 904 1541 941 excludentes.Quemadmodum
1551 904 1632 937 enim
1641 905 1748 937 domus

64 950 128 988 πρὸς
155 950 201 978 τὸν
225 951 290 979 Θεὸν
313 950 373 979 κατ’
399 951 488 980 οὖσίαν
516 951 560 979 καὶ
582 950 650 978 κατὰ
664 950 710 982 τὰς
723 951 777 990 τῆςΔ
793 949 880 980 οὐσίας

967 947 1074 978 solium
1090 948 1254 988 posteriora
1264 953 1332 980 sunt
1340 958 1376 981 eo
1387 949 1438 990 qui
1446 949 1496 981 illa
1504 949 1630 990 fecit,ita
1639 949 1747 981 coelum

63 987 240 1034 προσηγορίας
277 995 414 1027 κοινωνίας
455 995 533 1023 mare»
568 994 738 1035 χωρίζοντες.
770 987 881 1031 ’Ὥσπερ

963 992 1069 1023 sterius
1083 987 1192 1030 Deo,ut
1201 993 1335 1033 genitum
1346 987 1490 1034 ingenito.
1505 987 1588 1031 Quod
1602 994 1628 1025 si
1637 994 1747 1026 ccelum

63 1039 113 1077 γὰρ
137 1039 151 1067 δ
181 1038 257 1072 οἶκος
270 1041 314 1068 καὶ
335 1039 349 1068 ὀ
372 1040 462 1079 θρόνος
478 1038 583 1079 ὕστερός
598 1038 653 1066 ἐστι
670 1042 716 1067 τοῦ
728 1037 881 1071 πεποιηκό-

967 1037 1125 1076 praesentia
1139 1038 1368 1078 incorruptibile
1376 1038 1579 1079 dicimus,non
1592 1038 1694 1070 itidem
1699 1043 1747 1079 ,ut

63 1094 107 1114 τος
135 1084 225 1118 αὐτὸν,
264 1083 346 1117 οὕτως
373 1085 418 1112 καὶ
441 1085 455 1112 ὃ
479 1084 588 1124 οὐρανὸς
614 1083 722 1122 ὕστερός
746 1082 801 1111 ἐστι
818 1099 820 1101 τ
836 1084 882 1110 ⁸τεοῦ

961 1081 1257 1122 ιοηιῄηεοιτυριίδίιθ
1272 1082 1411 1114 dicimus.
1427 1083 1502 1114 Nam
1517 1082 1597 1114 Deus
1612 1082 1747 1115 increate

63 1131 140 1167 Θεοῦ,
165 1128 202 1160 ὡς
232 1129 358 1168 γεννητὸς
387 1132 433 1158 τοῦ
458 1129 615 1168 ὰγεννήτου.
646 1128 694 1157 Καὶ
709 1128 731 1155 εί
752 1126 880 1167 ἄφθαρτον

974 1135 1027 1157 sua
1041 1126 1134 1166 ipsius
1149 1126 1279 1158 essentia
1294 1130 1323 1158 et
1336 1126 1519 1167 sempiterno
1534 1127 1625 1158 habet
1645 1127 1747 1159 incor-

62 1171 175 1211 λέγομεν
202 1173 248 1201 τὸν
275 1174 384 1213 οὖρανὸν
410 1174 441 1201 τὸ
464 1177 520 1214 νῦν,
561 1172 590 1201 οὒ
617 1172 776 1209 συνωνύμως
803 1171 880 1199 αὐτὸν

961 1170 1160 1210 ptibilitatem;
1172 1171 1281 1203 cmlum
1295 1175 1394 1203 autem
1409 1177 1509 1203 create
1524 1180 1560 1203 ex
1575 1171 1629 1203 Dei
1644 1171 1748 1203 volun-

62 1217 102 1254 τῷ
128 1218 185 1254 Θεῷ
212 1217 374 1256 ὀνομάζομὲν
389 1218 531 1258 ἄφθαρτον
558 1218 572 1245 ὃ
588 1217 635 1254 μὲν
652 1216 701 1256 γὰρ
717 1216 781 1248 Θεὸς
803 1215 880 1243 ἀκτί-

961 1223 980 1245 e
995 1214 1085 1246 habet
1107 1215 1423 1256 incorruptibilitatem
1437 1216 1474 1248 ad
1490 1225 1576 1247 usum
1591 1216 1747 1255 praesentis

61 1271 133 1293 στως
161 1261 191 1290 ἐκ
225 1264 274 1296 τῆς
303 1264 384 1292 αὑτοῦ
409 1263 499 1295 οὐσίας
526 1262 570 1290 καὶ
585 1260 677 1293 ἂϊδίως
693 1261 724 1289 τὸ
752 1258 882 1300 ἄφθαρτον

961 1263 1040 1297 us,et
1055 1258 1179 1299 impleto
1191 1269 1247 1291 usu
1256 1260 1286 1291 in
1298 1260 1388 1291 alium
1399 1260 1577 1293 transfertur
1590 1259 1746 1302 incorrup-

61 1306 133 1346 ἔχει·
148 1307 163 1334 ὁ
188 1305 216 1334 δὲ
245 1308 354 1346 οὐρανὸς
366 1309 478 1340 κτιστῶς
507 1307 537 1335 ἐκ
554 1309 600 1340 τῆς
628 1308 676 1334 τοῦ
692 1309 758 1335 Θεοῦ
785 1303 883 1343 βουλή-

961 1303 1069 1335 ιίιίίοιίε
1084 1304 1216 1335 modum.
1232 1304 1306 1336 Nam
1320 1306 1371 1346 qui
1383 1304 1466 1337 dedit
1479 1305 1506 1336 ei
1514 1304 1594 1336 Deus
1610 1305 1747 1344 corporis

60 1360 129 1382 σεως
158 1350 216 1391 ἔχει
246 1351 276 1379 τὸ
302 1350 432 1392 ἄφθαρτον
454 1352 520 1391 πρὸς
549 1350 598 1385 τιὶν
630 1350 724 1390 χρείαν
737 1352 791 1378 τῶν
805 1347 879 1387 τῇδε·

961 1348 1156 1388 ιειιίιιιᾶίηοιη
1166 1353 1304 1390 quantam
1319 1349 1484 1390 voluit,non
1499 1352 1641 1390 quantum
1652 1349 1748 1390 potuit

60 1395 105 1423 καὶ
146 1394 332 1435 πληρωθείσης
374 1396 423 1430 τῆς
453 1395 558 1436 χρείας,
594 1395 630 1427 εἷς
658 1394 746 1434 ἕτερον
783 1393 881 1433 τρόπον

961 1393 1079 1424 aluisset
1097 1393 1177 1424 enim
1201 1393 1275 1425 illud
1289 1393 1382 1426 multo
1399 1394 1505 1435 majus,
1521 1402 1609 1434 quam
1625 1397 1680 1432 est,
1698 1393 1744 1425 fa-

60 1439 204 1479 ἀφθαρσίας
233 1440 419 1480 μεταφέρεται,
445 1440 476 1470 ’0
505 1441 555 1480 γὰρ
580 1438 700 1471 δεδωκὼς
715 1438 785 1492 αὺξῷ
815 1439 879 1492 Θὶὸς

961 1444 1097 1489 re),nunc
1111 1437 1176 1489 ipse
1184 1438 1297 1492 statuit,
1360 1438 1489 1480 propriis
1498 1438 1607 1469 ﬁnibus
1617 1438 1746 1492 circum:

59 1483 185 1521 σώματος
213 1484 336 1525 μέγεθος,
368 1485 429 1514 ὅσον
457 1483 594 1519 ἠϐουλήθη
615 1484 659 1512 καὶ
674 1484 722 1524 οὐχ
745 1481 807 1511 ὅσον
821 1481 881 1515 ἠδυ-

961 1483 1065 1523 riptum
1078 1482 1109 1513 in
1123 1482 1403 1523 incorruptibilitate
1417 1486 1590 1524 permaneat
1604 1491 1699 1524 usque
1707 1483 1745 1514 ad

59 1529 128 1563 νήθη
153 1527 277 1568 (ἡδένατο
301 1530 351 1569 γὰρ
366 1532 476 1563 ποιῆσαι
505 1529 584 1557 αὐτόν
612 1530 649 1566 τῷ
673 1527 778 1567 μεγέθει
812 1526 881 1555 πολύ

961 1536 1040 1567 npus
1055 1536 1155 1559 rerum
1170 1528 1200 1558 in
1213 1527 1318 1560 melius
1340 1527 1609 1567 transmutationis,
1635 1536 1747 1560 secun-

59 1572 166 1610 μείζονα
194 1573 212 1608 ἢ
250 1573 315 1613 ὅπερ
341 1573 421 1614 ἐστί),
451 1577 495 1602 νῦν
524 1573 602 1605 αὐτός
638 1572 717 1602 αὐτόν
746 1570 819 1604 ἔταξε
842 1573 881 1608 τῷ

964 1581 992 1602 m
1005 1571 1095 1603 ﬁdem
1108 1571 1353 1611 orthodoxorum,
1367 1571 1419 1613 qui
1433 1580 1472 1604 ex
1485 1571 1621 1604 doctrina
1636 1572 1748 1611 cogniti

58 1617 148 1654 οἰκείῳ
168 1617 222 1658 ὅρῳ
247 1618 275 1647 ἐν
309 1618 438 1658 ἀφθαρσίᾳ
474 1617 616 1655 διαμένειν,
642 1616 694 1647 ἓως
714 1618 761 1644 τοῦ
789 1618 880 1654 καιροῦ

961 1615 994 1646 sis
1006 1615 1061 1647 Dei
1075 1615 1170 1648 Deum
1181 1620 1426 1657 cognoverunt,et
1436 1616 1601 1648 secundum
1614 1616 1747 1649 testimo-

58 1664 109 1696 τῆς
137 1666 191 1690 τῶν
216 1662 299 1692 ὄντων
327 1664 364 1695 εἰς
388 1669 418 1691 τό
434 1669 556 1702 κρεῖττον
586 1660 789 1700 μεταποιήσεως
812 1660 880 1689 κατὰ

961 1670 1005 1691 um
1019 1661 1216 1702 responsoris.

56 1709 108 1743 τὴν
122 1710 210 1737 πίστιν
224 1711 277 1738 τῶν
291 1709 450 1749 ὁρθοδόξων,
467 1711 520 1737 τῶν
535 1708 566 1737 ἐκ
580 1706 748 1739 διδασκαλίας
768 1709 815 1735 τοῦ
829 1706 991 1746 γνωσθέντος
1018 1707 1110 1740 αὐτοῖς
1131 1711 1197 1737 Θεοῦ
1211 1709 1277 1737 Θεὸν
1290 1707 1459 1749 ἐγνωκότων,
1474 1708 1519 1737 καὶ
1534 1707 1597 1749 (99)
1614 1708 1682 1737 κατὰ
1697 1708 1747 1743 τὴν

56 1754 202 1794 μαρτυρίαν
218 1759 264 1784 τοῦ
279 1753 503 1794 ἀποκριναμένου,

239 1804 325 1830 ΠΡΟΣ
340 1791 425 1830 rorz
450 1791 632 1830 ’ἘΛΛΗΝΑΣ
650 1797 707 1839 (1).

100 1846 142 1877 α’,
160 1845 192 1874 Ἦ
204 1846 278 1884 φύσις
306 1847 324 1880 ἡ
360 1846 470 1874 ποιοῦσα
495 1845 528 1873 τὰ
551 1844 658 1885 φύσικὰ,
676 1843 721 1872 ἐὰν
736 1842 775 1881 μὴ
791 1852 879 1882 προη-

1142 1797 1342 1832 ADVERSUS
1363 1797 1533 1831 GRECOS.

964 1845 994 1877 1.
1009 1845 1119 1876 Natura
1132 1854 1198 1886 quae
1220 1844 1291 1876 facit
1311 1844 1467 1886 naturalia,
1483 1844 1542 1877 nisi
1563 1845 1645 1886 prius
1658 1845 1696 1877 ab
1712 1855 1747 1878 eo

56 1889 196 1930 γουμένως
225 1891 330 1930 γίνηται
354 1891 404 1919 ὑπό
425 1894 471 1920 τοῦ
486 1890 525 1928 μὴ
546 1890 614 1918 κατὰ
629 1889 704 1929 φύσιν
725 1888 879 1924 ποιοῦντος,

961 1893 997 1920 :ta
1011 1889 1060 1927 sit,
1078 1889 1129 1930 qui
1147 1899 1183 1921 ex
1209 1893 1318 1922 natura
1341 1899 1403 1921 non
1427 1889 1498 1929 agit,
1514 1898 1611 1931 neque
1634 1890 1749 1922 exsistit

56 1935 118 1964 οὗτε
132 1934 247 1976 ὑπάρχει
262 1934 321 1964 οὔτε
335 1942 423 1966 ποιεῖ.

99 1978 141 2018 β’.
167 1974 233 2009 ι’δτι
252 1981 304 2020 οὐχ
335 1979 426 2013 ἁπλῶς
454 1983 507 2009 πᾶν
520 1982 630 2020 πρᾶγμα
645 1976 774 2017 γεννητόν
796 1986 826 2004 τε
838 1976 882 2004 καὶ

56 2027 171 2064 φθαρτόν
198 2024 225 2052 ὲν
253 2019 416 2064 γενέσει
441 2026 501 2065 ἔχει
525 2019 570 2053 τόν
596 2024 745 2062 τετραμερῆ
770 2019 879 2061 χρόνον,

56 2068 151 2108 ἀρχὴν
180 2070 224 2098 καὶ
247 2068 374 2106 ἐπίδοσιν,
403 2064 494 2108 ἇκμῆν
509 2069 553 2097 καὶ
581 2067 736 2106 παρακμὴν,
754 2065 823 2094 ἀλλὰ
851 2064 881 2094 τό

57 2114 137 2154 φὺσειι
158 2113 176 2147 ἦ
191 2113 274 2153 νέχνῃ
281 2113 432 2153 γινόμενον,

100 2147 140 2197 γ’.
157 2158 187 2186 Εἰ
213 2147 273 2189 έότξ
287 2147 429 2198 Σἧμιιξιεέροις
460 2158 571 2195 ὀνόμασι
606 2155 731 2185 καλεῖται
759 2154 774 2183 ὃ
817 2152 882 2184 Θεός

923 1943 1020 1975 neque
1035 1934 1115 1965 facit.

963 1980 994 2009 2.
1010 1980 1076 2011 Non
1091 1979 1268 2020 simpliciter
1279 1978 1419 2020 qualibet
1432 1987 1481 2010 res
1488 1978 1588 2019 genita
1602 1980 1633 2011 et
1647 1987 1747 2011 corru-

924 2023 1036 2064 ptibilis
1048 2025 1078 2055 in
1093 2024 1285 2064 generatione
1298 2022 1544 2065 quadripertitum
1559 2027 1687 2064 tempus,
1702 2033 1750 2055 or-

925 2072 986 2099 tum
997 2074 1026 2100 et
1037 2072 1166 2107 auctum,
1184 2069 1312 2108 vigerem
1327 2071 1357 2100 et
1371 2072 1522 2099 senectam
1539 2067 1696 2107 habet,sed
1713 2078 1749 2101 ea

923 2122 988 2153 quae
1003 2117 1110 2144 natura
1124 2113 1173 2144 vel
1188 2117 1252 2144 arte
1267 2113 1308 2144 ﬁt.

965 2159 993 2189 3.
1011 2157 1042 2189 Si
1057 2157 1227 2189 nominibus
1245 2156 1354 2188 nostris
1368 2156 1448 2188 Deus
1462 2157 1642 2198 appelletur,
1657 2157 1748 2200 quid-

58 2186 114 2231 πᾶν
130 2201 157 2230 εἴ
171 2213 197 2230 τι
219 2186 355 2243 καλεῖται,
371 2186 419 2231 ὸῦκ
433 2186 623 2241 ἔστινιᾶνάγκη
640 2200 746 2229 ἔπεσθαι
759 2200 798 2235 τῷ
825 2197 883 2236 Θεῷ

961 2186 994 2234 id
1011 2186 1751 2244 {gnata};gaias,“n;aassg';oasiuthis-

57 2246 104 2275 διὰ
128 2245 160 2274 τό
188 2245 285 2284 ὄνομα,
301 2246 350 2275 ὅσα
365 2246 456 2276 ἕπεται
471 2248 509 2284 τῷ
534 2245 654 2285 ἣμιτέρῳ
682 2244 804 2281 ὀνόματι.
823 2247 883 2288 Κει-

963 2256 1041 2288 nque
1055 2251 1156 2278 nostro
1171 2247 1309 2287 adjuncta
1324 2250 1393 2278 sunt
1407 2245 1532 2285 nomini,
1547 2255 1583 2278 ea
1602 2247 1665 2279 Deo
1677 2256 1745 2288 pro-

56 2291 151 2319 λεῖτιιι
176 2290 204 2318 δὲ
226 2292 239 2318 ἱ)
261 2291 325 2322 Θεός
342 2292 386 2319 καὶ
407 2290 518 2326 ἀλήθεια
534 2291 577 2318 καὶ
596 2289 705 2329 ἀγαθός·
723 2287 767 2316 καὶ
784 2289 818 2325 τῇ
833 2287 883 2324 μὲν

961 2287 1114 2323 ετίηοιηοιι
1128 2291 1338 2332 adjungantur.
1353 2290 1485 2323 Vocatur
1506 2295 1606 2323 autem
1628 2287 1708 2324 Deus
1719 2296 1749 2324 et

58 2334 175 2372 ἀὶηθείᾳ
189 2334 332 2364 ἀντίκειται
349 2336 378 2364 τό
394 2335 501 2373 ψεῦδος,
538 2335 576 2372 τῷ
610 2333 637 2362 δὲ
662 2332 754 2372 ἆγαθῷ
777 2331 808 2360 τό
831 2341 884 2359 κα-

961 2336 1031 2367 ritas
1046 2340 1076 2367 et
1087 2331 1194 2367 bonus.
1209 2336 1252 2367 Ac
1264 2336 1377 2367 veritati
1392 2335 1511 2373 falsum,
1528 2335 1607 2367 bono
1622 2337 1749 2377 opponi-

57 2380 120 2409 κόν·
151 2380 191 2417 τῷ
215 2378 242 2407 δὲ
272 2381 330 2417 Θεῷ
360 2379 433 2409 οὐδὲν
454 2380 609 2410 ἀντίκειται.
633 2378 716 2408 Τοῦτο
731 2376 770 2423 μὴ
786 2377 883 2423 νοήσαις

961 2389 975 2411 r
987 2380 1096 2411 malum
1113 2391 1120 2410 :
1133 2380 1193 2412 Deo
1209 2385 1310 2413 autem
1323 2379 1397 2411 nihil
1412 2380 1581 2421 opponitur.
1603 2376 1669 2412 Hoc
1681 2381 1750 2423 quia

59 2427 76 2454 ὁ
108 2423 221 2453 Πλάτων
248 2425 399 2453 ὑπεναντίον
435 2436 460 2453 τι
481 2423 638 2464 ἐδογμάτισε
653 2424 692 2460 τῷ
712 2422 782 2461 Θεῶ,
805 2420 884 2448 κακόν

964 2429 1010 2456 ato
1025 2425 1183 2467 ignoravit,
1200 2425 1382 2457 contrarium
1396 2424 1540 2465 quiddam
1555 2424 1616 2457 Deo
1632 2420 1750 2468 statuit,

59 2469 214 2508 ἀναγκαῖόν
228 2479 257 2498 τε
271 2469 315 2498 καὶ
326 2469 425 2501 αῒδιον,

102 2540 121 2566 θ
135 2541 207 2582 Leg.
222 2543 270 2571 οὒκ
286 2541 418 2583 ἐχόντων,

107 2607 170 2648 (99)
183 2608 237 2639 Vel
251 2608 412 2640 delendum
427 2611 483 2648 καὶ,
501 2609 543 2641 σοι
567 2607 740 2640 vertendum
759 2605 888 2648 :pmnp,

60 2652 99 2690 ut
113 2646 316 2690 etresponsor
333 2654 466 2688 testatur,
477 2646 697 2690 "cognoverunt.
710 2663 748 2670 —
762 2646 814 2677 Ea:
823 2646 888 2677 Ad-

61 2688 179 2720 dendis
191 2688 218 2720 ut
234 2689 448 2721 Emendandis.

106 2728 150 2767 (ί)
166 2730 233 2771 Ψρδς
245 2730 305 2761 τοὺς
319 2730 478 2765 ’Ἐλλητοις.
494 2729 547 2762 Hae
559 2728 736 2771 quaestiopes
755 2725 822 2771 sive
831 2724 889 2757 ob-

64 2765 264 2812 servationes,
290 2779 357 2809 quas
384 2770 532 2812 praecipue
555 2765 745 2812 Krlstotelem
767 2765 890 2812 feriunt,

64 2779 264 2805 servauone,
290 2779 357 2809 quas
403 2779 532 2812 rateipue
555 2779 745 2802 Al'lSIOlOlem
767 2779 890 2806 tonum,

63 2808 213 2850 apposita;
223 2808 342 2841 fuerunt
352 2819 370 2842 a
438 2810 586 2853 Stephano
602 2807 717 2842 duobus
727 2806 812 2848 locis,
826 2808 892 2848 pri-

929 2469 1038 2501 malum
1052 2470 1254 2502 necessarium
1270 2475 1300 2503 et
1314 2473 1469 2501 azternum.

931 2615 1012 2648 mum
1024 2607 1143 2648 quidem
1159 2610 1225 2648 post
1238 2605 1476 2648 (tonfutationem
1493 2605 1751 2648 Aristgtelicorum

930 2645 1111 2687 dogmatum,
1127 2645 1238 2678 deinde
1252 2645 1510 2687 postrQuaastiones
1522 2645 1750 2687 et_Responsio-
1778 2683 1782 2686 ,

930 2685 984 2718 nes
998 2687 1035 2718 ad
1049 2685 1261 2720 orthodoxosri
1272 2686 1343 2724 Sed,
1357 2685 1437 2727 quod
1459 2685 1577 2727 mireris
1593 2685 1672 2727 tanto
1685 2687 1752 2727 _viro

929 2727 1181 2768 excidisse,multo
1194 2725 1378 2768 accuratiora
1384 2727 1447 2758 hinc
1456 2725 1566 2768 suntin
1574 2725 1675 2768 priore
1684 2725 1751 2768 loco

954 2777 1021 2798 uam
1035 2767 1067 2798 in
1078 2765 1299 2810 postremo,ubi
1311 2767 1399 2800 etiam
1408 2765 1562 2799 nonnullis
1575 2765 1691 2798 lacunis
1699 2766 1752 2799 de-

945 2811 1057 2840 ιιι-ωειλ
1064 2812 1145 2840 sunt.
