1967 3076
218 140 294 172 1459

566 140 773 173 ΑΡΡΕΝΒΙΧ.
798 156 835 162 -
859 139 965 171 PARS.
990 139 1014 169 Ι.

1115 136 1239 168 USTINI
1261 137 1385 169 OPERA
1406 137 1556 169 SPURIA.

1833 131 1916 164 1460

255 208 284 239 4.
303 207 367 240 Non
379 211 423 240 est
438 208 597 248 quidquam
611 207 688 247 quod
704 207 752 247 sil,
770 207 841 247 quin
857 205 968 246 aliquid
984 204 1020 235 sit

1128 203 1163 236 δ’.
1178 204 1232 234 Οὔκ
1259 204 1315 233 ἔστι
1342 215 1367 233 τι
1390 204 1419 233 ἄν
1447 203 1487 242 μὴ
1512 203 1571 233 τόδε
1600 214 1624 231 τι
1653 202 1693 231 ὅν·
1711 201 1773 231 οἷον
1789 202 1841 230 οὒκ
1853 199 1915 228 ’ἐστι

215 253 308 284 veluti
332 262 439 293 corpus
460 262 518 283 non
544 254 590 284 est
614 251 686 291 quin
709 251 766 282 tale
780 260 888 291 corpus
903 251 951 281 sit.
966 251 1003 280 At
1017 248 1043 280 si

217 297 387 334 materia,ut
411 297 467 328 tale
489 295 638 337 quidpiam
656 295 704 335 sit,
717 305 777 326 non
792 295 881 326 habet
900 303 996 334 neque
1012 297 1042 324 ut

217 342 267 379 sit,
284 341 394 374 habet:
412 351 478 372 nam
493 340 603 381 aliquid
620 349 688 370 esse
703 340 835 380 separari
846 339 882 370 ab
901 348 966 370 esse
984 347 1042 369 non

216 389 325 426 potest.

258 431 287 460 5.
306 431 416 462 Natura
433 433 464 462 et
478 438 510 460 as
525 439 541 460 e
555 428 730 460 substantiis
745 428 866 466 faciunt,
883 437 948 469 qum
971 427 1040 468 qui-

216 475 283 507 dem
301 475 422 512 faciunt;
439 474 531 505 veluti
548 477 653 505 natura
669 482 685 504 e
700 477 764 504 satu
779 477 859 504 creat.
875 473 1038 508 hominem,

217 524 246 551 et
258 523 353 550 satum
377 529 412 550 ex
430 519 550 550 homine
569 529 576 550 :
594 517 765 549 substantiae
788 522 886 549 autem
916 521 995 557 sunt,
1012 520 1042 547 et

217 568 310 602 satus,
323 568 352 595 et
366 564 466 595 homo.
486 563 627 594 Similiter
647 566 676 592 et
698 566 778 594 artes
795 571 830 593 ex
852 571 910 592 mre
932 562 1044 592 faciunt

217 613 356 649 statuam,
373 612 431 640 ete
444 608 587 639 lateribus
603 607 743 639 domum:
761 607 931 638 substantia:
946 610 1042 636 autem

217 657 285 684 sunt
301 657 330 684 et
340 662 379 684 aes
395 656 426 685 et
441 653 559 684 lateres.
577 651 679 691 Itaque
695 652 718 681 si
736 653 858 683 materia
879 650 1044 682 substantia

217 707 276 729 non
289 698 339 734 sit,
354 698 422 738 quis
437 701 482 728 est
497 697 547 737 qui
562 706 598 728 ex
613 697 675 736 ipsa
699 696 770 727 facit
794 705 828 728 ea
852 705 916 736 qua:
929 705 962 726 ex
979 695 1043 734 ipsa

217 743 301 779 ﬁunt,
317 751 384 773 cum
402 746 504 773 natura
527 745 555 772 et
576 749 624 771 ars
639 740 750 781 aliquid
769 749 802 772 ex
824 749 870 778 eo,
889 740 967 780 quod
985 749 1043 771 non

217 790 262 818 est
276 785 449 824 substantia,
463 786 560 818 facere
573 789 741 826 nequeant?

1083 251 1162 287 σῶμα
1185 249 1225 288 μή
1237 249 1296 278 τόδε
1325 250 1403 288 σῶμα
1425 249 1470 290 (2)
1505 248 1546 279 ὅν.
1572 247 1646 277 Ἀλλ’
1662 249 1684 276 εἰ
1695 248 1713 282 ἧ
1728 246 1782 280 ὕλη
1795 245 1828 274 τὸ
1842 247 1917 273 εἶναι

1083 293 1143 322 τόδε
1172 295 1218 323 οὒκ
1246 294 1318 335 ἔχει,
1334 294 1388 323 οὐδ’
1405 294 1455 333 ἂρα
1469 294 1500 323 τὸ
1514 295 1582 322 εἶναι
1598 292 1671 333 ἔχει·
1688 292 1846 332 ἀχώριστον
1862 290 1916 330 γὰρ

1083 341 1129 367 τοῦ
1144 339 1217 368 εἶναι
1231 339 1262 368 τὸ
1277 339 1336 369 τόδε
1351 339 1436 370 εἶναι,

1121 427 1159 460 ε’.
1191 423 1223 457 Ἠ
1251 429 1327 469 φύσις
1355 429 1400 457 καὶ
1426 429 1444 463 ἡ
1459 427 1545 468 τέχνη
1560 427 1591 456 ἐκ
1604 429 1657 455 τῶν
1673 425 1768 455 οὐσιῶν
1789 428 1915 454 ποιοῦσιν

1081 472 1148 512 ἅπερ
1175 475 1307 502 ποιοῦσιν·
1338 473 1398 502 οἷον
1429 473 1460 502 ἐκ
1476 472 1630 513 σπέρματος
1645 477 1721 500 ποιεῖ
1735 472 1753 505 ἡ
1770 470 1852 510 φύσις
1869 470 1913 497 τὸν

1082 517 1229 558 ἄνθρωπον,
1256 518 1301 547 καὶ
1325 517 1351 552 ἐξ
1381 518 1517 558 ἀνθρώπω
1547 518 1579 546 τὸ
1616 516 1734 555 σπέρμαο
1771 515 1861 544 οὖσίαι

1085 555 1134 591 εἶσί
1161 563 1192 591 τό
1220 555 1249 591 τε
1277 563 1382 603 σπέρμα
1410 555 1454 592 καὶ
1481 564 1496 591 ὁ
1511 560 1815 602 ἄνθρωπος.Ὠσαύτως
1830 559 1877 588 καὶ
1889 555 1914 586 αἱ

1084 607 1179 647 τέχναι
1214 611 1332 637 ποιοῦσιν
1362 607 1392 636 ἐκ
1420 608 1467 636 τοῦ
1495 606 1600 648 χαλκοῦ
1624 605 1780 645 ἀνδριάντα,
1808 604 1856 632 καὶ
1887 603 1915 631 ἐκ

1084 651 1197 681 πλίνθων
1230 652 1324 681 οἰκίανθ
1355 652 1439 681 οδσίατ
1465 651 1493 681 δέ
1523 653 1586 681 εἰσιν
1608 652 1623 679 ὅ
1651 662 1680 680 τε
1691 649 1797 691 χαλκὸς
1820 649 1868 677 καὶ
1891 650 1914 676 αἱ

1084 695 1197 728 πλίνθοι.
1226 698 1315 727 Τοίνυν
1341 699 1390 732 τῆς
1415 696 1481 732 ὕλης
1511 696 1600 729 οὐσίας
1610 697 1658 725 οὒκ
1678 694 1827 732 οὔσης,τίς
1843 693 1913 722 ἐστιν

1085 742 1100 769 ὁ
1128 741 1242 776 ποιὴσας
1257 740 1284 775 ἐξ
1313 742 1394 776 αὒτῆς
1421 742 1455 771 τὰ
1468 742 1600 782 γεγονότα
1635 740 1661 774 ἐξ
1676 740 1759 773 αὖτῆς
1780 738 1843 779 (3),
1868 741 1913 771 τῆς

1085 784 1186 826 φύσεώς
1213 797 1243 814 τε
1269 787 1314 816 καὶ
1338 789 1387 821 τῆς
1414 787 1514 828 τέχνης
1544 786 1723 819 ἀδυνατούσης
1737 790 1831 813 ποιεῖν
1848 794 1874 812 τι
1887 785 1914 811 ει

1086 831 1125 868 μὴ
1139 831 1227 863 οὐσίας
1243 839 1251 869 ;

256 877 286 906 6.
314 876 356 913 Si,
378 878 410 905 ut
434 874 475 905 ait
503 873 689 912 Aristoteles,
707 882 814 914 corpus
839 877 932 904 exstat
949 882 1036 914 nequt

1127 874 1181 912 ς’.
1199 876 1238 913 El,
1256 876 1343 909 καθώς
1359 887 1440 917 φησιν
1456 872 1656 915 Ἀριστοτέλης,
1673 875 1731 904 ἔστι
1749 877 1830 910 σῶμα
1846 872 1912 910 μήτε

216 928 303 959 grave
318 928 414 959 neque
429 919 505 957 leve,
520 928 575 949 nec
591 927 682 949 unum
692 927 727 949 ex
741 921 866 958 quatuor
878 918 1045 959 elementis,

221 957 278 994 ne:
295 973 330 994 ex
345 957 470 1004 quatuor
494 963 651 994 elementis
676 957 826 1000 constans;
845 962 995 1000 videlicet,
1021 957 1047 992 si

218 1007 275 1039 hoc
290 1017 392 1038 verum
408 1011 464 1044 est,
481 1016 589 1047 corpus
605 1007 660 1037 erit
677 1015 732 1037 nec
747 1006 874 1037 calidum
890 1016 942 1037 nec
960 1006 1045 1046 trigi-

218 1051 300 1089 dum,
317 1051 363 1082 vel
388 1056 492 1082 natura
517 1052 562 1082 vel
590 1051 793 1091 perpessione.
817 1051 889 1082 Nam
907 1051 983 1091 quod
1001 1047 1046 1082 vel

218 1100 323 1127 natura
332 1095 403 1127 554
413 1096 459 1126 vel
472 1095 681 1136 perpesssione
696 1095 824 1126 calidum
841 1100 891 1126 aut
908 1094 1046 1135 frigidum

218 1144 274 1180 est,
290 1140 335 1171 vel
361 1150 452 1171 unum
469 1149 485 1171 e
497 1144 620 1181 quatuor
635 1139 794 1170 elementis
809 1146 866 1179 est,
882 1141 926 1170 vel
943 1149 959 1170 e
972 1148 1047 1179 qua-

218 1188 286 1216 tuor
300 1188 414 1216 constat
426 1185 592 1216 elementis.
610 1184 692 1220 Quod
705 1184 730 1215 si
742 1193 851 1224 corpus
862 1193 920 1214 non
933 1189 977 1214 est
992 1193 1048 1215 nec

218 1233 322 1261 natura
337 1239 392 1260 nec
403 1228 598 1270 perpessione
611 1229 739 1260 calidum
758 1234 808 1260 aut
827 1228 978 1269 frigidum,
997 1238 1049 1260 ne-

219 1283 278 1315 que
293 1274 383 1306 etiam
400 1283 507 1314 corpus
522 1274 579 1305 erit
595 1283 649 1304 nec
665 1282 750 1313 grave
763 1283 817 1304 nec
828 1274 1048 1314 leve,quodque

219 1328 275 1350 nec
292 1322 418 1359 quatuor
441 1319 655 1349 elementorum
673 1327 764 1348 unum
780 1318 828 1355 sit,
847 1327 901 1348 nec
917 1327 951 1348 ex
971 1327 1046 1358 qua-

223 1367 290 1394 tuor
303 1367 418 1395 constet
432 1362 761 1398 elcmentis.Quomodo
772 1371 842 1402 ergo
853 1362 980 1393 calidum
997 1362 1047 1393 di-

222 1408 413 1439 citaetberem
429 1407 466 1438 ob
482 1411 593 1438 motum
607 1407 738 1438 ccelestis
750 1407 928 1447 corporis,et
943 1415 1048 1438 eorum

221 1461 286 1492 quae
301 1452 330 1482 in
344 1452 394 1483 illo
411 1456 564 1483 moventur
580 1451 828 1492 corporum?Quaa
842 1452 921 1482 enim
939 1451 1047 1482 motio-

221 1495 310 1527 nibus
334 1497 513 1528 calefaciunt
535 1505 671 1536 corpora,
690 1496 771 1535 prius
795 1496 858 1536 ipsa
875 1495 1048 1535 icalescunt,

221 1550 308 1582 quam
325 1550 360 1572 ea
375 1550 440 1582 qua;
455 1541 490 1572 ab
507 1541 579 1581 ipsis
591 1540 721 1572 calorem
736 1540 918 1580 concipiunt:
931 1540 1009 1579 quod
1025 1538 1050 1582 si_

1086 920 1162 958 βαρὺ,
1189 920 1258 957 μῆτε
1277 924 1385 960 κοῦφον,
1410 921 1479 959 μήτε
1494 921 1522 950 ἓν
1538 923 1591 949 τῶν
1604 920 1739 959 τεσσάρων
1752 917 1911 957 στοιχείων,

1088 964 1157 1002 μήτε
1179 963 1209 992 ἐκ
1239 965 1293 993 τῶν
1309 966 1442 1004 τεσσάρων
1459 966 1614 1006 στοιχείων,
1630 964 1711 999 δῆλον
1725 963 1778 999 ὅτι,
1802 963 1824 990 εί
1841 961 1912 994 ἀλη-

1087 1009 1130 1041 θὲς
1151 1012 1238 1046 τοῦτο,
1269 1008 1341 1037 ἔσται
1373 1008 1418 1049 (4)
1442 1013 1520 1048 σῶμα
1540 1010 1610 1048 μήτε
1638 1009 1733 1047 θερμὸν
1761 1007 1835 1045 μῆτε
1861 1008 1912 1043 ψυ-

1087 1053 1165 1093 χρὸν,
1178 1054 1247 1091 μὴτε
1262 1054 1330 1082 κατὰ
1342 1055 1430 1095 φύσιν,
1448 1055 1517 1092 μήτε
1534 1055 1601 1082 κατὰ
1616 1054 1709 1086 πάθος·
1727 1052 1759 1080 τὸ
1771 1051 1824 1092 γὰρ
1845 1050 1911 1078 κατᾶ

1086 1098 1163 1137 φύσιν
1197 1098 1215 1132 ἢ
1229 1099 1296 1127 κατὰ
1310 1099 1392 1132 πάθος
1412 1100 1508 1138 θερμὸν
1524 1099 1541 1134 ἢ
1564 1099 1680 1138 ψυχρὸν²
1703 1097 1721 1132 ἥ
1737 1099 1792 1124 τῶν
1815 1095 1910 1124 τεσσά-

1087 1153 1139 1181 ρων
1161 1144 1302 1182 στοιχείων
1318 1143 1398 1181 ἐσνὶν,
1414 1143 1433 1178 ἢ
1449 1144 1478 1172 ἐκ
1495 1143 1537 1183 (5)
1553 1146 1606 1171 τῶν
1619 1142 1754 1182 τεσσάρων
1770 1141 1829 1170 ἐστὶ
1844 1151 1899 1169 enm

1087 1187 1180 1227 χείων.
1215 1188 1243 1216 Εἰ
1271 1186 1298 1215 δὲ
1332 1191 1410 1226 σῶμα
1434 1189 1481 1217 οὒκ
1498 1188 1554 1216 ἔστι
1584 1188 1653 1226 μήτε
1675 1186 1743 1215 κατὰ
1758 1185 1839 1225 φύσιν
1852 1186 1910 1223 θερ-

1088 1232 1138 1269 μὸν
1153 1231 1171 1266 ἢ
1186 1232 1305 1271 ψυρχρὸν
1321 1233 1390 1269 μήτε
1405 1233 1473 1261 κατὰ
1487 1232 1581 1269 πάθος,
1598 1231 1652 1260 οὔδ’
1668 1231 1717 1271 ἄρα
1732 1230 1775 1270 (6)
1791 1230 1849 1258 ἐστὶ
1864 1232 1910 1257 σῶ-

1089 1287 1127 1314 μα
1157 1277 1226 1314 μήτε
1251 1277 1327 1316 βαρὺ,
1355 1277 1424 1315 μήτε
1450 1280 1560 1318 κοῦφον,
1576 1278 1645 1315 μήτε
1666 1277 1694 1306 ἓν
1709 1275 1762 1304 τῶν
1777 1274 1910 1313 τεσσάρων

1088 1320 1241 1360 στοιχείων,
1257 1322 1326 1358 μήτε
1339 1321 1369 1350 ἐκ
1383 1322 1517 1361 τεσσάρων
1529 1325 1683 1362 στοιχείων,
1699 1323 1761 1352 Πῶς
1776 1319 1824 1348 οὖν
1839 1319 1909 1357 λέγει

1088 1366 1184 1405 θερμὸν
1214 1365 1285 1394 εἶναι
1320 1367 1365 1394 τὸν
1380 1366 1469 1405 αἰθέρα
1491 1365 1533 1395 διὰ
1545 1366 1596 1400 τὴν
1610 1366 1714 1399 κίνησιν
1729 1367 1776 1393 τοῦ
1794 1364 1910 1399 οὗρανίου

1090 1410 1215 1448 σώματος
1240 1410 1283 1438 καὶ
1318 1414 1371 1439 τῶν
1400 1410 1427 1439 ἐν
1452 1412 1524 1448 αὒτῷ
1548 1410 1710 1448 κινουμένων
1725 1409 1911 1447 σωμάτων;ῒὰ

1090 1455 1140 1494 γὰρ
1168 1454 1232 1487 ταῖς
1256 1455 1376 1490 κινήσεσι
1391 1455 1564 1494 θερμαίνοντα
1579 1456 1691 1492 σώματα
1705 1455 1757 1493 πρὸ
1772 1457 1829 1482 τῶν
1853 1455 1911 1492 θερ-

1092 1499 1259 1537 μαινομένων
1273 1499 1313 1539 (7)
1329 1498 1374 1528 ὑπ’
1385 1502 1473 1530 αὐτῶν
1487 1500 1662 1538 θερμαίνεται.
1679 1498 1754 1527 Ἀλλ’
1771 1499 1796 1526 εί
1811 1498 1912 1537 θερμαί-

1091 1546 1173 1582 νεται,
1199 1543 1292 1582 δῆλον,
1320 1543 1439 1573 ὅτιχατᾶ
1454 1545 1535 1577 πάθος
1552 1545 1729 1584 θερμαίνεται·
1747 1544 1770 1571 εἱ
1797 1543 1827 1571 δὲ
1849 1542 1912 1571 κατὰ

221 1579 416 1625 incalescunt,
434 1579 575 1617 nimirum
593 1585 786 1626 perpessione
803 1579 1000 1615 incalescunt.
1018 1583 1036 1616 S

1115 1579 1186 1628 άθοξ,
1202 1579 1294 1625 δῆλον,
1310 1589 1351 1617 ὃτι
1366 1590 1410 1617 καὶ
1425 1588 1483 1617 κατ’
1499 1579 1640 1618 ἀλλοίωσιν
1655 1587 1732 1628 (8)·εἰ
1747 1587 1777 1615 δὲ
1793 1586 1910 1616 χατ¹ἆλ-

220 1639 289 1660 vero
306 1631 625 1670 perpessione,nempe
642 1630 813 1661 mutatione.
829 1630 859 1661 Si
877 1629 1047 1661 mutatione.

224 1675 363 1706 contrarii
378 1675 408 1705 in
426 1675 606 1706 contrarium
623 1675 789 1706 mutatione
805 1674 953 1705 videlicet.
969 1675 1051 1706 Con-

222 1719 343 1750 trarium
365 1727 433 1751 vero
456 1719 558 1758 frigori
574 1723 617 1750 est
633 1719 714 1750 calor
736 1730 742 1748 :
761 1719 900 1759 quocirca
915 1727 931 1749 e
948 1719 1051 1759 frigido

223 1767 373 1794 mutantur
387 1763 416 1794 in
433 1763 575 1796 calidum.
590 1763 648 1795 Sed
664 1762 734 1804 quia
750 1763 862 1794 nullum
888 1773 994 1803 corpus
1009 1769 1053 1796 est

222 1807 301 1848 quod
316 1817 333 1838 e
348 1808 456 1848 frigido
467 1809 497 1838 in
507 1808 635 1840 calidum
649 1807 841 1848 perpessione
854 1813 1054 1846 mutetur,nec

223 1856 321 1884 tamen
337 1857 463 1893 quatuor
474 1853 690 1884 elementorum
702 1862 794 1884 unum
810 1853 858 1890 sit,
871 1858 920 1883 aut
935 1863 967 1884 ex
983 1862 1054 1894 qua-

223 1904 290 1930 tuor
304 1901 420 1928 constet
434 1897 603 1935 elementis;
626 1901 784 1937 propterea
807 1906 916 1936 corpus
932 1898 1053 1929 caeleste

223 1954 282 1992 non
293 1945 385 1992 aliud
401 1949 447 1977 est
462 1946 704 1992 elementum_ab
733 1945 890 1992 elementis
915 1951 1051 1992 quatuor;

222 1990 320 2020 caleﬁt
334 1990 412 2021 enim
426 1990 631 2031 perpessione,
644 1990 716 2021 dum
728 1990 859 2030 efrigido
876 1990 906 2021 in
922 1990 1051 2023 calidum

223 2038 363 2065 mutatur.

262 2080 292 2110 ‘7.
311 2079 354 2115 Si,
366 2088 431 2119 quae
447 2087 528 2110 motu
545 2079 686 2110 caleﬁunt
700 2080 953 2120 corpora,majore
971 2084 1051 2112 motu

222 2123 315 2163 magis
330 2123 488 2154 caleﬁunt:
506 2124 666 2164 quomodo,
681 2124 707 2156 si
723 2125 887 2155 secundum
905 2125 1053 2156 Aristote-

221 2169 281 2200 lem
297 2168 339 2199 sol
358 2177 464 2209 Lcrpus
479 2172 525 2200 est
544 2179 603 2200 non
619 2172 724 2201 natura
741 2169 869 2200 calidum
887 2170 940 2200 sed
957 2173 1049 2206 motu,

1093 1633 1210 1671 λοίωσιν,
1226 1632 1319 1674 δῆλον¹
1335 1633 1375 1662 ὅτι
1390 1634 1433 1662 καὶ
1449 1634 1517 1663 κατὰ
1531 1632 1694 1672 μεταϐολήν·
1710 1633 1733 1661 εὶ
1747 1631 1776 1660 δὲ
1787 1632 1860 1660 κατὰ
1870 1643 1913 1669 με·

1092 1677 1219 1716 ταϐολὴν,
1237 1677 1329 1716 δῆλον,
1342 1677 1383 1708 ὅτι
1397 1680 1427 1707 ἐκ
1441 1682 1486 1707 τοῦ
1501 1678 1617 1708 ἐναντίου
1629 1679 1665 1709 εἷς
1682 1677 1711 1705 τὸ
1727 1677 1849 1705 ἐναντίον
1865 1687 1911 1714 με-

1093 1721 1263 1754 ταϐάλλεται.
1290 1722 1421 1752 Ἐναντίον
1436 1721 1464 1752 δὲ
1482 1726 1521 1760 τῷ
1535 1725 1623 1762 θερμῷ
1637 1723 1667 1751 τὸ
1682 1722 1801 1762 ψυχρόν
1827 1721 1858 1750 ὲχ
1872 1726 1912 1750 τοῦ

1093 1770 1198 1807 ψυχροῦ
1225 1766 1275 1806 ἄρα
1290 1769 1326 1800 εἱς
1351 1768 1381 1796 τὸ
1394 1767 1489 1807 θερμὸν
1507 1766 1712 1805 μεταϐάλλεται.
1741 1765 1810 1795 Ἀλλ
1825 1765 1912 1799 ἐπειδὴ

1093 1813 1140 1840 οὐχ
1173 1811 1229 1840 ἔστι
1257 1815 1335 1849 σῶμα
1362 1813 1394 1840 εκ
1427 1816 1474 1841 τοῦ
1489 1814 1593 1852 ψυχροῦ
1625 1812 1661 1843 εἰς
1676 1812 1706 1840 τὺ
1734 1812 1834 1850 θερμὸν
1850 1811 1913 1838 uti

1092 1856 1173 1888 πάθος
1202 1854 1446 1894 μεταϐαλλόμενον,
1475 1857 1515 1890 μὴ
1532 1856 1559 1885 ὅν
1575 1857 1645 1894 μήτε
1658 1855 1684 1884 ἔν
1699 1858 1754 1884 τῶν
1781 1855 1912 1890 τεσσάρων

1093 1900 1246 1941 στοιχείων,
1276 1901 1345 1938 μήτε
1375 1900 1406 1930 ἐκ.
1431 1904 1483 1930 τῶν
1512 1901 1647 1941 τεσσάρων
1681 1900 1838 1940 στοιχείων,
1875 1899 1913 1928 διὰ

1093 1948 1171 1974 τοῦτο
1199 1946 1246 1974 οῦκ
1260 1944 1315 1974 ἔστι
1343 1947 1375 1974 τὸ
1402 1946 1520 1986 οὐράνιον
1549 1948 1628 1983 σῶμα
1654 1945 1743 1984 ἕτερον
1775 1945 1912 1985 στοιχεῖον

1093 1990 1165 2028 παρὰ
1197 1990 1231 2019 τὰ
1258 1989 1373 2029 τέσσαρα
1403 1992 1542 2031 στοιχεῖα.
1573 1991 1745 2030 Θερμαίνεται
1774 1989 1825 2028 γὰρ
1849 1989 1913 2017 κατᾶ

1092 2035 1175 2066 πάθος
1201 2033 1230 2062 ἐκ
1262 2037 1308 2063 τοῦ
1323 2037 1426 2075 ψυχροῦ
1446 2036 1482 2068 εἷς
1502 2035 1533 2063 τὸ
1547 2036 1643 2074 θερμὸν
1666 2033 1909 2073 μεταϐαλλόμενον.

1132 2079 1156 2115 ζ’
1177 2080 1207 2108 EI
1233 2080 1267 2107 τὰ
1282 2079 1312 2108 ἐκ
1327 2083 1375 2113 τῆς
1390 2081 1521 2115 κινήσεως
1535 2080 1729 2119 θερμαινδμενα
1753 2079 1866 2116 σώματα
1877 2082 1912 2114 τῷ

1094 2123 1193 2152 πλείονι
1205 2126 1255 2157 τῆς
1270 2125 1402 2159 κινήσεως
1417 2124 1547 2157 πλειὸνως
1562 2124 1816 2164 θερμαίνεται,πῶς,
1829 2123 1851 2150 εἰ
1864 2134 1914 2150 κα-

1095 2169 1124 2198 τὰ
1136 2169 1182 2196 τὸν
1196 2168 1384 2206 Ἀριστοτέλην
1398 2169 1477 2207 σῶμά
1497 2169 1567 2197 ἐστιν
1584 2170 1598 2198 δ
1611 2168 1698 2206 ἣλιος,
1714 2168 1744 2196 οὗ
1756 2168 1825 2195 κατὰ
1840 2168 1915 2207 ςσῦσιν

222 2221 281 2243 non
299 2214 411 2258 majore
424 2218 518 2258 motui
536 2213 629 2253 magis
651 2214 748 2245 caleﬁt
763 2214 808 2245 vel
835 2214 982 2251 calefacit,
998 2223 1036 2246 εει

1115 2214 1200 2253 ιρμὸν,
1213 2212 1283 2258 άλλὰ
1311 2214 1379 2242 κατὰ
1394 2214 1510 2251 κίνησιν,
1538 2217 1577 2252 τῷ
1591 2213 1694 2242 πλείονι
1710 2211 1752 2251 (9)
1765 2214 1816 2245 τῆς
1833 2213 1914 2258 κινήῖ

222 2265 342 2297 semper
356 2257 387 2288 in
403 2255 499 2289 motus
512 2257 713 2298 inaqualitate
728 2258 871 2299 aequalem
883 2258 993 2290 retinet
1004 2268 1036 2290 ca

1115 2268 1159 2290 ιως
1192 2257 1321 2289 πλειὸνως
1343 2257 1401 2287 οὕτε
1425 2258 1592 2298 θερμαίνεται
1609 2257 1667 2287 οὔτε.
1689 2257 1836 2296 θερμαίνει,
1855 2255 1914 2284 ἀλλ’

223 2300 331 2332 torem?

265 2424 308 2470 (2)
322 2425 367 2470 ιρι
381 2424 544 2470 τόδεσῶμα.
562 2427 606 2470 _R,
620 2426 789 2470 Stephanus
812 2427 977 2470 posteriore
999 2429 1045 2459 lo-

222 2471 256 2494 co
270 2468 303 2506 et
317 2464 382 2495 aliae
399 2464 546 2496 editiones
562 2464 745 2497 habent—60x
761 2468 778 2501 ἣ
793 2464 852 2496 τξῖὂε
875 2472 962 2506 σῶμα.

263 2504 308 2543 (3)
324 2506 362 2533 Τὰ
376 2505 504 2548 γεγονότα
518 2506 654 2548 ὶΞ-αὑτῆς.
671 2508 741 2548 Haec
752 2508 880 2548 deerant
893 2504 968 2548 apud
985 2507 1049 2539 Ste-

223 2543 357 2589 phanum
368 2543 531 2589 posteriore
546 2545 623 2587 loco,
636 2551 665 2577 et
680 2556 696 2577 a
711 2547 865 2587 Sylburgio
878 2543 969 2578 ascita
982 2551 1050 2579 sunt

223 2593 257 2614 ex
269 2587 443 2615 posteriore.

278 2623 306 2658 4)
321 2625 349 2652 Εἰ
360 2623 555 2668 ἀληθὲς-τοῦτο,
572 2626 664 2668 ἔσται,
673 2627 818 2668 Corruple
827 2627 907 2668 apud
923 2627 1046 2668 Stepha-

222 2672 298 2704 ιιιιιῐι
307 2664 438 2704 secundo
457 2664 522 2696 loco
539 2664 569 2696 et
585 2666 615 2697 in
628 2664 902 2704 aliiseditionilius,
916 2669 938 2696 εἰ
953 2664 1048 2703 ἀληθὲς

221 2702 302 2745 τοῦτά
314 2703 368 2745 ἐστι
385 2705 475 2745 οῶιψ.

264 2742 306 2783 (5)
380 2742 589 2793 τῃῶνςτεσσάρων
616 2748 757 2793 στοιχείων
782 2747 896 2793 ἐστίν,ηῆ
912 2747 953 2793 ἐκ..
979 2746 1049 2779 Haec

221 2782 372 2853 ρὲἓὲιηρὶι
387 2782 561 2825 Sylburgius
576 2796 611 2818 ex
637 2782 736 2829 priore
759 2787 837 2828 apud
855 2782 1048 2828 'Stephanum

236 2832 303 2854 000.

263 2863 306 2909 (6).
319 2862 383 2909 οὒδξ
394 2863 455 2909 ἄρα.
473 2866 649 2909 stephanus
663 2868 826 2909 posteriore
849 2866 914 2909 loco
929 2871 959 2899 et
980 2866 1047 2909 Syl-

263 2875 306 2909 ιοι
319 2875 370 2892 υυο
394 2875 455 2934 «fa.
473 2875 641 2908 stepnanus
663 2875 826 2908 posteriore
849 2875 914 2898 ioco
929 2875 959 2899 et
980 2875 1046 2909 5y]-

219 2901 345 2944 διπῧιυε
359 2903 406 2934 οὐκ
419 2916 456 2936 τι·
482 2905 548 2940 Mox
569 2908 738 2949 Stephanus
753 2907 854 2949 priore
868 2907 934 2939 loco
951 2911 1005 2938 νῶν
1019 2908 1046 2937 tv

1090 2302 1131 2330 ἀεὶ
1155 2304 1194 2339 τῷ
1207 2302 1289 2340 ἀνίσῳ
1317 2305 1366 2337 τῆς
1402 2304 1531 2339 κινήσεως
1547 2304 1577 2331 τὸ
1592 2302 1653 2331 ἴσον
1667 2302 1727 2342 ἔχει
1749 2304 1800 2334 τῆς
1814 2302 1917 2341 θερμὸ-

1087 2358 1169 2382 τητος
1187 2356 1195 2385 ;

1088 2427 1155 2466 αὒτῇ
1169 2426 1326 2458 referendo
1342 2426 1379 2457 ad
1394 2428 1508 2461 κίνησιν.

1131 2465 1171 2505 (‘7)
1187 2468 1240 2507 ῌρδ
1254 2470 1308 2495 τῶν
1326 2467 1550 2507 θεργμαινομένων.
1567 2467 1606 2499 R.
1622 2465 1790 2506 Stephanus
1814 2470 1917 2506 poste-

1089 2507 1170 2538 riore
1191 2505 1256 2538 loco
1279 2511 1308 2538 et
1327 2505 1499 2547 Sylburgius
1524 2508 1546 2535 εἷ
1569 2507 1620 2545 πρὸ
1634 2505 1688 2535 τῶς,
1701 2505 1918 2545 θερμαινὸμένων

1090 2547 1135 2576 ὑπ’
1160 2548 1245 2576 αὐτῶν
1270 2547 1449 2588 θερμαίνεται,
1480 2546 1560 2581 δῆλον
1589 2546 1630 2575 ὅτι
1657 2547 1726 2575 κατὰ
1748 2547 1833 2578 πάθος
1857 2548 1917 2586 θερ-

1090 2587 1220 2615 μαίνεται.

1110 2597 1208 2616 αινεται
1213 2610 1220 2616 .

1129 2600 1136 2615 ι
1152 2600 1220 2616 εται.

1089 2600 1168 2664 PL(TIS)
1189 2627 1239 2656 Κᾶὶ
1259 2625 1318 2666 κατ’
1345 2625 1496 2659 ὰλλυὶωσιν,
1524 2626 1772 2666 Conjunctionem
1798 2635 1837 2657 ex

1089 2667 1214 2698 steriore
1222 2666 1288 2697 loco
1299 2665 1448 2707 Stephani
1450 2665 1614 2707 desumpsit
1625 2665 1800 2707 Sylburgius
1810 2671 1841 2697 et
1851 2675 1918 2696 mox

1088 2713 1158 2747 ante
1170 2707 1237 2735 κατὰ
1253 2705 1416 2747 μεταϐολήν.
1432 2706 1523 2738 Paulo
1545 2705 1614 2747 post
1633 2705 1679 2737 bis
1693 2706 1814 2746 legitur,
1831 2717 1920 2744 μετα-

1088 2746 1232 2783 ϐλήσκεται
1246 2746 1343 2783 priore
1358 2746 1436 2777 loco.

1130 2787 1161 2827 (9
1177 2790 1220 2828 ιςῷ
1232 2785 1343 2817 πλείονι.
1361 2786 1506 2828 Qorrupte
1520 2785 1599 2828 apud
1614 2785 1803 2828 Stephanum
1815 2791 1920 2828 poste-

1087 2826 1170 2868 riore
1184 2826 1250 2857 loco
1266 2830 1296 2858 et
1308 2826 1387 2867 apud
1402 2826 1600 2868 Sylburgium
1612 2827 1636 2855 εἰ
1657 2826 1698 2868 τῷ
1722 2826 1840 2858 πλείονι.
1856 2827 1920 2859 Mor

1089 2867 1219 2900 πλειόνως
1233 2866 1476 2908 άεειιιιιριιιιῐίθι
1491 2866 1657 2908 posteriore
1672 2867 1751 2899 loco.

1862 2635 1916 2665 ΡΟ·
