1967 3076
76 128 149 161 1461

529 129 776 166 QUIESTIONES
795 130 1046 164 CHRISTIANE
1068 132 1118 164 AD
1140 132 1308 166 GRIECOS.

1687 131 1763 168 i462

114 194 154 229 η’.
178 196 208 225 Εἰ
221 196 290 224 κατὰ
304 196 350 225 τὸν
373 194 560 235 Ἀριστοτέλην
581 195 643 235 ὅρας
668 197 717 230 τῆς
739 196 827 230 οὐσίας
841 199 926 228 ἓστὶΛ

979 198 1007 230 8.
1023 199 1054 230 Si
1070 200 1235 231 secundum
1243 200 1432 232 Aristotelem
1445 200 1576 232 deﬁnitio
1591 200 1763 232 substantiae

70 240 104 269 τὸ
125 243 178 269 τῶν
199 241 324 270 ἐναντίων
339 241 389 269 ἀνὰ
414 240 493 280 μέρος
519 239 653 281 δεκτικὸν,
677 243 733 273 πῶς
758 241 829 281 λέγει
845 242 899 270 πά-

73 286 117 314 λιν
144 286 158 314 ὃ
180 285 257 319 αὐτὸς
272 285 460 326 Ἀριστοτέλης
474 285 523 320 τὴν
538 284 605 319 ὕλην
628 285 668 323 μὴ
696 286 794 324 οὐσίαν,
820 286 898 315 οὖσαν

71 330 127 358 τῶν
158 330 283 359 ἱναντίων
312 330 362 358 ἀνὰ
393 329 471 370 μέρος
505 328 642 370 δεκτικὴν,
671 332 721 363 τῆς
750 331 899 370 στερήσεως

74 375 125 413 γὰρ
140 375 183 403 καὶ
196 374 274 408 ἕξεως
293 383 301 411 ;

117 420 146 448 Εἰ
175 421 189 448 ὁ
218 420 392 459 στερούμενος
419 418 480 459 (10)
510 420 557 447 τοῦ
585 418 656 447 εἶναι
677 418 736 448 τόδε
757 419 840 453 οὕτως
856 421 898 448 καὶ

74 468 122 493 τοῦ
151 464 223 493 εἶναι
240 463 392 503 ἑστέρηται,
409 467 466 495 πῶς
483 463 555 503 λέγει
571 464 585 492 ὁ
601 463 787 503 Ἀριστοτέλης
802 464 898 493 ἀδύνα-

75 520 120 537 τον
148 508 179 538 ἐκ
204 513 250 537 τοῦ
277 509 364 543 πάντη
389 508 455 549 (Η)
473 508 513 546 μὴ
541 508 616 540 ὄντος
646 508 768 548 γενέσθαι
791 520 827 547 τι,
849 510 898 544 τῆς

73 552 140 587 ὕλης
169 553 228 582 κατ’
257 554 335 583 αὐτὸν
370 553 525 593 ἀμφοτέρων
563 553 751 592 στερουμένης,
780 554 824 582 καὶ
853 557 899 583 τοῦ

75 604 157 635 εἶναι,
175 598 218 626 καὶ
232 602 278 627 τοῦ
293 597 353 627 τόδε
369 604 438 626 εῖναι
457 607 466 633 ;

115 641 140 671 θ’
155 643 184 671 Εἰ
198 642 229 671 ἐκ
242 642 287 671 τοῦ
303 642 391 676 πάντη
419 643 457 680 μὴ
487 643 562 674 ὄντος
586 644 617 672 οὗ
631 642 730 681 γίνεταί
750 653 786 680 τι,
817 642 897 676 δῆλυν

76 686 120 715 ὅτι
144 689 174 715 ἐκ
194 688 240 716 τοῦ
267 687 342 720 ὄντος
357 686 460 726 γίνεται
475 698 512 716 τι.
543 686 619 715 Ἀλλ’
643 686 699 715 ἐπεὶ
715 688 732 722 ἡ
755 686 805 721 ὕλη
837 687 896 726 (12)

75 736 165 772 τοῦτο,
194 732 252 764 πῶς
276 731 397 765 ἀληθεύει
427 730 614 771 Ἀριστοτέλης
642 730 728 771 λέγων
761 730 810 765 τὴν
833 731 899 765 ὕλην

77 777 125 805 οὖν.
139 775 168 804 ὅν
182 783 191 814 ;

119 821 147 850 ι’.
168 821 196 850 Et
211 819 249 858 μὴ
274 819 426 850 ἆλλοιὸὓται
449 820 468 854 in
495 819 558 857 ὕλη,
574 820 604 849 οὖ
618 819 726 850 δυνατὸν
742 819 807 860 (13)
822 820 899 859 γενέ-

76 866 135 894 σθαι
160 876 186 893 τι
201 864 227 898 ἐξ
252 865 345 899 αὐτῆς.
374 863 450 893 Ἀλλ’
475 865 497 893 εἰ
524 867 577 893 πᾶν
604 865 635 893 τὸ
661 864 847 902 ἀλλοιούμενον
869 865 900 894 ἐκ

77 908 152 939 τοῦδε
174 910 210 941 εἰς
232 909 291 938 τόδε
316 909 482 946 ἀλλοιοῦται,
509 910 556 938 οὑκ
577 908 632 938 ’ἐστι
656 909 683 938 δὲ
709 910 728 943 ἡ
754 909 806 944 ὕλη
827 909 896 950 τόδε,

77 955 126 983 οὐκ
139 952 189 994 ἄρα
202 954 353 983 ἀλλοιοῦται
371 964 377 971 ·
395 953 435 983 διὸ
451 953 508 984 οὑδὲ
521 954 620 994 γίνεται
633 965 659 983 τι
673 953 700 987 Ιεξ
715 955 807 988 αὐτῆς,

940 246 1031 280 est,ut
1046 244 1262 276 contrariorum
1275 254 1327 286 per
1337 245 1416 276 vices
1430 245 1468 276 sit
1483 254 1574 285 capax
1588 254 1595 276 :
1613 245 1761 286 quomodo

939 295 1042 318 rursus
1066 288 1145 320 idem
1170 289 1242 321 dicit
1255 290 1432 322 Aristoteles
1452 290 1605 322 materiam
1621 299 1681 320 non
1697 299 1762 322 esse

939 331 1145 374 substantiam,
1161 343 1228 366 cum
1253 335 1291 365 sit
1305 335 1521 366 contrariorum
1538 344 1592 375 per
1615 334 1695 366 vices
1711 344 1762 366 ca-

940 385 1005 416 pax,
1023 386 1130 418 nempe
1146 378 1315 418 privationis
1326 382 1355 410 et
1371 379 1502 410 habitus?

979 419 1012 451 Si
1021 421 1071 461 qui
1088 431 1146 452 non
1161 422 1249 459 habet
1263 427 1296 454 ut
1311 423 1369 455 tale
1383 423 1495 464 aliquid
1508 423 1556 459 sit,
1568 431 1666 463 neque
1674 423 1763 454 etiam

941 473 1007 495 esse
1035 465 1144 497 habet:
1161 467 1309 507 quomodo
1325 467 1396 499 dicit
1416 466 1592 500 Aristoteles
1614 467 1678 498 ﬁeri
1703 477 1764 499 non

941 517 1038 549 posse,
1057 514 1088 540 ut
1098 519 1134 541 ex
1149 520 1196 548 eo,
1213 512 1292 551 quod
1309 512 1430 543 omnino
1443 521 1501 544 non
1510 515 1565 552 est,
1574 511 1685 551 aliquid
1700 511 1760 552 ﬁat,

940 561 1006 584 cum
1022 554 1185 585 secundum
1197 555 1280 586 illum
1297 557 1419 587 materia
1433 560 1571 587 neutrum
1588 555 1762 594 habeat,ne—

940 605 997 636 que
1012 601 1043 627 ut
1057 598 1104 636 sit,
1121 605 1218 639 neque
1233 603 1265 630 ut
1278 600 1336 631 tale
1350 600 1459 641 aliquid
1471 600 1532 631 sit?

978 641 1008 673 9.
1025 641 1054 673 Si
1068 652 1102 674 ex
1111 652 1158 684 eo,
1173 645 1252 685 quod
1267 645 1389 676 omnino
1417 655 1476 677 non
1496 649 1553 686 est,
1569 645 1643 676 nihil
1664 645 1762 685 gigni-

940 690 997 722 tur,
1013 691 1126 718 certum
1142 692 1187 719 est
1198 697 1233 719 ex
1245 698 1279 720 eo
1291 689 1371 730 quod
1386 693 1440 727 est,
1457 689 1536 729 gigni
1551 689 1762 730 aliquid.Quod

940 729 965 760 si
983 730 1011 761 id
1024 732 1146 763 materia
1160 736 1217 771 est,
1234 729 1383 774 quomodo
1394 734 1567 766 Aristoteles
1581 729 1650 765 vera
1664 734 1762 775 loqui-

943 778 1000 811 tur,
1018 777 1170 807 materiam
1183 787 1242 809 non
1257 787 1323 810 esse
1338 787 1391 810 ens
1405 777 1621 818 pronuntians?

983 820 1031 850 10.
1049 820 1081 851 Si
1096 822 1220 853 materia
1230 832 1290 854 non
1302 824 1484 860 immutatur,
1500 822 1566 853 ﬁeri
1577 823 1717 862 nequitut
1727 832 1763 854 ex

941 872 975 908 ea
989 864 1038 895 ﬁat
1053 865 1174 906 aliquid.
1191 866 1250 898 Sed
1265 868 1293 898 si
1307 867 1449 908 quidquid
1475 866 1647 898 immutatur
1663 875 1699 898 ex
1714 865 1765 898 tali

939 907 1036 948 aliquo
1052 909 1082 940 in
1107 910 1164 941 tale
1192 911 1303 952 aliquid
1316 907 1509 949 ’immutatur,
1534 920 1592 942 non
1608 914 1653 942 est
1666 914 1765 942 autem

938 952 996 984 tale
1011 953 1122 994 aliquid
1138 956 1332 996 materia,nec
1341 955 1467 997 proinde
1478 956 1765 993 immutamur.Qua-

913 999 975 1028 Bre
990 998 1065 1029 nihil
1080 999 1112 1029 ﬁt
1127 1008 1161 1030 ex
1179 1008 1227 1032 ea.

119 1042 165 1073 ια’.
185 1044 213 1072 Εἰ
227 1043 266 1082 μὴ
282 1043 312 1072 ἐκ
326 1047 373 1073 τοῦ
390 1043 452 1084 (14)
471 1042 599 1083 τυχόντος
615 1044 652 1075 εις
665 1043 697 1072 τδ
716 1044 799 1083 τυχὸν
814 1044 844 1073 οὺ
858 1045 902 1083 γί-

78 1099 150 1117 νεται
165 1087 312 1126 μεταϐολὴ,
329 1087 389 1116 ἀλλ’
418 1089 455 1121 εἰς
477 1088 508 1116 τὸ
537 1087 652 1117 ἐναντίον
674 1088 701 1116 ἐν
716 1091 754 1125 τῷ
768 1089 839 1125 αὐτῷ
853 1089 901 1128 γέ-

79 1144 129 1174 νει,
153 1133 212 1162 οἷον
228 1132 256 1161 ἐν
270 1136 304 1171 τῇ
319 1133 444 1166 ποιότητι
471 1133 501 1161 οὗ
530 1133 630 1171 γίνεται
659 1131 797 1170 μεταϐολὴ
812 1132 843 1161 έκ
856 1135 901 1162 τοῦ

77 1178 172 1207 λευκοῦ
187 1178 223 1209 εἷς
238 1178 269 1206 τὸ
283 1177 365 1217 μέγα,
382 1177 440 1206 ἀλλ’
468 1178 505 1209 εἰς
531 1178 562 1206 τὸ
587 1176 672 1215 μέλαν
688 1185 696 1193 ⁶
725 1177 793 1205 κατὰ
806 1177 831 1205 τί
856 1178 900 1206 οὖν

78 1221 272 1261 μεταϐάλλεται
287 1223 304 1256 ἡ
327 1221 379 1255 ὕλη
403 1222 430 1250 έν
456 1224 490 1260 τῇ
513 1221 615 1261 γενέσει
639 1224 691 1250 τῶν
706 1220 732 1254 ἐξ
748 1222 829 1255 αὐτῆς
855 1234 901 1262 γι-

78 1267 197 1305 νομένων
223 1266 328 1305 οὖσιῶν,
358 1265 431 1296 οὐδὲν
458 1265 559 1306 ’έχουσα
593 1265 736 1304 δυνάμενον
764 1265 901 1304 μεταϐάλ-

76 1311 166 1340 λεσθαι
183 1319 191 1349 ς
417 1318 419 1320 '

118 1356 153 1384 ιϐ’
171 1357 199 1386 Et
213 1356 302 1396 ὥσπερ
330 1355 357 1385 ἐν
385 1362 445 1388 τοῖς
476 1359 589 1391 ζωῖκοτς
615 1357 646 1384 τὸ
661 1355 729 1391 ζῶον
743 1356 788 1384 καὶ
802 1355 830 1384 ἐν
845 1363 903 1389 τοϊς

78 1406 213 1442 χρωϊκοϊς
228 1402 259 1429 τὸ
275 1404 386 1441 χρῶμα,
401 1401 470 1429 οὕτω
493 1401 537 1429 καὶ
558 1400 585 1428 ἐν
609 1406 667 1432 τοῖς
680 1400 783 1433 ὓλικοῖς
804 1402 822 1435 ἡ
839 1400 901 1438 ὕλη,

78 1449 136 1478 πῶς
166 1446 361 1485 ἀναιρουμένων
389 1445 442 1475 τῶν
478 1447 596 1483 ζωϊκῶν,
632 1452 831 1485 συνανειρετται
860 1442 904 1475 καὶ

77 1492 108 1519 τί)
134 1491 200 1527 ζῶον
217 1499 225 1506 '
242 1491 286 1519 καὶ
300 1490 496 1529 ἀναιρουμένων
520 1493 573 1518 τῶν
599 1493 740 1531 χρωῒκῶν,
756 1490 904 1528 ἆνειιρεῒταιι

78 1537 122 1564 καὶ
149 1536 179 1564 τὸ
208 1539 309 1576 χρῶμα
325 1544 334 1554 ³
362 1536 407 1564 καὶ
427 1535 623 1575 ἀναιρουμένων
646 1537 699 1562 τῶν
721 1534 830 1572 ὑλιχῶν,
856 1535 903 1563 οὖν.

78 1580 226 1621 ἀναιρεῖται
248 1582 292 1608 καὶ
306 1581 324 1615 ἡ
352 1579 403 1614 ὕλη
419 1590 428 1620 ;
460 1581 489 1608 Εἰ
513 1578 542 1608 δὲ
556 1585 753 1618 συναναιρεῖται
768 1585 826 1611 τοῖς
841 1577 901 1607 ὑλι-

75 1631 136 1657 κοῒς
152 1626 168 1660 ἡ
182 1624 233 1658 ὕλη
249 1624 325 1665 (15),
342 1628 399 1656 πῶς
416 1624 585 1664 προϋπάρχει
599 1627 652 1652 τῶν
684 1623 785 1654 ὒλιχῶν
801 1625 820 1658 ἡ
834 1623 887 1657 ὅλη

986 1043 1034 1074 11.
1050 1042 1081 1074 Si
1095 1052 1131 1074 ex
1145 1043 1279 1084 quolibet
1294 1053 1354 1075 non
1370 1045 1401 1076 ﬁt
1412 1045 1442 1075 in
1458 1043 1613 1085 quodlibet
1626 1044 1764 1085 mutatio,

942 1086 995 1117 sed
1010 1087 1039 1118 in
1054 1087 1083 1118 id
1099 1088 1179 1128 quod
1193 1089 1299 1120 eodem
1313 1089 1343 1119 in
1358 1097 1468 1128 genere
1483 1089 1767 1126 contrarium;velut

942 1131 972 1162 in
989 1132 1129 1172 qualitate
1148 1143 1207 1165 non
1231 1133 1262 1164 ﬁt
1279 1133 1398 1165 mutatio
1414 1133 1533 1164 candidi
1556 1133 1588 1163 in
1613 1142 1764 1173 magnum,

941 1176 994 1207 sed
1009 1177 1040 1207 in
1056 1174 1173 1216 nigrum
1190 1188 1198 1209 :
1217 1187 1274 1218 qua
1300 1178 1392 1218 igitur
1406 1186 1439 1209 re
1454 1178 1578 1210 materia
1591 1177 1623 1208 in
1637 1186 1766 1217 genera-

942 1221 1022 1252 tione
1048 1230 1164 1260 earum,
1181 1231 1247 1263 quae
1271 1231 1306 1254 ex
1330 1222 1394 1263 ipsa
1422 1223 1506 1261 ﬁunt,
1537 1221 1766 1253 substantiarum

942 1265 1112 1304 mutabitur,
1139 1276 1206 1298 cum
1233 1267 1308 1298 nihit
1334 1267 1441 1299 habeat
1466 1266 1545 1308 quod
1568 1267 1678 1298 mutari
1694 1276 1766 1308 pos-

941 1310 979 1340 sit
993 1313 1008 1342 ‘2

984 1354 1055 1386 555
1072 1356 1118 1387 12.
1133 1355 1175 1394 Si,
1191 1356 1441 1396 quemadmodum
1458 1356 1488 1387 in
1503 1355 1682 1388 animalibus
1697 1356 1766 1388 ani-

946 1408 1040 1440 mans,
1059 1404 1087 1431 et
1102 1400 1133 1431 in
1148 1400 1287 1432 coloratis
1299 1400 1393 1438 color,
1408 1400 1448 1432 ita
1463 1404 1494 1433 et
1508 1401 1539 1432 in
1555 1400 1768 1433 materialibms

945 1444 1090 1475 materia:
1103 1445 1154 1485 qui
1173 1445 1205 1476 ﬁt
1219 1448 1335 1485 ut,cum
1347 1445 1472 1476 sublatis
1487 1444 1665 1476 animalibus
1681 1445 1768 1476 tolla-

946 1493 994 1520 tur
1005 1489 1216 1527 etanimans,et
1226 1489 1349 1521 sublatis
1358 1489 1496 1522 coloratis
1508 1489 1596 1520 simul
1608 1489 1727 1520 tollatur
1740 1492 1770 1521 et

944 1533 1243 1570 color,materialibus
1254 1534 1450 1575 sublatis,non
1463 1534 1581 1566 tollatur
1591 1539 1619 1565 et
1630 1535 1770 1567 materia?

943 1577 995 1608 Sin
1010 1588 1068 1609 una
1083 1588 1149 1609 cum
1175 1579 1377 1610 materialibus
1401 1579 1489 1610 simul
1505 1579 1628 1610 materia
1644 1579 1768 1621 tollitur,

942 1623 1091 1662 quomodo
1105 1623 1188 1664 prius
1204 1624 1320 1655 exsistit
1330 1624 1455 1655 materia
1467 1633 1554 1665 quam
1570 1624 1750 1655 materialia?

117 1669 154 1708 ιγ’
177 1670 205 1698 Εἰ
219 1670 250 1698 τὸ
265 1669 378 1710 ἀπέχειν
393 1670 436 1698 καὶ
451 1670 482 1697 τὸ
497 1668 623 1709 μετέχειν
649 1671 702 1697 τῶν
726 1667 808 1697 ὄντων
832 1669 898 1704 εστὶ,
910 1665 930 1690 C

985 1667 1030 1698 t3.
1048 1667 1079 1698 Si
1094 1677 1198 1699 carere
1214 1672 1244 1699 et
1257 1668 1392 1708 recipere
1417 1669 1528 1700 entium
1550 1672 1606 1706 est,
1634 1669 1725 1709 liquet
1741 1668 1769 1700 id

74 1714 166 1751 δῆλον,
183 1715 268 1742 ὅτιτὸ
295 1714 382 1748 πάντη
412 1714 451 1752 μὴ
474 1714 504 1742 ὃν
532 1712 591 1742 οὕτε
620 1713 718 1753 ἀπέχει
742 1714 826 1749 τινὸς,
843 1712 902 1741 οὒτε

75 1759 201 1799 μετέχει.
225 1762 285 1791 Πῶς
301 1762 344 1787 οῦν
360 1758 471 1799 μετέχει
486 1758 503 1792 ἡ
528 1757 579 1791 ὕλη
608 1760 658 1792 τῆς
672 1757 835 1797 στερήσεως,
858 1757 902 1785 καὶ

73 1806 128 1832 τῶν
143 1803 205 1844 (16)
222 1802 304 1832 ὅντων
326 1804 373 1832 οὒκ
388 1802 459 1831 ἔστιν
473 1812 482 1843 ς

119 1847 151 1876 ιδ’
170 1849 198 1877 Εἰ
227 1847 352 1877 ἀδύνατον
381 1848 411 1877 τὸ
439 1847 503 1876 αὐτὸ
532 1847 560 1876 ἐν
589 1851 627 1885 τῷ
655 1848 727 1884 αὖτῷ
752 1846 902 1886 ἀμφοτέραις

75 1895 206 1922 κινεῖσθαι
228 1893 275 1925 τὰς
302 1893 434 1930 κινήσεις,
458 1893 507 1928 τήν
529 1903 558 1921 τε
582 1892 652 1921 κατὰ
679 1892 755 1932 φύσιν
782 1892 826 1920 καὶ
854 1892 902 1925 τὴν

78 1938 152 1978 παρὰ
175 1939 263 1978 φύσιν,
293 1938 351 1969 πῶς
380 1939 394 1966 ὁ
421 1936 497 1971 ἥλιος
526 1937 594 1965 κατὰ
619 1937 695 1977 φύσιν
721 1936 769 1974 μὲν
791 1943 904 1965 κινεῖται

75 1983 129 2011 ἀπὸ
150 1984 199 2017 τῆς
228 1982 359 2016 ἀνατολῆς
385 1983 422 2016 εἰς
451 1981 534 2019 δύσιν,
562 1982 633 2021 παρᾶ
659 1982 733 2022 φύσιν
747 1980 775 2009 δὲ
789 1981 842 2009 ἀπὸ
857 1981 904 2014 τῆς

75 2027 174 2059 δύσεως
202 2029 240 2060 εἰς
280 2026 425 2067 ἀνατολὴν,
461 2026 503 2055 διὰ
540 2027 590 2061 τὴν
622 2033 763 2066 σφαῖραν;
792 2026 828 2054 Οὔ
856 2025 905 2064 γὰρ

76 2072 185 2100 δυνατὸν
201 2074 230 2101 τὸ
245 2073 308 2101 αὐτὸ
338 2072 365 2101 ἐν
389 2074 428 2109 τῷ
449 2072 520 2109 αὖτῷ
544 2071 592 2103 τὰς
607 2071 725 2104 ἐναντίοις
739 2070 808 2098 κατὰ
830 2070 904 2110 φύσιν

77 2119 209 2145 κινεῖσθαι
224 2117 357 2152 κινήσεις.

123 2160 166 2192 ιε’.
184 2165 236 2190 Τοῦ
249 2161 325 2195 ἡλίου
340 2161 379 2199 μὴ
407 2159 494 2198 ὄντος⁹
521 2160 644 2198 περιττὸς
665 2159 699 2193 ἧν
715 2159 729 2186 ὃ
744 2158 878 2199 ὀφθαλμός
897 2166 903 2173 ·

79 2206 123 2234 καὶ
139 2209 184 2234 τοῦ
213 2205 349 2245 ὀφθαλμοῦ
376 2205 415 2243 μὴ
443 2204 530 2242 ὄντος,
553 2204 677 2243 περιττὸς
705 2203 738 2237 ἧν
767 2204 781 2231 ὁ
806 2202 904 2236 ἥλιος*

77 2249 140 2279 ἀλλ’
155 2249 247 2283 ἐπειδὴ
262 2249 296 2278 δι’
319 2250 441 2289 ἑκάτερον
467 2250 612 2288 ἀναγκαῖος
635 2249 772 2287 ἑκάτερος,
795 2248 906 2285 γενητὸς

79 2294 129 2334 ἄρα
145 2294 282 2334 ἑκάτερος.
298 2295 333 2323 Τὸ
362 2296 412 2333 γὰρ
440 2293 571 2333 ἀγένητον
595 2292 629 2321 δι’
659 2291 732 2321 οὐδέν
754 2292 825 2320 ἐστιν
840 2291 906 2330 ἂγέ-
920 2310 940 2335 D

78 2351 170 2376 νητον,
195 2338 265 2367 ἀλλὰ
280 2338 314 2367 δι’
333 2340 397 2367 αὐτὸ
425 2339 519 2377 μόνον,
554 2337 656 2376 μᾶλλον
681 2336 709 2365 δὲ
723 2337 752 2366 οὗ
767 2336 801 2365 δι’
817 2336 880 2364 αὖτό
897 2346 905 2355 ·

78 2385 194 2414 ἀναίτιον
209 2385 258 2425 γὰρ
274 2385 305 2413 τὸ
318 2384 435 2413 ἀναίτιον
452 2384 526 2425 (17).

118 2493 182 2536 HO)
196 2496 224 2536 at
243 2496 258 2536 ῥ
273 2494 458 2536 στερούμενος.
475 2496 513 2527 R.
529 2493 698 2534 Stephanus
727 2491 912 2534 posteriores

77 2537 144 2568 loco
160 2535 190 2566 et
200 2535 376 2576 Sylburgius
390 2537 412 2564 et
426 2535 454 2564 δὲ
468 2537 482 2564 ὁ
497 2545 686 2576 στερουμενος.

117 2576 179 2616 (11)
196 2573 288 2610 mimi
311 2573 416 2607 'Deest
430 2575 462 2606 in
477 2575 579 2617 priore
603 2573 668 2605 loco
683 2573 763 2614 apud
780 2573 910 2615 Stepha-

79 2625 371 2727 ΞΓ

80 2701 112 2728 et
125 2696 297 2736 Sylburgius
312 2696 371 2724 ἀλλ’
388 2696 445 2725 ἐπεὶ
460 2696 524 2730 ὕλη.

124 2735 186 2776 (13)
203 2736 238 2765 οὒ
253 2735 373 2776 aumztv.
397 2735 434 2767 Β.
457 2735 627 2776 Stephanus
658 2733 825 2776 posteriore
848 2734 916 2765 loco

82 2780 114 2809 et
128 2775 302 2817 Sylburgius
318 2775 443 2817 ἂδιξνςιτον
454 2775 575 2817 etmox
589 2775 733 2817 (οὒ-γίνεταί
747 2785 787 2804 τι.

81 2835 83 2839 .
127 2814 187 2857 (ιι)
211 2815 259 2845 Ἐκ
268 2819 328 2847 τοῦ.
344 2815 438 2851 [idem
454 2815 603 2850 habeant
620 2814 650 2844 ἐκ
668 2817 918 2856 1o6,etmoxper»

941 1711 1018 1752 quod
1035 1712 1157 1743 omnino
1174 1721 1234 1743 non
1250 1717 1306 1753 est,
1322 1721 1376 1744 nec
1392 1722 1495 1744 carere
1511 1712 1571 1744 ulla
1586 1722 1618 1744 re
1634 1723 1689 1744 nec
1701 1722 1769 1744 eam

941 1757 1086 1797 recipere.
1104 1756 1259 1793 Quomodo
1272 1757 1363 1797 igitur
1374 1757 1568 1797 privationem
1586 1757 1692 1798 recipit
1706 1767 1770 1789 ma-

944 1801 1028 1839 teria,
1046 1810 1112 1841 quae
1124 1810 1158 1832 ex
1175 1801 1297 1833 entibus
1308 1811 1367 1832 non
1383 1801 1442 1833 est?
1703 1818 1706 1819 ν

985 1845 1261 1886 14.Siimpossibile
1277 1850 1322 1878 est
1338 1850 1368 1877 ut
1380 1845 1460 1877 idem
1476 1846 1508 1876 in
1525 1845 1631 1877 eodem
1648 1850 1772 1887 utroque

942 1890 1083 1922 incitetur
1096 1894 1189 1928 motu,
1208 1895 1237 1922 et
1251 1900 1286 1921 eo
1301 1890 1352 1931 qui
1364 1891 1450 1930 juxta
1460 1895 1609 1928 naturam,
1630 1895 1659 1922 et
1674 1900 1708 1922 eo
1723 1891 1774 1931 qui

948 1939 1055 1976 praeter
1069 1939 1202 1966 naturam
1219 1938 1275 1976 est,
1297 1935 1445 1975 quomodo
1463 1935 1507 1966 sol
1529 1935 1614 1975 juxta
1638 1939 1773 1967 naturam

948 1980 1067 2020 quidem
1083 1979 1120 2011 ab
1134 1980 1252 2011 oriente
1269 1983 1402 2011 movetur
1416 1979 1447 2010 in
1460 1980 1657 2017 occidentem,
1667 1984 1775 2020 praeter

947 2029 1084 2055 naturam
1100 2028 1199 2055 autem
1211 2024 1248 2055 ab
1264 2023 1421 2055 occidente
1437 2023 1466 2054 in
1480 2024 1638 2062 orientem,
1655 2028 1775 2064 propter

946 2068 1064 2108 globum
1078 2069 1140 2100 sive
1151 2069 1315 2109 sphaeram?
1330 2068 1410 2099 Fieri
1426 2068 1507 2099 enim
1531 2068 1635 2109 nequit
1649 2072 1680 2099 ut
1695 2068 1776 2100 idem

948 2113 1052 2144 eodem
1069 2114 1174 2144 natura
1184 2113 1343 2144 contrariis
1358 2113 1522 2144 concitetur
1532 2113 1673 2144 motibus.

991 2158 1038 2190 15.
1055 2157 1086 2189 Si
1097 2158 1141 2189 sol
1153 2167 1212 2189 non
1224 2162 1555 2198 esset,supervacaneus
1567 2162 1645 2189 esset
1661 2157 1776 2197 oculus;

949 2202 1016 2233 etsi
1032 2202 1135 2233 oculus
1164 2212 1223 2233 non
1253 2206 1345 2240 esset,
1375 2205 1611 2242 'supervaeaneus
1626 2206 1704 2233 esset
1720 2203 1778 2234 sol.

949 2246 1006 2278 Sed
1018 2256 1084 2277 cum
1096 2251 1222 2287 uterque
1233 2252 1357 2287 propter
1365 2252 1523 2287 utrumque
1532 2247 1569 2278 sit
1578 2247 1777 2288 necessarius,

949 2291 1064 2331 genitus
1080 2291 1212 2331 profecto
1229 2296 1365 2332 uterque.
1378 2290 1451 2322 Nam
1468 2291 1497 2322 id
1521 2291 1599 2332 quod
1615 2291 1780 2331 ingenitum

949 2342 1006 2374 est,
1025 2335 1133 2366 nullius
1145 2336 1239 2375 gratia
1251 2335 1415 2375 ingenitum
1432 2339 1489 2376 est,
1513 2335 1565 2366 sed
1582 2340 1705 2375 propter
1719 2336 1780 2367 sei-

948 2389 1031 2421 psum
1048 2380 1200 2421 duntaxat,
1213 2390 1247 2411 ac
1264 2381 1363 2421 potius
1377 2389 1415 2410 ne
1430 2383 1551 2420 propter
1561 2380 1694 2420 seipsum
1710 2381 1781 2422 qui-

946 2424 1025 2456 dem.
1034 2424 1145 2456 Praeter
1160 2434 1279 2456 causam
1295 2424 1376 2455 enim
1386 2429 1441 2463 est,
1457 2425 1540 2464 cujus
1553 2434 1641 2456 causa
1652 2434 1712 2456 non
1724 2428 1780 2457 est.

953 2502 1038 2524 verse
1050 2494 1080 2522 ὲκ
1093 2497 1139 2523 τοῦ
1162 2493 1257 2522 λευκοῦ
1286 2494 1322 2525 εἰς
1347 2492 1412 2521 ἄλλο
1435 2505 1472 2530 τι,
1488 2492 1548 2521 ἀλλ’
1573 2493 1609 2524 εἷς
1631 2494 1662 2521 τὸ
1686 2493 1782 2531 μέλαν.

953 2533 1042 2602 gaulo
1059 2537 1122 2573 post
1137 2533 1237 2574 priore
1251 2533 1317 2564 loco
1342 2532 1450 2573 legitur
1464 2532 1660 2571 μεταϐλήσεται
1682 2537 1710 2564 et
1725 2545 1784 2573 μη-

971 2585 996 2601 εν
1013 2585 1125 2602 εγουσα.

971 2585 996 2601 εν
1013 2585 1044 2604 εγ
1049 2585 1125 2604 ουσα.

997 2586 1171 2654 (ῗέἷυέῗὲξ.
1193 2639 1199 2645 .
1219 2638 1226 2644 .

961 2655 1060 2694 priore
1076 2654 1151 2685 loco.

1001 2694 1066 2734 (16)
1083 2695 1131 2723 Καὶ
1146 2697 1198 2722 τῶν
1214 2694 1307 2722 ὄντων’
1325 2693 1495 2725 Posteriore
1516 2693 1582 2724 loco
1608 2696 1638 2724 et
1660 2693 1691 2723 in
1718 2691 1785 2723 aliis

960 2733 1144 2765 editionibus
1156 2735 1213 2763 ἐπεὶ
1227 2734 1285 2762 τῶν»
1295 2733 1389 2764 ὄντων,

1003 2775 1061 2813 (17)
1078 2774 1162 2804 Ἀλλὰ
1179 2797 1187 2805 .
1204 2797 1212 2806 .
1227 2799 1234 2806 .
1251 2775 1282 2803 τὸ
1296 2774 1424 2806 ἀναίτιον.
1443 2772 1511 2806 Haec
1536 2773 1662 2806 deerant
1689 2771 1787 2816 priore

964 2814 1042 2846 loco.

1250 2615 1303 2642 τῶν
1326 2612 1422 2642 ὕλιχῶν
1448 2614 1465 2648 ἡ
1486 2612 1548 2647 ῧλη.
1580 2612 1649 2644 Ηᾶεο
1678 2612 1786 2644 desunt
