1967 3076
174 128 250 161 1465

172 194 393 225 πολλαπλασίονα
414 196 512 237 χρόνον
533 195 663 228 πολλάκις
690 194 778 224 πολλὰ
811 195 911 224 τούτων
937 195 998 225 δια-

172 239 246 278 μένει
287 244 333 270 τοῦ
385 241 549 276 ποιήσαντος
601 242 681 270 αὐτοῦ
726 239 888 280 φθαρέντος,
931 241 998 271 αὐτὰ

174 284 303 326 ἄφθαρτα,
319 285 353 320 ἢν
368 285 434 318 τέως
449 286 486 318 ὡς
508 285 552 315 ἐπ’
575 283 761 324 οἰκοδόμων...
777 284 903 314 τοιούτων
919 284 944 325 (4
951 285 995 326 9).

215 368 262 404 ιδ’.
279 375 329 404 Καὶ
349 374 372 403 εί
385 374 515 414 φθείρεται
539 374 571 403 τὸ
592 374 732 414 γινόμενον
752 372 824 413 παρὰ
843 377 890 403 τοῦ
918 377 995 415 Θεοῦ,

172 419 240 452 τίνος
255 419 334 455 κακίᾳ
363 419 505 459 φθείρεται,
537 422 584 448 τοῦ
611 419 771 454 ποιήσαντος
801 419 820 451 ἢ
840 421 886 447 τοῦ
913 429 995 459 γεγο-

171 463 259 502 νότος,
275 463 387 502 ἢιτινος
402 463 496 496 ἔξωθεν
516 464 671 493 δπεναντίου
691 462 830 502 γινομένω
852 467 891 501 τῷ
911 464 995 499 ποιή-

170 498 270 544 σαντος
288 498 326 537 "0
354 519 380 536 τι
408 507 431 536 δ’
452 507 483 537 ἂν
513 508 600 537 αὖτῶν
627 498 796 546 ὑποθωμεθα,
832 498 923 548 δῆλον,
953 498 995 537 ὅτι

169 555 215 580 τοῦ
244 552 404 587 ποιήσαντος
426 553 444 586 ἡ
465 553 556 584 κακία.
587 551 650 581 Εἴτε
678 552 729 591 γὰρ
764 552 794 580 τὸ
815 553 925 591 γεγονὸς
953 552 996 581 διὰ

169 607 227 624 τινα
267 595 383 637 ἔμφυτον
426 597 520 625 ἑαυτοῦ
546 596 641 626 κακίαν
677 595 775 636 ὀφείλει
816 597 956 637 φθαρῆναι,
980 597 995 625 6

169 641 282 676 ποιήσας
303 640 402 678 αἴτιος,
432 641 477 670 ὅτι
504 643 625 671 τοιοῦτον
667 641 730 670 αὐτὸ
761 641 897 678 ἰποίησεν,
925 641 994 670 ὥστε

168 684 395 723 ὑπολιμπάνεσθαι
434 688 461 714 εν
490 687 576 724 ἑαυτῷ
607 687 691 715 κακόν
725 696 750 714 τι
767 694 774 701 ’
811 685 867 714 εἴτε
902 685 994 718 ἔξωθέν

169 729 225 758 in!
253 741 280 758 τι
309 730 464 759 ὑπεναντίον
487 734 525 768 τῷ
545 731 701 767 ποιήσαντι,
733 730 777 759 καὶ
805 729 887 763 ὤτως
916 730 995 759 κακία

169 773 216 803 τοῦ
244 776 439 815 πεποιηκότος,
461 774 504 804 διὰ
537 775 569 804 τδ
600 775 639 813 μὴ
667 774 788 804 δύνασθαι
817 780 994 814 κατακρατεῖν

167 821 222 847 τῶν
249 819 373 848 ἑναντίων
389 830 396 837 ·
424 819 481 848 εἴτε
517 819 547 848 in
574 823 622 849 τοῦ
653 820 819 855 ποιήσαντος
856 820 874 854 ἡ
902 821 993 860 κακία,

168 862 314 902 πρόδηλον,
330 864 367 896 ὡς
382 864 460 898 αὐτὸς
475 865 489 893 ὁ
504 864 598 896 κακός.
615 867 702 894 Ταῦτα
725 863 775 902 μὶν
800 865 860 905 περὶ
879 864 992 903 τούτων,

168 907 234 941 τέως
264 907 295 937 ἐκ
315 907 422 937 πολλῶν
444 908 521 949 ὀλίγα
538 918 546 927 ⁸
570 909 593 937 εἶ
614 908 664 948 γὰρ
697 908 835 950 εθέλομεν,
863 909 993 945 ζητητέον

167 953 212 981 καὶ
235 952 261 981 τί
284 952 340 981 ἐστι
369 953 449 992 σῶμα
469 954 515 982 καὶ
537 953 569 982 ἐκ
601 954 680 982 τίνων
709 954 740 982 τὸ
761 956 851 992 σῶμα,
879 953 924 982 καὶ
945 953 992 986 τὰς

168 996 211 1025 lxi
238 997 340 1029 τούτοις
369 997 493 1038 ἀπορίας.
523 1001 610 1027 Ταῦτα
637 997 666 1026 δὲ
694 997 762 1030 τέως
798 997 922 1031 ἐάσαντες
955 998 992 1030 ὣς

167 1041 293 1071 ἰνούντων
308 1041 369 1082 (20)
387 1042 471 1081 μηδὲν
484 1043 537 1071 τῶν
567 1042 686 1081 ἀπόρων,
719 1042 786 1075 τέως
800 1045 854 1071 τῶν
869 1053 993 1082 γενναιο-

167 1086 248 1124 τέρων
274 1086 329 1115 ὄντι
358 1087 491 1126 θαύματος
507 1087 670 1127 *ἀξιουμένῳ
697 1087 751 1115 ἀπὸ
777 1088 830 1115 τῶν
858 1087 916 1127 περὶ
942 1088 992 1122 τῆς

168 1123 337 1164 ἀναστάσεως
364 1123 463 1172 λόγων.
495 1123 550 1161 ’Ἑν
576 1123 627 1172 γαρ
653 1123 678 1161 τι
704 1135 757 1160 τῶν
786 1123 899 1160 εὐτελῶν
928 1130 991 1172 (21)

169 1175 278 1215 ἀπόρων
299 1179 353 1206 τῶν
382 1177 454 1217 παρὰ
477 1183 535 1208 τοῖς
560 1176 732 1216 λιθδκαρδίοις
752 1176 914 1215 κινουμένων
937 1176 992 1205 ἐστὶ

169 1220 212 1248 καὶ
234 1223 321 1253 τοῦτο,

211 1264 240 1293 ΕΙ
253 1264 304 1304 γὰρ
317 1264 371 1304 Set,
399 1266 475 1306 φησὶ,
505 1266 589 1298 σώους
618 1264 770 1294 ἀνίστασθαι
794 1265 855 1297 τὼς
867 1266 991 1294 τετελευ-

169 1309 298 1348 τηκότας,
325 1309 396 1346 πῶς,
428 1310 451 1339 si
479 1309 595 1347 συμϐαίη
618 1309 754 1350 ἄνθρωπον
785 1308 929 1338 ἀποθανεῖν
955 1310 992 1342 εἰς

169 1352 313 1392 θάλατταν,
347 1354 409 1383 εἶτα
437 1353 571 1394 βρωθέντα
594 1358 685 1384 τοῦτον
708 1354 760 1382 ὑπὸ
787 1354 897 1393 ἰχθύων,
920 1354 992 1386 αὖθις

168 1398 219 1427 61:6
247 1397 336 1428 ἄλλων
363 1399 507 1438 ἀνθρώπων
529 1398 730 1438 καταϐρωθῆναι
756 1397 797 1427 διὰ
823 1398 912 1436 μέσων
938 1402 992 1428 τῶν

170 1443 282 1482 ἰχθύων,
298 1443 355 1476 πῶς
370 1443 401 1472 ἂν
428 1442 556 1472 ἀναλάϐοι
582 1444 629 1476 τὰς
640 1443 756 1483 ,Δσάρκας
782 1443 829 1475 τὰς
843 1444 881 1476 εἷς
896 1442 991 1476 ἄλλους

170 1479 322 1526 ανθρώπους
338 1487 601 1522 καταδαπανηθείσας
616 1497 625 1528 ς
639 1479 681 1516 ’Ἦ
692 1479 748 1527 ⁷γὰρ
771 1487 871 1516 τούτων
887 1488 990 1527 ἆνάγκη

169 1532 242 1571 παρᾶ
268 1532 316 1564 τὰς
345 1533 444 1572 σάρκας
483 1532 629 1566 ἀναστῆναι
667 1531 698 1564 ἃς
732 1532 830 1572 ἔφαγον
857 1533 881 1561 οἱ
916 1531 992 1562 ἄλλοι

169 1575 300 1616 ἄνθρωποι
325 1575 368 1605 διὰ
394 1577 484 1615 μέσων
506 1580 559 1606 τῶν
597 1577 707 1617 ἰχθύων,
747 1577 834 1608 καθὼς
862 1576 993 1609 πολλάκις

169 1619 275 1660 εἴρηται
291 1630 297 1637 ·
315 1621 334 1656 ἢ
355 1621 482 1662 ἐκείνως,
504 1621 574 1660 μέλη
596 1622 649 1650 τῶν
664 1622 765 1650 ἑαυτῶν
789 1625 894 1661 σαρκῶν
908 1621 992 1650 ἀπαι-

168 1665 321 1705 τουμένους,
359 1666 500 1695 ἀποθέσθαι
537 1666 580 1694 καὶ
619 1665 740 1699 ἐλλιπεῖς
778 1667 913 1706 γενέσθαι,
946 1666 994 1695 ἵνα

168 1709 386 1750 ἄποπληρώσωσι
406 1711 438 1739 τὸ
467 1710 594 1740 ἐλλεῖπον
628 1713 683 1739 τῶν
712 1710 754 1739 ὕπ’
783 1712 870 1740 αὐτῶν
899 1709 993 1745 ἀδίκως

167 1753 400 1793 καταϐρωθέντων.
434 1756 484 1785 Καὶ
517 1758 599 1784 ταῦτα
634 1755 683 1784 οἷα
707 1754 837 1794 γελῶντες
866 1756 890 1783 οἱ
916 1754 992 1784 λιθο-

166 1798 269 1839 κάρδιοί
309 1811 398 1841 φασιν.
431 1799 504 1840 Ἐγὼ
534 1799 561 1828 δὶ
603 1799 750 1839 παρακαλῶ
779 1800 854 1833 ἐκτὸς
882 1801 993 1840 ἀπορίας

166 1845 411 1874 κατασκευαστικὸν
441 1843 522 1883 λόγον
550 1845 600 1878 τῆς
621 1844 790 1876 ἀναστάσεως
816 1845 923 1882 μαθεῖν,
947 1845 993 1873 τὸν

166 1886 192 1920 ἐξ
214 1888 333 1928 ἀνάγκης
361 1888 564 1929 ἀποδεικνύντα,
593 1888 633 1917 ὅτι
657 1889 761 1928 ἀνάγκη
786 1889 858 1917 εἶναι
873 1889 992 1918 ἀνάστα-

167 1943 210 1961 σιν
227 1931 269 1961 διά
284 1944 364 1961 τινων
393 1932 586 1962 ἀποδεικτικῶν
613 1933 658 1962 καὶ
683 1932 790 1967 ἀληθῶν
818 1932 918 1972 λόγων,
934 1937 992 1963 Τῶν

167 1977 218 2016 γὰρ
236 1976 394 2011 ἀποδείξεων
436 1977 591 2018 ἐῤῥωμένων
633 1984 693 2010 ταῖς
721 1977 870 2014 ἀληθείαις,
901 1977 992 2008 οὐδένα

168 2025 221 2050 τῶν
251 2022 368 2062 ἀποριῶν
397 2022 477 2063 λόγον
515 2022 543 2051 εὖ
571 2023 630 2051 ἴστε
670 2023 819 2060 ποιήσομαι
833 2030 841 2038 '
866 2022 913 2051 καί
942 2024 992 2063 γὰρ

164 2066 264 2096 ἄτοπον
290 2068 334 2096 καὶ
382 2066 531 2108 φιλόνεικον
577 2068 642 2108 πρὸς
679 2066 829 2107 ἐρρωμένην
857 2066 988 2101 ἀπόδειξιν

163 2110 261 2140 ἐθέλειν
276 2111 380 2150 ἐρίζειν.

195 2208 535 2252 ΑΠΟΚΡΙΣΕΙΣ
559 2172 955 2252 —XPIZTIANIKAI

167 2268 231 2306 πρὸς
253 2268 300 2300 τὰς
327 2268 516 2308 προῤῥηθείσας
541 2269 684 2309 ἐρωτήσεις
709 2268 762 2297 ἀπὸ
785 2268 833 2303 τῆς
856 2267 987 2301 εὖσεϐείας

401 2311 454 2338 τῶν
467 2308 583 2349 φυσικῶν
599 2308 749 2348 λογισμῶν.

204 2352 282 2382 Οὗτοι
298 2354 321 2382 οἱ
336 2353 475 2395 λόγωοῦκ
501 2355 549 2384 εἱσὶ
578 2355 681 2394 Αογικαὶ
703 2353 818 2394 ἀπορίαι,
841 2353 901 2382 ἀλλ’
917 2353 986 2395 ἐρω-

163 2398 255 2432 τήσεις
272 2397 394 2438 ἄτεχνοι.
414 2394 443 2428 Ὀ
459 2399 509 2440 γὰρ
525 2399 607 2438 λόγος
622 2401 636 2427 6
658 2399 862 2434 κατασκευάζων
877 2394 986 2438 λογικὰς

163 2442 286 2481 ἀπορίας,
317 2443 345 2471 ἂν
372 2449 433 2475 τοῖς
460 2443 610 2476 ἀκολούθως
640 2454 698 2476 πως
730 2441 883 2482 λεγομένοις
907 2444 988 2472 συνά-

164 2497 203 2526 γει
221 2484 287 2526 (22)
300 2488 330 2515 τὸ
346 2486 445 2516 ἄτοπον
462 2498 468 2503 ⁸
488 2490 558 2527 οἷον,
576 2489 657 2526 μόνος
679 2488 693 2516 6
715 2487 850 2527 ἄνθρωπος
865 2487 989 2527 γελαστι-

161 2531 221 2560 κόν·
237 2534 289 2560 πᾶν
305 2531 463 2572 γελαστικὸν
478 2534 557 2569 ζὼονν
569 2543 650 2570 μονος
664 2531 715 2572 ἄρα
731 2532 745 2560 6
760 2531 894 2571 ἄνθρωπος
908 2535 986 2569 ζῶον·

200 2598 264 2639 (19)
287 2600 431 2631 Τοιούτων.
459 2599 630 2638 Legendum
645 2599 757 2639 καὶτῶν
767 2599 895 2639 τοιούτων
919 2597 985 2627 ἰδεῖν

161 2638 276 2680 istaut
291 2639 405 2671 monuit
418 2639 657 2680 Sylburgius,qui
671 2638 745 2670 illud
757 2638 790 2673 ἢν
803 2639 870 2671 τέως
882 2647 984 2679 parum

162 2678 220 2710 huc
233 2679 291 2710 huc
306 2679 405 2712 facere
416 2678 564 2712 observat.

183 2718 264 2764 ..(20)
295 2715 450 2764 Ἐνούντων,
463 2721 543 2764 Lego
557 2719 745 2764 tivoo'vttuvmet
769 2726 837 2764 mox
856 2718 987 2764 ζητητέον

163 2758 216 2788 τῶν
229 2756 416 2802 γενναιοτέρων
440 2772 465 2790 τι
480 2756 524 2791 καῖ
534 2760 668 2799 θαύματος
683 2759 767 2793 ἄξιον.
797 2756 884 2792 F0118
899 2759 987 2793 θιὶαιη

625 127 873 166 QUESTIONES
892 126 1043 161 GRIECIE
1063 128 1114 159 AD
1135 129 1402 163 CHRISTIANOS.

1781 130 1857 163 1466

1007 198 1029 226 Δ
1039 194 1195 228 humanis?
1207 196 1281 230 Nam
1297 198 1403 231 borum
1419 198 1549 239 plurima
1563 208 1642 240 saepe
1655 199 1693 232 ad
1716 198 1862 240 multipli-

1037 243 1102 272 cata
1118 245 1305 283 tempora,eo
1320 253 1337 275 a
1352 253 1410 285 quo
1426 243 1503 276 facta
1512 248 1861 285 suntcorrupto,perma-

1037 289 1110 317 nent
1123 286 1188 327 ipsa
1202 287 1469 330 incorrupta,sicut
1481 289 1512 320 in
1523 289 1695 321 architectis
1701 287 1860 320 similibus-

1037 338 1097 370 que
1110 339 1236 364 cernere
1251 337 1306 366 est.

1078 374 1168 407 H.Et
1182 375 1208 408 si
1223 377 1323 409 interit
1337 377 1417 418 quod
1432 386 1450 408 a
1465 378 1527 410 Deo
1542 382 1587 410 est
1595 377 1806 419 factum,cujus
1814 376 1860 408 vi-

1036 418 1078 450 tio
1094 419 1385 460 interil,factorisne,
1400 431 1437 453 an
1453 422 1518 462 ejus
1532 423 1611 463 quod
1627 418 1735 453 factum
1751 425 1805 459 est,
1821 431 1860 453 an

1036 463 1201 504 cujuspiam
1218 465 1346 504 externi,
1364 466 1442 507 quod
1458 467 1585 498 creatori
1601 467 1639 497 sit
1653 467 1833 498 contrarium
1844 466 1860 497 ?

1035 506 1239 550 Quodcunque
1253 520 1322 542 vero
1337 506 1443 542 horum
1459 511 1658 551 posuerimus,
1671 511 1858 552 perspicuum

1037 553 1512 588 estconditorisforevitium.Sive
1519 555 1599 587 enim
1607 554 1732 596 id,quod
1749 555 1858 586 factum

1036 600 1093 632 est.
1111 597 1148 628 ob
1161 598 1282 630 insitum
1298 599 1355 631 sibi
1379 600 1481 631 vitium
1497 601 1587 632 exitio
1610 605 1657 631 est
1674 598 1858 636 obnoxium;

1035 641 1172 673 conditor
1186 642 1217 674 in
1234 653 1335 685 causa,
1353 645 1430 685 quod
1452 644 1508 676 tale
1523 645 1620 685 ipsum
1631 643 1810 681 condiderit,
1827 646 1860 674 ut

1036 685 1105 716 mali
1115 685 1226 728 aliquid
1238 688 1268 719 in
1279 697 1315 719 eo
1329 688 1482 720 residuum
1505 692 1596 720 esset.
1609 689 1661 720 Sin
1674 688 1859 720 extrinsecus

1034 729 1146 771 aliquid
1162 731 1201 763 sit
1215 732 1295 772 quod
1321 733 1452 764 creatori
1475 733 1660 773 adversetur,
1684 732 1727 764 sic
1741 741 1860 773 quoque

1035 776 1176 807 creatoris
1190 776 1293 808 vitium
1309 777 1377 817 erit,
1389 781 1546 818 propterea
1556 777 1635 818 quod
1651 778 1770 809 vincere
1784 785 1858 807 con-

1034 820 1126 850 traria
1140 824 1279 861 nequeat.
1296 820 1371 851 Tum
1384 821 1524 858 autem,si
1533 820 1676 852 creatoris
1692 820 1792 852 vitium
1807 820 1856 857 sit,

1004 861 1023 886 Β
1034 862 1127 903 liquet
1141 873 1211 896 eum
1232 874 1300 897 esse
1314 866 1464 898 vitiosum.
1481 868 1578 907 Atque
1600 867 1664 897 haec
1678 865 1716 897 de
1731 865 1815 896 hisce
1828 865 1858 897 in

1034 909 1192 947 prasentia
1207 919 1241 941 ex
1260 910 1360 941 multis
1373 919 1477 951 pauca;
1489 919 1557 942 nam
1569 910 1594 941 si
1603 910 1757 946 vellemus,
1775 918 1858 949 qua-

1032 952 1159 984 rendum
1174 954 1263 985 etiam
1275 959 1355 986 esset
1372 955 1443 996 quid
1466 956 1505 986 sit
1525 964 1644 996 corpus,
1660 958 1690 985 et
1700 953 1807 995 quibus
1823 962 1857 984 ex

1032 996 1123 1029 rebus
1137 1002 1290 1039 corpus,et
1305 1009 1370 1040 qua;
1384 999 1422 1031 de
1437 1000 1483 1039 his
1499 1004 1665 1035 moventur,
1683 997 1784 1029 dubia.
1800 997 1859 1029 Ve-

1032 1049 1098 1072 rum
1112 1042 1195 1074 hisce
1210 1043 1334 1083 relictis,
1349 1048 1382 1075 ut
1395 1044 1504 1075 nullius
1527 1043 1671 1075 momenti
1685 1041 1859 1084 quaestioni-

1035 1085 1223 1126 bus,gravius
1235 1087 1385 1129 quidpiam
1399 1092 1429 1120 et
1442 1088 1609 1120 mirabilius
1625 1096 1661 1119 ex
1684 1096 1731 1119 ea.
1742 1095 1807 1127 qua
1821 1086 1859 1117 de

1033 1132 1253 1164 resurrectione
1265 1136 1321 1170 est,
1339 1133 1538 1173 disputatione
1562 1140 1772 1174 proponamus.
1788 1130 1858 1162 Haec

1033 1174 1113 1206 enim
1129 1185 1189 1208 una
1198 1180 1243 1208 est
1255 1186 1290 1209 ex
1298 1175 1437 1217 gravibus
1447 1176 1742 1216 quaestionibus,quao
1756 1174 1793 1205 ab
1805 1174 1856 1205 ho-

1034 1218 1164 1251 rninibus
1178 1229 1266 1252 saxeo
1282 1220 1372 1252 corde
1385 1220 1516 1261 praeditis
1528 1224 1693 1251 moventur.

1076 1264 1123 1296 15.
1141 1265 1215 1296 Nam
1232 1265 1269 1302 si,
1286 1264 1537 1306 inquit,homines
1550 1270 1685 1296 mortuos
1699 1271 1857 1302 resurgere

1033 1312 1150 1348 oportet
1159 1309 1299 1349 integros:
1312 1309 1338 1340 si
1350 1309 1465 1342 accidat
1476 1313 1507 1340 ut
1517 1310 1608 1340 homo
1617 1309 1647 1339 in
1659 1307 1732 1339 mari
1743 1310 1855 1348 pereat,

1032 1361 1068 1384 ac
1082 1352 1193 1386 deinde
1209 1364 1227 1386 a
1242 1354 1376 1396 piscibus
1390 1358 1520 1392 voratus,
1536 1363 1654 1385 rursum
1679 1353 1743 1384 aliis
1757 1351 1856 1396 homi-

1033 1396 1134 1436 nibus,
1151 1399 1202 1439 qui
1217 1399 1316 1440 pisces
1328 1408 1380 1430 eos
1390 1398 1520 1437 ederint,
1532 1408 1601 1430 esca
1615 1399 1666 1429 ﬁat
1682 1408 1690 1430 :
1707 1395 1856 1438 quomodo

1032 1451 1138 1474 carnes
1146 1453 1214 1474 suas
1222 1443 1258 1475 ab
1269 1444 1333 1475 aliis
1344 1443 1515 1475 hominibus
1527 1446 1716 1483 consumptas
1727 1449 1855 1482 recupe-

1032 1485 1124 1518 rabit?
1131 1487 1185 1519 Vel
1200 1488 1279 1519 enim
1294 1488 1373 1519 hunc
1390 1497 1513 1519 necesse
1527 1492 1573 1519 est
1587 1487 1653 1519 sine
1663 1485 1803 1517 carnibus
1811 1493 1858 1516 re-

1001 1540 1022 1566 c
1035 1539 1170 1573 surgere,
1184 1541 1258 1573 quas
1272 1532 1323 1563 alii
1349 1533 1485 1564 homines
1501 1532 1716 1564 interveniente
1730 1529 1856 1570 piscium

1034 1581 1135 1617 esu,ut
1148 1585 1227 1617 saepe
1239 1576 1352 1608 dictum
1370 1581 1414 1607 est
1429 1577 1636 1617 comederunt,
1647 1576 1692 1607 vel
1708 1574 1779 1606 istos
1790 1582 1856 1605 car-

1034 1619 1117 1651 nium
1132 1629 1252 1652 suarum
1267 1620 1407 1660 repetitas
1415 1625 1514 1661 partes
1525 1621 1677 1661 deponere
1692 1624 1722 1650 et
1736 1626 1857 1661 mancos

1033 1663 1110 1703 ﬁeri,
1128 1669 1160 1696 ut
1184 1674 1259 1705 quos
1275 1665 1376 1705 inique
1391 1660 1579 1706 voraverunt,
1595 1664 1625 1695 in
1651 1663 1698 1695 his
1724 1662 1753 1694 id
1777 1660 1856 1706 quod

1033 1708 1118 1741 deest
1128 1709 1278 1750 expleant.
1295 1709 1391 1750 Atque
1402 1709 1465 1740 haec
1474 1709 1555 1749 quasi
1573 1717 1626 1750 per
1635 1706 1794 1739 ridiculum
1807 1705 1856 1736 di-

1033 1757 1104 1785 cunt
1118 1754 1256 1786 homines
1271 1762 1360 1785 saxeo
1369 1753 1472 1784 corde.
1488 1753 1549 1793 Ego
1566 1757 1663 1784 autem
1672 1751 1809 1788 obsecro,
1825 1753 1857 1781 ut

1032 1797 1145 1838 absque
1155 1797 1342 1830 dubitatione
1350 1797 1480 1829 ediscam
1487 1797 1715 1838 rationem,quae
1723 1802 1856 1828 resurre-

1033 1842 1162 1874 ctionem
1172 1847 1424 1883 astruat,eamque
1436 1842 1636 1873 necessariam
1646 1850 1713 1873 esse
1728 1838 1817 1871 certis
1825 1841 1857 1870 et

1034 1889 1109 1918 veris
1125 1887 1308 1927 argumentis
1322 1888 1516 1919 demonstret.
1535 1887 1609 1919 Nam
1632 1886 1657 1917 si
1678 1894 1747 1916 vere
1761 1883 1857 1915 solida

1033 1932 1094 1963 sint
1108 1936 1293 1972 argumenta,
1307 1931 1412 1962 scitote
1440 1940 1487 1962 me
1510 1930 1619 1961 nullam
1637 1928 1855 1961 dubitationum

1033 1976 1180 2008 rationem
1196 1976 1377 2007 habiturum.
1395 1975 1564 2007 Absurdum
1581 1974 1661 2006 enim
1678 1978 1722 2005 est
1743 1977 1772 2004 ct
1788 1972 1857 2013 jur-

1032 2022 1162 2062 giosum,
1185 2025 1287 2052 contra
1318 2021 1433 2052 ﬁrmam
1472 2018 1755 2051 demonstrationem
1782 2017 1859 2049 velle

1031 2066 1134 2098 rixari.

999 2236 1020 2262 ο
1030 2207 1384 2251 ΟΗΡιΙὸΤΙΑΝᾹῦ
1433 2204 1851 2250 BESPONSIONES

1028 2266 1067 2298 ad
1083 2268 1260 2308 quassamus
1271 2268 1452 2307 propositas,
1466 2274 1506 2297 ea;
1518 2265 1713 2296 naturalibus
1725 2263 1852 2304 pietatis

1261 2307 1429 2338 rationibus
1442 2307 1616 2345 desumpta.

1067 2351 1136 2383 557
1146 2353 1182 2384 Hi
1190 2362 1343 2384 sermones
1351 2361 1410 2384 non
1421 2352 1594 2393 suntpetitas
1604 2360 1640 2382 ex
1646 2349 1761 2381 ratione
1767 2348 1853 2380 dubi-

1029 2397 1223 2438 tationes,sed
1232 2398 1478 2437 interrogationes
1487 2397 1554 2427 sine
1564 2394 1714 2427 arte.Nam
1723 2403 1788 2434 qua;
1797 2403 1851 2434 pe-

1030 2442 1097 2473 titas
1113 2452 1129 2473 e
1140 2444 1255 2474 ratione
1278 2443 1477 2474 dubitationes
1497 2440 1643 2473 constmit
1657 2439 1763 2475 oratio,
1775 2438 1852 2469 eain

1029 2486 1086 2525 his,
1104 2497 1171 2528 quae
1184 2488 1403 2529 quodammodo
1417 2485 1630 2527 consequentia
1645 2488 1727 2529 sunt,
1742 2483 1851 2529 absur-

1030 2531 1100 2563 dum
1111 2526 1234 2572 colligit,
1249 2532 1423 2574 velut,solus
1438 2526 1527 2563 homo
1538 2530 1574 2562 ad
1589 2527 1748 2561 ridendum
1764 2526 1851 2559 habi-

1025 2596 1186 2637 legendum
1202 2599 1239 2631 ιὶς
1251 2597 1325 2627 λύσιν
1345 2599 1398 2627 τῶν
1413 2597 1530 2637 ἀπόρων.
1579 2635 1584 2637 _
1600 2635 1606 2637 _
1753 2632 1759 2637 _
1816 2632 1822 2637 _
1843 2633 1848 2637 _

1066 2632 1133 2677 (21)
1150 2642 1207 2667 Τῶν
1218 2638 1343 2669 ovat-siam.
1358 2632 1622 2679 Secum‘pugnabit
1633 2632 1780 2667 sententia
1795 2632 1850 2667 nisi

1026 2676 1158 2717 legamus
1173 2681 1220 2708 οὐκ
1234 2678 1355 2708 εὖςελῶν.

1070 2718 1132 2760 (22)
1147 2718 1276 2752 Clarom.
1293 2719 1413 2764 συνάγοι.
