1967 3076
119 110 194 143 1467
457 112 663 145 APP-ENDIX.
687 128 726 134 —
746 110 854 143 PARS.
878 111 904 142 Ι.
927 110 955 141 S.

117 177 169 218 lis,
185 177 330 219 quidquid
339 178 377 210 ad
396 178 557 211 ridendum
577 177 677 210 habile
691 181 748 217 est,
764 177 873 210 animal
884 180 940 217 cst,
951 182 971 208 Α

119 223 201 254 solus
211 232 281 263 ergo
293 224 384 255 homo
392 224 501 255 animal
514 235 523 260 ς
535 232 602 264 qua
617 222 738 264 quidem
751 226 821 255 sunt
835 230 944 254 conse-

119 271 243 308 quentes
251 268 531 309 propositiones.sed
537 267 665 300 absurda
671 266 870 300 conclusio.In
877 275 945 308 pro-

119 312 224 353 positis
238 317 337 344 autem
353 313 543 345 sermonibus
559 313 635 344 nihil
660 312 782 344 absurdi
795 312 945 352 colligitur

119 358 331 390 consecutione
347 367 355 390 :
373 367 465 399 quare
494 358 642 390 immerito
657 357 754 389 vocali
769 361 838 389 sunt
851 356 941 388 dubi-

120 402 256 434 taliones.

160 446 192 479 Si
207 447 272 480 ﬁeri
280 457 339 479 non
356 450 500 489 potest,ut
512 447 592 479 idem
608 448 712 480 eadem
723 449 837 488 ignoret
848 450 877 478 et
886 456 940 478 nos

119 493 169 530 rit,
186 502 254 523 nam
281 493 312 524 in
327 501 361 524 re
385 493 489 534 quavis
518 493 746 525 afﬁrmationem
762 501 860 524 veram
876 501 944 523 esse

119 540 238 578 oportet
250 541 301 569 aut
315 538 527 569 inﬂciationem
546 548 552 570 ξ
570 538 720 579 quomodo
744 537 769 569 is
785 537 834 578 qui
850 536 945 568 nescit

120 591 191 614 num
207 582 418 623 incorporeum
435 583 668 619 sit,voluntatem
684 587 713 615 et
727 582 942 614 consideratio-

118 636 199 664 nem,
212 628 421 668 cogitationem
436 632 466 659 et
491 627 751 668 deliberationem,
769 633 901 658 mentem
913 631 944 658 et

118 672 264 703 rationem
284 673 352 711 scit,
370 682 436 713 qua;
455 676 523 703 sunt
546 672 715 713 incorporei
730 671 943 713 operationes?

117 716 190 748 Nam
202 716 338 757 ignorare
349 717 470 758 quidem
480 718 690 758 incorporeum
701 725 873 755 esse,nosse
885 725 942 748 au-

118 765 178 792 tem
192 762 360 802 incorporei
371 766 570 802 operattones,
587 770 689 793 eorum
702 762 804 802 estqui
815 761 884 802 quid
893 761 940 792 di-

119 810 188 837 cant
203 805 348 837 nesciunt.
365 805 585 837 Dubitationem
602 807 755 838 instituere
771 810 800 836 et
812 806 938 844 solvere,

118 860 178 881 non
188 854 233 881 est
241 859 418 887 sensus,nec
433 850 578 891 corporis.
592 851 677 888 Quod
689 853 788 883 autem
805 851 940 891 corporis

117 903 176 926 non
189 899 245 933 est,
263 896 293 926 id
306 895 475 936 incorporei
490 904 558 927 esse
574 905 700 928 necesse
713 897 771 928 est.

156 985 216 1016 Cur
225 984 393 1025 incorporei
402 984 584 1016 exsistentiae
592 983 824 1016 declarationem
834 985 941 1024 quaeri-

118 1032 200 1060 mus?
213 1027 285 1060 Nam
301 1029 326 1060 si
342 1038 477 1070 quaerere
498 1030 537 1061 de
559 1029 659 1070 aliqua
679 1038 712 1061 re
727 1032 828 1061 utrum
845 1039 940 1061 necne

118 1074 167 1114 sit,
182 1073 342 1113 disputatio
358 1078 415 1115 est;
427 1074 585 1114 disputatio
604 1078 701 1106 autem
716 1074 795 1105 illius
805 1077 850 1105 est
864 1084 921 1115 ope

116 1118 286 1159 ratio,quod
295 1119 409 1150 ratione
417 1119 572 1160 praeditum
581 1118 869 1156 est,rationisautem
877 1128 942 1150 cor-

118 1172 174 1203 pus
185 1172 404 1204 perseexpers,
421 1163 613 1204 perspicuum
629 1163 792 1204 estaliquid
809 1173 877 1195 esse
892 1165 940 1195 in-

119 1209 402 1249 corporeum,cujus
408 1209 562 1249 proprium
569 1212 755 1249 estquaerere
761 1209 939 1249 etjulicare.

159 1253 261 1285 Aliud.
277 1252 313 1284 Ei
324 1252 375 1294 qui
390 1261 449 1284 non
463 1253 572 1284 fatetur
582 1262 649 1284 esse
675 1252 790 1293 aliquid
805 1253 942 1294 incorpo-

116 1306 278 1336 reum,non
289 1297 429 1329 convenit
443 1297 559 1328 ratione
566 1306 700 1338 querere
711 1302 742 1328 et
752 1297 889 1337 judicare
904 1307 940 1328 an

116 1342 228 1383 aliquid
240 1341 508 1382 sitincorporeum.
520 1343 632 1374 Praeter
642 1342 788 1373 rationem
801 1341 881 1372 enim
897 1346 943 1373 est

116 1387 159 1417 uti
174 1387 294 1428 quidem
311 1387 480 1428 incorporei
491 1386 940 1428 operationibus,incorporeum

114 1435 212 1462 autem
228 1440 295 1463 esse
310 1431 459 1472 ignorare.

146 1476 325 1508 AliudDute
333 1477 438 1508 suntin
446 1475 532 1508 nobis
538 1476 886 1518 comprehendendarum
893 1485 939 1507 re-
949 1473 970 1499 Ο

114 1530 179 1552 rum
197 1521 472 1559 facultates,sensus
485 1521 861 1562 etintelligentia,quarum
873 1530 943 1561 ope-

115 1567 246 1598 rationes
257 1570 370 1598 tantum
382 1567 460 1597 inter
485 1574 518 1596 se
529 1565 653 1604 distant,
667 1569 810 1606 quantum
829 1574 863 1596 ea
878 1575 944 1606 quae

118 1611 155 1642 ab
168 1612 260 1643 altera
268 1610 793 1652 comprehenduntur,comprehendi
804 1610 841 1641 ab
851 1610 945 1641 altera

118 1660 283 1697 nequeunt.
297 1655 355 1687 Sed
370 1665 438 1687 cum
455 1664 561 1686 omnes
575 1655 731 1686 facultates
746 1654 943 1686 essentiarum

119 1701 178 1732 sint
206 1701 368 1738 facultates,
399 1700 473 1731 duas
502 1708 608 1731 necsse
633 1703 680 1731 est
701 1699 848 1730 essentias
863 1708 941 1736 esse,

119 1754 244 1786 quarum
261 1745 384 1776 alterius
405 1745 444 1775 sit
459 1753 579 1782 sensus,
595 1744 718 1775 alterius
734 1743 940 1784 intelligentia.

117 1790 201 1826 Quod
217 1790 243 1821 si
259 1791 300 1821 ita
315 1795 370 1830 est,
387 1789 444 1820 erit
454 1793 535 1820 certe
550 1788 680 1820 essentia
691 1788 825 1829 quaedam
838 1788 940 1819 incor-

117 1844 220 1875 porca,
236 1835 321 1875 cujus
343 1833 497 1876 proprium
513 1837 558 1864 est
581 1833 760 1873 intelligere,
780 1837 812 1863 ut
827 1831 940 1864 sentire

115 1879 260 1920 corporis.

155 1923 260 1956 Aliud.
278 1923 309 1955 Si
321 1922 391 1964 quid
408 1922 570 1954 animatum
598 1921 789 1960 est,animam
807 1930 872 1952 esse
884 1930 940 1952 ne-

115 1977 199 2000 cesse
212 1972 267 2009 est;
286 1968 393 2000 animae
404 1968 484 1999 enim
500 1967 770 1998 communicatione
778 1966 941 1998 animatum

115 2018 160 2045 est
175 2013 351 2044 animatum.
365 2011 397 2043 Si
408 2012 533 2044 scientia
542 2012 572 2043 in
583 2021 616 2043 se
627 2012 691 2053 ipsa
702 2021 760 2042 non
773 2014 828 2052 est,
842 2010 894 2042 sed
911 2011 942 2042 in

115 2058 352 2095 anima,necesse
367 2066 440 2088 sane
455 2056 644 2095 est,animam
659 2056 690 2088 iu
706 2056 804 2097 seipse
819 2056 940 2095 esse,[iu

113 2113 171 2144 qua
188 2103 227 2134 sit
242 2102 379 2134 scientia.

156 2148 258 2180 Aliud.
276 2147 308 2180 Si
324 2155 430 2187 corpus
441 2146 541 2178 anima
555 2146 669 2186 indiget
689 2149 721 2177 ut
735 2146 811 2177 vivat
828 2148 857 2176 et
869 2154 939 2176 seu-

980 109 1129 142 JUSTINI
1151 109 1275 140 OPERA
1296 107 1443 140 SPURIA.
1727 105 1810 138 1468

982 175 1064 214 αἵπερ
1085 176 1148 204 εἰσὶν
1170 174 1309 204 ἀκόλουθοι
1337 176 1479 214 προτάσεις
1506 174 1566 212 μὲν,
1596 173 1694 203 ἄτοπον
1719 172 1747 201 δὲ
1775 173 1806 200 τὸ

985 220 1175 260 σδμπέρασμα.
1207 219 1253 249 Ἐν
1282 218 1310 247 δὲ
1331 225 1390 251 τοῖς
1404 218 1586 258 προκειμένοις
1614 217 1702 257 λόγοις
1730 217 1805 246 οὖδέν

984 265 1083 294 ἄτοπον
1105 265 1174 293 κατὰ
1194 263 1347 294 ἁχολουθίαι
1368 265 1490 304 συνήχθη
1506 272 1515 280 ⁸
1542 263 1582 292 διὸ
1612 263 1660 292 οὐκ
1688 261 1804 301 εὐλόγως

985 309 1134 346 ἐκλήθησαν
1148 310 1263 349 ἀπορίαι.

1025 355 1055 384 Εἰ
1083 353 1210 383 ἀδύνατον
1238 355 1270 383 τὸ
1299 354 1363 382 αὐτὸ
1391 353 1425 381 τὰ
1458 353 1524 383 αι’)τᾶ
1561 353 1605 381 καὶ
1632 354 1741 392 ἀγνοεῖν
1760 351 1806 379 διάῖ

984 400 1124 439 γινώσκειν
1168 398 1224 439 (ἐπὶ
1266 399 1366 430 παντὸς
1413 398 1462 437 γὰρ
1494 397 1581 431 ἀληθη
1628 397 1678 431 τὴν
1719 395 1805 425 κατά-

984 454 1063 484 φασιν
1085 451 1154 472 εῖναι
1183 442 1226 472 δεῖ
1253 443 1271 477 ἢ
1307 443 1357 477 τὴν
1380 442 1527 482 ἀπόφασιν)
1543 450 1551 458 ·
1580 443 1639 474 πῶς
1659 443 1674 470 δ
1702 441 1806 481 ἂγνοῶν

984 489 1007 517 εἰ
1048 488 1119 516 ἔστιν
1171 488 1327 526 ἀσώματον,
1369 487 1493 526 γινώσκει
1528 485 1653 524 βούλησίν
1693 497 1723 514 τε
1762 485 1807 514 καὶ

984 533 1127 573 επίχρισιν,
1168 532 1286 562 διάνοιάν
1329 542 1358 560 τε
1400 532 1444 560 χοὶ
1486 530 1636 571 ἐπίσκεψιν,
1679 533 1738 559 νοῦν
1777 540 1806 558 τε

984 578 1029 606 καὶ
1049 577 1140 617 λόγον,
1177 577 1252 605 ἅτινά
1284 577 1339 605 ἐστι
1369 580 1416 605 τοῦ
1443 575 1586 613 ἀσωμάτου
1611 575 1804 615 ἰνεργήματας

984 624 1020 652 Τὸ
1041 622 1091 661 γὰρ
1106 622 1133 650 ἐν
1159 621 1277 661 ἆγνωσίᾳ
1301 624 1351 655 τῆς
1372 623 1418 649 τοῦ
1439 620 1582 657 ἀσωμάτου
1604 618 1736 659 ὑπάρξεως
1758 630 1805 658 γι-

984 667 1094 696 νώσκειν
1115 671 1162 696 τοῦ
1191 666 1334 704 ἀσωμάτου
1354 665 1387 694 τὰ
1407 664 1575 704 ἐνεργήματα
1589 666 1642 693 τῶν
1663 663 1711 693 οὒκ
1734 662 1804 692 εἰδό-

983 722 1037 740 των
1066 711 1080 739 ὅ
1113 711 1191 751 φασίν
1224 710 1291 742 ἔστι,
1317 710 1353 739 Τὸ
1380 708 1582 744 κατασκευάζειν
1609 709 1732 748 ἀπορίαν,
1760 710 1808 739 καὶ

983 754 1054 784 λύειν
1081 755 1203 795 ἂπορίαν,
1232 756 1279 783 οὐκ
1301 754 1373 783 ἔστιν
1398 754 1546 789 αἰσθήσεως
1569 757 1658 791 τοῦτο,
1672 751 1730 782 οὑδὲ
1745 752 1804 780 σώ-

981 800 1064 838 ματός
1079 800 1146 831 ἐστι.
1164 801 1200 829 Τὸ
1214 799 1241 828 ὁὶ
1256 799 1295 838 μὴ
1320 800 1349 828 ὃν
1364 798 1500 836 σώματος,
1519 802 1597 828 τοῦτο
1612 798 1717 837 ἀνάγκη
1731 797 1804 826 εἶναι

979 848 1027 874 τοῦ
1041 845 1194 883 ἀσωμάτου,

1022 970 1104 1004 ιὈθεν
1118 973 1183 1014 (23)
1199 977 1329 1011 ζητοῦμεν
1354 976 1402 1007 τῆς
1427 976 1473 1002 τοῦ
1501 972 1644 1010 ἀσωμάτου
1667 970 1803 1012 ὃπάρξεως

980 1019 1030 1053 τὴν
1057 1018 1195 1056 δήλωσινς
1224 1018 1246 1046 εἰ
1274 1018 1322 1055 μὶν
1344 1019 1394 1058 γάρ
1414 1017 1446 1046 τὸ
1473 1021 1565 1053 ζητεῖν
1589 1017 1649 1056 περί
1670 1026 1754 1054 τινος,
1780 1021 1803 1048 ιι

981 1063 1051 1092 ἔστιν
1066 1063 1084 1098 ἢ
1098 1063 1146 1092 οὒκ
1167 1062 1233 1099 ἔστι,
1250 1062 1331 1102 λόγου
1346 1062 1415 1092 ἐστίν
1427 1071 1435 1079 ’
1461 1063 1476 1091 ὁ
1499 1061 1525 1090 δὲ
1543 1061 1623 1100 λόγος
1634 1062 1682 1089 τοῦ
1695 1060 1804 1100 λογικοῦ

981 1108 1096 1148 ὑπάρχει
1118 1107 1250 1147 ἒνὲργημά
1266 1115 1274 1122 ⁵
1305 1107 1401 1146 ἂλογον
1424 1106 1451 1135 δὲ
1474 1107 1505 1135 τὸ
1531 1110 1609 1144 σῶμα
1624 1105 1681 1134 καθ’
1698 1105 1776 1134 ἑαυτό
1792 1112 1801 1120 ⁸

981 1152 1075 1193 δῆλον,
1091 1152 1132 1182 ὅτι
1154 1153 1209 1181 ἔστι
1230 1163 1255 1180 τι
1270 1152 1424 1191 ἀσώματον,
1446 1152 1470 1190 ᾧ
1484 1151 1552 1180 ἴδιον
1566 1151 1682 1191 ὑπάρχει
1703 1151 1734 1178 τὸ
1749 1153 1802 1186 ζη-

981 1204 1040 1226 τεῖν
1055 1198 1099 1225 καὶ
1114 1198 1220 1237 κρίνειν.

1023 1241 1116 1272 Ἀλλο.
1146 1245 1190 1279 Τῷ
1223 1242 1262 1280 μὴ
1290 1240 1465 1280 ὁμολογοῦντι
1492 1241 1563 1269 εἶναι
1589 1250 1615 1268 τι
1647 1239 1802 1278 ἀσώματον,

982 1287 1112 1316 ἀνοίκειον
1137 1287 1253 1327 ὑπάρχει
1281 1287 1312 1314 τὸ
1349 1285 1423 1326 λόγῳ
1457 1290 1549 1322 ζητεῖν
1578 1285 1621 1313 καὶ
1645 1285 1753 1324 κρίνειν,
1782 1285 1806 1313 εἰ

983 1331 1038 1360 ἔστι
1060 1343 1085 1359 τι
1107 1331 1262 1369 ἀσώματον.
1292 1329 1414 1370 ’Ἃλογον
1442 1332 1492 1371 γὰρ
1516 1331 1547 1359 τὸ
1577 1331 1726 1370 κεχρῆσθαι
1754 1330 1805 1367 μὲν

981 1383 1043 1408 ταῖς
1067 1379 1114 1405 τιῡ
1135 1376 1278 1412 ἀσωμάτου
1298 1375 1453 1416 ἐνεργείαις,
1474 1376 1581 1414 ἀγνοεῖν
1605 1374 1634 1403 δὲ
1654 1378 1700 1403 τοῦ
1728 1375 1805 1403 ἄσω-

982 1422 1066 1460 μάτου
1081 1422 1131 1455 τὴν
1147 1420 1267 1460 ὕπαρξιν,

1022 1465 1127 1497 ”Αλλο.
1153 1466 1204 1495 Δύο
1226 1467 1290 1494 εἰσὶν
1304 1466 1332 1494 ἒν
1347 1466 1415 1503 ἡμῖν
1437 1464 1634 1499 καταληπτικαῖ
1649 1466 1701 1492 τῶν
1716 1474 1805 1502 πραγ-

984 1511 1074 1549 μάτων
1102 1510 1237 1548 δυνοίμεις,
1266 1512 1284 1546 ἥ
1314 1521 1342 1539 τε
1370 1510 1495 1544 αἴσθησις
1510 1511 1554 1539 καὶ
1569 1510 1586 1544 ἡ
1603 1509 1704 1542 νόησις·
1721 1510 1758 1537 ὧν
1779 1509 1807 1536 αἱ

985 1555 1111 1595 ἐνέργειαι
1133 1556 1250 1592 τοσούτῳ
1277 1554 1401 1590 ἀλλήλων
1431 1554 1607 1595 διαφέρωσιν,
1632 1553 1687 1590 ὅσῳ
1701 1553 1734 1581 τὰ
1753 1553 1806 1581 ὑπὸ

984 1600 1093 1640 θατέρου
1116 1599 1373 1638 κατιιλαμὲανόμενα
1401 1599 1441 1638 μὴ
1479 1598 1600 1628 δύνασθαι
1628 1595 1806 1634 καταλαμϐά-

985 1646 1072 1673 νεσθαι
1094 1645 1145 1673 ὑπὸ
1165 1649 1211 1674 τοῦ
1239 1644 1342 1684 ἑτέρου.
1359 1643 1433 1673 ’Δλλ¹
1461 1642 1553 1677 ἐπειδὴ
1579 1646 1662 1671 πᾶσαι
1683 1641 1807 1678 δυνάμεις

983 1690 1078 1719 οὐσιῶν
1105 1690 1155 1718 εἶσι
1183 1689 1306 1728 δονάμεις
1344 1689 1386 1717 διὰ
1410 1693 1487 1718 τοῦτο
1513 1688 1616 1727 ἀνάγκη
1634 1693 1702 1716 εἶναι
1717 1686 1808 1718 οὖσίας

982 1733 1039 1770 δύο,
1053 1736 1090 1763 ὧν
1105 1737 1155 1768 της
1170 1734 1220 1772 μὲν
1242 1733 1310 1764 ἴδιον
1325 1733 1356 1763 τό
1372 1735 1547 1770 αἰσθάνεσθαι,
1571 1735 1620 1766 τῆς
1634 1731 1662 1760 δὲ
1676 1732 1707 1759 τὸ
1721 1738 1806 1763 νοεῖν,

982 1777 1056 1807 Ἀλλ’
1084 1779 1106 1806 εἷ
1128 1780 1218 1816 τοῦτο,
1241 1778 1312 1807 ’ἐστιν
1337 1779 1388 1818 ἄρα
1420 1777 1494 1807 οὖσία
1523 1788 1562 1809 τις
1593 1776 1748 1815 ἀσώματος,
1774 1775 1808 1809 ἧς

982 1822 1050 1852 ἴδιον
1066 1823 1181 1864 ὑπάρχει
1198 1825 1228 1852 τὺ
1244 1830 1329 1862 νοεῖν,
1355 1823 1444 1863 ὥσπερ
1469 1823 1500 1851 τὸ
1517 1822 1682 1850 αἰσθάνεσθαι
1696 1823 1736 1857 τῷ
1749 1820 1809 1848 σώ-

982 1879 1061 1906 ματι.

1022 1911 1128 1944 ’¹Αλλο.
1145 1913 1175 1941 Ei
1190 1912 1245 1942 ἔστι
1267 1924 1292 1942 τι
1320 1912 1457 1953 ἔμψυχον,
1473 1912 1576 1952 ἆνάγγη
1599 1911 1671 1940 εἶναι
1686 1910 1737 1944 τὴν
1751 1912 1808 1947 ψυ-

981 1958 1049 1999 χήν·
1067 1957 1102 1991 τῆ
1126 1958 1176 1997 γὰρ
1191 1960 1284 1998 ψυχῆς
1312 1960 1418 1997 μετοχῇ
1433 1958 1463 1985 τὸ
1479 1956 1603 1997 ἔμψυχον
1617 1956 1732 1996 ὑπάρχει
1753 1954 1806 1992 ἒμ-

983 2005 1084 2043 ψυχον.
1108 2003 1137 2031 Εἰ
1158 2004 1175 2037 ἡ
1203 2002 1339 2041 ἒπιστήμη
1368 2002 1415 2031 οὐκ
1430 2001 1501 2031 ἔστιν
1516 2000 1556 2042 ἐφ’
1583 2001 1692 2038 ὲάυτῆς,
1706 1998 1765 2028 ἀλλ’
1780 1999 1808 2028 ἂν

982 2051 1017 2086 τῇ
1033 2049 1121 2087 ψυχῇ,
1138 2047 1242 2086 ἀνάγκη
1257 2047 1307 2087 ἄρα
1321 2047 1394 2076 εἶναι
1409 2047 1458 2081 τὴν
1480 2046 1572 2086 ψυχὴν
1598 2045 1640 2086 ἐφ’
1655 2045 1763 2082 ἑαυτῆς,
1779 2043 1806 2072 ἰν

981 2093 1001 2131 ᾗ
1014 2093 1129 2132 ὑπάρχει
1144 2093 1162 2126 ἡ
1177 2092 1329 2130 ἐπιστήμη,

1023 2136 1126 2167 ”Λλλο.
1145 2136 1175 2165 El
1189 2137 1220 2165 τὸ
1234 2137 1282 2173 μὲν
1304 2137 1382 2174 σῶμα
1410 2134 1496 2164 δεῖται
1517 2137 1566 2168 τῆς
1582 2133 1673 2174 ψδχῆς
1689 2133 1755 2173 πρὸς
1776 2133 1808 2160 τὸ

115 2194 178 2234 tiat,
203 2193 302 2224 anima
324 2177 394 2223 vero
410 2201 470 2222 non
497 2191 610 2231 indiget
620 2177 773 2231 vcorpore,
795 2199 893 2231 neque
909 2196 937 2222 ut

1023 2193 1028 2210 ι
1056 2192 1085 2210 τε
1114 2181 1158 2209 καὶ
1184 2181 1363 2219 αἰσθάνεσθαι,
1378 2182 1397 2215 ἡ
1413 2180 1441 2208 δὲ
1457 2180 1534 2220 ψυχὴ
1549 2179 1580 2207 οὒ
1596 2178 1682 2207 δεῖται
1697 2182 1744 2207 τοῦ
1757 2177 1809 2206 σώ-

1104 2225 1117 2234 η
1205 2227 1213 2234 ι
1267 2227 1274 2234 \
1293 2227 1323 2234 ..›
1385 2227 1397 2234 νι
1496 2225 1503 2234 \
1569 2225 1577 2233 ι
1655 2230 1668 2234 -
1718 2221 1742 2234 8,
1752 2233 1757 2234 γ
1767 2233 1772 2234 γ
1781 2232 1787 2234 _

113 2237 188 2268 vivat
208 2245 305 2278 neque
325 2241 356 2267 ut
370 2236 516 2276 intelligat
533 2245 541 2268 ε
557 2235 640 2267 aliud
665 2235 796 2276 profecto
811 2235 910 2266 anima
925 2243 943 2266 a

113 2291 262 2358 (03,751.13.
280 2325 312 2358 Si
327 2325 429 2357 anima
442 2325 570 2365 imperat
581 2324 826 2365 corpori,corpus
840 2327 941 2356 autem

113 2369 357 2411 animaaimperio
369 2370 498 2402 deservit
511 2377 518 2400 :
533 2369 613 2400 aliud
629 2369 731 2410 utique
743 2369 841 2400 anima
854 2378 941 2410 quam

112 2425 292 2491 00ᾜῖδᾶδί
303 2459 403 2490 anima
413 2459 535 2490 artiﬁcis
545 2458 640 2490 instar
651 2462 707 2493 est,
718 2466 828 2498 corpus
839 2461 939 2489 autem

112 2504 314 2542 instrumenti,
333 2513 393 2535 non
405 2503 485 2535 idem
504 2507 602 2535 autem
622 2502 748 2534 est558
757 2502 939 2534 artiﬁciins-

112 2553 296 2580 trumentum
312 2558 319 2580 :
338 2557 397 2579 non
413 2557 482 2588 ergo
494 2547 574 2579 idem
589 2547 700 2579 anima:
714 2555 838 2587 corpus.

153 2632 290 2665 Aliud.Si
303 2632 432 2673 primum
445 2636 490 2663 est
500 2632 621 2669 ratio,et
633 2630 781 2672 posterius
793 2631 870 2671 quod
887 2640 937 2662 ra-

112 2677 194 2708 tione
210 2678 240 2709 iit
256 2677 298 2717 (in
314 2676 414 2708 animo
429 2685 560 2715 namque
589 2679 636 2706 est
663 2674 750 2713 ratio,
768 2675 798 2705 in
815 2677 938 2706 materia

109 2727 208 2753 autem
228 2722 307 2763 quod
323 2721 439 2753 ratione
454 2720 497 2762 lit)
513 2731 522 2759 ;
546 2720 627 2752 aliud
653 2724 734 2751 certe
761 2724 885 2757 materia
900 2720 938 2751 ab

152 2787 215 2828 (93)
233 2786 327 2818 "00w.
340 2788 409 2827 Leg.
426 2786 516 2819 πόθεν,
535 2786 599 2817 Mox
615 2784 677 2826 leg.
691 2784 772 2825 λόγος
787 2785 870 2816 ἐστίν.

983 2237 1067 2265 ματος
1089 2225 1147 2254 οὕτε
1169 2227 1235 2266 πρὸς
1250 2227 1280 2254 τὺ
1293 2227 1340 2264 ζῇν
1370 2227 1428 2254 οὔτε
1458 2225 1523 2263 πρὸς
1552 2225 1583 2252 τὸ
1610 2230 1694 2261 νοεῖν,
1718 2221 1807 2262 ἕτερον

983 2270 1032 2311 ἄρα
1047 2271 1064 2304 ἡ
1080 2271 1157 2311 ψυχὴ
1173 2272 1244 2311 παρὰ
1260 2272 1290 2300 τὸ
1305 2274 1394 2309 σῶμα.

1023 2310 1172 2347 ’Ἀλλανεῐ
1187 2316 1204 2350 ἡ
1234 2316 1282 2354 μὶν
1313 2316 1390 2356 ψυχὴ
1416 2314 1575 2355 προστάσσει
1590 2316 1629 2350 τῷ
1643 2312 1760 2351 σώματι,
1777 2312 1808 2339 τὸ

982 2359 1010 2389 δὲ
1033 2363 1112 2398 σῶμα
1126 2360 1254 2400 ὑπουργεῖ
1268 2367 1328 2392 τοῖς
1345 2363 1393 2394 τῆς
1409 2362 1501 2400 ψυχῆς
1517 2357 1729 2399 προστάγμασιν,
1747 2356 1808 2386 ἕτε-

983 2418 1028 2447 ρον
1042 2406 1091 2447 ἄρα
1105 2417 1130 2435 τι
1145 2407 1162 2441 ἦ
1179 2408 1257 2447 ψυχὴ
1272 2407 1343 2447 παρὰ
1357 2407 1387 2435 τὺ
1398 2407 1488 2444 σῶμα.

1023 2450 1129 2480 ’¹Αλλο.
1161 2452 1189 2480 Εἰ
1218 2452 1235 2486 ἡ
1266 2452 1314 2489 μὶν
1337 2452 1415 2492 ψυχὴ
1441 2451 1564 2491 τεχνίτω
1585 2449 1667 2489 λόγον
1698 2447 1808 2488 ὶπέχει,

982 2497 1013 2525 τὸ
1042 2494 1069 2524 δὲ
1099 2499 1177 2534 σῶμα
1214 2497 1339 2536 ὀργάνου,
1379 2497 1410 2526 οὗ
1449 2495 1543 2526 ταῦτόν
1571 2493 1599 2523 δὲ
1626 2494 1741 2534 ὑπάρχει
1772 2493 1812 2530 τῷ

983 2541 1093 2582 τεχνίτῃ
1120 2542 1154 2571 τὰ
1179 2541 1290 2582 ὄργανα,
1327 2541 1357 2571 οὗ
1385 2542 1478 2572 ταῦτὸν
1524 2540 1575 2580 ἄρα
1602 2542 1638 2578 τῇ
1665 2541 1745 2579 ψυχῇ
1780 2539 1812 2566 τὸ

982 2597 1072 2623 σωμα.

1024 2625 1125 2660 ”Αλλο.
1150 2631 1179 2660 Εἰ
1205 2624 1311 2670 ῖκρῶτος
1341 2631 1356 2660 ὀ
1377 2629 1470 2671 λόγος,
1491 2630 1536 2658 καὶ
1559 2628 1666 2668 ὕστερον
1693 2628 1725 2657 rb
1741 2628 1813 2656 κατὰ

981 2676 1028 2704 τὸν
1053 2675 1133 2715 λόγον
1163 2675 1202 2716 (ἐν
1225 2677 1275 2715 μὲν
1296 2677 1346 2716 γὰρ
1373 2679 1409 2714 τῇ
1430 2678 1509 2716 ψυχῇ
1531 2676 1545 2703 ὁ
1570 2673 1663 2714 λόγος,
1691 2674 1722 2702 ἓν
1737 2672 1766 2701 δὲ
1781 2676 1816 2711 τῇ

981 2720 1033 2759 ὕλῃ
1054 2721 1085 2749 τὸ
1101 2721 1168 2750 κατὰ
1189 2722 1235 2750 τὸν
1258 2721 1362 2762 λόγον),
1391 2720 1479 2762 ἕτερον
1502 2719 1553 2761 ἄρα
1577 2730 1604 2748 τι
1633 2719 1651 2754 ἠ
1664 2717 1716 2753 ὕλη
1738 2719 1814 2758 παρὰ
