1967 3076
184 140 264 173 1469

646 142 888 180 QUIESTIONES
908 143 1054 174 GRIECIE
1075 145 1126 176 AD
1146 145 1409 180 CHRISTIANOS.

1800 147 1875 181 1470

184 205 233 240 τήν
259 208 364 248 ψυχήν.
389 208 426 237 Τὸ
447 207 475 236 δὲ
499 207 566 242 ὕλης
596 207 698 247 ἕτερον,
722 212 798 237 τοῦτο
821 209 865 237 καὶ
889 208 1066 247 σώματοςΑε

1094 209 1165 242 imo.
1183 210 1264 247 Quod
1292 221 1360 243 vero
1374 222 1391 244 a
1422 214 1546 245 materia
1571 213 1649 244 aliud
1666 217 1721 250 est,
1749 212 1776 244 id
1793 213 1873 245 aliud

184 250 286 289 ἕτερον.

227 290 329 328 ”ΑλΙ.ο,
356 297 384 325 Ei
400 297 430 325 τὸ
459 297 499 334 μὴ
522 297 550 325 ὃν
581 299 658 334 σῶμα
687 296 745 326 οὐδὲ
774 298 846 326 οὐσία
868 298 937 336 ἐστι,
953 301 1009 330 πῶς

185 339 326 380 διαιρεῖται
355 341 372 375 ἡ
401 342 476 370 οὖσία
513 342 549 372 εὶς
590 343 669 379 σῶμα
698 342 742 370 καὶ
783 341 936 382 ἀσώματον²
965 342 1011 371 τοῦ

186 383 370 424 διαιρουμένου
398 385 503 424 ἀνάγκη
532 385 700 426 ὑπάρχοντος
726 387 754 414 ἓν
776 393 835 420 τοῖς
851 388 888 420 εἷς
903 386 919 415 ἃ
941 386 1011 415 διαι-

186 436 272 469 ρετται
288 439 298 470 ς

225 472 415 504 ἘΡΩΤΗΣ[Σ.
434 475 464 504 Εἰ
479 474 535 503 ’ἐστι
551 485 576 503 τι
597 474 752 513 ἀσώματον,
768 476 846 505 πόθεν
862 475 954 514 δηλον,
970 476 1010 505 ὅτι

185 517 248 549 αὐτὸ
264 518 304 559 ἐφ’
318 520 409 548 ἐαυτοϊ
423 518 529 548 δύναται
545 520 617 548 εἶναι
634 529 643 560 ;

226 562 429 596 ἈΠΟΚΡΙΣΙΣ,
474 564 510 593 οὗ
546 567 581 603 τῇ
621 565 748 604 παρουσίᾳ
794 566 826 594 τδ
868 569 946 604 σῶμα
981 567 1012 595 τὸ

186 608 244 637 καθ’
261 609 339 637 ἑαυτὸ
353 608 424 645 ζωῆς
438 620 468 637 τε
482 610 526 638 καὶ
542 610 688 644 αἰσθήσεως
718 610 761 638 καὶ
790 609 905 643 διανοίας
927 611 1013 649 ἀμέτ-

187 664 255 693 οχον
283 652 359 694 (25),
388 654 432 682 καὶ
461 656 495 692 τῇ
528 653 641 691 ἀπουσίᾳ
670 654 749 685 πάλιν
784 655 876 694 νεκρόν
912 665 940 684 τε
969 652 1012 684 καὶ

186 697 344 731 ἀναίσθητοι
383 698 428 726 καὶ
456 698 614 731 ἀδιανόητον
652 698 763 738 γίνεται,
794 703 871 728 τοῦτο
907 700 1011 738 ἀνάγκη

186 744 256 770 εἶναι
272 741 312 782 ἐφ’
329 742 436 782 ἑαυτοῦ,
453 743 489 774 ὡς
505 745 539 781 τῇ
561 743 655 772 ἑαυτοῦ
683 743 757 784 φύσει
773 743 895 784 ὑπάρχον
910 744 1011 785 59019-

186 797 230 816 τον
234 809 242 816 .

1051 263 1169 294 quoque
1183 264 1200 286 a
1216 265 1352 297 corpore.

1091 299 1229 332 Aliud.Si
1240 301 1268 332 id
1281 302 1359 342 quod
1372 311 1480 342 corpus
1492 312 1550 333 non
1563 306 1617 342 est,
1631 311 1728 343 neque
1737 302 1873 333 substan-

1052 342 1091 373 tia
1100 348 1164 374 est:
1180 346 1329 385 qut-modo
1340 347 1504 378 substantia
1516 347 1657 377 dividitur
1683 347 1712 377 in
1725 356 1832 386 corpus
1846 351 1875 377 et

1056 387 1279 429 incorporeum,
1297 400 1363 422 cum
1382 391 1423 426 id,
1441 393 1520 431 quod
1536 391 1686 429 dividitur,
1704 391 1873 424 necessario

1054 430 1084 462 in
1102 432 1145 463 eis
1160 433 1198 464 sit
1213 434 1242 464 in
1258 445 1324 475 quae
1339 430 1504 467 dividitur?

1094 476 1237 513 QUIEST.
1253 479 1290 511 II.
1308 480 1339 511 Si
1354 480 1425 520 quid
1443 487 1488 512 est
1504 481 1726 521 incorporeum,
1739 479 1819 512 unde
1834 480 1872 511 li-

1053 525 1123 562 quet
1137 521 1167 552 id
1181 522 1210 553 in
1225 524 1325 564 seipso
1339 534 1406 556 esse
1423 534 1509 565 posse
1521 524 1537 554 ?

1093 565 1201 598 RESP.
1219 567 1308 608 Cujus
1325 573 1353 599 et
1365 569 1522 609 praesentia
1538 578 1659 609 corpus,
1680 568 1759 609 quod
1776 577 1829 608 per
1842 578 1874 599 se

1053 610 1257 651 exsistit,vitae,
1273 622 1379 644 sensus
1393 618 1421 644 et
1438 613 1568 645 notionis
1585 614 1616 644 lit
1631 614 1780 654 particeps
1793 613 1872 653 (24),

1053 658 1082 685 et
1094 654 1231 688 absentia
1247 666 1351 688 rursus
1365 664 1530 696 mortuum,
1543 667 1578 689 ac
1594 659 1659 689 sine
1675 667 1766 689 sensu
1776 661 1806 688 et
1819 667 1873 688 co-

1052 699 1221 739 gitatione:
1244 701 1273 732 id
1300 711 1422 733 necesse
1447 708 1493 734 est
1519 703 1549 733 in
1574 702 1672 742 seipso
1688 711 1754 734 esse
1768 706 1801 733 ut
1821 711 1875 733 sua

1052 747 1155 775 natura
1171 745 1412 787 incorruptibile.

229 825 332 880 “alio,
362 832 399 860 Τὸ
427 831 633 880 κατασκευάζειν
653 831 847 880 ’ἐπιστημόνως
869 833 916 865 τὰς
932 832 1041 880 λογι-Β

1091 832 1199 865 Aliud.
1212 835 1320 880 Petitas
1332 844 1348 866 e
1356 835 1473 867 aatione
1484 835 1682 867 dubitationes
1691 837 1820 868 scienter
1830 836 1872 866 in-

187 876 235 908 κάς
250 875 372 916 ἀπορίας,
404 876 449 904 καὶ
470 876 566 908 ταύτας
597 876 694 914 ὁμοίως
723 876 911 915 ἐπιστημόνως
926 877 1008 914 λύειν,

188 921 235 949 οὐκ
250 920 322 948 ἔστιν
343 921 492 955 αἰσθήσεως
521 920 609 960 ἔργον,
629 916 812 961 Ὠμολόγηται
838 922 888 961 γὰρ
915 923 945 950 τὸ
969 921 1009 959 μὴ

185 963 305 993 δύνασθαι
327 965 376 999 τὴν
402 964 526 999 αἴσθησιν
549 965 638 997 οὐσίας
667 976 696 994 τε
717 967 761 994 καὶ
788 966 912 1000 ἀληθείας
941 965 1009 1007 ἐφά-

184 1010 293 1038 πτεσθαι
321 1009 458 1048 γνώσεως.
492 1010 521 1038 Ei
543 1009 570 1038 δὲ
593 1014 681 1050 τοῦτο⁷
707 1011 752 1039 καὶ
780 1010 933 1049 ἐπιστήμης
959 1011 1007 1049 μὲν

183 1054 238 1082 ἔστι
267 1065 297 1082 το
339 1053 502 1093 ἐφάπτεσθαι
544 1054 631 1087 abutar:
660 1065 688 1083 τε
726 1055 770 1083 καὶ
791 1054 916 1089 ἀληθείας
938 1056 1010 1096 γνώ-

184 1110 263 1139 σεως,
294 1099 440 1134 αἰσθήσεως
473 1098 501 1127 δὲ
538 1100 585 1128 οὐκ
613 1099 669 1128 ’ἐστι
686 1108 693 1115 ⁶
724 1099 755 1128 τὸ
781 1098 808 1128 δὲ
835 1100 874 1138 μὴ
902 1100 932 1128 ὃν
960 1101 1008 1135 τῆς

184 1145 331 1179 αἰσθήσεως
380 1143 439 1172 ουδὲ
489 1143 614 1182 σώματος
667 1144 738 1172 ἔστιν
756 1151 764 1159 ⁸
807 1144 910 1184 ἀνάγκη
958 1145 1008 1185 ἄρα

184 1188 257 1217 εἴναί
283 1200 309 1217 τι
337 1188 482 1227 ἀσώματον
507 1188 550 1229 ἐφ’
579 1187 683 1226 ἑαυτοῦ,
706 1187 733 1217 ἐν
748 1191 771 1226 ᾦ
785 1188 900 1230 ὒπάρχει
915 1190 933 1224 ἡ
948 1189 1009 1218 ἐπι-

184 1234 275 1270 στήμη
281 1257 288 1264 .

227 1272 328 1307 ”Αλλο.
346 1278 375 1307 Εἰ
389 1277 432 1306 δεῖ
446 1278 495 1312 τὴν
511 1278 600 1308 οὐσίαν
615 1278 687 1306 εἶναι
707 1277 749 1318 ἱφ⁸
766 1278 874 1316 ἑαυτῆς,
896 1277 1008 1318 διαιρεῖ-

185 1334 229 1352 ται
244 1322 271 1351 δὲ
286 1323 304 1357 ἡ
329 1322 404 1351 οὐσία
427 1322 495 1351 κατά
524 1323 574 1356 τὴν
600 1322 709 1361 πρώτην
730 1322 853 1362 διαίρεσιν
874 1323 911 1356 εἷς
930 1326 1009 1362 σῶμα

185 1368 230 1396 καὶ
263 1367 417 1405 ἀσώματον,
447 1368 504 1400 πῶς
533 1369 580 1397 οὒκ
611 1366 666 1396 ἔστι
703 1367 734 1396 τὺ
761 1367 903 1406 ἀσώματον
933 1368 1008 1399 οὒσία

185 1411 232 1452 etp"
242 1412 339 1452 ἑαυτῆς
354 1411 510 1452 ὑπάρχουσα
526 1419 535 1448 ;

228 1451 329 1486 ”Αλλο.
345 1457 381 1485 Τὸ
395 1451 540 1494 δυνάμενον
568 1456 647 1486 ἑαυτό
670 1455 797 1497 χωρίζειν
821 1460 866 1485 τοῦ
881 1457 1006 1497 προαπά-

186 1513 264 1542 σχειν
279 1502 395 1540 σώματι,
411 1503 456 1531 καὶ
471 1503 511 1540 μὴ
540 1495 696 1542 φθείρεσθαιμ
717 1495 832 1531 ’δύναται
860 1495 908 1531 καὶ.
919 1495 1037 1543 χωρι-ο

187 1547 281 1580 σθῆναι
303 1548 350 1576 τοῦ
379 1547 501 1585 σώματος
516 1548 560 1576 καὶ
575 1547 614 1584 μὴ
642 1547 787 1587 φθείρεσθαι
803 1555 811 1563 ⁸
835 1546 874 1575 διὸ
895 1547 1008 1576 κάλλιον

186 1592 229 1620 καὶ
255 1591 412 1631 τιμιώτερόν
431 1591 486 1620 ἐστι
500 1595 546 1620 τοῦ
568 1592 703 1632 σώματος,
722 1593 758 1624 ὡς
784 1591 871 1620 αἴτιον
887 1592 1008 1632 ὑπάρχον

185 1640 231 1665 τοῦ
250 1636 327 1665 ςαλὺν
342 1636 413 1665 εἶναι
429 1638 459 1665 τὸ
475 1640 552 1674 σῶμα
568 1639 603 1675 τῇ
618 1636 697 1664 αὐτοῦ
711 1637 851 1676 παρουσίᾳ.
868 1638 904 1666 Τὸ
917 1640 1008 1665 τοιοῦ-

188 1682 232 1709 τόν
255 1691 342 1721 φαμεν
357 1681 429 1709 εἶναι
456 1681 506 1715 τὴν
528 1681 640 1721 λογικὴν
662 1681 768 1720 ψυχὴν,
798 1685 900 1719 πνεῦμα
916 1681 1006 1722 οὖσαν,

187 1726 290 1765 νοερὸν,
313 1727 430 1761 ζωτικὴν
458 1736 487 1754 τε
517 1726 560 1754 καὶ
585 1726 735 1765 γνωστικὴν
750 1726 793 1754 καὶ
809 1726 979 1759 αὐτοκίνητον
998 1735 1006 1742 ·

186 1772 219 1805 ἧς
234 1770 388 1808 ὁμοουσίους
410 1771 481 1799 εἶναι
497 1781 582 1811 φαμεν
611 1770 671 1802 τούς
701 1780 730 1798 τε
745 1769 874 1810 ἀγγέλους
888 1772 931 1799 καὶ
947 1771 1007 1802 τοὺς

185 1813 323 1853 δαίμονας.
347 1816 398 1844 Καὶ
426 1814 538 1844 καθόλου
563 1817 661 1852 εἰπεῖν,
691 1818 744 1843 πᾶν
768 1815 884 1843 ἐνούσιον
905 1815 935 1843 τὸ
957 1815 1007 1843 ὑπό

187 1870 259 1892 τινος
288 1859 327 1897 μὴ
349 1858 491 1897 δυνάμενον
517 1858 585 1899 (26)
612 1861 778 1899 κρατεῖσθαι,
806 1861 884 1897 σῶμα
900 1859 955 1887 ἐστι
969 1863 1008 1897 τῷ

186 1909 324 1943 κρατοῦντι
347 1904 422 1935 αὒτό.
441 1905 489 1933 Καὶ
515 1904 545 1933 τό
562 1903 640 1932 Θεῐόν
667 1914 753 1943 φαμεν
769 1904 839 1932 εἶναι
854 1903 1009 1944 ἀσώματον,

186 1951 238 1988 οὺχ
264 1947 304 1976 ὅτι
329 1948 400 1976 ἔστιν
426 1948 569 1986 ἀσώματον
600 1948 734 1987 (Extexam
756 1948 806 1987 γάρ
829 1948 899 1976 ἐστιν
914 1949 928 1976 ὁ
944 1949 1009 1984 Θεὸς

185 1994 220 2031 τῇ
236 1993 315 2021 αὗτοῦ
331 1993 415 2032 οὖσίᾳ,
446 1993 536 2032 ὥσπερ
566 1994 614 2022 τοῦ
638 1993 774 2030 σώματος,
803 1992 872 2021 οὕτω
896 1993 940 2021 καὶ
964 1993 1011 2021 τοῦ

185 2037 340 2077 ἀσωμάτου,
369 2039 405 2070 ὡς
433 2037 558 2076 ἑκατέρου
585 2038 683 2066 τούτων
719 2037 849 2076 ὑπάρχων
878 2035 1008 2077 δημιουρ-

186 2082 245 2122 γός·
276 2081 333 2111 οὐδὲ
358 2083 408 2121 γὰρ
437 2082 562 2116 ἐποίησεν
590 2083 604 2110 ὁ
633 2082 697 2114 Θεὸς
723 2081 739 2109 ἃ
761 2082 837 2113 αὐτὸς
866 2081 1008 2122 ὑπάρχει),

185 2125 245 2154 ἀλλ’
272 2125 362 2164 ὥσπερ
378 2127 506 2164 εἰώθαμεν
522 2127 550 2154 ἐν
565 2133 623 2158 τοῖς
645 2126 710 2165 παρ’
741 2126 811 2163 ἡμῖν
840 2125 1007 2165 τιμιωτέροις

185 2170 290 2202 ὑλικοτς
317 2170 357 2198 ἀεὶ
378 2171 506 2209 γεραίρειν
532 2171 562 2199 τὸ
579 2174 668 2207 Θεῖον,
685 2170 754 2199 οὕτω
769 2170 812 2198 καὶ
826 2170 854 2198 ἒν
870 2176 928 2202 τοῖς
944 2170 1007 2199 ὀνό-

184 2225 276 2252 μασιν,
294 2216 346 2254 οὐχ
361 2215 397 2246 ὡς
408 2218 454 2242 τοῦ
476 2218 542 2243 Θεοῦ
565 2215 665 2243 τούτων
688 2213 826 2251 δεομένου,
844 2212 902 2241 ἀλλ’
930 2215 1009 2252 ἡμῶν

185 2259 234 2292 τὴν
247 2259 306 2298 περὶ
321 2259 401 2288 αὐτοῦ
429 2259 531 2287 ἔννοιαν
561 2259 649 2291 αὖτ..ις
679 2258 894 2296 ἑνδεικνυμένιιιν.
921 2259 1011 2295 Τούτῳ

185 2303 228 2332 οὖν
257 2306 295 2340 τῷ
330 2303 421 2343 τρόπῷ
450 2304 615 2341 ὀνομάζομεν
638 2304 715 2332 αὒτὶν
746 2303 899 2340 ἀσώματον,
924 2304 1010 2331 καίτοι

184 2347 280 2378 εἰδότες
295 2348 372 2376 αὖτὸν
396 2347 518 2376 ἐπέκεινα
547 2348 703 2388 ὑπάρχοντα
731 2350 778 2376 τοῦ
803 2347 956 2385 ἀσωμάτου,
973 2349 1010 2381 ὡς

185 2393 279 2422 τούτου
290 2391 465 2432 δημιουργόν.
496 2393 595 2422 Κείσθω
617 2393 645 2421 δὲ
674 2392 742 2425 ὅλως
757 2392 801 2420 καὶ
813 2395 890 2420 τοῦτο
917 2391 944 2420 ἰν
972 2395 1011 2429 τῷ

183 2437 257 2476 λόγῳ
271 2435 402 2465 δεικτικὸν
417 2437 539 2477 ὑπάρχον
562 2441 608 2466 τοό
624 2437 697 2465 εἷναί
712 2447 736 2464 τι
753 2436 907 2472 ἀσώματον,
932 2437 960 2464 Εἰ
982 2436 1010 2465 δὲ

184 2481 267 2520 μηδὲν
282 2482 316 2514 ἧν
345 2480 373 2509 ἐν
400 2488 458 2514 τοῖς
485 2482 558 2510 οὖσιν
580 2481 734 2519 ἀσώματον,
758 2480 811 2509 οὔδ’
834 2480 864 2508 ἂν
875 2481 906 2508 τὸ
918 2483 1008 2519 σῶμα,

183 2525 259 2560 Ἀλλ’
273 2524 364 2559 ἐπειδὴ
378 2526 434 2555 ἔστί
448 2538 474 2554 τι
504 2526 658 2563 ἀσώματον,
689 2525 778 2565 ὥσπερ
793 2525 848 2553 ἐστί
863 2535 888 2553 τι
918 2526 1007 2564 σῶμα,

222 2591 282 2632 (24)
299 2590 382 2632 Quod
399 2600 507 2632 corpus
521 2592 649 2623 notionis
663 2590 893 2632 etcogitationis
915 2592 1008 2632 parti-

182 2641 252 2677 ceps
263 2631 384 2677 dicitur,
400 2632 434 2677 id
446 2631 505 2663 non
533 2642 569 2663 ex
595 2632 684 2677 hujus
712 2631 1007 2677 St‘ri'pturisLsedpx

182 2670 262 2702 illius
287 2670 522 2704 adversariorum
549 2670 696 2703 sententia
725 2671 844 2702 dicitur.
871 2670 907 2701 Hi
926 2671 1006 2702 enim

183 2720 249 2741 cum
275 2711 467 2743 substantiam
497 2713 702 2752 incorporeum
738 2711 768 2741 in
799 2711 919 2752 liomine
945 2720 1005 2752 non

181 2757 386 2793 agnoscerent,
402 2750 590 2792 cogebantur
599 2751 716 2793 corpori
739 2750 902 2783 attribuere
916 2751 1006 2792 quid-

181 2791 251 2831 quid
265 2791 352 2821 homo
367 2791 472 2832 Cogitat
483 2799 512 2824 ot
526 2794 590 2823 novi
609 2817 615 2823 .

1050 876 1184 916 stituere,
1198 879 1378 920 easdemque
1393 879 1496 911 itidem
1523 879 1655 911 scienter
1669 881 1795 918 solvere,
1812 890 1871 911 non

1050 930 1155 953 sensus
1170 928 1215 954 est
1230 933 1315 964 opus.
1333 923 1453 955 Constat
1467 924 1560 962 enim,
1577 934 1635 955 non
1652 934 1737 965 posse
1752 934 1872 957 sensum

1050 967 1187 998 essentia;
1201 973 1231 1000 et
1246 968 1375 1000 veritatis
1390 969 1535 1009 attingere
1555 969 1872 1010 cognitionem.Atque

1050 1010 1106 1041 hoc
1112 1010 1138 1042 si
1147 1013 1190 1043 sic
1197 1021 1230 1043 se
1240 1013 1378 1051 habet,ac
1385 1013 1519 1045 scientiae
1529 1017 1573 1044 est
1582 1014 1726 1053 attiugere
1736 1013 1873 1046 essentiae

1051 1059 1080 1086 et
1094 1057 1227 1087 veritatis
1243 1057 1565 1098 cognitionem,sensus
1581 1067 1649 1089 vero
1662 1068 1846 1100 nequaquam
1863 1067 1870 1088 :

1050 1100 1128 1139 quod
1143 1106 1240 1132 autem
1258 1111 1366 1133 sensus
1382 1112 1441 1134 non
1467 1107 1523 1143 est,
1539 1103 1567 1133 id
1585 1112 1640 1133 nec
1657 1103 1791 1143 corporis
1805 1107 1849 1133 est
1863 1111 1869 1132 :

1051 1153 1173 1177 necesse
1189 1150 1230 1177 est
1248 1147 1379 1187 profecto
1398 1156 1464 1178 esse
1488 1146 1601 1188 aliquid
1616 1147 1825 1188 incorporeum
1843 1147 1870 1178 in

1050 1190 1160 1230 seipso,
1176 1190 1207 1221 in
1223 1200 1281 1230 quo
1297 1191 1422 1223 scientia
1434 1191 1483 1223 sit.

1090 1279 1230 1312 Aliud.Si
1243 1280 1402 1311 essentiam
1413 1281 1442 1312 in
1453 1280 1553 1321 seipsa
1564 1289 1630 1311 esse
1639 1284 1766 1321 oportet,
1784 1279 1870 1320 [divi-

1050 1323 1131 1355 ditur
1144 1327 1242 1356 autem
1259 1325 1405 1365 essentia,
1422 1324 1585 1357 secundum
1604 1324 1729 1364 primam
1747 1324 1869 1355 divisio-

1051 1377 1131 1406 nem,
1148 1369 1178 1400 in
1194 1378 1370 1409 corporeum
1388 1374 1416 1400 et
1427 1369 1812 1410 inccrporeum],quumodo
1827 1370 1869 1398 in-

1050 1422 1226 1453 corporeum
1241 1414 1371 1445 essentia
1395 1423 1452 1445 non
1483 1418 1529 1445 est
1543 1413 1573 1444 in
1590 1413 1688 1454 seipsa
1703 1413 1871 1444 exsistens?

1089 1458 1280 1494 Atiud.Quod
1292 1460 1392 1498 potest
1403 1458 1534 1498 seipsum
1542 1467 1681 1499 separare
1691 1457 1727 1489 ab
1740 1457 1871 1489 affectio-

1050 1502 1217 1543 nibus,quaa
1228 1512 1295 1533 cum
1308 1511 1431 1543 corpore
1442 1503 1622 1539 sentiuntur,
1637 1512 1692 1533 nec
1705 1506 1802 1533 tamen
1815 1512 1868 1541 pe-

1050 1547 1121 1583 rire,
1137 1547 1164 1577 id
1185 1552 1280 1587 potest
1295 1551 1325 1578 et
1349 1556 1366 1577 a
1381 1556 1507 1587 corpore
1531 1547 1662 1587 separari
1679 1556 1732 1583 nec
1748 1547 1845 1587 perire
1861 1556 1867 1576 :

1050 1591 1129 1622 unde
1138 1591 1290 1631 pulchrius
1301 1595 1329 1622 et
1341 1592 1527 1632 praestantius
1537 1596 1582 1622 est
1594 1600 1741 1631 corpore;
1757 1591 1868 1631 quippe

1050 1646 1118 1667 cum
1132 1637 1159 1667 in
1176 1646 1265 1667 causa
1279 1636 1317 1667 sit
1331 1645 1384 1667 sua
1399 1636 1568 1676 praesentia,
1585 1645 1638 1667 cur
1658 1636 1816 1676 pulchrum
1832 1635 1871 1666 sit

1050 1685 1168 1717 corpus.
1183 1675 1256 1707 Rem
1273 1675 1419 1716 ejusmodi
1439 1676 1567 1707 dicimus
1595 1675 1665 1706 esse
1677 1675 1806 1706 animam
1821 1685 1870 1706 ra-

1050 1721 1132 1752 tione
1144 1721 1309 1761 prazditam,
1324 1730 1389 1761 quae
1404 1726 1449 1752 est
1463 1720 1597 1761 spiritus,
1613 1720 1871 1759 intelligens,vita-

1050 1766 1097 1805 lis,
1110 1765 1283 1796 notionibus
1298 1765 1452 1796 abundans
1469 1770 1498 1795 et
1524 1774 1578 1805 per
1601 1774 1633 1796 se
1649 1765 1778 1797 mobilis.
1795 1764 1872 1796 Huic

1049 1810 1316 1842 consubstantiales
1327 1819 1392 1841 esse
1400 1809 1526 1840 dicimus
1534 1810 1658 1849 angelos
1666 1812 1697 1841 et
1707 1809 1870 1841 daemones.

1051 1855 1158 1894 Atque,
1177 1859 1208 1885 ut
1222 1854 1312 1886 verbo
1329 1854 1439 1895 dicam,
1455 1854 1598 1894 quidquid
1625 1854 1819 1885 substantialc
1835 1854 1871 1885 ab

1052 1899 1150 1939 aliquo
1161 1899 1254 1930 teneri
1270 1899 1410 1938 potest,iJ
1424 1908 1534 1938 corpus
1547 1903 1591 1930 est
1603 1899 1655 1930 eia
1669 1909 1729 1939 quo
1743 1903 1872 1931 tenetur.

1051 1944 1094 1975 Ac
1102 1943 1194 1975 Deum
1207 1944 1328 1984 quidem
1340 1943 1467 1974 dicimus
1478 1953 1544 1974 esse
1570 1943 1792 1983 incorporeum,
1815 1952 1874 1973 non

1052 1989 1131 2029 quod
1143 1989 1339 2029 incorporeus
1351 1989 1389 2018 sit
1397 1992 1454 2027 \est
1464 1989 1544 2018 enim
1557 1987 1635 2019 Deus
1646 1988 1774 2019 essentia
1783 1997 1835 2019 sua
1845 1992 1875 2018 ut

1053 2033 1129 2064 ultra
1141 2033 1304 2074 corpus,ita
1316 2037 1345 2064 et
1357 2033 1434 2063 ultra
1444 2033 1666 2073 incorporeum,
1679 2037 1709 2064 ut
1723 2032 1874 2073 utriusque

1051 2077 1186 2108 conditor
1203 2087 1209 2109 :
1227 2087 1325 2118 neque
1336 2077 1415 2108 enim
1428 2087 1462 2108 ea
1474 2077 1545 2108 fecit
1559 2078 1637 2110 Deus
1652 2086 1718 2118 qua
1727 2078 1792 2118 ipse
1802 2081 1871 2117 est);

1050 2121 1102 2152 sed
1118 2123 1368 2162 quemadmodum
1385 2122 1516 2153 solemus
1540 2122 1744 2153 materialibus
1767 2124 1872 2163 rebus,

1050 2175 1116 2206 quae
1125 2167 1201 2207 apud
1220 2176 1273 2198 nos
1290 2167 1482 2207 pretiosiores
1497 2166 1676 2204 sunt,Deum
1692 2175 1810 2207 semper
1826 2175 1873 2197 ιε.

1022 2209 1162 2248 θηθι-εή,
1179 2212 1216 2242 ita
1233 2216 1260 2242 et
1277 2211 1461 2252 nominibus,
1474 2220 1533 2242 non
1548 2212 1625 2252 quod
1644 2211 1687 2243 eis
1702 2212 1781 2243 Deus
1792 2211 1870 2242 indi-

1051 2257 1185 2297 geat,sed
1197 2261 1226 2287 ut
1236 2261 1365 2287 nostram
1378 2257 1415 2287 de
1430 2258 1492 2288 Deo
1507 2256 1685 2288 sententiam
1701 2265 1754 2297 per
1765 2265 1801 2287 ea
1815 2256 1870 2287 de-

1052 2301 1210 2333 claremus.
1228 2300 1291 2332 Hoc
1303 2302 1390 2341 igitur
1406 2301 1494 2332 modo
1520 2302 1604 2332 illum
1621 2310 1759 2332 vocamus
1774 2301 1871 2332 incor-

1053 2346 1326 2386 poreum,quamvis
1337 2346 1465 2377 sciamus
1478 2355 1546 2377 eum
1564 2355 1629 2377 esse
1645 2346 1721 2377 ultra
1734 2347 1871 2387 incorpo-

1051 2400 1147 2427 reum,
1166 2395 1196 2422 ut
1211 2391 1291 2422 illius
1306 2391 1504 2424 conditorem.
1520 2392 1638 2423 Maneat
1653 2395 1753 2424 autem
1772 2392 1871 2423 ethoc

1051 2435 1173 2466 omnino
1185 2436 1216 2466 in
1228 2436 1427 2475 disputatione
1439 2436 1576 2472 ﬁxum,ut
1592 2436 1670 2477 quod
1686 2445 1753 2469 esse
1763 2437 1870 2478 aliquid

1051 2480 1260 2519 incorporeum
1281 2480 1477 2512 demonstret.
1495 2480 1578 2517 Quod
1596 2481 1619 2512 si
1637 2481 1667 2511 in
1691 2481 1782 2512 rebus
1798 2482 1872 2512 nihil

1051 2529 1129 2556 esset
1144 2525 1365 2565 incorporeum,
1380 2534 1476 2566 neque
1488 2526 1574 2556 etiam
1588 2535 1697 2566 corpus
1706 2529 1794 2557 esset.
1812 2525 1869 2556 Sed

1173 2592 1333 2632 Ἀμέτοχον.
1363 2592 1474 2632 Legere
1503 2592 1602 2623 malim
1629 2594 1758 2633 μέτοχον,
1784 2602 1871 2633 quam

1050 2640 1118 2682 cum
1135 2631 1291 2672 leliurgio
1313 2631 1424 2664 adderi:
1439 2637 1471 2672 ζῇ
1481 2644 1510 2661 τε
1522 2634 1565 2661 καὶ
1588 2631 1733 2663 αἰσθάνεται
1753 2631 1802 2662 καῖ
1821 2633 1873 2662 δια-

1050 2682 1160 2701 νοειται.

1087 2712 1150 2750 (26)
1173 2713 1208 2742 Τὸ
1232 2737 1238 2744 .
1265 2738 1271 2744 .
1298 2737 1305 2744 .
1330 2713 1368 2751 μὴ
1391 2713 1542 2751 δυνάμενον.
1579 2711 1754 2744 Tollendam
1780 2722 1872 2752 nega—

1047 2751 1160 2823 ltionem
1178 2753 1282 2793 pl‘l'bﬂl
1301 2752 1472 2794 Sylburgius
1488 2763 1521 2784 ex
1534 2752 1580 2783 liis
1595 2761 1661 2793 qua
1676 2753 1751 2785 infra
1766 2751 1871 2793 legun-

1061 2801 1106 2823 ur.
