1948 3075
169 118 245 154 1473

620 117 868 159 QUESTIONES
887 113 1033 153 θηρῶ
1055 119 1105 152 AD
1127 116 1392 155 CHRISTIANOS.

1773 122 1783 159 l
1791 122 1848 159 474

167 189 211 221 οὓς
232 189 339 220 ὶδύνατο
354 196 455 227 ποιεῖν,
472 191 495 218 εί
509 191 548 228 μή
576 201 603 218 τι
618 189 668 228 ἄρα
691 190 740 217 οὐκ
752 188 873 217 ὶϐούλετο
887 187 979 233 τιλείο-
993 191 1009 215 A

1063 186 1094 218 :it
1106 187 1198 233 soles,
1213 187 1362 220 voluntate
1390 198 1448 220 non
1471 189 1550 228 fecit,
1564 187 1656 232 liquet
1671 193 1802 233 profecto
1817 198 1847 225 et

167 243 213 266 νας
243 241 331 263 ποιεῖν
360 233 451 269 ἡλίους
469 245 477 271 ;
508 235 537 263 Εἰ
558 233 586 262 δὲ
608 234 652 266 οὓς
676 235 723 263 οὐκ
743 233 868 266 ἐποίησεν
882 231 983 270 ἡλίους,

166 278 291 316 βουλήσει
308 281 355 308 οὐκ
372 279 492 320 ἐποίησε,
509 278 589 313 δῆλον
609 277 671 318 ἄρα,
700 278 740 306 ὅτι
756 278 800 306 καὶ
814 278 844 306 ὃν
863 276 983 312 ὶποίησε,

165 322 292 361 βουλήσει
306 334 336 363 γε
352 324 461 358 εποίησε
478 332 485 339 ·
501 323 545 352 καὶ
559 323 677 361 καθάπερ
691 322 737 350 τὸν
751 321 839 359 ἥλιον,
853 321 923 350 circa»
943 323 986 350 καὶ

167 367 200 395 τὰ
215 366 296 396 λοιπὰ
312 373 398 397 πάντα
413 368 447 396 τὰ
471 367 540 407 μέρη
564 367 613 402 τῆς
636 368 758 403 κτίσεως,
774 366 808 394 τά
828 376 857 394 τε
871 365 987 405 ἄφθαρτα

167 412 211 440 καὶ
239 412 272 440 τὰ
293 412 406 453 φθαρτὰ,
434 412 467 441 τὰ
496 411 526 441 ἐκ
547 413 597 446 τῆς
618 411 665 439 τοῦ
690 414 754 439 Θεοῦ
783 409 881 449 βουλῆς
909 408 940 437 τό
960 419 989 436 τε

166 456 239 485 εἶναι
256 456 322 496 (28)
336 457 380 485 καὶ
394 457 425 485 τὸ
441 455 529 486 τοιάξι
545 457 616 485 εἶναι
633 455 745 496 ἔχοντα.

206 498 396 532 ἘΡΩΤΕΣΙΣ.
421 501 450 530 El.
478 500 587 529 κάλλιον
613 501 644 530 τὸ
666 499 808 538 ἀσώματον
829 499 875 527 τοῦ
895 497 973 536 σώμα

164 555 210 578 τος
227 553 235 578 ἶ

207 569 409 620 ίλΠΟΚΡΙΣΙΣ.
429 591 459 619 Εἰ
485 592 598 625 ζωοῦται
624 589 656 618 ὀδ
676 588 754 627 σῶμι
779 589 824 616 καὶ
851 587 988 621 διανοητι-

166 635 214 663 κδν
229 635 343 673 γίνεται,
359 636 389 664 οὐ
402 634 525 673 σώματος
540 633 629 674 ἑτέρου
657 633 798 673 παρουσίᾳ,
812 632 881 661 ἀλλὰ
895 635 929 670 τῇ
943 635 989 660 τοῦ

166 679 320 719 ἀσωμάτου,
337 682 395 712 πῶς
423 680 472 708 οὐκ
496 678 551 707 ἔστι
580 681 612 707 τῦ
637 677 781 716 ἀσώματον
808 675 989 714 τοῦσώματος

167 723 288 763 ὑπάρχον
302 723 410 752 κάλλιον
426 732 435 764 ς

207 767 313 799 ¹¹Λλλο.
332 768 361 797 Εἰ
375 769 406 796 ὲκ
430 770 481 802 τῆς
495 767 562 802 ὕλης
589 767 633 795 καὶ
646 769 692 795 τοῦ
706 765 794 799 εἴδους
809 765 863 795 ἐστὶ
876 767 947 794 πᾶσα
971 765 988 799 ἡ

167 813 308 851 σωματικὴ
321 813 407 851 οὐσία,
436 813 483 841 καὶ
509 813 557 841 οὐκ
571 811 601 840 ἔκ
623 814 672 846 τῆς
694 811 760 845 ὕλης
785 811 815 839 τὸ
831 810 914 847 εἱδος,
927 808 988 837 ἀλλ’

167 856 320 897 ἀλλαχόθεν
348 857 522 897 παραγίνεται
551 858 586 895 τῇ
622 855 685 896 ὕλῃ,
713 858 772 888 πῶς
801 856 848 884 οὒκ
877 854 932 883 ἔστι
957 854 988 882 τὸ

1027 240 1116 277 quem
1134 231 1214 277 fecit,
1230 232 1381 264 voluntate
1393 234 1500 264 factum
1516 243 1596 275 esse,
1612 238 1643 267 et
1658 231 1851 277 quemadmo-

1027 274 1098 307 dum
1129 276 1235 314 solem,
1252 277 1333 324 itaet
1345 278 1418 308 alias
1445 287 1549 324 omnes
1573 274 1718 312 creaturae
1739 287 1848 324 partes,

1027 321 1209 366 corruptioni
1220 330 1283 366 non
1298 321 1442 354 obnoxias
1456 323 1500 354 vel
1516 323 1669 363 obnoxias,
1682 334 1747 366 qua
1756 335 1792 358 ex
1803 321 1849 359 vo;

1029 363 1141 395 lunlate
1155 364 1207 396 Dei
1220 365 1331 398 habent
1342 370 1373 398 ut
1383 367 1453 408 sint,
1468 370 1557 408 atque
1571 374 1603 400 ut
1618 363 1773 403 tales-siut.

1070 496 1214 563 ggES’l'.
1224 499 1260 532 V.
1281 501 1327 532 t3.
1341 501 1385 532 An
1400 495 1608 543 incorporeum
1619 503 1772 545 pulchrius
1786 516 1850 539 cor-

1031 551 1139 634 Ροὲἱρ
1155 587 1258 619 RESP.
1275 588 1306 620 Si
1321 599 1428 630 corpus
1451 591 1538 622 vitam
1564 596 1595 623 et
1620 593 1849 634 intelligentiam

1029 631 1209 672 recipit,non
1225 634 1357 674 corporis
1372 634 1503 672 alterius,
1517 636 1570 667 sed
1582 631 1751 678 incorporei
1771 649 1851 680 prte-

1029 677 1130 740 sentix:
1141 685 1147 708 :
1165 678 1312 717 quomodo
1328 688 1387 710 non
1403 679 1555 720 pulchrius
1570 677 1697 722 corpore
1711 677 1851 723 incorpo-

1029 728 1112 740 rnnm

1029 728 1130 750 reum?

1069 765 1209 797 Atiud.Si
1219 767 1328 806 quaevis
1343 775 1488 808 corporea
1502 768 1665 801 substantia
1677 780 1711 802 ex
1728 772 1852 804 materia

1030 813 1059 853 et
1084 809 1179 841 forma
1201 815 1326 852 constat,
1342 820 1439 853 neque
1464 821 1499 843 ex
1525 813 1648 845 maleria
1662 815 1715 847 sed
1730 816 1852 848 aliunde

1029 852 1134 900 forma
1149 854 1268 900 advenit
1292 857 1443 888 materias:
1461 858 1609 898 quomodo
1625 868 1683 890 non
1699 860 1851 900 pulchrius

166 901 309 939 ἀσώματον
337 901 447 932 κάλλιον
466 901 516 936 τῆς
544 900 623 941 ὕλης,
638 899 666 933 ἑξ
692 901 723 930 οὗ
749 899 922 940 παραγίνεται
951 899 987 930 εἰς
1000 910 1015 935 ῃ

1063 899 1154 930 ateria
1179 899 1398 941 incorporeum,
1414 910 1431 932 a
1442 911 1501 942 quo
1516 902 1610 934 forma
1623 899 1741 936 advenit
1755 909 1851 937 mate-

165 946 216 980 τὴν
228 946 294 981 ὒλην
307 947 338 975 τὸ
352 945 425 979 εἶδος
437 956 446 983 ;

209 990 315 1021 "A110.
347 991 376 1020 Εἴ
404 993 453 1020 οὒκ
481 989 618 1030 ἐνδέχεται
647 991 795 1030 γνωσθῆναι
822 989 854 1017 τὸ
868 986 929 1016 ἴσον
943 987 989 1016 τοῦ

167 1035 258 1064 ἀνίσου
287 1035 476 1075 ἀγνοουμένου,
505 1035 562 1068 πῶς
605 1034 741 1074 ἐνδέχεται
775 1035 924 1073 γνωσθῆναι
959 1033 989 1061 τὸ

169 1084 247 1120 σῶμα
263 1083 309 1111 τοῦ
322 1081 466 1119 ἀσωμάτου
479 1080 656 1120 ἂγνοουμένου
672 1089 681 1117 ;

210 1124 317 1157 "A110.
346 1126 375 1154 El
395 1136 429 1154 τα
461 1125 602 1163 σωματικὰ
640 1125 726 1154 πάντα
753 1125 782 1152 ἓν
811 1123 914 1161 σώματι
941 1122 990 1160 μὲν

171 1170 288 1210 ὑπάρχει
319 1169 473 1210 εὶδωλικῶς,
503 1171 521 1204 ἡ
550 1169 628 1210 ψδχῆ
653 1168 680 1197 δὲ
704 1168 831 1208 λογικῶς,
858 1170 917 1200 πῶς
943 1168 990 1197 οὒκ

171 1214 240 1244 ἔστιν
255 1216 272 1249 ἡ
288 1215 366 1255 ψυχὴ
380 1214 522 1252 ἀσώματος
540 1224 549 1253 ;

212 1259 319 1290 "A110.
344 1259 372 1288 El
394 1257 503 1287 δυνατὸν
523 1261 558 1297 τῇ
578 1260 657 1298 ψυχῇ
676 1257 744 1286 κατὰ
763 1260 823 1286 νοῦν
847 1256 965 1296 ἐνεργεῖν
982 1263 989 1271 '

173 1304 277 1344 ἐνεργεῖ
301 1303 328 1332 δὲ
355 1303 423 1332 κατὰ
450 1306 510 1332 νοῦν
529 1303 549 1337 ἡ
572 1303 661 1342 ψυχὴ,
687 1301 751 1331 ὅταν
764 1301 867 1342 χωρίζῃ
896 1301 992 1335 ἑαυτήν

172 1349 264 1383 πάσης
279 1348 439 1385 αἰσθήσεως,
454 1350 512 1381 πῶς
526 1347 574 1376 οὒκ
589 1346 660 1375 ἔστιν
674 1345 717 1387 ἐφ’
731 1346 827 1380 ἑαυτῆς
847 1347 865 1380 ἦ
886 1345 964 1385 ψυχή
981 1353 990 1383 ;

211 1437 401 1469 ἘΡΩΤΠΣ1Σ.
418 1437 448 1466 Τί
463 1435 578 1476 διαφέρει
600 1436 664 1469 Θεὸς
680 1435 771 1476 ψυχῆς
788 1443 797 1472 ;

212 1481 415 1512 ’ΔΠΟΚΡΙΣΙΣ.
428 1476 463 1516 ’ᾖ
477 1480 591 1521 διαφέρει
613 1481 644 1509 τδ
658 1479 818 1519 δημιουρ-(δν
832 1478 876 1508 καὶ
891 1477 990 1508 δεσπό-

170 1537 220 1561 την
242 1527 314 1556 εἶναι
334 1529 382 1554 τοῦ
408 1524 570 1565 δημιουργὸν
592 1526 636 1554 καὶ
650 1523 781 1558 δεσπότην
804 1523 889 1564 ἔχειν,
914 1523 958 1552 καὶ
971 1525 990 1562 ᾗ

171 1570 282 1612 διαφέρει
300 1572 331 1599 τὸ
345 1570 410 1610 ὑπὲρ
424 1572 455 1599 τὸ
471 1571 500 1599 ὃν
514 1573 561 1599 τοῦ
579 1568 668 1602 ὄντος.

211 1615 402 1646 ἘΡΩΊἩΣΙΣ.
418 1615 448 1644 Et
465 1615 533 1653 μετὰ
547 1614 645 1653 βουλῆς
656 1621 731 1643 ποιεῖ
751 1614 766 1642 ὃ
787 1613 863 1651 θεὶς,
887 1612 989 1653 ὀργάνῳ

166 1660 337 1701 κεχρημένος
351 1659 370 1693 ἦ
391 1658 452 1688 ἄνευ
466 1659 578 1700 ὀργάνου
595 1669 604 1696 ;

209 1705 414 1736 ἈΠΟΚΡΙΣΙΣ.
444 1703 581 1739 Ἀνενδεής
609 1703 680 1732 ἔστιν
701 1705 715 1732 ὁ
737 1703 802 1735 Θιδς
822 1703 921 1735 παντὸς
942 1706 988 1732 τοῦ

170 1749 263 1783 ἔξωθεν
288 1752 338 1783 τῆς
368 1749 460 1778 ἑαυτοῦ
487 1749 589 1789 φύσεως
603 1758 611 1767 ·
634 1749 679 1777 καὶ
708 1748 798 1786 ὥσπερ
819 1746 880 1776 ἄνευ
903 1747 988 1787 ὁργά-

169 1805 216 1824 νου
231 1793 367 1832 βούλεται,
392 1792 461 1821 οὕτω
487 1794 532 1821 καὶ
553 1791 615 1821 ἄνευ
642 1792 754 1832 ὀργάνου
774 1798 860 1822 ποιεῖ.
886 1792 915 1821 El
938 1791 988 1831 γὰρ

168 1838 226 1876 ἅμα
247 1840 286 1875 τῷ
313 1836 455 1877 βούλεσθαι
469 1837 549 1867 αὐτὸν
563 1836 683 1877 γενέσθαι
698 1847 736 1877 τι,
764 1836 901 1877 ὑφίσταται
921 1835 988 1874 βου-

167 1882 294 1917 ληθέντος
324 1883 416 1923 αὐτοῦ,
445 1885 503 1915 πῶς
530 1882 561 1911 οὒ
589 1881 700 1922 περιττὴ
726 1884 781 1910 τῶν
818 1881 936 1921 ὀργάνων
969 1881 988 1914 ἡ

167 1930 267 1969 χρῆσις
278 1927 340 1968 (29)
354 1930 407 1957 τῶν
422 1927 569 1967 γινομένων
584 1936 593 1968 ς

209 1972 283 2002 ἘΡΩ
291 1975 399 2002 ΓΗΣΙΣ.
425 1973 456 2001 El.
481 1971 543 2003 ἄνευ
562 1970 661 2011 βουλῆς
684 1977 759 2000 ποιεῖ
779 1971 794 1999 ὁ
816 1970 891 2008 Θεὸς,
907 1970 989 1998 πότε-

168 2028 214 2058 ρον
243 2017 348 2057 ἀλόγως
369 2023 444 2046 ποιεῖ
471 2017 533 2045 ἄνευ
560 2015 676 2048 διανοίας
713 2017 757 2044 καὶ
784 2014 949 2053 Επισκέψεως
972 2013 989 2048 ἥ

169 2062 238 2100 μετά
259 2060 543 2102 τινοςλέπικρίσεως;
588 2062 637 2091 Καὶ
672 2061 694 2089 εἰ
721 2060 791 2099 μετὰ
818 2059 988 2100 ἐπικρίσεως,

169 2099 239 2139 τίνος
274 2099 358 2142 ἑνδείᾷ
400 2099 557 2146 ἒτξικρίσεως
594 2104 708 2146 διῖται;
744 2105 774 2134 ΕΙ
802 2104 829 2133 δὲ
861 2104 988 2144 ἀκρίτως,

169 2152 286 2188 ποίῳτῷ
300 2150 373 2190 λόγῳ
389 2159 398 2190 ;

210 2195 413 2225 ἈΠΟΚΡΙΣΙΣ.
443 2195 472 2224 El
493 2195 598 2234 γνωστὰ
621 2197 659 2232 τῷ
682 2197 740 2232 θεῷ
754 2194 786 2223 τὰ
807 2193 872 2235 ἔργα
898 2195 989 2232 αὺτοῦ,

1047 942 1095 963 im,

1030 951 1207 1019 Πῗίίὴιάδί
1218 989 1329 1029 aequale
1345 990 1426 1022 nosci
1439 998 1498 1021 non
1510 994 1607 1031 potest
1619 993 1758 1033 inaequali
1769 994 1853 1033 igno-

1029 1035 1093 1062 rato
1111 1040 1118 1062 :
1136 1033 1285 1079 quomodo
1307 1034 1389 1065 nosci
1413 1038 1508 1074 potest
1532 1044 1652 1076 corpus,
1674 1036 1852 1079 incorporeo

1031 1084 1090 1106 non
1104 1077 1237 1116 cognito?

1070 1119 1175 1151 Aliud.
1192 1121 1223 1152 Si
1239 1130 1382 1161 corporea
1397 1123 1498 1154 omnia
1510 1124 1603 1155 instar
1621 1125 1726 1157 forma;
1739 1127 1769 1157 in
1783 1135 1853 1158 cor-

1032 1173 1104 1211 pore
1118 1169 1198 1203 sunt,
1214 1166 1314 1196 anima
1328 1170 1427 1198 autem
1438 1168 1593 1200 utratione
1604 1172 1853 1211 utens,quomodo

1032 1209 1130 1240 anima
1144 1210 1319 1250 incorporea
1329 1220 1387 1242 non
1398 1211 1456 1243 est?

1071 1253 1176 1286 Aliud.
1201 1253 1231 1285 Si
1257 1255 1357 1286 anima
1372 1256 1465 1287 instar
1480 1257 1587 1288 mentis
1600 1258 1718 1298 operari
1742 1265 1852 1300 potest,

1032 1302 1172 1338 operatur
1186 1303 1284 1330 autem
1300 1299 1400 1331 anima
1413 1301 1506 1332 instar
1518 1301 1707 1339 mentis,cum
1719 1299 1852 1344 seipsum

1032 1350 1050 1372 a
1063 1351 1153 1374 sensu
1169 1344 1249 1374 omni
1274 1349 1411 1384 segregat
1425 1355 1432 1378 :
1449 1346 1600 1386 quomodo
1623 1345 1654 1377 in
1669 1346 1767 1388 seipse
1792 1357 1852 1379 non

1033 1391 1079 1418 est
1092 1388 1208 1420 anima?

1072 1432 1305 1469 QUIEST.VI.5.
1316 1433 1469 1470 Quomodo
1479 1435 1579 1467 dill'ert
1591 1437 1669 1468 Deus
1679 1436 1716 1468 ah
1730 1437 1830 1468 anima
1838 1440 1854 1469 ‘I

1073 1476 1174 1509 RESP.
1191 1479 1229 1508 Ut
1240 1478 1339 1518 opifex
1353 1483 1382 1509 et
1396 1479 1534 1511 dominus
1549 1480 1585 1511 ab
1600 1490 1636 1512 eo
1646 1481 1757 1522 diﬂ'ert,
1772 1482 1851 1521 quod

1031 1522 1168 1562 opificem
1193 1527 1222 1554 et
1245 1523 1399 1555 dominum
1420 1524 1519 1565 habet,
1545 1530 1574 1556 et
1595 1525 1633 1557 ab
1649 1529 1718 1556 ente
1732 1525 1762 1557 id
1773 1525 1852 1566 quod

999 1572 1020 1598 c
1031 1575 1121 1606 supra
1135 1576 1188 1597 ens
1202 1571 1257 1598 est.

1069 1610 1211 1647 QU/EST.
1225 1611 1287 1643 VIl.
1306 1612 1344 1644 l0
1366 1611 1397 1644 Si
1423 1613 1571 1645 voluntate
1593 1615 1671 1646 Deus
1686 1614 1764 1653 facit,
1780 1623 1851 1646 num

1029 1655 1225 1687 instrumento
1239 1661 1337 1697 utens,
1353 1661 1403 1688 aut
1417 1658 1482 1689 sine
1492 1658 1707 1690 instrumento?

1068 1699 1178 1732 RESP.
1195 1700 1258 1731 Non
1275 1701 1385 1742 indiget
1399 1701 1478 1734 Deus
1492 1702 1552 1734 ulla
1565 1712 1611 1741 re,
1625 1712 1690 1744 qua;
1704 1711 1787 1735 extra
1802 1704 1852 1744 ip-

1029 1744 1091 1776 sius
1112 1748 1247 1776 naturam
1274 1746 1322 1787 sit,
1349 1751 1437 1787 atque
1465 1751 1497 1778 ut
1514 1747 1628 1789 absque
1651 1748 1851 1779 instrumento

1028 1790 1100 1828 vult,
1117 1790 1157 1820 ita
1177 1793 1207 1821 et
1220 1790 1333 1830 absque
1349 1791 1547 1823 instrumento
1563 1792 1643 1824 facit.
1669 1791 1699 1824 Si
1714 1793 1794 1824 enim
1809 1793 1850 1823 si-

1030 1833 1180 1874 mulatque
1198 1835 1258 1865 vult
1272 1834 1395 1876 aliquid,
1408 1835 1437 1867 id
1450 1836 1564 1867 exsistit
1579 1846 1614 1867 eo
1630 1837 1758 1877 volente,
1774 1846 1850 1877 quo-

1030 1879 1168 1910 momodo
1197 1879 1460 1912 instrumentorum
1485 1885 1650 1912 creatorum
1674 1890 1851 1923 supervaca-

1029 1932 1103 1954 neus
1117 1932 1178 1954 non
1191 1924 1230 1954 sit
1244 1927 1329 1956 usus?

1069 1967 1214 2005 QUEST.
1231 1967 1371 2007 Vll[.lt,
1392 1969 1438 2002 l2.
1456 1969 1488 2001 Si
1512 1970 1577 2001 sine
1604 1970 1755 2002 voluntate
1782 1971 1853 2002 facit

1029 2011 1222 2050 Deus,utrum
1237 2012 1311 2044 citra
1324 2014 1471 2046 rationem
1480 2014 1550 2046 facit
1560 2014 1624 2046 sine
1638 2015 1815 2055 cogitatione
1824 2019 1853 2046 et

1030 2057 1278 2095 consideratione,
1295 2067 1332 2089 an
1353 2067 1419 2090 cum
1436 2059 1537 2100 aliquo
1550 2059 1681 2100 judicio?
1697 2059 1732 2091 Et
1743 2060 1769 2091 si
1783 2069 1852 2091 cum

1026 2102 1151 2142 judicio,
1168 2111 1296 2143 quanam
1314 2111 1348 2134 re
1362 2102 1476 2143 indiget
1492 2107 1523 2134 ut
1537 2104 1565 2135 ei
1577 2113 1651 2144 opus
1675 2104 1714 2135 sit
1723 2103 1853 2145 judicio?

1030 2146 1062 2178 Si
1071 2147 1136 2178 sine
1143 2147 1270 2187 judicio,
1286 2156 1343 2188 qua
1357 2148 1476 2179 tandem
1492 2148 1623 2181 ratione?

1071 2190 1180 2223 RESP.
1192 2190 1223 2223 Si
1238 2195 1307 2223 nota
1316 2196 1385 2222 sunt
1398 2191 1460 2223 Deo
1475 2201 1567 2233 opera
1580 2193 1657 2234 ejus,
1674 2201 1740 2234 qua;
1753 2197 1853 2225 autem

169 2239 203 2269 τὰ
217 2237 244 2267 δὲ
267 2238 373 2278 γνωστὰ
401 2237 474 2278 λόγῳ
488 2238 543 2267 ἐστὶ
557 2238 663 2278 γνωστά
680 2248 687 2255 ⁸
714 2237 772 2270 πῶς
798 2237 829 2267 οὗ
849 2236 922 2277 λόγῳ
946 2240 1015 2277 γι-Ῑ

1063 2239 1103 2267 ita
1117 2235 1313 2276 sunt,ratione
1326 2240 1395 2267 nota
1407 2240 1487 2267 sunt:
1496 2236 1647 2278 quomodo
1663 2246 1722 2268 non
1737 2239 1853 2269 ratione

170 2283 266 2312 νῶσκιι
296 2284 310 2311 ὁ
336 2283 403 2315 Θεδς
432 2281 449 2311 ἂ
472 2289 571 2323 ποιεῖς
596 2282 632 2312 re
653 2281 680 2310 δὶ
711 2282 779 2321 μετὰ
806 2281 921 2314 διανοίας
948 2282 993 2310 καὶ

171 2326 338 2366 ἐπισκέψεως
352 2327 396 2356 καὶ
418 2327 573 2367 ιπικρίσεως
594 2333 684 2356 ποιεῖν
708 2337 746 2363 τι,
769 2328 822 2355 τῶν
846 2325 910 2366 παρ’
923 2327 992 2364 ἡμῖν

169 2375 300 2412 τεχνιτῶν
328 2371 400 2400 ἔστιν
427 2371 508 2412 ἴδιον,
533 2374 587 2400 τῶν
610 2371 714 2405 τούτοις
728 2372 793 2411 πρὸς
808 2371 917 2410 ἄμεινον
944 2370 991 2399 τέ-

170 2416 218 2449 λος
246 2418 300 2445 τῶν
329 2415 476 2456 γινομένων
502 2415 700 2457 ἀφικνουμένων
716 2425 725 2434 ·
754 2417 769 2444 ὸ
791 2414 819 2444 δὲ
846 2415 922 2453 Θιός,
943 2414 990 2444 ἅτε

169 2462 240 2501 μήτε
270 2458 482 2501 προσλαμϐάνων
509 2463 607 2500 γνῶσιν
628 2461 697 2499 μήτε
724 2458 866 2489 ἀποϐαλὼν
880 2463 989 2500 γνῶσιν,

170 2504 275 2538 οὐδενὸς
288 2505 390 2534 τούτων
403 2503 502 2537 δεῖται,

209 2550 402 2581 ἘΡΩΤΗΣιΣ.
425 2549 455 2578 El
474 2549 506 2578 τδ
534 2548 604 2582 δλως
622 2549 734 2590 γενητὸν
757 2548 862 2579 δύναται
886 2549 988 2590 ἄφθαρ-

168 2606 219 2646 τοι
228 2594 404 2646 iter}?
416 2596 457 2646 τὲῙῖ
468 2593 565 2646 λέγφέ

210 2639 414 2671 ’ΛΠΟΚΡΙΣΙΣ.
429 2637 478 2667 Ὠν
499 2639 517 2674 ἡ
540 2638 670 2680 ἀφθαρσία
691 2637 721 2668 ἔκ
735 2640 786 2673 τῆς
811 2637 900 2679 ἐτέρου
920 2644 987 2683 βου-

211 2704 274 2746 (28)
291 2706 326 2733 Τό
339 2716 370 2746 τε
382 2705 467 2746 εἶναιῖ
489 2704 535 2746 lta
546 2704 715 2746 emendavit
729 2704 901 2745 Sylhurgius
912 2705 992 2746 quod

169 2744 252 2785 apud
263 2745 449 2785 Siephanum
460 2744 614 2785 legebatur
628 2745 691 2774 ποτὲ
708 2744 789 2785 εἶναι.

210 2783 272 2824 (29)
290 2779 327 2812 ”Η’
336 2787 448 2825 χρῆσις.
464 2779 506 2816 Ιιῖ
524 2785 659 2826 margine
668 2784 781 2818 οοὰὶοἰε
800 2784 929 2818 Claram.
953 2785 994 2818 le-

1036 2281 1114 2312 Deus
1124 2279 1274 2320 cognoscit
1288 2289 1324 2312 ea
1337 2289 1403 2321 quae
1413 2280 1498 2312 facit?
1510 2283 1602 2313 Porro
1621 2290 1688 2312 cum
1703 2282 1855 2322 cogitatio-

1034 2334 1072 2357 ne
1087 2328 1117 2357 et
1125 2324 1362 2356 consideratione
1376 2329 1406 2357 et
1417 2325 1533 2365 judicio
1543 2325 1653 2367 aliquid
1669 2327 1854 2368 facere,uos-

1034 2374 1146 2402 trorum
1155 2374 1200 2401 est
1212 2369 1425 2411 artiﬁcum,qui
1450 2379 1505 2411 per
1518 2369 1581 2401 hac
1595 2370 1633 2402 ad
1657 2380 1773 2412 eorum,
1789 2380 1857 2413 quae

1032 2415 1156 2455 faciunt,
1181 2414 1272 2446 ﬁnem
1296 2414 1450 2446 meliorem
1475 2415 1658 2456 pertingunt;
1673 2415 1753 2447 Deus
1770 2425 1854 2456 vero,

1032 2459 1080 2491 cui
1092 2469 1190 2500 neque
1203 2459 1239 2490 ad
1255 2459 1454 2499 cognitionem
1472 2459 1634 2500 quidquam
1655 2460 1781 2499 accedit,
1797 2470 1853 2492 ne-

1031 2513 1088 2546 que
1104 2504 1226 2541 decidit,
1243 2504 1325 2535 nulla
1337 2505 1441 2535 harum
1454 2513 1553 2535 rerum
1570 2504 1693 2544 indiget.

1069 2548 1213 2585 QUIEST.
1225 2548 1274 2580 IX.
1289 2551 1335 2580 13.
1348 2548 1380 2580 Si
1389 2549 1419 2580 id
1429 2548 1507 2589 quod
1519 2549 1639 2580 omnino
1653 2549 1783 2588 genitum
1794 2553 1851 2587 est,

1030 2593 1258 2635 incorruptibile
1269 2602 1336 2625 esse
1351 2598 1460 2634 potest,
1476 2602 1602 2635 quanam
1615 2593 1644 2624 id
1659 2593 1796 2625 ratione?

1070 2638 1176 2671 RESP.
1191 2638 1324 2676 Quorum
1337 2638 1602 2680 incorruptibilitas
1612 2646 1648 2670 ex
1663 2637 1787 2669 alterius
1799 2636 1854 2669 de-

1034 2706 1112 2745 gitur
1125 2706 1243 2746 iioﬁstc.
1260 2708 1291 2736 et
1305 2705 1336 2736 in
1355 2704 1421 2746 ipso
1442 2708 1582 2737 contextu
1604 2708 1714 2745 χρῆσις.
1733 2701 1856 2744 Stepha-

1035 2754 1091 2777 nus
1101 2745 1221 2786 scripsit
1241 2746 1259 2780 ἡ
1280 2745 1367 2786 φύσις,
