1948 3075
123 61 202 96 1475

475 64 682 100 ΛΡΡΕΝΒΙΧ.
707 84 742 90 -
767 64 875 99 PARS.
898 65 922 97 Ι.

1023 63 1150 100 USTINI
1171 66 1295 101 OPERA
1316 66 1465 101 SPURIA.

1731 65 1812 100 1476

121 131 230 170 pendet
243 131 443 170 voluntate,ea
457 138 612 174 nequeunt
623 133 755 174 ingenita
771 143 836 165 esse
852 135 946 165 incor‘

1023 145 1042 166 ις
1058 133 1212 174 ἐξήρτηται,
1241 139 1323 164 ταῦτα
1351 136 1382 165 οὗ
1406 135 1512 165 δύναται
1541 135 1680 175 ἀγενήτως
1700 134 1816 175 ἄφθαρτα

120 175 291 215 ruptibilia:
308 182 488 218 quapropter
499 179 594 209 solum
611 180 706 210 Deum
718 179 846 210 dicimus
860 179 948 210 habe-

122 229 154 250 re
172 220 435 259 immortalitatem,
453 222 520 262 quia
538 233 572 253 ex
589 232 642 253 sua
656 222 749 262 ipsius
766 228 947 261 natura,non

121 273 155 294 cx
171 265 294 296 alterius
309 268 471 303 voluntate,
491 267 554 297 hac
572 267 615 297 illi
628 267 722 299 adest.

160 309 264 341 Aliud.
274 310 352 341 Deus
361 311 385 341 si
397 319 486 349 supra
499 311 735 351 incorruptibilia
747 316 947 352 est,tanquam

121 362 224 384 eorum
240 355 385 395 conditor,
401 364 489 395 supra
507 355 671 395 ingenitum
687 360 786 387 autem
805 366 863 387 non
880 361 924 388 est
939 368 945 386 :

121 406 180 442 non
195 398 274 429 enim
290 405 333 430 est
346 400 544 439 ingenitorum
562 401 660 440 opifex
676 411 683 431 :
703 402 827 441 proinde
838 402 864 432 si
878 401 945 442 quid

119 441 343 483 incorruptibile
358 448 414 479 est,
433 446 603 476 necessario
627 455 685 476 non
710 446 902 487 consequitur
916 451 947 476 ut

121 486 148 516 id
164 487 251 517 etiam
269 488 431 526 ingenitum
448 489 496 520 sit.

160 531 262 563 Aliud.
280 533 311 563 Si
325 533 559 574 incorruptibilis
569 535 646 565 Deus
662 538 707 565 est
720 544 772 566 sua
788 535 881 575 ipsius
893 545 946 566 na-

120 579 195 611 tura,
210 574 444 617 incorruptibilis
458 588 527 609 vero
544 583 572 609 et
586 579 697 618 anima,
715 574 831 619 opiﬁcis
847 581 947 611 volun-

120 622 360 661 tate:quomodo
383 622 412 653 in
445 627 523 654 tanta
548 623 834 662 incorruptibilitatis
859 624 945 655 ditl‘e-

119 664 213 695 rentia
229 674 262 694 ex
279 667 424 697 sententia
439 671 536 697 vestra
550 667 698 708 sequitur,
714 668 835 708 utquod
848 668 945 699 incor-

119 708 260 748 ruptibile
275 714 331 746 est,
348 712 437 742 etiam
454 712 620 751 ingenitum
636 712 688 743 sit?

160 753 224 782 541
246 754 353 786 Aliud.
367 755 398 787 Si
410 755 480 795 quid
495 765 564 795 ergo
580 756 695 787 confert
709 756 744 787 ad
760 755 946 787 constitutio.

120 806 188 828 nem
202 799 454 840 corruptibilium,
470 800 619 840 quomodo
635 800 726 832 rebus
739 801 944 841 corruptibili-

121 841 175 871 bus
191 842 432 882 incorruptibiles
460 854 518 875 non
544 844 759 882 surbserviunt,
774 855 840 876 cum
857 854 945 876 causa

989 179 1084 206 εἶναι’
1100 178 1140 208 διὸ
1155 180 1237 218 μόνον
1261 180 1306 209 τὸν
1335 181 1400 209 Θεὸν
1423 180 1538 219 λὲγομεν
1565 179 1641 220 ἔχει)
1661 180 1813 216 ἀθανασίαν,

989 221 1030 250 ὅτι
1059 222 1090 252 ἐκ
1117 226 1166 257 τῆς
1188 225 1287 257 οἰκείας
1307 225 1422 265 φύσεως,
1444 226 1488 254 καὶ
1518 227 1566 255 οὒκ
1591 225 1622 253 ἐκ
1649 225 1697 258 τῆς
1726 223 1815 263 ἑτέρου

989 266 1098 308 βουλῆς¹
1111 269 1250 308 πρόσεστιν
1263 271 1334 307 αὐτῷ
1349 274 1443 302 ταῦτα,

1030 311 1136 345 ’¹Αλλο,
1176 309 1205 343 ¹ο
1233 314 1297 347 Θεὸς
1335 314 1357 342 εἰ
1386 314 1452 354 ὑπὲρ
1487 314 1536 353 μὲν
1573 315 1634 346 τοὺς
1671 313 1814 354 ἀφθάρτους

990 355 1072 394 ἐστὶν,
1091 358 1129 389 ὡς
1151 358 1252 387 τούτων
1273 359 1405 399 ’ποιητὴς⁷
1431 359 1496 395 ὑπὲρ
1525 358 1554 387 δὲ
1572 360 1604 387 τὸ
1618 358 1748 398 ἀγένητον
1769 357 1814 385 οὔτι

990 399 1060 429 ἔστιν
1076 410 1085 418 ⁸
1113 402 1172 432 οὒδέ
1202 403 1253 443 γὰρ
1282 403 1354 432 ἔστιν
1384 407 1436 432 τῶν
1475 403 1614 443 ἀγενήτων
1641 401 1812 442 δημιουργός·

988 446 1036 474 οὒκ
1051 446 1101 486 ἄρα
1115 447 1207 476 ἕπεται
1223 450 1262 484 τῷ
1276 448 1400 488 ἀφθάρτῳ
1414 449 1445 477 τὸ
1459 448 1603 488 ἀγένητον.

1031 530 1136 564 ’¹Αλλο.
1155 534 1184 562 Εἰ
1198 532 1327 573 ἄφθαρτός
1352 532 1424 561 ἔστιν
1439 534 1454 561 ὁ
1476 534 1541 565 Θεὸς
1564 536 1600 571 τῇ
1625 533 1704 561 αὐτοῦ
1727 532 1813 572 φύσει,

989 574 1118 616 ἄφθαρτος
1144 576 1172 606 δὲ
1198 578 1242 606 καὶ
1269 578 1287 611 ἡ
1317 577 1396 617 ψυχὴ
1418 580 1452 616 τῇ
1483 578 1577 606 ἑαυτοῦ
1600 576 1663 617 (30)
1689 575 1814 614 βουλήσει

987 623 1033 648 τοῦ
1062 619 1224 661 δημιουργοῦ
1239 630 1247 639 ⁸
1276 621 1334 653 πῶς
1364 621 1392 649 ἄν
1416 622 1531 660 τοσαύτῃ
1561 621 1703 661 ἀφθαρσίας
1718 618 1813 658 διαφο-

987 667 1020 703 ρᾷ
1033 663 1127 694 ἕπεται
1142 666 1200 694 καθ’
1217 667 1289 704 ἡμᾶς
1304 664 1368 706 (31)
1380 669 1419 704 τῷ
1440 665 1564 705 ἀφθάρτῳ
1576 666 1608 694 τὸ
1623 665 1751 704 ἀγένητον
1765 673 1774 702 ;

1032 744 1131 781 ”Αλλο.
1155 751 1185 780 Εἰ
1201 751 1247 780 οὗν
1260 750 1336 780 τελεῖ
1359 762 1385 779 τι
1410 751 1476 791 πρὸς
1504 750 1627 778 σύστασιν
1649 753 1702 778 τῶν
1728 750 1812 788 φθαρ-

987 797 1051 829 τῶν,
1078 796 1136 827 πῶς
1163 796 1211 824 οὐκ
1245 796 1294 824 εἴ.σῖ
1321 796 1375 825 ’τῶν
1411 795 1544 835 φθορίμων
1582 795 1748 834 πραγμάτων
1781 793 1814 822 τὰ

987 838 1105 878 ἄφθαρτα
1126 840 1284 881 ὑπουῃιχᾶ,
1311 843 1364 874 τῆς
1396 841 1480 871 αἰτίας
1510 842 1560 873 τῆς
1592 839 1734 879 ἀφθαρσίας
1763 838 1813 866 αὖ-

119 885 419 926 incorruptibilitatis‘
432 897 532 919 earum
548 889 584 920 ad
601 889 774 929 hujusmodi
794 890 874 929 ipsas
888 890 944 921 ad-

1023 896 1040 910 »v
1067 885 1132 924 πρὸς
1157 885 1206 920 τὴν
1234 885 1360 919 τοιαύτην
1394 885 1511 924 ἀγούσης
1545 884 1609 929 αὐτᾷ
1639 883 1814 929 -ὒπουργίανς

119 930 207 960 ducat
224 931 438 963 ministerium?
451 932 508 964 Sed
525 933 550 964 si
566 933 606 963 ita
621 938 677 968 est.
694 933 790 973 liquet
801 933 864 964 ﬁeri
879 943 945 974 pos-

118 983 152 1006 se
166 978 196 1004 ut
211 974 317 1015 aliquis
330 976 564 1017 incorruptibilis
579 977 617 1008 sit
634 977 671 1008 ob
685 978 814 1018 aliquam
830 978 944 1010 utilita-

118 1023 192 1055 tem,
205 1018 354 1058 ingenitus
379 1030 448 1052 vero
473 1031 671 1062 nequaquam.
688 1022 772 1059 Quod
795 1023 876 1053 enim
894 1023 944 1054 in-

118 1063 249 1102 genitum
261 1064 350 1102 est,id
367 1065 479 1106 absque
495 1066 553 1097 ulla
570 1075 691 1106 prorsus
709 1067 840 1098 utilitatis
857 1077 947 1099 causa

120 1111 236 1147 oportet
251 1117 318 1139 esse
333 1108 511 1149 ingenitum.

159 1151 265 1182 Aliud.
281 1152 310 1184 Si
327 1153 454 1191 primum
479 1154 597 1194 quidem
624 1164 734 1195 corpus
750 1159 794 1186 est
809 1156 945 1186 elemen-

119 1199 193 1230 tum,
210 1196 373 1227 secundum
387 1202 485 1229 autem
502 1208 620 1239 corpus,
637 1199 664 1229 id
679 1199 757 1240 quod
772 1205 818 1231 est
831 1210 865 1231 ex
882 1201 946 1231 ele-

119 1240 238 1277 mentis,
256 1240 283 1270 id
300 1245 399 1272 autem
419 1251 538 1283 corpus,
562 1243 639 1284 quod
657 1253 691 1274 ex
709 1244 866 1276 elementis
890 1250 946 1282 est,

119 1293 178 1314 non
191 1289 290 1324 potest
305 1294 372 1317 esse
386 1286 552 1326 ingenitum
571 1288 663 1319 :nibil
684 1288 763 1319 enim
781 1289 944 1329 ingenitum

119 1329 266 1375 posterius
278 1338 344 1375 esse
359 1335 455 1371 potest
468 1332 568 1371 genito
583 1343 590 1364 :
607 1333 768 1372 quomodo,
788 1333 812 1364 si
828 1342 946 1375 ea,quaa

119 1381 155 1403 ex
171 1373 328 1405 elementis
343 1380 422 1416 sunt,
440 1385 577 1416 corpora,
599 1377 839 1417 incorruptibilia
863 1373 943 1417 sunt,

118 1417 219 1457 genita
234 1427 293 1449 non
308 1426 397 1450 erunt
412 1420 650 1461 incorruptibilia
660 1424 675 1453 ?

158 1462 300 1494 Aliud.Si
316 1466 416 1496 omnia
426 1465 574 1497 elementa
582 1467 682 1505 genita
697 1468 779 1506 sunt,
794 1467 943 1507 quomodo

988 927 1063 956 Ἀλλ’
1078 930 1100 957 εἰ
1114 933 1204 968 τοῦτο,
1221 929 1313 970 δῆλον,
1339 929 1380 958 ὅτι
1405 929 1548 970 ἀφθαρσίαν
1574 928 1623 967 μὲν
1636 927 1678 957 διὰ
1693 927 1812 968 χρειώδη

987 973 1046 1000 τινὰ
1055 972 1162 1002 δύναταί
1174 985 1215 1006 τις
1229 973 1317 1015 ἔχειν,
1333 974 1490 1013 ἆγεννησίαν
1515 973 1543 1002 δὲ
1569 974 1658 1003 obniti
1677 981 1684 988 '
1707 974 1739 1001 τὸ
1763 973 1814 1011 γὰρ

987 1016 1131 1056 ἀγένητον,
1148 1019 1234 1059 χωρὶς
1247 1019 1339 1053 πάσης
1353 1017 1501 1058 χρειώδους
1516 1018 1611 1055 «huc,
1627 1017 1669 1046 δεῖ
1682 1017 1812 1057 δπάρχιιν

989 1061 1130 1101 ἀγένητον.

1029 1150 1134 1183 ’¹Δλλο.
1159 1152 1188 1181 Εἰ
1212 1154 1317 1192 πρῶτον
1342 1152 1391 1184 μὲν
1412 1154 1491 1190 σῶμα
1515 1152 1546 1180 τὸ
1561 1157 1710 1191 στοιχεῖον¹
1725 1149 1814 1178 δεύτε-

989 1207 1034 1235 ρον
1061 1195 1088 1224 δὲ
1117 1200 1195 1235 σῶμα
1218 1198 1249 1225 τὸ
1269 1197 1301 1226 ἐκ
1326 1197 1468 1237 στοιχείων
1483 1204 1491 1211 ·
1514 1197 1546 1224 τὸ
1572 1195 1599 1224 δὲ
1622 1196 1652 1224 ἐκ
1673 1195 1814 1235 στοιχείων

990 1241 1069 1278 σῶμα
1099 1242 1146 1270 οὐκ
1167 1240 1307 1281 ἐνδέχεται
1329 1241 1402 1270 εἶναι
1430 1240 1562 1280 ἀγένητον
1578 1248 1585 1255 ·
1602 1240 1676 1268 οὐδὲν
1690 1240 1740 1278 γὰρ
1754 1239 1815 1277 ἀγέ-

990 1296 1070 1318 νητον
1094 1285 1203 1325 ὕστερον
1223 1286 1295 1314 εἶναι
1324 1285 1429 1315 δύναται
1451 1290 1565 1325 γενητοῦ
1581 1292 1589 1300 ·
1621 1286 1691 1325 πῶς,
1714 1285 1736 1312 εἰ
1758 1284 1814 1312 ἔστι

987 1329 1021 1358 τὰ
1036 1329 1066 1358 ἐκ
1081 1331 1224 1371 στοιχείων
1238 1331 1351 1362 σώματα
1379 1329 1510 1370 ἄφθαρτα,
1539 1330 1568 1358 οὗ
1583 1329 1682 1369 γενητὰ
1708 1328 1813 1357 ἶσονται

987 1373 1104 1414 ἄφθαρτα
1119 1384 1128 1415 ;

1028 1462 1133 1493 ”Λλλο.
1149 1464 1178 1492 El
1194 1463 1293 1503 γενητὰ
1308 1463 1395 1494 πάντα
1410 1463 1443 1492 τὰ
1459 1469 1594 1503 στοιχεῖα,
1622 1465 1680 1495 πῶς
1695 1464 1743 1492 οὐκ
1757 1463 1814 1490 ἔστι

118 1507 304 1546 nugatorium
321 1518 379 1539 non
391 1514 446 1545 est,
463 1519 498 1541 ea
512 1520 578 1551 quae
587 1504 626 1541 ex
642 1504 885 1552 elementis-sint,
902 1511 946 1542 in-

1026 1507 1108 1547 ρῶδες
1123 1509 1154 1536 τὸ
1170 1509 1203 1536 τὰ
1217 1508 1248 1537 ἐκ
1273 1509 1415 1548 στοιχείων
1442 1507 1533 1548 λέγειν
1554 1507 1670 1547 ἀγένητα
1687 1515 1695 1523 ⁸
1722 1508 1751 1536 Εἰ
1765 1508 1816 1552 γὰρ

118 1552 218 1591 genita
234 1552 350 1584 dicere?
364 1556 439 1586 Nam
453 1555 479 1585 si
493 1555 616 1586 materia
628 1565 680 1596 per
695 1565 727 1587 se
743 1555 836 1595 ipsam
849 1565 948 1597 neque

118 1597 299 1628 elementum
312 1602 471 1639 est,neque
487 1599 671 1631 substantia:
685 1600 824 1641 qualitate
847 1604 945 1632 tamen

118 1644 149 1671 et
162 1641 326 1681 quantitate
339 1644 659 1684 accepta,elementnm
676 1645 709 1675 ﬁt
723 1648 752 1676 et
766 1644 941 1676 substantia:

118 1685 266 1725 quomodo
283 1695 328 1724 ea,
349 1696 415 1728 qua:
435 1697 470 1719 ex
485 1688 654 1729 hujusmodi
671 1689 865 1729 perﬁciuntur
880 1689 944 1720 ele-

117 1729 238 1768 mentis,
253 1739 319 1761 esse
340 1732 429 1763 etiam
446 1737 570 1773 possunt
593 1733 736 1773 ingenita,
755 1734 781 1764 si
796 1733 856 1765 illis
870 1743 946 1765 con-

118 1774 209 1813 tingat
222 1778 254 1804 ut
267 1774 326 1806 sint
338 1775 599 1817 incorruptibilia?

159 1819 267 1851 Aliud.
284 1818 316 1850 Si
330 1820 410 1852 aliud
425 1825 470 1852 est
483 1831 603 1862 corpus,
620 1826 649 1853 et
663 1822 745 1854 aliud
763 1823 945 1864 incorrupti-

119 1861 180 1894 bile
195 1872 315 1903 corpus,
333 1868 362 1895 et
376 1865 455 1896 aliud
471 1861 665 1907 corruptibile
678 1867 842 1907 corpuszob
857 1861 945 1899 diffe-

119 1907 246 1952 rentiam
262 1914 363 1939 autem
376 1909 663 1951 incorruptibilitatis
678 1915 708 1942 et
717 1911 948 1952 corruptibilita—

121 1951 158 1996 tis
168 1960 275 1991 corpus
286 1952 427 1985 dividitur
438 1954 469 1984 in
480 1954 707 1996 incorruptibile
721 1960 751 1986 et
765 1951 947 1996 corruptibi-

120 1995 150 2028 le
162 2005 291 2036 corpus:
309 1998 457 2038 quomodo
474 2007 598 2031 necesse
613 2009 672 2031 non
689 1995 946 2041 est.propriumil-

121 2040 261 2086 liusesse
275 2042 361 2086 quod,
379 2042 521 2074 dividitur
546 2045 693 2086 corporis,
708 2049 741 2075 ut
755 2040 888 2085 genitum
911 2046 949 2077 sit

121 2088 172 2115 aut
182 2084 365 2124 ingenitum?
376 2085 427 2117 Sin
440 2088 545 2118 horum
557 2084 630 2119 nihil
647 2084 799 2129 proprium
813 2088 894 2120 illius
904 2093 948 2120 est

121 2128 199 2168 quod
215 2129 360 2160 dividitur
375 2132 521 2172 corporis,
536 2141 636 2163 annon
649 2128 761 2172 corpus
774 2133 851 2173 quod
870 2133 946 2164 divi-

988 1554 1006 1587 ἡ
1036 1552 1087 1587 ὕλη
1110 1552 1168 1581 καθ’
1192 1553 1289 1587 ἑαυτὴν
1304 1553 1353 1592 μὲν
1369 1553 1417 1581 οὒκ
1431 1552 1502 1581 ἴστιν
1516 1552 1576 1581 οὔτε
1602 1559 1738 1592 στοιχεῖον
1754 1551 1814 1580 οὔτε

989 1598 1075 1635 οὐσία,
1105 1596 1292 1638 προσλαϐοῦσα
1313 1596 1341 1626 δὲ
1370 1598 1501 1632 ποιότητὰ
1535 1608 1564 1625 τε
1590 1597 1634 1625 καὶ
1662 1596 1813 1635 ποσότητα,

988 1648 1127 1682 στοιχεῖον
1150 1643 1249 1682 γίνεται
1266 1642 1311 1671 καὶ
1327 1641 1401 1670 οὐσία
1416 1649 1424 1657 ·
1453 1644 1509 1676 πῶς
1523 1642 1556 1671 τὰ
1571 1641 1601 1669 ἐκ
1622 1641 1674 1669 τῶν
1688 1641 1815 1670 τοιούτων

990 1686 1134 1727 στοιχείων
1162 1686 1364 1725 ἀποτελούμενα
1379 1685 1485 1715 δύναται
1501 1687 1573 1716 εἶναι
1588 1686 1632 1715 καὶ
1645 1685 1774 1726 ἀγένητα,
1792 1687 1815 1714 εἰ

989 1730 1105 1769 συμϐαίη
1126 1732 1218 1764 αὐτοῖς
1233 1731 1305 1760 εἶναι
1320 1730 1440 1771 ἄφθαρτα
1459 1740 1468 1769 ;

985 1805 991 1810 ί
1030 1818 1135 1854 ”Αλλο,
1152 1820 1183 1849 Εἰ
1204 1819 1272 1849 ἄλλο
1293 1820 1325 1849 τὸ
1353 1822 1444 1858 σῶμα,
1470 1820 1514 1848 χαί
1541 1818 1608 1848 ἄλλο
1629 1819 1660 1848 τὸ
1685 1819 1818 1860 ἄφθαρτον

988 1867 1078 1903 σῶμα,
1091 1865 1136 1894 καὶ
1159 1863 1227 1894 ἄλλο
1249 1866 1280 1894 τὸ
1309 1865 1423 1906 φθαρτὸν
1443 1867 1522 1903 σῶμα
1538 1872 1547 1880 ⁸
1563 1865 1632 1893 κατὰ
1647 1863 1674 1893 δὲ
1690 1865 1739 1898 τὴν
1753 1864 1817 1893 δια-

989 1910 1072 1950 φοράν
1100 1909 1243 1949 ἀφθαρσίας
1272 1920 1302 1938 τε
1330 1910 1375 1938 καὶ
1401 1911 1498 1950 φθορᾶς
1521 1908 1662 1949 διαιρεῖται
1683 1910 1715 1938 τὸ
1735 1911 1818 1947 σῶμα

989 1955 1025 1986 εἷς
1040 1953 1172 1995 ἅφθαρτόν
1193 1964 1222 1982 τε
1249 1955 1294 1983 καὶ
1321 1955 1433 1994 φθαρτὸν
1463 1957 1542 1992 σῶμα
1557 1961 1566 1969 '
1589 1956 1647 1987 πῶς
1671 1954 1717 1983 οὒκ
1744 1953 1820 1982 ἔστιν

988 1998 1093 2038 ἀνάγκη
1108 1997 1176 2027 ἴδιον
1192 2000 1263 2027 εἶναι
1289 2001 1336 2027 τοῦ
1358 1997 1541 2038 διαιρουμένου
1569 1999 1695 2034 σώματος
1710 1999 1742 2027 τὸ
1766 2009 1820 2038 γε-

991 2044 1072 2077 νητὸν
1094 2042 1113 2077 ἢ
1127 2043 1157 2071 τὰ
1174 2042 1305 2082 ἀγένητον
1323 2050 1332 2080 ;
1347 2043 1378 2071 Εἰ
1391 2041 1418 2070 δὲ
1447 2041 1521 2073 οὐδὲν
1546 2043 1647 2071 τούτων
1662 2042 1731 2071 ἴδιόν
1759 2042 1819 2071 ἐστι

989 2090 1035 2116 τοῦ
1058 2086 1238 2126 διαιρουμένου
1253 2087 1392 2125 σώματος,
1417 2091 1476 2120 πῶς
1502 2088 1550 2116 οὐκ
1565 2087 1638 2116 ἔσται
1653 2088 1684 2116 τὸ
1698 2086 1819 2127 διαιρού-

989 2142 1070 2169 μενον
1090 2134 1168 2170 σῶμα
1186 2132 1245 2160 οὔτε
1259 2132 1372 2171 γενητὸν
1394 2131 1453 2160 οὔτε
1485 2131 1615 2172 ἀγένητον
1633 2142 1641 2171 ;
1656 2133 1685 2161 Et
1699 2131 1725 2160 δὲ
1739 2135 1819 2161 τοῦτο

121 2172 214 2211 ditur,
229 2182 327 2214 neque
341 2175 473 2214 genitum
498 2171 564 2215 erit,
588 2186 687 2217 neque
708 2171 894 2216 ingenitum?
910 2177 946 2208 At

1023 2176 1114 2214 ύνατρν
1142 2177 1174 2204 τὸ
1195 2174 1341 2215 μηδέτερον
1363 2176 1436 2204 εἶναι
1460 2177 1492 2205 τὸ
1512 2171 1703 2216 νδιαιρούμενον
1723 2179 1817 2215 σῶμα,

120 2217 202 2247 enim
217 2217 243 2247 si
253 2217 309 2249 hoc
324 2218 510 2260 impossibile
526 2225 617 2259 est,ut
629 2221 708 2262 quod
724 2221 867 2253 dividitur
878 2231 946 2253 cor-

121 2270 188 2302 pus,
205 2265 342 2293 neutrum
358 2263 481 2295 istorum
496 2265 675 2302 sit,necesse
690 2266 821 2306 profecto
834 2267 891 2297 erit
903 2270 946 2304 ut,

120 2306 200 2351 quod
211 2306 351 2338 dividitur
361 2317 477 2349 corpus,
494 2309 525 2340 id
538 2314 684 2341 statuatur
699 2319 766 2342 esse
781 2312 945 2351 incorrup-

120 2349 204 2395 tibile
213 2359 322 2390 corpus
337 2356 367 2384 et
380 2353 586 2395 corruptibile;
599 2355 630 2386 in
643 2355 698 2386 hac
713 2355 794 2386 enim
805 2349 949 2392 dividitur

119 2393 150 2426 id
166 2394 245 2439 quod
258 2395 400 2428 dividitur
409 2393 530 2439 corpus.

160 2438 345 2476 QUIESTJK.
357 2442 406 2473 14.
418 2443 450 2474 Si
461 2438 492 2474 id
507 2443 620 2483 interit,
637 2444 715 2485 quod
732 2453 749 2476 a
759 2445 822 2476 Deo
838 2444 947 2475 factum

120 2487 177 2522 est,
192 2486 276 2529 cujus
302 2486 446 2526 pravitate
469 2487 583 2525 interit,
596 2497 635 2520 an
661 2489 792 2526 factoris,
819 2498 857 2520 an
883 2489 948 2529 ejus

120 2528 199 2574 quod
215 2529 324 2574 iactum
340 2535 398 2572 est,
414 2536 464 2563 aut
490 2533 578 2564 etiam
606 2533 733 2574 alicujus
757 2534 882 2574 externi,
899 2528 949 2574 qui

121 2572 242 2604 factoris
252 2574 290 2605 sit
298 2575 501 2610 adversarius?

162 2616 270 2651 RESP.
281 2619 385 2661 Neque
400 2630 437 2652 ex
451 2623 612 2663 Creatoris,
625 2632 725 2664 neque
741 2632 776 2655 ex
788 2622 951 2656 adversarii

162 2695 221 2736 (30)
237 2692 359 2732 Ἑαυτοῦ.
371 2699 404 2732 Id
419 2709 540 2741 prorsus
551 2701 792 2743 expungendum.

989 2220 1093 2260 ἀνέγιιη
1123 2219 1174 2260 ἄρα
1211 2220 1266 2249 ἐστὶ
1307 2222 1415 2254 τεθῆναι
1454 2222 1485 2249 τὸ
1514 2219 1694 2261 διαιρούμενον
1722 2224 1816 2260 σῶμα,

988 2270 1066 2294 τοῦτο
1081 2271 1151 2294 εἶναι
1180 2265 1211 2294 τὸ
1225 2265 1356 2306 ἄφθαρτον
1373 2268 1451 2304 σῶμα
1466 2266 1509 2295 καὶ
1538 2267 1570 2295 τὸ
1593 2267 1718 2306 φθαρτὸν²
1741 2266 1777 2299 εἰς
1801 2265 1820 2294 ἃ

989 2308 1130 2350 διαιρεῖται
1144 2310 1175 2339 τὸ
1189 2308 1372 2351 διαιρούμενον
1386 2313 1477 2350 σῶμα.

1030 2443 1222 2474 ἘΡΩΤΗΣ[Σ.
1254 2444 1285 2473 Εἰ
1312 2444 1442 2485 φθείρεται
1470 2445 1500 2474 τὸ
1522 2445 1662 2485 γινόμενον
1690 2444 1742 2474 ὑπὸ
1769 2450 1822 2476 τοῦ

991 2492 1068 2527 Θεοῦ,
1084 2489 1155 2521 τίνος
1176 2488 1257 2526 κακίᾳ
1286 2489 1417 2530 φθείρεται
1430 2497 1438 2506 '
1466 2494 1512 2519 τοῦ
1534 2491 1710 2528 ποιήσαντος,
1740 2489 1822 2524 ἦτοῦ

989 2534 1143 2574 γεγονότος,
1159 2533 1177 2568 ἦ
1200 2544 1272 2566 τινος
1296 2533 1390 2568 ἔξωθεν
1418 2535 1583 2564 ὑπεναντίουι
1609 2534 1751 2574 γινομένου
1777 2538 1822 2573 τῷ

1010 2588 1132 2607 οιησαντι
1149 2588 1158 2607 Σ

1010 2589 1035 2607 οι
1057 2589 1132 2607 σαντι
1149 2588 1158 2596 ο

989 2590 1009 2608 π
1030 2579 1234 2657 ἠ’,ὶιΙΟΙίΡῖΣΙΣ⁸
1251 2622 1318 2654 Οὔτε
1331 2623 1362 2652 ιιι
1376 2626 1427 2658 τῆς
1451 2625 1500 2653 τοῦ
1519 2624 1701 2659 πεποιηκότος
1720 2625 1823 2656 κακίας

1029 2702 1090 2744 (31)
1107 2702 1173 2732 Καθ’
1188 2703 1274 2743 ἡμᾶς.
1285 2702 1357 2744 Lex.
1374 2703 1433 2733 καθ’
1445 2704 1522 2743 ὑμᾶς.
