1948 3075
219 120 294 154 1483

568 121 776 154 ΑΡΡΕΝΒΙΧ.
798 137 835 143 -
859 120 966 153 PARS.
990 120 1014 151 Ι.

1121 119 1238 152 JSTINI
1261 119 1384 152 OPERA
1407 117 1558 152 SPURIA.

1824 116 1899 150 1484

217 193 274 229 est,
284 193 427 221 aeternum
441 188 602 230 opinamur
615 187 873 229 Gracizquomodo
886 188 944 218 ﬁde
955 189 1033 229 digni

1121 200 1172 230 νες⁷
1187 192 1245 221 πῶς
1281 189 1385 218 ἔσονται
1414 189 1561 222 ἀξιόπιστοι
1577 189 1715 227 νομοθέται
1729 192 1777 218 τοῦ
1793 189 1832 226 μὴ
1849 188 1905 217 ἕσι-

218 239 308 265 erum
321 234 517 274 legislatores,
529 233 599 264 dum
611 233 739 263 futuram
754 241 812 263 non
825 241 891 263 esse
904 241 1039 264 resurre-

219 279 346 310 ctionem
363 283 545 309 mortuorum
561 277 729 308 sanciunt?

260 324 306 355 16.
325 323 408 359 Quod
421 332 499 354 nunc
515 331 616 363 supra,
634 331 713 353 nunc
727 322 805 353 infra
819 327 875 358 est,
892 322 920 353 id
937 332 973 354 ex
989 332 1039 354 eo-

217 378 282 400 rum
291 377 416 399 numero
427 371 551 408 est,quaa
558 366 717 408 aliquando
730 376 788 397 non
800 373 939 407 sunt,nec
950 377 1040 407 supra

220 413 356 444 videlicet
377 421 432 443 nec
448 412 534 443 infra.
552 411 706 448 Quomodo
722 411 811 451 igitur
823 412 867 442 sol
897 417 1036 450 aternus,

217 458 267 499 qui
283 462 440 497 antequam
458 465 549 497 supra
564 461 643 488 esset
658 460 708 487 aut
723 456 874 488 infra.non
886 457 940 487 fuit
954 460 967 488 ’ἶ
982 457 1039 494 Qui

217 512 288 542 ergo
304 502 395 533 solem
413 506 516 532 natura
533 510 587 532 sua
602 501 733 541 genitum
750 501 937 542 ignorant,iis
953 511 1037 532 mor—

217 552 283 578 tuos
298 555 455 586 resurgere
469 546 645 586 negantibus
660 546 810 587 quomodo
826 556 884 577 non
910 546 1038 577 absurde

217 592 262 622 illi
289 592 459 629 crederent,
477 600 602 631 quorum
617 591 849 622 resurrectionis
863 596 966 622 auctor
975 590 1036 631 jam

217 637 336 667 illorum
353 635 567 676 primogenitus
582 636 802 667 resurrectione
817 636 911 667 factus
928 639 996 668 est?

259 682 307 713 l7.
324 681 398 711 Cum
414 680 510 711 valida
525 684 570 711 est
593 680 741 711 eﬁectoris
757 681 899 722 potentia,
921 686 981 712 tum
1008 685 1038 712 et

217 726 341 757 materia
351 727 386 756 ad
403 725 590 756 eﬁectionem
616 725 715 766 operis
730 725 848 757 idonea.
863 726 920 757 Sed
934 727 957 757 si
972 725 1038 766 quis

217 775 352 802 mortuus
367 772 428 801 Deo
443 769 570 800 idoneus
584 774 629 800 est
644 770 680 801 ad
692 770 967 807 resuscitationem,
981 779 1036 801 ne-

216 815 346 847 cessario
361 819 392 846 et
407 814 560 845 omnis.At
573 814 599 845 si
615 824 675 845 non
685 814 886 855 omnis,nemo
903 824 1035 855 prorsus.

1082 235 1140 262 σθαι
1149 233 1206 262 τῶν
1223 234 1321 274 νεκρῶν
1338 235 1387 268 τὴν
1402 234 1547 264 ἀνάστασιν
1560 243 1572 273 ς

1132 323 1171 336 ρι
1235 324 1241 332 ι
1328 324 1335 332 κ
1377 322 1385 333 \
1435 322 1448 333 ν
1623 322 1643 332 ιιι
1688 323 1694 332 I
1791 326 1803 331 ..
1896 322 1901 331 1

1122 334 1151 360 ιδ
1177 343 1186 352 .
1213 328 1248 352 To
1275 334 1340 351 ποτε
1355 334 1403 361 μεν
1432 334 1498 363 ανω,
1527 323 1592 352 ποτὲ
1620 332 1648 351 οε
1663 335 1747 360 κατω,
1769 334 1823 352 των
1838 333 1903 351 ποτε

1080 370 1128 397 οὒκ
1154 369 1237 396 ὄντων
1264 367 1344 408 ἐστὶν,
1361 367 1419 396 οὔτε
1448 367 1513 405 ἄνω,
1551 366 1610 396 οὔτε
1621 367 1705 399 κάτω,
1719 369 1779 400 Πῶς
1795 367 1839 396 οὖν
1854 367 1902 395 ἀϊ-

1079 411 1133 444 διος
1163 413 1176 440 ὁ
1205 411 1292 450 ἥλιος,
1331 413 1345 440 6
1375 413 1426 452 πρὸ
1435 416 1482 441 τοῦ
1497 414 1567 440 εἶναι
1578 411 1633 440 ἄνω
1653 412 1671 447 ἢ
1687 413 1760 441 κάτω
1776 413 1824 441 οὒκ
1838 412 1875 440 ὥν
1893 421 1901 449 ;

1079 461 1144 489 Τοῖς
1172 456 1217 485 οὖν
1243 457 1288 485 τὸν
1320 456 1394 490 ἥλιον
1421 457 1489 486 κατὰ
1504 456 1553 491 τὴν
1564 457 1662 485 οἰκείαν
1674 457 1752 497 φύσιν
1773 457 1900 496 γεννητὸν

1078 501 1142 530 ’ὂντα
1170 501 1209 539 μὴ
1234 501 1433 539 ἐπισταμένοις,
1462 505 1520 534 πῶς
1549 503 1596 530 οὐκ
1611 501 1711 531 ἄτοπον
1731 503 1834 534 τούτοις
1850 513 1900 530 πι-

1079 546 1180 575 στεύειν
1211 547 1270 586 περὶ
1295 547 1342 575 τοῦ
1369 547 1408 584 μὴ
1437 546 1591 574 ἀνίστασθαι
1605 547 1666 578 τοὺς
1696 547 1815 586 νεκροὺς,
1836 548 1900 575 ὧνὸ

1079 592 1201 631 ἀρχηγὸς
1216 594 1266 626 τῆς
1279 591 1448 623 ἀναστάσεως
1463 601 1632 631 πρωτοτοκος
1646 594 1732 622 casm
1747 591 1798 625 ἤδη
1818 591 1900 631 γέγο-

1080 646 1122 664 νεν
1150 635 1180 664 ἐκ
1193 638 1242 674 τῇς
1258 636 1428 668 ἀναστάσεως
1445 646 1453 674 ;

1120 676 1180 718 ις’,
1199 671 1267 709 ιὈτε
1282 682 1300 715 ἡ
1317 679 1425 719 δύναμις
1441 671 1526 721 ίσχύει
1542 685 1587 710 τοῦ
1601 684 1753 718 ποιοῦντος,
1781 681 1842 710 τότε
1858 685 1903 711 καὶ

1078 725 1096 759 ἡ
1129 725 1179 759 ὕλη
1218 725 1366 761 ἐπιτήδειος
1397 727 1463 765 πρὸς
1491 726 1542 760 τὴν
1563 726 1671 760 ποίησιν
1686 729 1732 755 τοῦ
1746 725 1890 765 γινομένου

1078 768 1153 797 Ἀλλ’
1176 769 1202 797 ε“ί
1216 781 1256 801 τις
1273 771 1363 809 νεκρὸς
1379 769 1527 805 επιτήδειός
1543 770 1598 799 ἐστι
1614 774 1651 807 τῷ
1664 774 1722 807 Θεῷ
1743 771 1810 809 πρὸς
1825 769 1903 809 ’ἐγερ-

1079 825 1132 851 σιν,
1169 814 1196 847 ἑξ
1231 814 1350 852 ἀνάγκη(
1374 815 1420 843 καὶ
1446 818 1510 846 πᾶς’
1533 816 1577 843 καὶ
1598 815 1620 843 εἰ
1642 816 1681 853 μὴ
1695 815 1740 843 καὶ
1766 818 1832 854 πᾶς,
1855 815 1903 842 οὗ-

216 860 281 891 Non
316 864 384 890 sunt
397 863 497 890 autem
511 859 741 898 cogitationibus
756 859 865 890 nostris
885 859 1033 891 metienda

1121 871 1142 891 ς,
1174 859 1211 888 Οὒ
1238 860 1295 899 χρὴ
1323 859 1351 888 δὲ
1386 866 1445 893 τοῖς
1457 860 1597 900 ἡμετέροις
1612 859 1778 897 ἐνθυμὴμασι
1794 865 1903 899 μετρεῖν

217 913 307 945 opera
317 904 461 936 Dei.Nam
473 912 564 944 supra
579 908 708 935 mentem
724 908 754 935 et
768 913 888 935 sensum
901 909 930 936 et
945 905 1036 936 ratio-

217 958 285 980 nem
302 953 371 979 sunt
386 956 477 988 opera
486 948 590 980 Dei.ln
607 948 714 989 quibus
729 949 786 980 hoc
801 959 918 990 quoque
940 954 996 991 est,
1008 955 1040 981 ut

217 994 306 1025 etiam
321 998 440 1025 voratus
463 1002 480 1024 a
495 993 625 1034 piscibus
641 999 774 1025 mortuus
809 995 979 1026 necessario
1007 995 1038 1026 in

218 1039 303 1070 vitam
315 1038 428 1073 redeat,
445 1038 578 1079 quamvis
589 1038 616 1069 ei
631 1038 668 1069 ab
681 1039 780 1080 aliquo
796 1039 948 1080 corrumpi
962 1049 1038 1070 con-

217 1084 327 1124 tigerit.

257 1128 307 1159 18.
323 1127 477 1164 Quomodo
501 1137 602 1159 verum
619 1137 686 1159 esse
701 1131 810 1169 potest,
832 1128 992 1160 Dominum
1010 1133 1040 1160 et

216 1173 288 1203 vivis
302 1172 449 1203 dominari
471 1175 501 1203 et
516 1173 651 1210 mortuis,
661 1181 729 1204 cum
742 1182 777 1204 ex
787 1173 934 1204 sententia
943 1177 1040 1204 vestra

218 1217 379 1258 potentiam
389 1226 448 1248 non
458 1217 563 1248 habeat
573 1217 699 1249 alterum
712 1217 742 1248 iu
753 1219 878 1249 alterum
891 1222 1039 1250 transmu-

218 1262 298 1293 tandi
309 1261 324 1292 ‘I

261 1307 307 1338 19.
324 1307 353 1338 Si
369 1307 551 1338 deteriorum
563 1307 765 1348 quidemDeus
779 1307 1040 1344 conditor,melio-

219 1361 286 1383 rum
300 1355 398 1383 autem
415 1361 474 1382 non
491 1352 726 1393 item,quomodo
743 1352 771 1383 id
788 1361 846 1383 non
861 1357 905 1384 est
916 1353 1038 1384 inﬁrmi-

219 1396 285 1427 tatis
302 1397 355 1428 Dei
371 1397 514 1428 indicium
529 1400 543 1428 ’ἐ
558 1397 637 1437 quod
657 1406 728 1428 sane
743 1397 821 1428 dictu
837 1398 969 1437 impium.
987 1397 1038 1429 Sin

219 1451 302 1482 requa
316 1441 369 1472 Dei
385 1446 514 1482 potestas
528 1447 575 1473 est
587 1442 624 1472 ad
651 1446 810 1483 utrumque
835 1443 1036 1479 condendum,

1079 908 1126 933 τοῦ
1153 907 1218 932 Θεοῦ
1232 905 1266 932 τὰ
1284 903 1359 944 ἔργα,
1390 900 1469 944 ’Υπὲρ
1494 905 1553 933 νοῦν
1583 905 1634 944 γὰρ
1648 904 1693 933 καὶ
1714 903 1840 937 αἴσθησιν
1862 905 1905 932 καὶ

1080 948 1160 988 λόγον
1187 949 1233 977 τοῦ
1259 953 1324 978 Θεοῦ
1359 949 1392 977 τὰ
1425 948 1500 988 ἔργον
1518 949 1545 977 ιν
1560 949 1604 981 οἷς
1621 948 1674 976 ἐστι
1689 949 1734 977 καὶ
1750 949 1795 976 τὸν
1810 949 1905 989 ἱχθδό-

1080 992 1181 1033 6ρι-ηον
1217 994 1308 1033 νεκρὸν
1331 993 1434 1033 ἀνάγκῃ
1470 993 1550 1022 πάλιν
1572 994 1609 1025 εἰς
1624 994 1654 1022 τὸ
1676 993 1748 1021 εἶναι
1765 993 1866 1031 ἐλθεῖν,
1883 994 1904 1021 εἰ

1081 1039 1125 1067 καὶ
1148 1037 1244 1072 συνέϐη
1260 1039 1338 1067 αὺτὸν
1352 1039 1481 1078 φθαρῆναι
1497 1038 1547 1067 ὸπό
1562 1048 1645 1070 τινος.

1122 1128 1172 1162 ιη’.
1199 1129 1259 1159 Πῶς
1281 1128 1352 1156 ἔστιν
1381 1126 1479 1161 ἀληθὲς
1494 1128 1524 1156 τὸ
1537 1127 1645 1163 ζώντων
1665 1127 1710 1155 καὶ
1738 1129 1840 1165 νεκρῶν
1856 1138 1904 1155 κυ-

1081 1173 1174 1213 ριεύειν
1203 1173 1249 1201 τὸν
1276 1171 1382 1212 Κύριον,
1407 1171 1466 1200 καθ’
1493 1174 1560 1210 ὖμᾶς
1588 1172 1636 1200 οὐκ
1662 1171 1762 1212 ἔχοντα
1797 1169 1906 1209 δύναμιν

1081 1218 1190 1257 θατέρου
1210 1218 1246 1250 εἰς
1262 1216 1350 1256 ἕτερον
1361 1218 1574 1255 μεταποιητικήν
1589 1226 1598 1257 ;

1121 1306 1169 1338 ιθ¹.
1196 1307 1225 1335 Εἰ
1253 1307 1370 1342 ποιητής
1395 1309 1448 1335 τῶν
1478 1306 1527 1344 μὲν
1557 1306 1687 1346 χειρόνων
1707 1307 1779 1336 ἱστί’
1801 1308 1816 1335 ὸ
1840 1308 1904 1338 Θεὸς

1079 1351 1133 1379 τῶν
1160 1350 1188 1379 δὲ
1217 1350 1360 1390 βελτιόνων
1387 1350 1435 1380 οὒκ
1456 1350 1523 1388 ἕντι,
1539 1353 1596 1383 πῶς
1608 1353 1656 1380 οὒκ
1670 1351 1725 1380 ἔστι
1741 1355 1819 1380 τοῦτο
1833 1350 1905 1390 δειγ-

1082 1407 1119 1434 μα
1134 1398 1184 1430 τῆς
1199 1400 1245 1425 τοῦ
1260 1400 1326 1425 Θεοῦ
1341 1396 1474 1428 ἀσθενείας
1497 1405 1506 1436 ς
1530 1395 1594 1436 ὅπερ
1608 1395 1678 1425 ἐστὶν
1690 1394 1784 1428 ἀσεϐὲς
1802 1396 1901 1435 λέγειν,

1083 1441 1112 1469 Ei.
1140 1440 1167 1469 δὲ
1202 1440 1251 1474 ἴση
1286 1441 1356 1469 ἐστὶν
1383 1442 1401 1475 ἡ
1426 1444 1472 1468 τοῦ
1501 1444 1566 1470 Θιοῦ
1581 1439 1688 1479 δύναμις
1704 1441 1770 1480 πρὸς
1796 1442 1903 1474 ποίησιν

220 1495 273 1517 cur
296 1486 547 1517 resurrectionem
564 1496 622 1517 non
638 1486 760 1518 creditis
775 1493 971 1525 mortuorum,
989 1488 1033 1529 qui

1121 1485 1217 1524 ιτέρου,
1252 1486 1294 1513 διὰ
1321 1486 1346 1513 τί
1360 1485 1498 1513 ἀπιστεῖτε
1512 1485 1561 1518 τὴν
1577 1484 1719 1513 ἀνάστασιν
1734 1486 1788 1513 τῶν
1805 1486 1904 1524 νεκρῶν

219 1532 255 1562 ad
269 1531 574 1571 incorruptibilitatem
591 1535 750 1571 resurgunt
766 1531 778 1563 ἳ

258 1575 344 1607 20.δί
359 1577 420 1607 Deo
436 1576 471 1606 ad
483 1575 673 1607 efﬁciendum
686 1580 815 1616 potestas
829 1576 977 1615 est,nobis
987 1586 1036 1608 au-

219 1626 279 1652 tem
295 1622 431 1661 accipere
446 1621 518 1652 utile
533 1625 624 1661 est,ut
635 1630 689 1652 nos
705 1630 739 1652 ex
755 1621 810 1652 hac
825 1622 994 1652 calamitosa
1005 1628 1037 1653 et

221 1665 408 1706 corruptibili
425 1666 480 1696 vita
494 1665 530 1696 ad
542 1666 660 1697 beatum
672 1666 966 1706 etincorruptibilem
980 1671 1039 1698 sta-

220 1715 282 1742 tum
299 1720 351 1751 per
366 1711 616 1742 resurrectionem
632 1711 728 1752 potius
739 1712 891 1751 perducat,
902 1721 990 1752 quam
1007 1716 1039 1742 ut

220 1765 255 1786 ex
271 1755 419 1786 laboriosa
433 1755 676 1795 philosophorum
691 1755 763 1792 vita,
776 1755 807 1786 in
836 1765 1037 1787 aerumnosum

219 1799 353 1831 laborem
369 1799 692 1837 formicarun.,Graecos
703 1800 896 1840 philosophos
910 1800 1040 1832 transfe-

221 1849 264 1876 rat
278 1854 331 1885 per
344 1845 626 1885 metempsychosim
641 1869 648 1876 .
668 1845 740 1885 quid
758 1845 852 1885 magis
867 1845 1040 1883 ridiculum,

221 1898 309 1930 quam
326 1889 382 1920 hoc
397 1890 517 1929 quidem
535 1889 712 1920 testimoniis
741 1890 965 1930 comprobatum
982 1900 1042 1921 non

220 1934 356 1971 credere,
373 1933 443 1965 illud
457 1940 567 1971 autem,
580 1943 647 1965 cum
657 1934 819 1965 subsistere
829 1939 967 1976 nequeat,
982 1935 1042 1966 ﬁde

221 1978 390 2018 complecti,
405 1982 434 2010 et
443 1982 576 2010 statuere
591 1978 812 2020 Platonem,qui
828 1979 899 2010 olim
915 1979 1043 2011 Athenis

221 2023 456 2064 philosophatus,
471 2023 589 2054 tandem
606 2023 759 2054 formicam
777 2024 839 2054 fieri
857 2023 869 2055 ?

261 2068 395 2099 54521.
409 2067 440 2100 Si
454 2067 617 2099 secundum
644 2067 761 2100 Graecos
776 2068 867 2106 Deus,
894 2068 964 2109 quia
987 2073 1042 2107 est,

223 2116 251 2144 et
266 2122 324 2144 non
339 2112 408 2153 quia
422 2112 497 2149 vult,
510 2112 645 2143 homines
664 2113 754 2144 efﬁcit
770 2122 776 2144 :
796 2113 946 2154 quomodo
959 2113 1042 2145 Plato

222 2158 381 2198 aliquando
394 2161 439 2188 est
453 2157 561 2188 animal
577 2158 694 2189 ratione
709 2158 864 2199 przeditum
881 2162 909 2189 et
939 2158 1041 2196 homo,

1047 1524 1069 1552 ο
1080 1530 1132 1559 τῶν
1157 1530 1193 1562 εἰς
1216 1529 1358 1570 ἀφθαρσίαν
1374 1529 1554 1567 ἀνισταμένων
1572 1539 1581 1567 ;

1119 1574 1157 1606 κ’.
1181 1576 1210 1604 Εἰ
1231 1578 1289 1612 Θεῷ
1302 1574 1349 1613 μὲν
1365 1574 1431 1614 πρὸς
1445 1575 1476 1602 τὸ
1490 1580 1579 1603 ποιεῖν
1601 1573 1673 1602 ἐστιν
1695 1576 1743 1604 οὒκ
1763 1574 1904 1614 “huc”,

1079 1621 1147 1658 ἡμῖν
1181 1619 1209 1648 δὲ
1237 1621 1303 1658 πρὸς
1328 1619 1358 1647 τὸ
1386 1618 1506 1658 γενέσθαι
1527 1619 1583 1648 ἐστὶ
1604 1618 1740 1651 λυσιτελὲς
1761 1620 1794 1648 τὸ
1809 1621 1841 1648 ιχ
1856 1622 1906 1653 τῆς

1079 1664 1291 1694 πολυστενάκτω
1319 1675 1348 1693 τε
1383 1665 1428 1693 καὶ
1446 1663 1593 1703 ἐμφθάρτου
1613 1666 1686 1700 ζωῆς
1701 1664 1819 1704 ἀγαγεῖν
1833 1666 1907 1703 ἡμᾶς

1080 1711 1116 1743 είς
1150 1710 1280 1750 μακαρίαν
1307 1720 1337 1738 τε
1364 1710 1407 1738 καὶ
1435 1708 1565 1749 ἄφθαρτον
1591 1709 1753 1739 κατάστασιν
1784 1709 1829 1739 διὰ
1858 1713 1906 1741 τῆς

1080 1755 1252 1788 ἀναστάσεως
1293 1753 1396 1793 μᾶλλον
1423 1753 1442 1788 ἢ
1471 1753 1502 1782 ἐκ
1516 1756 1566 1788 τῆς
1580 1757 1632 1782 τῶν
1655 1755 1811 1796 φιλοσόφων
1823 1754 1903 1795 φιλο-

1081 1800 1174 1832 πονίας
1199 1801 1236 1832 εἰς
1265 1799 1314 1834 τὴν
1328 1802 1381 1827 τῶν
1407 1799 1554 1838 μυρμήκων
1575 1798 1730 1838 φιλοπονίαν
1754 1799 1906 1839 ἀναγαγεῖν

1081 1845 1141 1876 τοὺς
1156 1844 1362 1885 φιλοσοφοῦντας
1377 1838 1518 1877 ιΈλληνας
1534 1843 1576 1871 διὰ
1590 1844 1639 1878 τῆς
1650 1845 1906 1884 μετεμψυχώσεως,

1082 1890 1107 1918 τί
1134 1888 1352 1929 γελοιωδέστερον
1388 1889 1436 1917 τοῦ
1474 1887 1565 1925 ἐκείνῳ
1593 1889 1642 1927 μὲν
1677 1890 1907 1927 μεμαρτυρημένῳ

1083 1934 1219 1972 ἀπιστεῖν,
1251 1939 1328 1964 τοῦτο
1351 1933 1379 1962 δὲ
1393 1933 1547 1964 ἀσυστάτως
1568 1933 1699 1963 πιστεύειν
1721 1934 1767 1962 καὶ
1781 1932 1908 1974 δογματί-

1083 1982 1147 2015 ζειν·
1185 1979 1255 2008 ὥστε
1282 1979 1328 2008 τὸν
1349 1977 1432 2007 πάλαι
1454 1977 1646 2014 ’Λθηναΐζοντα
1670 1978 1818 2019 φιλόσοφον
1833 1978 1906 2007 Πλά-

1083 2035 1156 2053 τωνα
1177 2023 1285 2064 ὕστερον
1301 2024 1474 2064 μυρμηκίζειν
1492 2032 1501 2063 ;

1124 2069 1181 2100 xz’.
1208 2063 1245 2099 Et
1270 2063 1342 2098 κατᾶ
1372 2069 1433 2100 τοὺς
1449 2063 1590 2102 ’Έλληνας
1605 2078 1644 2105 τῳ
1658 2067 1744 2106 εἶναι,
1766 2068 1813 2097 καὶ
1826 2068 1859 2096 οὖ
1870 2069 1907 2103 τῷ

1085 2113 1221 2152 βούλεσθαι
1251 2120 1326 2143 ποιεῖ
1340 2114 1353 2142 ὁ
1375 2114 1441 2146 Θεὸς
1456 2112 1517 2145 τοὺς
1538 2111 1703 2153 ἀνθρὼπους,
1727 2114 1787 2145 πῶς
1801 2114 1816 2140 ὸ
1833 2111 1907 2140 Πλά-

1083 2170 1138 2188 των
1165 2158 1231 2187 ποτὲ
1246 2159 1295 2197 μὲν
1322 2158 1378 2188 ἔστι
1400 2159 1467 2194 ζῶον
1482 2157 1591 2197 λογικὸν
1612 2158 1656 2186 καὶ
1671 2157 1821 2197 ἄνθρωπος,
1845 2156 1909 2186 ποτὲ

223 2202 382 2242 aliquando
398 2202 507 2233 animal
523 2202 646 2234 rationis
661 2212 766 2243 expers
794 2207 823 2234 et
846 2202 971 2234 formica
988 2213 1033 2244 pei

1144 2207 1212 2240 ζῶον
1240 2203 1336 2244 ἄλογον
1349 2204 1394 2232 καὶ
1407 2201 1513 2243 μύρμηξ
1528 2201 1570 2230 διὰ
1583 2203 1632 2236 τῆς
1648 2202 1908 2242 μετεμψυχώσεως

225 2236 502 2287 melempsychosim
513 2250 527 2278 ?
542 2247 626 2283 Quod
642 2248 668 2278 si
689 2236 724 2279 ex
742 2257 777 2279 eo
792 2248 869 2289 quod
886 2247 964 2279 Deus
988 2236 1031 2279 .sit

1145 2236 1193 2287 μὲν
1221 2236 1316 2277 ἕπετάι
1345 2249 1383 2286 τῷ
1509 2247 1540 2276 τὸ
1573 2236 1693 2286 γενέσθαι

223 2292 357 2332 sequitur
373 2293 522 2323 Platonem
550 2292 700 2323 hominem
714 2292 789 2329 ﬁeri,
808 2302 932 2324 necesse
946 2293 1002 2324 erit
1013 2303 1030 2323 u

1121 2295 1230 2333 lpwuov,
1261 2293 1375 2333 ἀνάγκη,
1393 2291 1574 2332 μεταγομένου
1589 2295 1635 2320 τοῦ
1660 2291 1804 2324 Πλάτωνος
1818 2291 1853 2320 ἐκ
1866 2295 1912 2320 τώ

223 2336 345 2367 Platone
360 2345 395 2366 ex
411 2335 531 2367 homine
542 2336 666 2368 formica
680 2337 852 2375 facto,Deus
860 2338 946 2368 etiam
955 2337 992 2368 ab
1007 2347 1033 2369 et

1121 2349 1155 2366 ραι
1184 2338 1262 2367 αὐτὸν
1291 2337 1427 2378 ἄνθρωπον
1441 2337 1478 2369 είς
1492 2337 1523 2365 τὸ
1537 2336 1658 2376 γενέτθαι
1669 2336 1748 2365 αὐτὸν
1764 2336 1911 2376 μύρμηκα,

223 2383 303 2421 quod
317 2385 361 2412 est
376 2384 516 2412 mutetur.
527 2381 579 2412 Sin
591 2382 673 2413 Plato
688 2382 806 2422 quidem
819 2386 1030 2413 transmutatur

1121 2383 1272 2423 ταγενέσθαι
1297 2383 1340 2411 καὶ
1356 2383 1400 2412 τὸν
1426 2383 1491 2411 Θεὸν
1513 2384 1560 2410 τοῦ
1573 2381 1645 2410 εἶναι
1675 2379 1690 2409 ὅ
1715 2381 1799 2410 Eatur
1831 2382 1856 2409 εἰ
1885 2380 1912 2409 δὲ

223 2426 302 2456 Deus
313 2435 381 2456 vero
397 2426 433 2456 ab
449 2435 485 2456 eo
501 2426 581 2466 quod
597 2431 642 2458 est
658 2436 717 2457 non
730 2431 953 2465 transmutatur,
964 2436 1033 2468 quo-

1128 2428 1240 2457 Πλάτων
1276 2427 1325 2467 μὲν
1359 2427 1544 2467 μεταφέρεταί,
1568 2425 1618 2454 ὁδὶ
1654 2427 1719 2458 Θεὸς
1741 2431 1788 2456 τοῦ
1802 2426 1882 2455 εἶναι
1898 2426 1912 2454 8

224 2471 312 2501 modo
327 2470 396 2511 quia
411 2474 467 2507 est,
484 2475 513 2501 et
527 2480 585 2501 non
601 2471 670 2512 quia
686 2471 748 2503 vult
760 2473 838 2503 Deus
850 2472 986 2505 homines
999 2472 1033 2504 ef-

1121 2485 1157 2502 τιν
1186 2475 1215 2503 οὗ
1246 2472 1435 2514 μεταφέρεται,
1451 2474 1508 2504 πῶς
1530 2473 1568 2508 τῷ
1589 2470 1672 2512 εἶναι,
1687 2471 1733 2500 καὶ
1747 2472 1828 2508 οὒτῷ
1844 2471 1913 2510 βού-

225 2515 285 2547 ﬁcit
299 2514 314 2544 Ῡ
1086 2517 1176 2547 λεσθαι
1190 2519 1204 2547 ὃ
1220 2518 1284 2551 Θεὸς
1295 2524 1369 2547 ποιεῖ
1381 2517 1442 2548 τοὶς
1456 2516 1608 2556 ἀνθρώπους
1625 2525 1633 2554 ;

264 2559 314 2591 29.
331 2559 363 2590 Si
378 2569 452 2600 opus
466 2559 520 2591 Dei
532 2570 591 2591 non
606 2561 718 2598 interit,
735 2562 824 2592 homo
840 2566 938 2593 autem
967 2562 1033 2593 inter

1127 2562 1181 2594 ιϐ’.
1210 2564 1239 2592 El
1265 2564 1296 2592 τὸ
1317 2562 1394 2603 ἔργον
1427 2565 1474 2591 τοῦ
1507 2565 1572 2591 Θεοῦ
1586 2561 1616 2590 οὐ
1630 2561 1773 2601 φθείρεται,
1787 2562 1802 2590 ὁ
1817 2561 1848 2590 δὲ
1865 2561 1914 2590 ἄν-

225 2604 285 2645 rit;
298 2613 357 2635 non
377 2613 449 2645 ergo
465 2605 523 2635 erit
538 2605 627 2636 homo
645 2605 695 2639 Dei
711 2615 786 2646 opus
800 2615 835 2637 ex
862 2615 978 2648 eorum,
995 2616 1033 2648 qu

1121 2619 1188 2640 »πης
1215 2608 1357 2647 φθείρεται,
1389 2607 1436 2636 οὐκ
1461 2606 1512 2646 ἄρα
1539 2606 1610 2635 ἰστὶν
1632 2607 1646 2635 ὁ
1672 2605 1811 2646 ἅνθρωπος
1837 2607 1914 2647 ἔργον

226 2649 282 2679 hoc
298 2649 412 2686 dicunt,
429 2650 591 2681 sententia.

1121 2653 1133 2682 3
1148 2656 1213 2682 Θειῦ
1234 2653 1302 2681 κατὰ
1315 2653 1376 2684 τοὺς
1387 2655 1464 2681 τοῦτο
1479 2651 1616 2691 λέγοντας,

266 2692 351 2725 23.Si
366 2702 459 2733 genus
474 2698 606 2725 nostrum
619 2695 654 2726 ad
670 2695 699 2726 id
711 2700 744 2727 ut
756 2696 796 2727 sit
807 2696 979 2736 producitur
995 2706 1030 2738 pe

1126 2698 1182 2738 κγ’.
1205 2699 1233 2727 El
1258 2699 1288 2727 τὸ
1317 2697 1393 2738 γένος
1415 2698 1493 2735 ἡμῶν
1514 2697 1550 2728 εἰς
1565 2697 1596 2725 τὸ
1618 2696 1691 2725 εἶναι
1712 2697 1852 2737 εἰσάγεται
1875 2697 1916 2726 διὰ

225 2738 495 2779 generationem,et
503 2739 539 2770 ab
547 2749 582 2771 eo
598 2741 676 2780 quod
689 2745 734 2771 est
744 2741 901 2772 abducitur
917 2751 970 2782 per
977 2751 1033 2773 cor

1123 2755 1135 2776 ς
1164 2743 1306 2783 γενέσεως,
1330 2743 1372 2771 κοὶ
1403 2747 1450 2772 τοῦ
1477 2741 1548 2771 εἶναι
1583 2741 1759 2781 ἦξάγεταιδιὰ
1779 2745 1833 2777 τῆς
1849 2745 1916 2784 φθο-

225 2784 563 2827 ruptionem,quomodo
578 2785 644 2817 ﬁeri
663 2790 760 2827 potest
770 2791 801 2818 ut
825 2788 904 2818 Deus
919 2797 977 2818 non
993 2797 1033 2818 vo-

1121 2801 1146 2830 c,
1181 2790 1240 2821 πῶς
1275 2787 1411 2828 ἐνδέχεται
1438 2787 1483 2816 τὸν
1520 2787 1585 2814 Θεὸν
1599 2790 1647 2815 τοῦ
1661 2787 1734 2816 εἶναι
1749 2789 1796 2817 καὶ
1811 2793 1862 2818 τοῦ
1877 2789 1917 2827 μὴ
