1948 3075
66 145 129 178 1485

503 139 746 183 ρυιεεΤΙοΝΕε
766 143 912 176 Gri/scis
933 141 984 175 AD
1006 137 1273 176 CHRISTIANOS.

1648 143 1724 177 1486

61 219 119 240 εἶναι
142 217 225 241 αἴτιον
255 218 325 241 εἴναι
349 221 357 249 ς
384 212 414 240 οὗ
431 213 469 249 τῷ
483 210 633 250 βούλεσθαι,
650 209 719 239 ἀλλὰ
733 211 770 246 τῷ
790 216 859 238 εἶναι
872 216 889 241 Α

954 209 1002 246 do,
1027 209 1079 240 sed
1094 209 1145 249 qui
1166 209 1230 249 ipse
1245 215 1301 247 est,
1319 209 1348 240 in
1365 219 1453 241 causa
1468 209 1506 241 sit
1520 220 1573 242 cur
1587 211 1680 243 simus
1695 211 1726 244 ει

61 256 125 284 αὒτόν
143 265 151 288 :

95 300 138 332 κδ’.
165 302 193 330 Εἰ
215 302 247 329 τὰ
277 301 307 329 ἐκ
336 313 388 330 των
413 301 554 341 στόιχεὶων
582 299 662 328 πάλιν
677 305 816 339 στοιχεῖα,
840 300 864 326 τί

61 346 145 375 ἄτοπον
158 345 175 380 ἤ
209 345 335 375 ἀδύνατον
351 347 469 387 φαίνεται
485 346 515 374 τὸ
538 344 616 373 πάλιν
631 345 704 373 εἶναι
719 345 751 372 τὰ
766 344 796 373 ἐκ
811 344 863 372 τῶν

60 389 184 430 σνοιχείων
201 400 209 430 ;

95 434 138 464 κε’.
168 435 195 463 Ei
219 435 266 463 οὒκ
291 434 362 464 ἔστιν
376 435 426 463 ὑπὸ
441 435 486 463 τὸν
502 434 562 473 ὅρον
573 435 587 463 ὁ
616 434 692 471 Θεὸς,
709 432 777 461 ἀλλὰ
793 444 863 461 παν-

60 480 97 512 τὸς
120 478 174 518 ὅρου
198 479 315 520 ὑπάρχει
343 479 487 520 δεσπότης,
516 483 574 511 πῶς
601 482 648 508 τοῦ
673 479 721 516 μὲν
745 477 863 517 γενέσθαι

58 524 96 552 καὶ
123 523 261 564 φθείρεσθαι
296 525 356 556 τοὺς
392 524 543 561 ἀνθρώπους
574 523 694 559 δεσπόζει
715 523 790 560 Θεὸς,
819 527 865 552 τοῦ

58 567 82 596 δὲ
120 568 229 606 γίνεσθαι
252 569 295 597 καὶ
323 569 362 606 μὴ
389 568 535 609 φθείρεσθαι
566 569 639 605 ἡμᾶς
654 569 684 597 οὐ
711 566 830 603 δεσπιιζει
855 576 863 605 ;

93 612 139 648 κζ’.
166 613 192 642 Ei.
223 613 367 649 ἀνακτίζων
402 614 475 651 ἡμᾶ>
505 614 518 641 ὀ
552 614 616 645 Θεὸς
646 613 681 644 εἷς
711 612 863 652 ἀφθαρσίαν,

58 657 84 686 ἐκ
110 657 280 696 μεταμελείας
308 657 366 687 καθ’
395 659 463 696 ὑμᾶς
480 662 555 687 τοῦτο
569 664 654 694 ποιεῖ,
672 659 728 689 πὼς
744 656 772 685 οὒ
793 656 865 694 μᾶλ-

57 702 99 731 λον
118 704 145 731 ὲκ
159 702 334 741 μεταμελείας
349 703 495 744 συνεχώρει
513 701 573 742 (44)
589 703 660 731 εἶναι
680 701 720 729 ἀεί
737 710 745 739 ς

94 791 141 827 κζ’,
176 793 203 820 Εἰ
239 791 430 830 ἀμεταμέλητα
457 793 491 821 τὰ
526 792 680 832 χαρίσματα
708 792 753 819 τοῦ
789 794 865 827 Θεοῦ,

57 836 189 876 ἐχαρίσατο
217 836 245 864 δὲ
273 838 342 874 ἡμῖν
369 838 400 865 τὸ
437 837 510 865 εἶναι
544 838 628 875 ἡμᾶς,
653 839 710 868 πῶς
730 836 759 863 οὒ
775 837 819 864 τὸν
841 835 867 869 ἐξ

57 865 138 921 itali:
164 865 223 921 περὶ
262 865 336 919 huic
361 881 464 922 πληροῖ
489 865 588 910 σκοπθν
644 865 709 913 Θεὸς
723 865 868 916 ἀνακτίζων
881 865 897 889 Β

56 927 120 964 ἡμᾶς
136 927 170 958 εὶς
187 925 331 966 ἀφθαρσίαν
349 936 357 966 ;

93 971 146 1004 κη’.
177 971 249 1000 Κατὰ
264 971 323 1003 τοὺς
346 972 517 1002 πιστεύοντας
537 971 590 999 τῶν
608 973 707 1010 νεκρῶν
728 971 776 1004 τὴν
802 969 870 997 ἀνά-

55 1026 141 1044 στασιν
165 1018 200 1054 τῇ
225 1017 270 1044 τοῦ
300 1019 364 1044 Θεοῦ
380 1014 553 1055 δικαιοκρισῖᾳ
589 1016 632 1043 καὶ
669 1015 872 1051 ἀποθνήσκομεν

55 1061 96 1089 καὶ
121 1059 381 1098 ἆναζωοποιοίιμεθα·
395 1061 484 1088 ἐκεῖνο
512 1060 562 1098 μὲν
597 1063 631 1098 τῇ
666 1063 712 1088 τοῦ
735 1059 872 1098 ἀνθρώπου

59 1107 187 1145 παραιοῇ,
214 1109 291 1134 τοῦτο
305 1103 332 1133 δὲ
367 1107 402 1143 τῇ
430 1108 476 1133 τοῦ
505 1104 642 1144 ἀνθρώπου
667 1103 782 1142 ὑπακοῇ,
806 1101 871 1142 Παρ’

59 1150 100 1182 οἷς
127 1149 169 1177 οὖν
195 1148 332 1187 ἄγνωστον
366 1150 397 1178 τὸ
408 1149 495 1178 αἴτιον
510 1154 557 1179 τοῦ
578 1147 700 1186 θανάτου,
716 1148 788 1188 παρὰ
808 1149 872 1176 τού-

58 1206 110 1226 τοις
138 1195 180 1222 καὶ
210 1194 224 1222 δ
258 1196 309 1227 τῆς
337 1194 439 1234 φύσεως
467 1193 513 1222 τοὸ
541 1194 676 1233 ἀνθρὼπου
712 1193 873 1232 δημιουργός

58 1239 125 1268 ἔστιν
159 1239 306 1278 ἄγνωστος.
326 1234 505 1278 Ἀγνοούντων
523 1237 550 1266 δὲ
566 1240 651 1267 αὐτῶν
666 1239 697 1266 τὸ
717 1237 805 1266 αἴτιον
828 1242 875 1266 τοῦ

57 1284 164 1312 θανάτου
194 1284 236 1311 καὶ
265 1284 310 1311 τὸν
338 1282 501 1322 δημιουργὸν
516 1285 566 1316 τῆς
601 1283 702 1323 φύσεως
727 1281 873 1320 ἀνθρώπου,

59 1330 114 1359 πῶς
141 1328 187 1356 οὐκ
207 1327 233 1360 ἐξ
249 1326 355 1366 ἆγνοίας
385 1327 492 1367 λέγουσι
519 1328 550 1355 τὸ
571 1327 610 1365 μὴ
627 1327 764 1356 εἶναιτῶν
778 1327 876 1365 νεκρῶν

58 1374 106 1407 τὴν
122 1372 262 1401 ἀνάστασιν
282 1381 291 1409 ;

99 1417 150 1448 κθ’.
169 1412 261 1446 ’Ἄλλο
275 1418 305 1445 τὸ
326 1417 413 1450 πάντη
430 1417 468 1455 μὴ
484 1417 523 1453 ὄν,
541 1417 585 1446 καὶ
600 1416 666 1445 ἄλλο
681 1417 712 1445 τὸ
724 1415 823 1445 τοιόνδε
839 1427 878 1454 μη

59 1464 99 1492 ὅν·
122 1465 178 1491 οἷον
203 1461 269 1491 ἄλλο
298 1463 329 1490 τὸ
364 1462 412 1496 τὴν
427 1462 517 1501 ἀρχὴν
539 1461 578 1500 μὴ
594 1461 712 1500 γενέσθαι
727 1460 875 1499 ἄνθρωπον,

59 1509 103 1537 καὶ
125 1506 189 1535 ἄλλο
216 1507 246 1534 τὸ
282 1506 349 1544 μετὰ
381 1507 411 1534 τὸ
433 1505 552 1545 γενέσθαι
568 1506 645 1534 αὒτὸν
670 1508 810 1546 φθαρῆναι,
829 1506 907 1546 Καὶο

59 1551 150 1585 ἐπειδὴ
179 1551 226 1579 οὒκ
254 1550 309 1579 ’ἐστι
338 1554 378 1588 τῷ
413 1554 471 1588 Θεῷ
486 1549 562 1590 ἔργον
581 1550 659 1590 ἔργου
674 1549 875 1590 ἐργωδέστερον,

58 1601 115 1629 πῶς
141 1596 187 1624 οὒκ
212 1595 282 1624 ἔστιν
312 1595 408 1635 ἄλογον
435 1597 466 1624 τὸ
487 1596 618 1624 πιστεὺειν
641 1596 690 1633 μὲν
707 1597 764 1631 Θεῷ
779 1595 821 1622 ἐπὶ
845 1598 879 1633 τῇ

58 1643 165 1677 ποιήσει
193 1644 247 1670 τῶν
274 1641 363 1674 πάντη
379 1641 427 1668 οὒκ
448 1641 543 1680 ὄντων,
559 1640 683 1669 ἀπιστεῖν
698 1639 726 1667 δὲ
752 1641 823 1677 αὒτῷ
837 1639 879 1671 ἐπὶ

58 1689 92 1725 τῇ
113 1687 288 1725 μεταποιήσει
301 1689 355 1714 τῶν
370 1685 520 1725 φθαρέντων
539 1694 547 1723 ;

97 1775 135 1807 λ’.
153 1776 194 1816 Εἰ,
210 1775 299 1815 ὥσπερ
313 1776 365 1815 πρὸ
380 1778 425 1804 τοῦ
440 1774 559 1814 γενέσθαι
574 1775 619 1804 τὸν
635 1774 784 1815 ἄνθρωπον,
801 1776 815 1803 b
831 1775 879 1803 ἅν-

53 1823 161 1860 θρωπος
191 1819 298 1859 δδνάμει
319 1821 353 1854 ἦν
380 1819 407 1848 ἐν
422 1826 481 1852 τοῖς
495 1821 639 1860 σοτιχείοις
653 1819 680 1853 ιε
694 1820 731 1848 ὧν
756 1820 878 1860 γέγονεν,

53 1865 183 1894 οὕτωκαὶ
212 1865 280 1903 μετὰ
301 1865 331 1894 τὸ
355 1865 484 1905 φθαρῆναι
511 1865 599 1902 αὐτὸν,
626 1864 681 1893 ’ἐστι
716 1863 824 1903 δυνάμει
853 1864 879 1893 ἐν

49 1917 115 1943 τοῖς
132 1910 289 1950 στοιχείοις,
316 1913 374 1942 πῶς
402 1909 557 1938 ἀπιστοῦσιν
584 1910 608 1938 οἱ
638 1905 778 1943 ’Έλληνες
808 1911 876 1947 Θεῷ,

47 1954 291 1995 ἓπαγγειλαμένῳ,
323 1954 431 1991 ἀνιστᾷν
458 1955 519 1988 τοὺς
533 1955 650 1994 νεκροὺς,
667 1955 704 1986 ὡς
720 1954 763 1983 ἐπ’
779 1953 877 1983 ἀδυνά-

52 2012 93 2038 τῳ
106 2000 257 2040 πράγματι,
285 2003 332 2029 τοῦ
358 1999 496 2039 ἀνθρώπου
525 1999 632 2037 δυνάμει
660 1999 735 2031 ὄντος
765 1999 793 2027 ἐν
817 2000 877 2031 τοῖς

46 2044 215 2085 στοιχείοις,
242 2044 331 2083 ὥσπερ
359 2043 441 2073 πάλαι
466 2044 632 2084 κτιζομένου,
661 2043 744 2077 οὕτως
766 2044 809 2073 καὶ
836 2047 880 2072 νῦν

43 2089 262 2127 ἀνακτιζομένου
281 2099 289 2128 ;

93 2134 152 2165 λα’.
177 2135 206 2163 Εἰ
222 2135 270 2163 οὐκ
299 2133 411 2168 ἠδύνατο
447 2134 461 2162 ὁ
491 2134 555 2165 Θεὸς
570 2133 596 2166 ἐξ
619 2134 708 2174 ἀρχῆς
733 2133 879 2174 ἀφθάρτους

45 2186 146 2209 ποιεῖν
175 2179 236 2216 τοὺς
266 2178 429 2218 ἀνθρώπους,
465 2177 546 2212 δῆλον
561 2178 601 2207 ὅτι
623 2178 681 2208 οὐδὲ
702 2178 746 2207 νῦν
761 2178 878 2209 δύναται.

47 2226 80 2254 Εἰ
111 2223 140 2252 δὲ
171 2224 216 2252 καὶ
231 2222 257 2256 ἐξ
278 2223 367 2263 ἀρχῆς
383 2223 448 2263 ἔσχε
471 2221 579 2260 δύναμιν
592 2224 670 2252 τοῦτο
681 2226 791 2258 ποιῆσαι
807 2225 880 2261 ἡμᾶς

44 2269 217 2310 ἀφθάρτους,
233 2269 277 2297 καὶ
304 2268 353 2296 οὒκ
382 2266 500 2296 ἀπέϐαλε
534 2268 645 2306 ταύτην,
662 2271 720 2300 πῶς
743 2269 791 2297 οὐκ
806 2268 882 2297 ἔστιν

43 2315 154 2353 ἄλογον
180 2314 222 2349 τὸ,
238 2313 275 2345 ὡς
300 2313 342 2341 ἐπ’
358 2311 477 2349 ἀδυνάτῳ
488 2313 624 2352 πράγματι
639 2314 727 2342 πίστιν
743 2312 807 2353 (45)
825 2317 882 2351 Θεῷ

42 2357 279 2398 ἔπαγγειλαμένῳ
307 2355 365 2385 καθ’
378 2356 505 2395 ὁμοίωσιν
540 2357 587 2386 τοῦ
602 2357 753 2397 ἐγερθέντος
779 2358 809 2386 ἐκ
830 2358 884 2386 τῶν

40 2404 156 2443 νεκρῶν
192 2402 237 2431 ὑπ’
279 2403 359 2432 αὐτοῦ
394 2404 431 2434 εἰς
460 2401 590 2442 ἄφθαρτον
624 2403 707 2440 ζωὴν,
738 2403 883 2443 ἀφθάρτους

39 2450 145 2478 ποιεῖν
172 2449 217 2477 καὶ
230 2448 290 2481 τοὺς
303 2447 412 2480 λοιποὺς
427 2447 580 2487 ἀνθρώπους
598 2458 607 2485 ;

87 2536 150 2569 λε’.
184 2537 298 2576 Δυνάμει
312 2537 344 2566 τὸ
370 2540 438 2573 ζῶον
461 2536 488 2565 ἐν
511 2537 548 2575 τῷ
576 2537 707 2577 σπέρματι
733 2541 768 2576 τῇ
796 2538 881 2577 φύσει·

34 2583 165 2621 δυνάμει
182 2582 259 2616 κλίνη
274 2582 301 2611 ἐν
322 2584 361 2618 τῷ
388 2581 456 2618 ξύλῳ
473 2584 508 2621 τῇ
529 2582 627 2622 τέχνῃ·
644 2581 751 2620 δυνὰμει
786 2583 809 2610 οἱ
823 2582 884 2610 ἀνι-

35 2628 184 2665 στάμενοι
207 2627 235 2656 ἒν
257 2633 316 2659 τοῖς
342 2626 498 2667 στοιχείοις,
512 2628 551 2665 τῷ
573 2631 642 2665 Θεῷ,
667 2626 744 2656 Ἀλλ’
758 2628 780 2655 ε⁷ι
794 2632 882 2664 τοῦτο,

36 2677 108 2704 πῶς
151 2673 201 2700 οὐκ
227 2671 298 2700 ἔστιν
327 2670 426 2700 ἄτοπον
450 2672 481 2700 τὸ
508 2673 641 2701 πιστεύειν
655 2671 703 2710 μὲν
717 2675 752 2710 τῇ
767 2672 840 2712 φύσει
852 2672 885 2700 τὰ

161 2738 324 2778 Συνεχώρει.
342 2737 429 2780 Lego
442 2739 472 2767 οὒ
488 2739 645 2780 συνεχώρει,
661 2737 731 2780 quia
746 2737 885 2780 nimirum

40 2778 158 2819 majdr
175 2782 257 2810 esset
275 2779 459 2824 poenitentia;
475 2778 652 2824 signiﬁcatio
663 2778 695 2810 in
707 2778 889 2810 destruendo

40 2828 157 2862 opere
167 2828 258 2861 quam
274 2819 304 2849 in
319 2819 517 2851 restituendo.

907 263 963 283 non
981 253 1090 285 simus?

944 297 993 328 ‘24.
1012 297 1042 329 Si
1055 307 1121 338 quis
1132 307 1166 328 ex
1189 299 1344 330 elementis
1359 303 1440 336 sunt,
1458 308 1563 330 rursus
1578 300 1726 333 elementa

905 342 978 373 ﬁunt
995 352 1001 374 :
1017 353 1085 373 num
1102 343 1262 374 absurdum
1287 349 1337 374 aut
1351 343 1535 384 impossibile
1555 345 1670 377 videtur
1691 355 1726 377 ea

905 387 1002 417 denuo
1015 396 1091 423 esse,
1109 398 1173 428 quae
1189 397 1222 419 ex
1238 388 1396 419 elementis
1407 388 1485 420 facta
1501 393 1594 422 sunt?

947 433 984 462 25
1008 431 1039 463 Si
1050 432 1104 463 sub
1121 432 1180 463 ﬁne
1200 433 1279 463 Deus
1295 442 1354 463 non
1371 433 1481 470 est,sed
1499 434 1566 465 ﬁnis
1581 435 1726 476 cujusque

906 477 1044 508 dominus
1068 481 1112 508 est
1128 488 1135 509 :
1156 478 1301 517 quomodo
1319 482 1349 508 ut
1366 478 1502 509 homines
1527 479 1597 510 (iant
1612 485 1642 511 et
1657 490 1726 512 cor-

906 526 1082 561 rumpantur
1097 522 1234 552 dominus
1250 526 1340 558 est.ut
1353 526 1450 553 autem
1467 523 1572 555 ﬁamus
1588 534 1643 556 nec
1657 535 1726 557 cor-

907 575 1082 605 rumpantur
1097 566 1237 598 dominus
1249 576 1308 597 non
1325 570 1383 598 est?

946 611 994 642 26.
1013 611 1043 642 Si
1068 611 1145 642 Deus
1171 621 1224 642 nos
1249 611 1279 642 in
1304 611 1613 652 incorruptibilitatem
1638 615 1728 646 resti-

909 660 992 686 tuens
1008 665 1041 686 ex
1053 656 1241 696 poenitentia,
1260 660 1287 686 ut
1306 656 1403 693 vultis,
1425 657 1452 687 id
1471 657 1539 688 facit
1556 667 1563 689 :
1581 659 1728 699 quomodo

908 710 966 730 non
985 701 1079 740 potius
1104 710 1138 731 ex
1169 700 1340 740 poenitentia
1367 705 1397 731 ut
1421 710 1540 741 semper
1563 703 1654 734 simus
1671 713 1729 734 non

908 744 1060 776 concedit?

948 789 997 820 Ξῖ,
1013 789 1045 820 Si
1060 788 1112 820 Dei
1127 789 1206 820 dona
1220 789 1285 821 sine
1297 790 1469 830 poenitentia
1483 794 1563 831 sunt,
1576 791 1659 824 dedit
1674 801 1731 824 au-

910 838 965 863 tein
985 833 1070 864 nobis
1097 833 1175 864 Deus
1203 838 1236 864 ut
1258 843 1415 865 essemus:
1434 836 1582 874 quomodo
1604 837 1731 877 primum

911 878 948 908 de
963 877 1047 908 nobis
1064 878 1218 909 consilium
1232 888 1290 909 non
1306 879 1460 919 adimplet,
1472 879 1542 910 dum
1557 882 1587 911 in
1598 881 1732 913 incorru-

913 922 1098 962 ptibilitatem
1117 932 1171 953 nos
1187 922 1332 954 restituit?

953 967 1001 999 ‘28.
1018 967 1187 999 Secundum
1201 969 1318 1009 eos,qui
1333 973 1518 1001 mortuorum
1534 972 1734 1003 resurrectio-

915 1021 980 1042 nem
998 1012 1134 1049 credunt,
1147 1013 1228 1052 justo
1244 1013 1297 1044 Dei
1310 1013 1422 1053 judicio
1439 1018 1467 1045 et
1484 1015 1628 1047 morimur
1640 1020 1669 1047 et
1682 1026 1734 1048 re—

914 1057 1083 1087 viviscimus
1101 1067 1107 1088 :
1125 1066 1158 1088 ac
1171 1057 1242 1088 illud
1257 1058 1378 1098 quidem
1391 1063 1512 1099 propter
1523 1060 1651 1091 hominis
1666 1062 1735 1093 ino—

914 1101 1106 1138 bedientiam,
1128 1101 1184 1132 hoc
1200 1111 1272 1133 vero
1288 1106 1410 1142 propter
1434 1103 1564 1135 hominis
1588 1104 1735 1137 obedien-

915 1146 997 1176 tium.
1016 1145 1129 1182 Quibus
1155 1156 1224 1185 ergo
1251 1146 1354 1177 mortis
1369 1145 1467 1187 ignota
1481 1157 1568 1179 causa
1584 1154 1638 1181 est.
1657 1150 1693 1181 iis
1708 1155 1738 1182 et

916 1194 1026 1221 natura;
1050 1190 1180 1221 hominis
1202 1191 1337 1222 conditor
1359 1192 1483 1230 ignotus.
1504 1192 1577 1224 Cum
1592 1198 1690 1225 autem
1710 1200 1738 1226 et

917 1237 1020 1266 mortis
1041 1245 1173 1272 causam,
1197 1240 1225 1266 et
1250 1240 1363 1267 naturae
1393 1237 1522 1268 hominis
1551 1239 1737 1271 conditorem

919 1280 1065 1319 ignorent,
1084 1281 1232 1320 quomodo
1258 1290 1316 1311 non
1343 1281 1531 1313 tribuendum
1547 1283 1737 1323 ignorationi,

918 1325 995 1365 quod
1012 1324 1115 1355 dicunt
1127 1330 1310 1357 mortuorum
1324 1327 1573 1359 resurrectionem
1588 1338 1648 1359 non
1659 1331 1740 1361 esse?

960 1415 1009 1446 29.
1026 1414 1112 1446 Aliud
1128 1418 1173 1446 est
1187 1415 1308 1446 omnino
1318 1425 1376 1446 non
1387 1425 1452 1447 esse
1467 1420 1497 1447 et
1510 1417 1590 1448 atiud
1609 1420 1665 1449 tale
1680 1428 1740 1450 non

920 1468 996 1500 esse;
1015 1459 1093 1490 velut
1103 1459 1181 1491 aliud
1198 1464 1244 1490 est
1267 1460 1417 1491 hominem
1435 1461 1604 1493 nullatenus
1619 1462 1695 1503 ﬁeri,
1713 1467 1742 1494 et

919 1504 1009 1543 aliud,
1023 1508 1175 1544 postquam
1185 1503 1278 1535 factus
1293 1509 1349 1542 est,
1366 1505 1529 1545 corrumpi.
1542 1505 1577 1536 Et
1592 1507 1660 1547 quia
1682 1517 1741 1538 non

921 1556 965 1579 est
992 1550 1051 1580 Deo
1078 1558 1152 1589 opus
1177 1559 1267 1589 opere
1295 1550 1470 1590 operosius:
1488 1551 1637 1591 quomodo
1654 1561 1743 1583 noua

922 1593 1034 1623 ratione
1050 1593 1179 1624 alienum
1196 1597 1239 1624 est
1255 1593 1316 1625 Deo
1332 1594 1466 1635 quidem,
1481 1596 1560 1635 quod
1575 1601 1689 1636 spectat
1705 1597 1742 1627 ad

922 1647 1036 1677 eorum,
1052 1648 1117 1678 qua}
1128 1638 1249 1669 omnino
1265 1648 1325 1669 non
1350 1644 1445 1678 erant,
1467 1641 1647 1672 creationem
1674 1650 1742 1673 cre—

922 1682 1006 1722 dere;
1022 1683 1102 1723 quod
1117 1687 1217 1714 autem
1233 1683 1270 1714 ad
1282 1693 1396 1723 eorum,
1414 1691 1481 1725 quae
1495 1690 1636 1726 corrupta
1660 1690 1742 1727 sunt,

922 1727 1152 1765 restitutionem,
1170 1729 1195 1759 ei
1211 1738 1269 1759 non
1286 1729 1426 1761 credere?

964 1771 1010 1804 30.
1029 1771 1070 1813 Si,
1088 1772 1339 1812 quemadmodum
1356 1778 1514 1815 antequam
1531 1775 1615 1807 ﬁeret
1641 1776 1741 1816 homo,

922 1821 1064 1857 potestate
1077 1822 1139 1848 erat
1155 1817 1184 1848 in
1210 1818 1376 1852 elementis.
1402 1828 1436 1850 ex
1453 1819 1561 1860 quibus
1577 1820 1670 1853 factus
1685 1827 1742 1857 est,

923 1863 960 1893 ita
975 1866 1004 1893 et
1021 1866 1175 1902 postquam
1190 1867 1346 1903 corruptus
1355 1867 1410 1900 est,
1424 1866 1569 1904 potestate
1580 1869 1624 1896 est
1639 1865 1669 1895 in
1686 1866 1743 1896 ele-

921 1907 1047 1938 mentis:
1064 1907 1213 1947 quomodo
1229 1907 1324 1939 Graeci
1340 1917 1399 1938 non
1425 1908 1552 1940 credunt
1571 1909 1644 1946 Deo,
1662 1919 1744 1940 inor-

921 1957 987 1983 tuos
1006 1961 1038 1982 se
1059 1952 1316 1983 ressuscitaturum
1333 1953 1528 1993 promittenti,
1542 1955 1625 1995 quasi
1639 1964 1687 1986 res
1708 1956 1747 1985 sit

918 1997 1124 2038 impossibilis,
1148 2006 1215 2028 cum
1230 1998 1329 2038 homo,
1346 2002 1378 2028 ut
1400 1998 1470 2029 olim
1485 1999 1643 2038 creandus,
1661 2000 1699 2030 itu
1717 2002 1748 2031 et

922 2051 1001 2073 nunc
1016 2042 1229 2081 restituendus,
1248 2047 1392 2083 potestate
1408 2043 1439 2074 in
1453 2044 1611 2076 elementis
1628 2045 1687 2076 sit?

962 2130 1032 2161 546
1045 2130 1139 2163 3l.Si
1154 2140 1214 2161 non
1239 2131 1334 2171 potuit
1349 2132 1428 2163 Deus
1448 2133 1485 2164 ab
1511 2133 1595 2164 initio
1611 2134 1747 2165 homines

922 2175 1166 2216 incorruptibiles
1176 2177 1484 2217 creare,perspicuum
1495 2183 1588 2210 estne
1596 2188 1674 2209 nunc
1683 2180 1746 2219 qui-

923 2221 990 2252 dem
1009 2231 1106 2261 posse.
1120 2221 1172 2252 Sin
1183 2221 1219 2252 ab
1235 2221 1320 2252 initio
1333 2231 1367 2252 ea
1381 2222 1434 2253 fuit
1449 2223 1589 2263 pneditus
1604 2224 1745 2264 potentia,

925 2270 955 2296 ut
970 2276 1024 2297 nos
1039 2270 1155 2297 crearet
1170 2266 1422 2307 incorruptibiles,
1440 2277 1565 2308 eamque
1581 2278 1641 2299 non
1661 2269 1746 2308 abje-

924 2311 963 2342 cit
981 2322 987 2342 :
1004 2311 1154 2351 quomodo
1166 2320 1223 2342 non
1240 2320 1256 2341 a
1269 2311 1383 2342 ratione
1398 2312 1540 2350 alienum,
1560 2317 1590 2344 ut
1601 2313 1630 2344 in
1642 2322 1674 2344 re
1688 2313 1746 2343 im-

925 2356 1071 2397 possibili,
1084 2355 1143 2386 Deo
1160 2365 1218 2386 non
1235 2356 1358 2387 credere
1379 2357 1529 2396 pollicenti
1544 2367 1576 2389 se
1590 2358 1626 2388 ad
1638 2358 1748 2389 simili-

927 2400 1057 2432 tudinem
1075 2401 1165 2441 illius,
1184 2409 1272 2441 quem
1288 2410 1322 2432 ex
1339 2401 1464 2433 mortuis
1477 2402 1513 2432 ad
1533 2403 1748 2443 incorruptibi—

926 2445 984 2477 lem
1000 2446 1086 2476 vitam
1098 2445 1424 2482 resuscitavit,caeteros
1434 2456 1553 2487 quoque
1562 2447 1750 2478 hominesin-

926 2490 1155 2530 corrruplibiles
1170 2490 1314 2521 facturum
1325 2490 1340 2520 *Ρ

965 2536 1015 2567 32.
1033 2535 1176 2566 Animans
1194 2535 1223 2565 in
1245 2535 1359 2566 semine
1387 2536 1519 2576 potentia
1543 2540 1589 2567 est
1611 2541 1747 2568 naturae:

927 2581 1021 2611 lectus
1045 2580 1076 2611 in
1101 2580 1177 2619 ligno
1199 2580 1328 2620 potentia
1344 2585 1386 2610 est
1401 2582 1456 2611 arti
1476 2592 1482 2611 :
1501 2582 1631 2622 potentia
1646 2591 1749 2613 resur—

926 2631 1030 2664 gentes
1043 2626 1074 2657 in
1085 2625 1241 2656 elementis
1256 2629 1324 2655 sunt
1337 2626 1453 2657 Deo.At
1468 2626 1523 2656 hoc
1538 2626 1563 2656 si
1578 2635 1682 2658 verum
1694 2631 1749 2663 est,

927 2670 1076 2710 quomodo
1092 2670 1253 2701 absurdum
1265 2679 1324 2700 non
1337 2671 1523 2708 est,credere
1534 2676 1646 2701 natura;
1661 2671 1690 2701 in
1706 2679 1752 2701 re-

971 2738 1037 2777 (45)
1052 2738 1153 2769 Πίστιν.
1170 2737 1262 2769 Recte
1285 2737 1422 2769 obseriat
1445 2737 1623 2779 Sylburgius
1647 2739 1751 2778 legen-

932 2778 1003 2810 dum
1015 2779 1149 2810 ἀπιστεῖν,
