1948 3075
70 106 80 139 1
87 106 144 140 493

69 174 125 204 σίας
141 174 239 213 τρόπον
274 174 419 213 ἀγέννητος
450 173 497 202 ὢν·
535 173 600 201 Θεὸν
630 171 657 200 δὲ
689 172 783 212 (49)ἣ
814 176 924 206 ΘεούςΑ

70 218 127 247 οὕτε
162 219 214 258 πρὸ
242 220 333 254 αὐτου,
356 218 414 247 οὔτε
429 217 486 255 μεθ’
502 218 580 246 αὑτὸν
603 217 741 257 ἐσχηκὼς,
760 217 893 247 συναΐδιον

70 264 117 291 οὒκ
145 263 217 303 ἔχων
240 262 297 292 οὕτε
309 263 481 301 ὑποκείμενον
497 261 555 291 οὔτε
580 261 771 300 ἀντικείμενον,
790 262 892 302 ἂφθαρ-

72 318 117 335 τον
147 307 219 348 ἔχων
246 309 295 342 τὴν
319 307 420 344 οὐσίαν,
450 307 493 336 καὶ
528 305 721 343 ἀνεμπόδιστον
739 307 788 341 τὴν
819 307 891 348 ἱνέρ-

72 363 156 391 γειαν,
190 352 350 392 δημιουργὸς
384 352 421 380 ὥν
456 355 503 380 τοῦ
533 351 636 389 κόσμου
664 352 774 389 παντὸς,
804 352 893 393 ἀρχὴν

74 397 185 437 ἔχοντος
220 400 266 426 τοῦ
286 398 371 435 εἶναι,
387 397 430 426 καὶ
444 400 490 425 τοῦ
511 397 535 425 τὶ
550 398 632 436 εἶναι,
642 397 686 425 καὶ
700 397 746 424 τοῦ
766 400 823 429 πῶς
834 396 894 426 δια-

74 442 173 479 μένειν,
202 443 252 476 τὴν
278 441 377 471 ἐκείνου
403 441 521 476 θέλησιν.
552 441 598 470 ’Ἦ
627 442 677 481 γὰρ
712 441 739 469 ἐν
768 443 895 483 ἀφθαρσίᾳ

74 486 189 525 διαμένει
218 487 252 515 τὰ
279 487 347 526 μέρη
375 490 421 515 τοῦ
457 487 568 524 κόσμου,
597 487 634 519 ὡς
649 487 663 514 ὁ
682 487 789 524 οὐρανὸς
805 487 895 515 καὶτὰ

75 532 181 570 οὐράνια
209 532 321 568 σώματα
356 531 428 571 (50),
454 532 499 560 καὶ
522 532 548 560 αἱ
563 531 667 570 ἀόρντοι
681 530 818 565 δυνάμεις’
835 531 852 566 ἤ
867 532 894 560 ἐν

74 579 113 612 τῷ
138 576 253 616 γίνεσθαί
280 587 309 604 τε
336 577 381 605 καὶ
402 577 559 616 φθείρεσθαι,
576 576 612 609 ὡς
628 576 660 604 τὰ
690 575 733 604 ἐπὶ
761 579 813 615 γῆς
840 576 897 611 ζῶά

74 631 103 649 τε
130 621 174 649 καὶ
202 621 280 660 φυτά.
309 622 357 650 Καὶ
382 620 472 660 ὥσπερ
497 622 528 649 τὸ
555 621 663 660 γεγονὸς
679 620 725 649 οὑκ
745 620 777 650 ἅν
791 621 896 661 ὶγένετο

77 666 115 703 μὴ
163 665 263 694 ἐκείνου
290 665 498 704 προστάξαντος,
537 666 687 704 γενηθήτω·
725 665 808 697 οὕτως
843 665 896 694 οὐδ’

76 710 107 739 ἄν
130 709 243 748 διέμεινε
272 711 311 749 μὴ
336 711 436 740 ἐκείνου
462 710 572 748 θεμένου
592 711 623 738 τὸ
649 710 820 749 πρόσταγμα,
836 716 895 742 τοῖς

77 755 126 792 μὶν
154 755 293 794 ἆφθάρτοις
315 759 360 783 τοῦ
388 755 494 784 ἑστάναι
509 755 546 787 εἷς
573 755 618 783 τὸν
633 755 715 783 αὶῶνα
729 756 775 783 τοῦ
790 756 895 795 αἰῶνος,

76 805 134 832 τοῖς
163 798 191 827 δὲ
215 798 242 827 ἰν
257 800 357 838 γενέσει
372 801 415 828 καὶ
430 801 511 839 φθορᾷ
532 804 589 840 τοῦ,
606 798 748 832 Λῦξάνεσθε
762 800 806 828 καὶ
820 799 896 833 πλη-

75 845 192 879 θύνεσθε,
221 845 266 874 καὶ
279 844 439 884 πληρώσατε
453 845 502 879 τὴν
538 847 601 884 γῆν.
628 845 695 883 Πρὸς
737 843 843 877 ἔνδειξιν
871 844 897 872 δὲ

76 892 127 922 τῆς
155 889 224 920 θείας
250 889 329 918 αἶ)τοῦ
356 889 502 930 δυνάμεως,
520 890 564 918 καὶ
583 893 631 918 τοῦ
643 889 681 927 μὴ
698 889 771 927 νόμῳ
796 890 897 929 φύσεως

77 931 155 962 αὒτόν
183 933 326 974 δουλεύειν,
354 933 423 963 ἀλλὰ
437 935 555 971 αὐθεντίᾳ
583 933 736 972 βουλήσεως
759 935 790 962 τὸ
805 933 897 963 δοκουν

77 978 299 1018 ἑργαζόμενον,τὰ
309 979 358 1016 μὲν
374 978 401 1007 ἐν
416 978 442 1007 ἒν
457 979 530 1019 ἆρχῇ
541 982 594 1008 τῶν
605 978 632 1006 ἐν
646 978 748 1018 γενέσει
759 979 802 1007 καὶ
816 980 898 1018 φθορᾷ

77 1024 180 1063 φὺσιως
216 1023 246 1051 ἐκ
267 1035 316 1058 της
346 1027 396 1063 γῆς
425 1025 470 1053 καὶ
484 1025 536 1053 τῶν
548 1023 649 1052 ὑδάτων
674 1024 795 1061 ἑποιησε,
814 1034 899 1063 προσ-

76 1067 168 1100 τάξας·
200 1066 368 1108 Ἐξιγαγέτω
406 1069 422 1103 ἡ
453 1071 489 1108 γῆ
516 1069 608 1108 ψυχὴν
642 1069 729 1104 ζῶσαν
757 1068 826 1096 κατὰ
851 1067 898 1107 γέ-

77 1122 136 1149 νος,
172 1113 216 1141 καὶ
242 1114 309 1152 φυτὰ
337 1112 436 1154 ἔχοντα
452 1113 478 1142 ἐν
512 1115 618 1145 ἑαυτοῖς
646 1114 676 1142 τὸ
701 1113 819 1152 σπέρμα,
856 1113 899 1141 καὶ

77 1157 142 1192 ξύλα
172 1162 297 1187 ποιοῦντα
336 1159 468 1199 παρπούς.
505 1159 556 1188 Καὶ
603 1158 698 1187 πάλιν·
732 1157 900 1197 Ἐξαγαγέτω

78 1203 111 1230 τὰ
137 1201 217 1231 ὕδατα
246 1203 337 1243 ψυχὴν
366 1203 452 1238 ζῶσαν
479 1203 546 1231 κατὰ
574 1202 662 1242 γένος·
685 1202 718 1230 τὰ
739 1201 766 1229 δὲ
794 1202 823 1229 kx
847 1203 900 1228 τῶν

77 1251 218 1287 γεναρχῶν
246 1247 426 1287 γεγενημένα,
455 1247 485 1276 ἐκ
507 1250 557 1281 τῆς
586 1245 737 1280 καταϐολῆς
748 1250 795 1274 τοῦ
817 1245 900 1284 σπέρ-

78 1303 163 1324 ματος
192 1292 311 1331 γενέσθαι
339 1292 464 1332 ὡρίσατο,
488 1293 537 1321 Καὶ
558 1293 616 1331 περὶ
631 1292 730 1320 τούτων
756 1291 852 1320 πάντες
877 1290 900 1318 οἳ

78 1338 150 1377 παρὰ
175 1342 222 1367 τοῦ
249 1341 315 1367 Θεοῦ
326 1338 391 1376 πρὸς
419 1338 520 1369 πάντας
549 1337 699 1377 ἀνθρὼπους
733 1335 900 1364 ἀποσταλέν-

77 1393 122 1414 τες
157 1384 290 1424 προφῆται
319 1383 402 1411 ταύτὰ
437 1386 591 1422 φρονοῦντες
605 1381 747 1421 διετέλουν,
772 1381 816 1409 καὶ
839 1379 900 1408 δια-

78 1427 163 1467 φωνία
193 1427 220 1456 ἐν
249 1427 340 1460 αὐτοῖς
375 1427 483 1467 γέγονεν
521 1427 638 1465 οὐδεμία,
671 1427 743 1456 Κατὰ
778 1425 805 1454 δὲ
840 1425 900 1456 τοὺς

78 1472 280 1507 ἀπιστήσαντες
304 1472 354 1510 μὲν
381 1479 440 1505 τοῖς
466 1475 519 1500 τῶν
534 1475 678 1512 προφητῶν
694 1471 795 1510 λόγοις,
812 1469 929 1507 οἱκείῳο

77 1517 106 1545 δὲ
135 1517 253 1554 εἰκασμῷ
282 1518 340 1556 περὶ
369 1520 435 1546 Θεοῦ
459 1518 503 1546 καὶ
524 1517 635 1549 κτίσεως
656 1518 687 1545 τὸ
711 1515 803 1545 δοκοῦν
818 1514 898 1554 διοριι

910 825 927 851 Β

396 107 637 140 COTFUTATIO
657 107 897 145 QUORUMDAM
919 106 1171 139 ARISTOTELIS
1194 107 1422 140 DOGMATUM.

1677 106 1756 140 1404

936 175 1065 205 essentia
1080 174 1242 215 corrumpi,
1259 184 1314 205 nec
1329 175 1461 215 operatio
1490 175 1676 216 interpellari
1701 185 1755 215 po-

935 221 1003 256 test;
1022 219 1118 258 opifex
1147 219 1235 250 totius
1251 219 1364 256 mundi,
1383 220 1434 260 qui
1458 229 1512 251 cur
1532 221 1570 251 sit
1585 224 1614 251 et
1627 230 1680 251 cur
1694 220 1760 251 talis

935 262 974 293 sit
988 268 1018 294 et
1030 273 1083 294 cur
1099 263 1164 294 talis
1178 268 1362 302 permaneat,
1380 273 1497 295 causam
1515 265 1691 296 habetillius
1703 275 1755 295 vo-

935 307 1089 338 luntatem.
1107 307 1160 339 Vel
1178 305 1314 338 enim-in
1335 308 1560 349 incorruptione
1582 316 1768 349 permanent

938 352 1039 382 mundi
1057 356 1164 392 partes,
1183 356 1213 383 ut
1226 353 1332 384 ccelum
1350 357 1378 384 et
1393 353 1525 384 caelestia
1541 355 1762 394 corpora,etin-

937 395 1067 426 visibiles
1083 401 1254 436 potestates;
1268 397 1313 428 vel
1334 397 1364 428 in
1380 398 1573 437 generatione
1589 402 1618 429 et
1630 408 1760 438 corrup-

938 440 1028 476 tione,
1046 445 1078 470 ut
1093 441 1122 471 in
1139 445 1217 472 terra
1233 441 1372 473 animalia
1389 447 1416 473 et
1428 443 1548 482 plantae.
1568 444 1604 474 Et
1616 444 1761 484 quemad-

938 485 1057 516 modum
1072 485 1149 526 quod
1169 486 1277 516 factum
1297 491 1341 517 est
1356 487 1464 518 factum
1486 497 1546 519 non
1568 488 1683 528 fuisset,
1704 488 1762 519 nisi

937 529 981 559 illi
998 530 1199 569 praecepisset,
1212 531 1278 570 ﬁat;
1292 531 1331 561 ita
1341 540 1395 562 nec
1407 533 1667 571 permaneret,nisi
1682 542 1762 573 prae-

938 578 1056 613 ceptum
1087 574 1246 615 posuisset,
1279 576 1553 616 incorruptibilibus
1581 577 1701 617 quidem
1729 582 1762 608 ut

938 618 1053 649 stentin
1068 619 1200 650 seculum
1216 620 1369 658 saculi,iis
1380 624 1490 659 autem,
1510 630 1575 662 quae
1589 622 1619 652 in
1635 631 1762 661 genera-

940 663 1018 693 tione
1030 667 1058 694 et
1072 664 1262 704 corruptione
1279 669 1445 705 versantur,
1465 666 1598 697 Crescite
1613 671 1639 697 et
1655 667 1763 698 multi—

936 708 1106 748 plicamini,
1124 713 1154 740 et
1169 710 1282 749 replete
1295 713 1409 740 terram
1421 711 1447 740 8.
1465 711 1502 742 Ut
1516 716 1615 742 autem
1632 711 1761 742 divinam

937 762 1020 782 suam
1034 756 1205 792 potestatem
1217 753 1399 791 ostenderet,
1418 763 1508 795 seque
1522 755 1636 794 legibus
1651 761 1763 787 naturae

941 806 998 827 non
1012 797 1138 834 servire,
1154 798 1205 829 sed
1224 798 1380 829 voluntatis
1396 799 1522 839 imperio
1541 800 1686 841 quidquid
1703 801 1764 832 vult

941 841 1107 879 emcere,ex
1127 842 1244 883 iis,quae
1259 843 1289 873 in
1305 845 1498 883 generatione
1520 849 1547 875 et
1573 846 1764 885 corruptione

940 890 1053 916 natura;
1065 887 1291 921 versantur.alia
1303 887 1388 918 initio
1399 897 1435 919 ex
1449 892 1526 919 terra
1542 892 1571 919 et
1586 889 1671 929 aquis
1688 889 1762 920 eﬂ‘e-

939 930 987 965 cit,
994 930 1391 970 pracipienszEducatterra
1399 934 1536 964 animum
1542 935 1685 964 viventem
1689 935 1765 973 jux-

939 979 970 1005 tu
980 983 1074 1015 genus
1088 983 1177 1006 suum
1192 978 1221 1006 et
1232 977 1360 1015 plantas
1374 976 1519 1009 habentes
1534 979 1568 1008 in
1576 987 1608 1008 se
1625 978 1700 1018 ipsis
1713 987 1762 1009 se-

941 1028 1012 1050 men
1020 1023 1048 1051 et
1057 1019 1139 1059 ligna
1149 1020 1298 1059 facientia
1307 1021 1491 1060 fructus9.Et
1502 1022 1764 1054 rursuszEducant

942 1073 1029 1104 aqua:
1043 1067 1179 1095 animam
1190 1066 1340 1096 viventem
1352 1066 1442 1105 juxta
1451 1076 1545 1106 genus
1555 1067 1674 1098 suum“)
1686 1078 1693 1098 ι
1707 1067 1764 1098 alia

941 1114 1039 1140 autem
1056 1119 1089 1140 ex
1101 1109 1220 1149 generis
1237 1109 1419 1150 principibus
1430 1112 1528 1149 genita
1543 1121 1578 1142 ex
1589 1112 1714 1142 seminis
1719 1113 1764 1152 ja-

942 1159 989 1184 ctu
1006 1154 1087 1187 nasci
1103 1154 1201 1185 voluit.
1220 1155 1262 1185 Ac
1279 1155 1316 1185 de
1331 1155 1377 1185 his
1393 1156 1514 1196 quidem
1531 1165 1636 1187 omnes
1649 1156 1732 1188 missi
1746 1166 1764 1187 a

941 1198 1002 1230 Deo
1017 1199 1054 1230 ad
1070 1208 1174 1230 omnes
1188 1199 1325 1230 homines
1340 1201 1492 1240 prophetae
1506 1200 1586 1232 idem
1606 1201 1763 1232 sentiendo

942 1248 1180 1284 perseverarunt,
1198 1253 1254 1274 nec
1279 1244 1424 1276 dissensio
1450 1245 1529 1275 inter
1551 1245 1621 1275 550
1637 1254 1688 1276 eos
1703 1246 1764 1276 ulla

942 1289 1062 1319 exstitit.
1079 1288 1165 1328 Apud
1177 1297 1228 1319 eos
1238 1289 1405 1330 autem,qui
1417 1290 1537 1328 rejectis
1553 1290 1763 1330 prophetarum

942 1332 1141 1373 sermonibus,
1168 1333 1290 1373 propria
1311 1334 1483 1374 conjectura
1497 1334 1535 1365 de
1550 1335 1609 1366 Der
1627 1339 1656 1365 et
1671 1335 1708 1366 de
1729 1344 1763 1365 re

943 1381 1044 1408 creata
1059 1377 1202 1418 quidquid
1214 1378 1287 1409 libet
1296 1378 1621 1419 definierunt,plurima
1631 1380 1764 1411 estinter

943 1432 994 1453 eos
1009 1426 1038 1453 et
1052 1431 1154 1453 secum
1177 1422 1252 1462 ipsis
1276 1423 1423 1454 dissensio
1444 1423 1483 1454 de
1496 1423 1586 1454 rebus
1601 1433 1764 1464 earumque

943 1467 1094 1507 principiis
1108 1467 1274 1498 secundum
1290 1467 1485 1498 substantiam
1509 1473 1537 1499 et
1559 1478 1715 1499 numerum
1732 1473 1763 1500 et

943 1515 1054 1542 motum
1066 1516 1095 1542 et
1109 1512 1464 1552 ﬁnem,quemadmodum
1481 1513 1647 1544 ostenditur
1658 1523 1694 1544 ex
1705 1514 1763 1554 pri-

78 1561 222 1599 σαμένους,
258 1561 346 1596 πολλὴ
375 1562 414 1594 τὶς
442 1561 512 1590 ἐστιν
539 1563 556 1596 ἡ
585 1562 650 1601 πρὸς
666 1560 798 1596 ἀλλήλους
813 1570 842 1588 τε
857 1560 900 1587 καὶ

976 1566 991 1587 o
1005 1556 1173 1587 Aristotelis
1188 1556 1264 1587 libro
1276 1556 1436 1588 Naturalis
1446 1557 1764 1598 auscultationis,prae-

77 1607 144 1645 πρὸς
173 1606 282 1638 ἑαυτοὺς
310 1605 437 1645 διιφωνία
465 1607 492 1635 ἐν
512 1613 571 1639 τοῖς
600 1607 659 1646 περὶ
673 1608 726 1634 τῶν
755 1605 839 1633 ὅντων
856 1605 900 1632 καὶ

976 1610 1074 1641 rquam
1088 1601 1167 1641 quod
1180 1601 1253 1632 nihil
1266 1601 1328 1632 veri
1343 1601 1475 1642 loquitur
1485 1602 1522 1633 de
1541 1602 1588 1639 iis,
1605 1612 1670 1643 quas
1685 1602 1762 1633 deﬁ—

77 1653 128 1684 τῆς
165 1651 265 1680 τούτων
291 1652 381 1691 ἀρχῆς
408 1650 468 1680 κατ’
497 1652 586 1680 οὐσίαν
601 1662 641 1689 τε,
657 1651 701 1679 καὶ
717 1646 838 1690 ἀριθμὸν,
855 1649 900 1677 καὶ

976 1646 1052 1677 enda
1065 1646 1205 1686 suscepit.

76 1697 194 1732 κίνησιν,
210 1697 252 1724 καὶ
267 1690 360 1736 πέρας·
378 1697 464 1729 καθὼς
489 1695 619 1725 δείκνυται
646 1695 676 1724 ἐκ
702 1698 748 1724 τοῦ
772 1693 877 1735 πρώτου
904 1691 985 1732 λόγου
1009 1694 1058 1724 τῆς
1081 1690 1382 1730 ΦυσικῆςἈκροάσεως
1408 1691 1619 1733 Ἀριστοτέλθυς,
1636 1693 1704 1731 μετὰ
1718 1697 1764 1721 τοῦ

77 1739 164 1778 μηδὲν
180 1741 257 1769 αὐτὸν
273 1739 411 1774 ἀληθεύειν
425 1741 485 1780 περὶ
498 1742 536 1769 ὧν
551 1739 668 1780 διείληφε
683 1738 845 1780 διορισασθειιι
861 1736 1035 1777 πραγμάτων.

78 1798 100 1824 l.
124 1793 172 1823 Ἐκ
199 1797 245 1822 τοῦ
271 1795 375 1834 πρώτου
401 1794 483 1833 λόγου
506 1794 554 1828 τῆς
582 1795 698 1828 Φυσικῆς
735 1793 900 1832 Ἀκροάσεως

987 1789 1038 1821 Ea:
1053 1789 1132 1820 libro
1151 1789 1166 1819 I
1178 1790 1333 1821 naturalis
1348 1790 1586 1822 Auscultatz'onis
1609 1792 1762 1823 Aristote-

390 1838 600 1879 Ἀριστοτέλους.

123 1934 136 1952 ε
154 1923 209 1952 Ἀεὶ
235 1925 285 1964 γάρ
300 1924 356 1953 ἐστι
370 1936 395 1953 τι
429 1924 448 1954 6'
453 1925 601 1962 ὑπόκειται,
632 1922 657 1957 ἓξ
682 1927 711 1952 οὒ
737 1925 839 1962 γίνεται
869 1923 900 1950 τὸ

77 1969 230 2009 γινόμενον
261 1971 315 1998 οίον
343 1971 376 1998 τὰ
403 1971 470 2010 φυτὰ
504 1970 548 1998 καὶ
565 1969 599 1998 τὰ
613 1972 669 2005 ζῶα
683 1968 714 1996 ἐκ
735 1967 897 2007 σπέρματος.

79 2018 198 2054 Γίγνεται
229 2013 255 2043 δέ
268 2015 302 2043 τὰ
324 2015 468 2054 γιγνόμενα
481 2014 584 2052 ἁπλῶς,
601 2014 634 2043 τὰ
649 2014 699 2051 μὲν
720 2022 900 2052 μετασχημα-

78 2059 158 2094 τίσει,
185 2060 245 2088 οἷον
274 2059 389 2098 ἀνδριάς.
423 2059 497 2088 τὰδὲ
513 2059 664 2098 προσθέσει,
680 2059 738 2086 οἷον
765 2057 798 2098 τᾷ
819 2057 900 2089 αὒξα-

79 2105 189 2142 νόμενι·
213 2105 246 2133 τὰ
267 2103 294 2132 δὲ
308 2097 458 2144 ἆφαιρὲσει,
474 2104 536 2132 οἷον
556 2105 586 2132 lx
600 2107 647 2131 τοῦ
662 2102 733 2131 λίθου
757 2103 771 2130 ὁ
787 2097 897 2140 Ἑρμῆς·

982 1834 1032 1871 Iis,
1049 1834 1101 1865 lib.
1116 1844 1136 1871 ι,
1153 1843 1168 1865 c
1198 1835 1228 1866 7.
1242 1843 1270 1874 p.
1289 1835 1347 1865 130
1370 1835 1442 1866 edit.
1454 1834 1482 1866 J.
1506 1835 1633 1868 Bekker.
1650 1837 1763 1871 (Berol.

982 1878 1070 1914 1831,
1085 1879 1194 1919 ἰπὶ-4ο),
1208 1889 1238 1919 ρ.
1254 1879 1322 1909 190.

984 1935 995 1952 ει
1016 1923 1143 1963 Semper
1157 1924 1236 1954 enim
1252 1927 1296 1954 est
1309 1923 1419 1964 aliquid
1431 1924 1509 1965 quod
1519 1924 1678 1964 subjicitur
1686 1926 1764 1957 unde

941 1969 973 2000 tit
987 1968 1014 1999 id
1032 1969 1109 2008 quod
1123 1969 1172 2000 ﬁt:
1191 1972 1222 1999 ut
1249 1969 1356 2008 plantae
1379 1973 1407 1999 et
1419 1969 1585 2000 animantes
1603 1979 1619 2000 e
1636 1972 1762 2002 semine.

940 2013 1029 2045 Fiunt
1044 2017 1141 2044 autem
1156 2013 1278 2043 omnino
1290 2023 1355 2053 quae
1370 2014 1456 2052 ﬁunt,
1466 2014 1598 2054 quaedam
1621 2015 1764 2046 transfor-

943 2058 1083 2095 matione,
1114 2062 1146 2089 ut
1173 2062 1268 2088 statua
1286 2066 1293 2088 :
1310 2058 1452 2088 nonnulla
1477 2058 1662 2100 accessione,
1676 2064 1707 2090 ut
1730 2069 1765 2090 ea

942 2112 1007 2143 quae
1021 2107 1159 2133 crescunt
1177 2111 1183 2133 :
1203 2102 1301 2142 aliqua
1316 2103 1498 2137 decessione,
1523 2107 1554 2133 ut
1569 2112 1586 2134 e
1601 2113 1671 2135 saxo
1688 2105 1765 2136 Mer-

79 2149 114 2177 τᾶι
141 2147 168 2176 δὲ
194 2148 322 2188 συνθέσει,
347 2150 408 2178 οἷον
437 2149 514 2177 οἰκία·
533 2148 567 2178 τὰ
580 2147 608 2176 δὲ
623 2146 778 2186 ἀλλοιώσει,
793 2146 853 2174 οἷον
868 2146 900 2173 τὰ

976 2148 1043 2178 ιτὶιιε
1061 2156 1068 2179 :
1085 2147 1141 2177 alia
1152 2147 1378 2188 compositione,
1395 2147 1540 2178 utdomus
1557 2158 1563 2178 :
1583 2148 1641 2178 alia
1654 2149 1764 2180 altera-

79 2193 230 2231 τρεπόμενα
255 2193 323 2222 κατὰ
357 2194 406 2228 τὴν
427 2193 502 2227 ὕλην.
530 2193 620 2221 Πάντα
648 2191 675 2220 δὲ
690 2193 721 2220 τὰ
738 2191 806 2220 οὕτω
825 2190 901 2230 γινό-

82 2248 162 2277 μενα,
193 2238 316 2278 φανερὸν,
358 2237 396 2266 ἔτι
434 2238 460 2270 ἐξ
492 2236 673 2266 ὑποκειμένων
711 2236 821 2276 γίνεται,
853 2235 901 2264 Καὶ

82 2286 162 2311 τοῦτο
188 2281 274 2311 διττόν
303 2282 377 2323 (51)”
394 2283 412 2317 ἢ
434 2283 483 2322 γὰρ
499 2283 529 2310 τὸ
543 2282 728 2321 ὑποκείμεναι,
751 2281 768 2314 ἣ
784 2281 814 2308 τὸ
829 2279 899 2307 ἄντι-

83 2328 215 2364 κείμενον.
252 2327 329 2366 Λέγω
357 2326 384 2355 δὲ
406 2327 568 2355 ἀντικεῖσθαι
583 2327 632 2364 μὲν
647 2327 677 2354 τὸ
697 2325 813 2363 ἄμουσον
830 2324 901 2364 (52),

84 2373 240 2400 ὑποκεῖσθαι
256 2372 282 2400 δὲ
298 2374 343 2401 τὸν
359 2372 505 2412 ἄνθρωπον.
527 2384 538 2400 ι

126 2419 154 2447 Εἰ
188 2417 293 2457 πρῶτόν
320 2417 376 2446 ἔστι
405 2418 435 2445 τὸ
464 2417 575 2455 σπεῖρον
600 2416 715 2455 σπέρμα,
732 2415 775 2443 καὶ
796 2414 903 2453 ὕστερον

84 2466 115 2493 τὸ
137 2464 168 2492 ἐκ
204 2463 354 2502 σπέρματος
368 2462 537 2501 γιγνόμενον,
554 2461 598 2489 καὶ
626 2461 725 2500 γενητὰ
753 2460 902 2500 ἀμφότερα,

124 2532 236 2564 8Gen.
253 2531 336 2572 1,18.
381 2528 556 2562 causam.
600 2528 628 2553 1ο
649 2527 723 2559 Ibid.
741 2527 793 2559 eo.

127 2598 185 2638 (i9)
205 2599 268 2627 Θεὸν
339 2595 426 2638 Deest
442 2595 544 2626 vocula
558 2594 589 2625 in
605 2594 720 2638 Reg._

127 2634 187 2677 (50)
203 2638 329 2675 Σώματκ.
349 2637 431 2668 Hanc
454 2645 556 2677 vocem
573 2634 772 2677 suppeditavit
786 2634 901 2677 Reg._t.

129 2675 191 2717 (51)
211 2680 259 2707 Καὶ
273 2682 350 2706 τοί-το
362 2677 459 2706 διττόν.
478 2676 554 2707 Ante
579 2676 630 2705 has
650 2684 736 2717 voces
762 2675 904 2717 nonnulla

85 2729 121 2751 ex
137 2715 367 2761 ipsoAristotelis
383 2722 463 2761 textu
475 2717 643 2761 inseruerat
652 2715 905 2761 Sylburgius,qute

84 2755 157 2791 cuni
171 2758 294 2801 minime
309 2759 475 2801 necessaria
493 2758 553 2801 sint
567 2755 603 2786 ad
619 2755 800 2801 propositum
816 2755 905 2801 hujus

84 2799 178 2832 nostri
193 2798 498 2839 scriptoris,videntur
511 2798 548 2829 ab
559 2805 596 2829 eo
611 2795 649 2828 de
663 2795 905 2828 industriatuisse

85 2839 293 2884 pratermissa.

945 2192 1070 2232 tione,ut
1097 2200 1131 2222 ea
1157 2201 1222 2232 quae
1244 2193 1410 2222 secundum
1428 2192 1580 2222 materiam
1604 2198 1764 2225 mutantur.

945 2237 1016 2273 Quze
1033 2240 1128 2267 autem
1146 2235 1185 2266 ita
1201 2235 1286 2273 ﬁunt,
1300 2245 1334 2267 ea
1350 2236 1537 2267 manifestum
1552 2241 1596 2267 est
1611 2247 1646 2268 ex
1661 2238 1764 2278 subje-

944 2282 1000 2311 ctis
1026 2280 1125 2311 omnia
1151 2281 1227 2312 Iieri.
1249 2284 1342 2321 Atque
1358 2281 1430 2311 illud
1446 2281 1567 2322 quidem
1585 2281 1693 2322 duplex
1707 2287 1765 2321 est;

945 2325 989 2356 vel
1003 2325 1081 2356 enim
1098 2324 1266 2365 subjectum
1277 2325 1382 2364 est,vel
1392 2325 1573 2366 oppositum.
1586 2326 1657 2357 Dico
1666 2332 1764 2358 autem

945 2370 1056 2410 opponi
1072 2378 1130 2400 non
1147 2369 1304 2410 musicum,
1322 2369 1428 2409 subjici
1442 2378 1510 2402 vero
1526 2370 1688 2402 hominem.
1708 2384 1722 2401 π

986 2415 1017 2445 Si
1028 2415 1155 2454 primum
1176 2419 1220 2445 est
1234 2414 1312 2454 quod
1329 2423 1431 2445 semen
1458 2414 1598 2452 seminat,
1619 2419 1648 2447 et
1663 2423 1767 2457 postea

945 2459 974 2491 id
991 2459 1068 2500 quod
1081 2468 1097 2490 e
1113 2459 1230 2490 semine
1244 2459 1288 2496 ﬁt,
1304 2463 1333 2490 et
1345 2463 1471 2499 utraque
1483 2460 1583 2499 genita
1596 2466 1682 2494 sunt:
1701 2463 1766 2503 ejus

985 2596 1051 2634 (52)
1067 2597 1101 2624 Τὸ
1117 2595 1245 2631 ἄμουσον.
1261 2593 1330 2625 Haec
1345 2595 1479 2635 apposita
1495 2600 1563 2627 sunt
1589 2597 1626 2627 ad
1642 2603 1764 2629 senten-

946 2635 1012 2678 tiam
1028 2635 1205 2675 Aristotelis,
1220 2635 1270 2678 qui
1285 2644 1351 2665 cum
1380 2636 1572 2678 privationem
1587 2637 1666 2668 inter
1682 2639 1765 2678 prin-

945 2676 1023 2715 cipia
1038 2681 1184 2711 numeret,
1197 2675 1289 2706 utitur
1304 2676 1439 2715 exemplo
1451 2676 1580 2707 hominis
1593 2687 1652 2708 non
1669 2675 1763 2710 musi-

945 2716 1036 2756 ci,qui
1052 2716 1182 2746 musiCus
1192 2715 1268 2754 ﬁt,el
1281 2715 1431 2746 hominem
1447 2716 1612 2756 subjeetum
1630 2727 1695 2749 esse
1705 2722 1765 2749 sta-

947 2755 1014 2797 tuit,
1031 2755 1213 2787 contrarium
1226 2755 1402 2793 autem,sive
1418 2755 1608 2797 privationem
1612 2767 1686 2797 ,non
1698 2767 1764 2789 mu-

945 2805 1051 2828 swum.
