1948 3075
197 91 270 126 1501
535 94 777 128 CONFUTATIO
799 94 953 133 QUORUM
959 96 1035 127 ΒΑΜ
1060 94 1302 128 ARISTOTELIS
1324 96 1550 131 DOGMATUM.
1805 95 1879 128 150?

193 162 243 194 τὴν
254 162 344 192 οὐσίαν
360 163 403 192 καὶ
417 163 447 192 τὸ
462 163 522 191 τόδε
547 174 572 191 τι
597 163 642 192 καὶ
665 163 696 192 τὸ
718 164 759 202 ὃν,
786 165 844 195 πῶς
858 165 871 192 ὁ
886 164 935 202 μὲν
949 163 1015 205 χαλε

1075 162 1210 194 -οιὶοιιοιη
1227 171 1266 194 aes
1282 162 1320 195 ad
1336 163 1465 195 futuram
1480 173 1517 195 ex
1533 173 1568 196 eo
1583 168 1721 205 statuam,
1744 163 1878 196 eamdem

193 206 249 242 κὸς,
267 206 313 235 ἐὰν
335 208 373 245 μὴ
397 210 414 247 ᾗ
437 207 522 246 obsta,
539 208 582 236 καὶ
597 207 656 236 τάδε
671 219 696 236 τι
718 208 762 236 καὶ
786 208 827 246 ὃν,
849 207 927 247 λόγον
942 209 1015 249 ἔχειν

1078 208 1147 239 abet
1162 208 1285 239 materia
1299 208 1335 240 ad
1349 208 1474 240 formam
1491 213 1519 241 et
1534 210 1570 241 ad
1585 213 1698 241 certum
1714 209 1787 250 quid
1803 211 1832 240 et
1841 208 1879 239 ad

194 252 260 289 πρὸς
279 252 325 280 τὸν
340 252 479 292 ἀνδριάντι
494 253 524 280 οὗ
546 251 652 280 δύναται
670 262 677 269 ·
704 254 722 288 ἡ
738 252 764 281 δὲ
779 251 841 293 ὅλη,
859 254 926 290 μήτε
942 255 1015 283 οὐσία

1076 261 1110 283 ns
1127 261 1133 284 :
1152 252 1300 293 quomodo
1316 262 1367 294 aes,
1386 254 1456 285 nisit
1471 254 1510 285 sit
1524 254 1689 285 substantia
1713 258 1742 285 et
1763 256 1877 285 certum

194 299 268 336 οὖσα,
286 297 355 334 μήτε
377 296 436 325 τόδε
457 308 494 337 τι,
523 297 591 335 μήτε
620 297 661 334 ὃν,
684 297 827 337 ἀναλογίαν
855 298 930 338 ἔχειν
951 299 1015 338 πρὸς

1079 297 1126 328 uid
1143 300 1172 328 et
1187 305 1251 335 ens,
1269 297 1414 329 rationem
1428 298 1540 329 habere
1555 308 1621 329 eum
1638 302 1732 330 statua
1748 308 1806 329 non
1823 308 1877 339 po-

193 341 239 368 τὸν
262 340 366 381 χαλκὸν
381 340 488 370 δύναται
506 351 513 382 ;
532 343 560 371 El
575 342 661 371 πόιτα
686 343 719 370 τὰ
746 343 773 371 ὲν
798 343 936 371 συστάσεσι
964 347 1015 372 τῶν

1075 345 1124 379 est,
1143 341 1266 372 materia
1285 346 1395 381 autem,
1412 351 1476 384 qua;
1492 352 1546 374 nec
1571 343 1735 374 substantia
1750 347 1805 382 est,
1823 352 1879 374 nec

194 388 311 424 φυσικῶν
340 387 508 425 θεωρούμενα
535 387 653 422 αἰσθήσει
686 387 755 416 ἑατὶν
792 387 932 428 ἐπιστητὰ,
960 390 1015 421 πῶς

1076 390 1172 417 ertum
1188 386 1331 428 quid,nec
1346 387 1561 428 ens,rationem
1579 387 1689 419 habere
1704 392 1800 428 potest
1811 397 1878 419 cum

192 429 208 463 ἡ
224 429 288 470 ὕλη,
314 430 341 464 ἐξ
364 431 397 465 ἧς
421 431 454 459 τὰ
479 431 601 470 αἰσθητὰ,
628 431 754 471 ἆνειλογίςι⁵
769 433 839 460 ἔστὶν
865 433 1013 475 tenetur-ii,

1075 434 1131 462 ire?
1142 431 1174 462 Si
1189 439 1373 472 quascunque
1383 432 1414 462 in
1429 431 1691 464 constitutionibus
1705 441 1806 463 rerum
1823 441 1878 463 na—

192 474 236 502 κιὶ
268 475 314 503 οἰκ
344 476 463 511 αἰσθήσει
481 486 487 494 ”
512 476 530 511 ἢ
546 478 603 509 πῶς
629 476 697 509 ὅλως
721 477 752 504 ἐκ
776 478 814 515 μὴ
830 479 954 511 αἰσθητοῦ
968 474 1015 506 δυέυ

1075 475 1194 506 nralium
1216 476 1453 515 considerantur,
1469 487 1505 509 ea
1527 487 1618 509 sensu
1647 477 1876 519 percipiuntur:

191 519 269 546 νατὸν
294 520 413 558 γενέσθαι
436 521 469 549 τὰ
490 521 625 558 uiuenti;
650 520 752 550 Εἶτὸδε
777 533 802 550 τι
832 522 886 550 ἐστι
912 523 956 551 καὶ
984 523 1015 550 τὸ

1077 521 1204 552 uomodo
1216 521 1349 559 materia,
1364 531 1399 553 ex
1415 531 1474 563 qua
1484 531 1519 553 ea
1532 525 1610 560 sunt,
1626 531 1691 563 quae
1701 531 1790 553 sensu
1805 531 1877 562 per-

191 563 253 608 μέαν
275 563 364 604 ἀρχὴν
381 565 463 602 εἶναι,
481 569 538 597 πῶς
553 566 570 600 ἡ
586 565 636 599 ὕλη
651 566 682 594 τὸ
697 566 745 603 μὲν
766 572 834 594 εἴναι
850 566 911 604 μίαν
928 566 1015 606 ἀρχὴν

1075 565 1216 606 ipiuntur,
1233 566 1367 606 analogia
1381 567 1582 608 cognoscitur,
1611 576 1669 598 non
1695 567 1800 598 sensu?
1820 567 1878 598 Aut

191 606 263 648 ἔχει⁷
287 609 318 636 τὸ
333 607 359 637 δὲ
377 616 447 638 εῖναι
475 611 557 644 αὒτὴν
585 609 643 639 τόδε
671 621 697 638 τι
712 611 759 639 οὒκ
773 609 831 650 ἔχει
850 620 858 647 ς
874 611 923 640 Καὶ
938 611 959 639 ὲῑ
984 611 1014 639 τὸ

1076 610 1203 641 uomodo
1212 611 1334 642 omnino
1345 621 1379 642 ex
1392 611 1521 653 eo,quod
1531 606 1621 643 sensu
1630 621 1689 642 non
1703 610 1877 652 percipitur,

191 653 262 680 εἶναι
283 653 344 682 τόδε
366 666 401 691 τι,
425 655 469 682 καὶ
482 655 514 683 τὸ
530 653 589 683 τόδε
604 666 629 683 τι
645 655 683 693 μὴ
699 661 768 684 εἶναι
783 656 857 685 οὐσία
872 655 938 692 ἔστι,
955 658 1013 687 πῶς

1077 655 1119 686 eri
1135 659 1257 695 possunt
1273 665 1337 696 qua;
1352 665 1440 687 sensu
1457 656 1677 697 percipiuntur?
1688 655 1719 688 Si
1732 656 1777 687 vel
1787 665 1877 686 unum

191 698 207 730 ἢ
222 697 273 732 ὕλη
287 698 317 722 η
330 700 361 728 τὸ
377 699 426 736 μὲν
447 698 506 728 τόδε
519 711 543 728 τι
565 700 604 737 μὴ
627 699 697 728 εῖναι
724 700 806 737 ἐστιν,
830 700 904 728 οὐσία
919 699 946 727 δὲ
967 702 1015 730 οὒκ

1075 708 1122 730 sse
1137 699 1330 740 principium,
1349 704 1378 731 et
1400 705 1516 732 certum
1539 701 1609 741 quid
1633 709 1711 742 esse,
1727 700 1877 741 quomodo

191 741 245 770 ἔστι
260 753 268 779 ς
284 747 341 775 πῶς
358 743 385 772 δὲ
401 743 507 772 δύναταί
533 756 573 777 τις
589 744 728 773 ἐκϐάλλειν
742 745 791 779 τὴν
806 745 871 778 ὅλην
885 750 930 774 τοῦ
946 751 1014 775 εἶναι

1075 744 1181 775 lateria
1197 744 1287 776 habet
1302 748 1335 776 ut
1350 753 1442 775 unum
1459 745 1497 776 sit
1524 745 1716 786 principium,
1735 748 1766 775 ut
1778 749 1876 775 autem

190 787 218 814 ἓν
231 787 270 824 l5,
288 789 302 816 ὁ
318 788 410 817 διελὼν
427 789 507 823 αὖτήν
522 790 558 822 εἰς
573 788 617 818 δύο
643 789 716 824 εἴδη,
743 789 784 822 εἷς
810 800 838 818 τε
860 791 890 819 τὸ
905 790 1012 818 ὑποκεί-

1075 792 1169 820 ertum
1185 788 1256 830 quid
1272 789 1385 830 sit,non
1402 789 1507 820 habet?
1519 790 1555 821 Et
1569 790 1593 820 si
1605 794 1717 820 certum
1731 789 1802 830 quid
1813 797 1879 820 esse

191 842 271 869 μενον
300 836 338 870 τῷ
367 833 517 873 γιγνομένῳ
552 835 596 862 καὶ
624 835 661 867 εἷς
691 835 721 863 τὸ
756 835 960 875 ἀντικείμενον;
986 835 1014 864 Εἰ

1075 837 1083 863 t
1097 839 1211 864 certum
1225 833 1295 874 quid
1310 844 1370 865 non
1386 843 1463 871 esse,
1480 833 1643 866 substantia
1658 839 1712 866 est:
1729 833 1878 875 quomodo

190 876 266 905 οὔπω
280 876 362 912 δῆλον
387 877 417 906 ἐκ
438 882 491 907 τῶν
516 878 674 918 εἰρημένων,
705 880 727 908 εἰ
743 879 816 909 obuia
831 880 885 908 ἐστὶ
902 879 930 908 τὸ
944 879 1014 912 εἶδος

1075 878 1193 919 iateria,
1209 887 1276 918 quae
1290 878 1392 917 habet,
1416 883 1450 910 ut
1466 883 1579 910 certum
1595 879 1667 920 quid
1683 888 1742 910 non
1756 878 1805 915 sit,
1818 887 1878 909 non

190 921 207 956 ἢ
230 923 260 950 τὸ
281 923 465 963 ὑποκείμενον,
484 927 540 956 πῶς
556 924 745 964 ἀποφαντικῶς
770 924 864 965 εἴρηκε
879 925 938 964 περὶ
966 924 1014 959 τῆς

1075 926 1103 953 st
1116 922 1297 954 substantia?
1311 922 1465 960 Quomodo
1482 927 1579 964 potest
1606 923 1737 954 materia;
1761 923 1879 962 eripere

190 966 267 1001 ὕλης,
287 968 318 995 τὸ
340 968 379 1005 μὴ
394 974 464 997 εἶναι
487 969 568 1002 αὐτὴν
595 969 684 997 οὒσίαν
699 970 768 1007 μήτε
796 968 854 998 τόδε
879 981 916 1007 τι,
945 969 1014 1007 μήτε

1077 968 1216 998 uominus
1231 976 1284 998 ens
1298 968 1398 1009 sit,qui
1414 977 1480 999 eam
1496 967 1600 999 dividit
1615 967 1647 999 in
1661 967 1735 999 duas
1751 967 1880 1008 species,

190 1012 219 1040 ὅν
237 1022 245 1052 ς
262 1013 298 1042 Τὸ
308 1013 358 1051 γὰρ
371 1013 544 1051 ὑποκείμενον
569 1013 679 1052 εἴρηκεν
702 1020 772 1042 εἶναι
789 1014 837 1048 τὴν
851 1013 929 1048 ῧλην.
947 1013 1015 1042 Ποτὲ

1075 1021 1086 1042 Et
1099 1011 1128 1042 id
1144 1011 1223 1051 quod
1238 1012 1404 1052 subjectum
1417 1016 1462 1044 est
1476 1013 1505 1044 ei
1521 1012 1600 1054 quod
1614 1013 1646 1043 ﬁt
1661 1016 1691 1043 et
1703 1012 1735 1043 in
1760 1016 1880 1043 contra-

190 1058 240 1095 μὲν
262 1058 301 1095 μὴ
327 1064 396 1086 εῖναι
413 1059 495 1092 αὐτὴν
520 1058 621 1096 οὐσίαν,
643 1059 712 1096 μήτε
734 1058 792 1088 τόδε
808 1071 843 1096 τι,
868 1060 937 1097 μήτε
962 1059 991 1086 ὃν
1004 1067 1012 1076 ·

1075 1056 1149 1088 ium?
1163 1056 1195 1088 Si
1211 1056 1344 1088 nondum
1361 1066 1395 1088 ex
1411 1057 1501 1088 dictis
1514 1057 1723 1098 liquet,utrum
1739 1056 1880 1088 substan-

190 1101 256 1131 ποτὲ
271 1101 298 1130 δὲ
310 1101 407 1136 ἄδηλον
435 1104 458 1131 εἰ
485 1104 559 1133 οὐσία
587 1103 653 1142 ἐστὶ,
681 1107 739 1136 πῶς
754 1104 802 1132 οὒκ
815 1104 870 1132 ἔστι
885 1107 938 1132 τῶν
967 1105 1015 1133 οὐκ

1075 1111 1096 1132 ια
1111 1103 1149 1131 sit
1163 1100 1257 1132 forma
1271 1111 1309 1132 an
1324 1101 1507 1142 subjectum;
1518 1101 1663 1143 quomodt
1675 1104 1882 1133 asseveranter

190 1146 296 1175 εἰδότων
311 1147 325 1175 ὅ
340 1159 421 1188 φασιν
438 1158 446 1188 ;

1077 1155 1093 1177 e
1110 1146 1233 1177 materia
1247 1145 1321 1178 dixit
1335 1155 1400 1178 eam
1425 1156 1485 1178 non
1509 1155 1576 1178 esse
1601 1145 1807 1181 substantiam,
1825 1154 1881 1176 nec

190 1194 302 1222 certum
318 1192 400 1233 quid,
417 1201 472 1224 nec
486 1192 556 1224 ens?
571 1192 744 1234 Subjectum
760 1194 841 1225 enim
856 1193 930 1226 dixit
945 1201 1011 1224 esse
1027 1190 1195 1224 materiam.
1218 1190 1304 1223 Nunc
1321 1191 1416 1232 ipsam
1431 1200 1491 1223 non
1503 1200 1570 1222 esse
1585 1190 1779 1222 substantiam
1796 1190 1880 1221 dice-

192 1245 235 1273 re,
254 1244 310 1268 nec
324 1240 439 1268 certum
456 1237 541 1278 quid,
557 1247 614 1269 nec
628 1247 692 1276 ens,
709 1248 787 1270 nunc
803 1248 863 1270 non
878 1238 1006 1279 liquere,
1022 1245 1060 1268 an
1075 1235 1242 1268 substantia
1255 1236 1294 1268 sit
1309 1246 1317 1267 :
1335 1236 1484 1278 quomodo
1500 1245 1560 1267 non
1575 1240 1620 1268 est
1639 1235 1793 1267 hominum
1808 1234 1879 1276 quid

192 1280 292 1312 dicant
306 1281 504 1313 nescientium
515 1286 530 1315 ?

431 1335 461 1368 4.
479 1335 527 1366 Ἐκ
541 1341 587 1366 τοῦ
602 1338 680 1366 αὐτοῦ
692 1337 783 1378 λόγου.

1137 1335 1167 1366 4.
1183 1334 1237 1367 Ea;
1250 1334 1353 1367 eodem
1369 1334 1462 1375 libro,
1477 1333 1532 1365 lib.
1548 1343 1570 1372 ι,
1581 1343 1609 1366 c.
1626 1334 1656 1373 8,
1673 1343 1703 1375 p.
1722 1333 1790 1365 191.

234 1393 246 1408 α
264 1381 433 1416 Ζητήσαντες
455 1383 479 1410 οἱ
493 1382 562 1410 κατὰ
576 1382 732 1423 φιλοσοφίαν
757 1386 858 1423 πρῶτοι
879 1384 928 1417 τὴν
942 1383 1015 1419 ἁλή-

1101 1392 1111 1408 ι
1132 1379 1228 1411 Primi
1243 1379 1427 1420 philosophi,
1443 1379 1513 1410 dum
1537 1379 1690 1411 veritatem
1703 1382 1732 1410 et
1746 1382 1880 1423 naturam

190 1427 261 1454 θειαν
291 1426 335 1454 καὶ
363 1426 413 1460 τὴν
439 1427 514 1466 φύσιν
551 1422 600 1461 τήν
630 1430 683 1456 τῶν
711 1422 805 1468 ὄντων⁷
836 1427 1015 1467 ἐξετράπησαν

1075 1432 1156 1455 erum
1175 1423 1621 1468 investigant,aberraverunt,in
1636 1423 1723 1454 aliam
1735 1422 1881 1468 quodam-

191 1477 250 1499 οῖον
280 1469 339 1499 ἱδόν
363 1482 422 1499 τινα
444 1470 528 1505 ἄλλην
550 1472 716 1504 ἀπωσθέντες
739 1467 945 1512 ὑπὸνάπειρίας,
971 1477 1015 1505 καὶ

1075 1468 1144 1499 modo
1162 1468 1238 1499 viam
1254 1468 1402 1509 imperitia
1421 1467 1550 1509 depulsi,
1565 1477 1600 1499 ac
1617 1468 1720 1499 dicunt
1734 1467 1808 1499 nihil
1826 1476 1882 1498 eo-

190 1526 268 1555 φασιν
284 1514 342 1543 οὕτε
369 1516 503 1555 γίγνεσθαι
531 1517 584 1545 τῶν
613 1517 696 1545 ὄντων
717 1516 801 1555 οὐδὲν,
820 1517 879 1546 οὕτε
909 1518 1013 1558 φθείρε-

1075 1522 1133 1551 um,
1148 1522 1214 1553 qua;
1229 1513 1452 1553 sunt,generari
1465 1517 1515 1544 aut
1528 1513 1680 1554 corrumpi
1697 1523 1705 1543 :
1724 1517 1881 1558 propterea

190 1562 261 1598 σθαι,
290 1559 332 1588 διὰ
359 1561 389 1589 τὸ
426 1560 573 1600 ἀναγκαῖον
613 1561 660 1598 μὲν
704 1568 773 1590 εῖναι
814 1557 946 1602 γίγνεσθαι
983 1563 1014 1591 τὸ

1079 1557 1136 1588 uod
1159 1566 1284 1589 necesse
1297 1557 1384 1588 estid
1413 1559 1493 1597 quod
1508 1562 1681 1598 generatur,
1707 1557 1752 1588 vel
1775 1567 1811 1589 ex
1832 1566 1879 1594 eo,

191 1605 350 1644 γιγνόμενον
365 1607 382 1641 ἥ
400 1605 426 1638 ἐξ
448 1605 523 1638 ὄντος
548 1607 566 1642 ἥ
591 1606 620 1635 ἐι
649 1607 688 1644 μὴ
715 1607 789 1639 ὄντος
803 1615 809 1622 ⁸
829 1607 859 1635 ἐκ
873 1606 900 1635 δὲ
916 1607 1014 1636 τούτων

1078 1603 1134 1633 uod
1159 1605 1214 1640 est,
1243 1603 1393 1642 generari,
1409 1602 1454 1633 vel
1478 1611 1514 1633 ex
1534 1611 1570 1633 eo
1590 1602 1670 1643 quod
1693 1611 1752 1633 non
1768 1605 1826 1640 est;
1843 1609 1881 1632 ex

190 1649 348 1689 ἀμφοτέρων
364 1649 489 1679 ἀδύνατον
504 1658 574 1679 εἶναι
592 1659 599 1666 ⁸
626 1652 684 1679 οὗτε
709 1652 758 1691 γὰρ
779 1653 808 1680 τὸ
823 1652 852 1680 ὃν
867 1652 1012 1692 γίγνεσθαι,

190 1700 262 1722 εἴναι
292 1695 342 1733 γὰρ
371 1694 422 1728 ἤδη
441 1705 448 1712 ·
472 1695 503 1723 ἐκ
525 1706 552 1724 τε
568 1696 607 1732 μὴ
634 1695 710 1728 ὄντος
732 1696 805 1724 οἷθὲν
826 1696 857 1724 ἂν
881 1697 1012 1735 γενέσθαι,

188 1739 345 1767 ὑποκεῖσθαι
361 1741 412 1779 γάρ
427 1751 452 1768 τι
482 1739 535 1772 δεῖ,
564 1743 613 1770 Καὶ
637 1741 706 1769 οὕτω
730 1740 762 1775 δὴ
777 1742 808 1769 τὸ
824 1740 915 1780 ἐφεξῆς
944 1752 1014 1778 συμ-

189 1782 284 1812 ϐατνον
301 1783 424 1816 αὕῗοντις
458 1784 514 1813 ο³“⁵
697 1786 704 1796 ’
744 1798 748 1800 ·
786 1799 792 1806 ι
841 1786 847 1795 ’
891 1787 897 1794 ’
963 1788 967 1797 ⁷

231 1807 237 1811 .
335 1805 347 1817 ς
429 1809 435 1822 ,
476 1795 516 1814 λοι
532 1792 601 1814 εἶναι
617 1785 706 1814 πολλα
720 1796 810 1826 egroti,
836 1785 903 1814 αλλα
934 1797 1015 1824 μονον

189 1829 253 1857 αὐτὸ
268 1829 299 1856 τὸ
315 1829 354 1857 ὃν.
373 1841 387 1857 η

231 1913 318 1946 ’ἱκανὰ
333 1919 377 1947 καὶ
403 1919 486 1947 ταῦτα
512 1922 677 1959 μαρτυρῆσαι
701 1920 734 1954 τῆ
763 1919 871 1956 ἀληθείᾳ
899 1924 945 1948 τοῦ
972 1919 1014 1960 ὑφ’

188 1964 266 2000 ἡμῶν
295 1963 419 2002 ῥῃθέντος
446 1965 506 1996 περὶ
534 1966 586 1992 τῶν
612 1964 676 2003 παρ’
700 1960 821 1998 1Ἐλλτλιτι
851 1964 1014 2005 φιλοσόφων,

189 2009 225 2040 ὼς
246 2009 321 2036 ’κατὰ
351 2008 400 2041 τὴν
422 2008 610 2043 ἁποδεικτικὴν
626 2009 778 2047 ἐπιστήμην
803 2010 862 2048 περὶ
884 2013 937 2038 τῶν
965 2009 1012 2037 ὅν-

188 2064 242 2081 των
271 2054 331 2085 τοὺς
359 2053 453 2092 λόγους
483 2053 521 2091 μὴ
548 2055 747 2094 πεποιηκότων³
777 2053 836 2082 ἀλλ’
852 2055 971 2092 εἰκασμῷ
985 2055 1015 2083 τὸ

189 2096 280 2127 δοκοῦν
296 2096 496 2137 διορισαμένων.

424 2143 456 2174 5,
468 2142 518 2172 Ἐκ
533 2144 580 2171 τοῦ
595 2143 674 2173 αὐτοῦ
685 2143 778 2183 λόγου,

1055 1652 1161 1678 neutro
1182 1651 1281 1678 autem
1298 1647 1327 1678 id
1342 1646 1407 1677 ﬁeri
1430 1655 1535 1687 posse:
1549 1656 1646 1688 neque
1661 1646 1741 1678 enim
1755 1646 1785 1677 id
1800 1645 1880 1687 quod

1055 1695 1100 1722 est
1114 1692 1263 1732 generari,
1272 1692 1333 1732 jam
1353 1691 1434 1722 enim
1452 1695 1508 1729 est;
1518 1700 1553 1722 ex
1564 1701 1601 1723 eo
1616 1691 1808 1732 autem,quod
1822 1699 1880 1722 non

1057 1741 1114 1772 est,
1133 1737 1206 1767 nihil
1223 1736 1363 1776 generari
1382 1747 1388 1766 :
1403 1735 1516 1777 aliquid
1534 1737 1614 1767 enim
1629 1736 1737 1776 subjici
1752 1739 1879 1776 oportet.

1055 1780 1153 1821 Atque
1171 1782 1209 1812 ita
1219 1790 1265 1812 am
1270 1781 1436 1822 pliﬁcantes
1446 1780 1517 1811 554
1527 1791 1561 1812 ea
1569 1790 1636 1822 quae
1646 1784 1879 1822 consequuntur,

1057 1835 1094 1856 ne
1107 1826 1198 1856 multa
1213 1826 1333 1866 quidem
1352 1835 1419 1857 esse
1431 1825 1691 1867 pronuntiant,sed
1708 1825 1738 1857 id
1755 1829 1882 1857 tantum-

1056 1870 1147 1901 modo
1160 1870 1240 1910 quod
1251 1875 1306 1902 est.

1095 1916 1149 1946 Vel
1163 1916 1226 1946 haec
1241 1915 1306 1956 ipsa
1315 1916 1387 1947 satis
1406 1916 1514 1947 idonea
1525 1914 1584 1946 sint
1594 1923 1660 1956 quae
1671 1914 1825 1946 veritatem
1841 1914 1879 1945 il-

1057 1959 1126 2001 lius,
1140 1960 1220 2001 quod
1236 1961 1273 1992 de
1290 1960 1400 1993 Graecis
1416 1960 1599 2001 philosophis
1614 1960 1755 2001 diximus,
1767 1959 1879 1991 conﬁr-

1057 2009 1149 2045 ment;
1163 2004 1303 2036 nimirum
1328 2014 1380 2036 eos
1396 2015 1455 2036 non
1480 2005 1516 2036 ad
1540 2013 1605 2036 eam
1632 2004 1797 2045 scientiam,
1815 2013 1881 2044 quae

1056 2049 1311 2081 demonstratione
1326 2049 1524 2086 contineatur,
1537 2049 1715 2080 disseruisse
1730 2049 1768 2081 de
1778 2048 1879 2087 rebus,

1056 2095 1108 2125 sed
1124 2094 1314 2134 conjiciendo
1332 2094 1476 2136 qqidquid
1492 2095 1600 2135 placuit
1614 2093 1798 2126 deﬁnivisse.

1252 2140 1282 2171 5.
1299 2139 1350 2171 Ex
1363 2140 1466 2171 eodem
1482 2139 1573 2177 libro,
1587 2138 1662 2170 ibid.

236 2196 248 2214 ι
270 2182 365 2224 Ἡμεῖς
393 2185 420 2215 δὲ
448 2186 563 2226 λέγομεν
592 2187 632 2216 ὅτι
658 2189 688 2216 τὸ
709 2188 736 2221 ἒξ
755 2188 830 2220 ὄντος
854 2187 872 2220 ἥ
888 2188 927 2225 μὴ
942 2187 1015 2221 ὄντος

1102 2195 1114 2212 1
1130 2183 1190 2214 Nos
1215 2188 1313 2215 autem
1335 2183 1463 2216 dicimus
1488 2193 1523 2215 ex
1538 2188 1607 2214 ente
1621 2187 1672 2214 aut
1686 2192 1721 2214 ex
1736 2192 1796 2214 non
1812 2187 1880 2214 ente

192 2231 319 2271 γίνενθοιι⁷
346 2231 364 2264 ἥ
394 2232 425 2259 τὸ
452 2232 491 2269 μὴ
519 2233 561 2266 ὂν,
587 2232 647 2265 ﬁt?)
662 2233 691 2260 ὂν
707 2240 793 2261 ποιεῖν
808 2244 833 2261 τι
859 2232 1018 2273 ἤπάσχειν,

189 2275 207 2309 ἢ
223 2276 309 2303 ὁτιουν
325 2275 384 2303 τόδε
409 2276 556 2315 γίγνεσθαι,
581 2276 627 2305 ἕνα
653 2277 702 2314 μὲν
716 2278 814 2317 τρόπον
829 2276 903 2305 οὐδὲν
926 2276 1018 2317 διαφέ-

192 2331 244 2359 ρει,
261 2319 279 2353 ἥ
295 2320 325 2347 τὸ
340 2321 386 2348 τὸν
413 2321 502 2359 ἰατρὸν
523 2329 612 2349 ποιεῖν
638 2333 663 2349 τι
678 2322 696 2355 ἢ
712 2323 840 2361 πάσχειν,
855 2321 873 2355 ἢ
889 2321 919 2349 τὸ
934 2321 960 2354 ἓξ
974 2322 1016 2349 ἱα-

189 2367 252 2404 τροῦ
274 2364 344 2392 εϊνιί
359 2375 383 2392 τι
400 2364 417 2398 ἢ
431 2365 559 2404 γίνεσθαι.
590 2361 691 2406 "ﬂete,
714 2365 806 2399 ἐπειδὴ
835 2369 913 2394 τοῦτο
934 2365 1018 2406 διχῶς

190 2411 208 2444 ἡ
237 2412 398 2449 πλεοναχῶς
417 2407 476 2448 (62)
489 2408 608 2449 λέγεται,
625 2409 716 2447 δῆλον⁷
733 2411 773 2439 ὃτι
788 2411 832 2438 καὶ
846 2411 876 2438 τὸ
892 2409 918 2443 ἐξ
928 2409 1016 2451 ὄντος,

189 2454 234 2482 καὶ
250 2453 280 2481 τὸ
297 2453 337 2489 ὃν,
354 2453 372 2488 ἢ
391 2460 480 2482 ποιεῖν
496 2453 558 2493 (63)
574 2453 592 2487 ἥ
607 2455 734 2494 πάσχειν.
752 2454 895 2492 Οἰκοδομεῖ
908 2455 957 2493 μὲν
973 2459 1017 2483 οὐν

189 2500 203 2527 ὁ
219 2499 320 2538 ἰατρὸς,
337 2498 388 2539 οὐχ
404 2499 422 2537 ᾖ
438 2499 525 2538 ἰατρὸς
543 2497 581 2535 δὲ,
598 2498 656 2527 ἀλλ’
672 2500 690 2538 ᾗ
706 2499 844 2538 ο¹κοεόμος
861 2510 869 2517 ·
894 2500 938 2528 καὶ
953 2499 1017 2528 λευ-

190 2544 238 2575 κὸς
251 2544 363 2583 γίνεται³
382 2545 434 2584 οὔχ
458 2543 476 2581 ᾗ
498 2544 597 2583 ἰατρὸς,
621 2543 715 2582 ἁλλ’ᾗ
737 2543 832 2582 μέλας.
851 2543 975 2583 ἰατρεύει
990 2543 1017 2572 δὲ

543 2611 572 2636 1³
592 2610 663 2651 Leg.
680 2612 752 2640 εἶναι
767 2611 806 2643 ὄν.

193 2676 295 2747 let£162)
315 2671 355 2706 "ﬂ
372 2676 545 2718 πλεοναχῶς.
561 2676 630 2708 Haec
644 2678 752 2709 desunt
775 2678 852 2718 apud
868 2678 1013 2709 Aristote-

231 2756 296 2797 (63)
312 2752 330 2763 ”
345 2761 368 2786 Η
382 2765 483 2789 ποιεῖν.
510 2757 635 2800 Scripsit
648 2757 825 2799 Sylburgius
839 2757 858 2793 ἢ
873 2765 963 2788 ποιεῖν
978 2770 1016 2796 τι,

232 2610 262 2635 η
283 2610 354 2650 Leg.
372 2613 406 2650 τῇ
420 2610 497 2649 ὕλεῃ.

1060 2228 1137 2265 ﬁeri,
1153 2232 1204 2259 aut
1218 2228 1248 2259 id
1263 2229 1342 2269 quod
1354 2238 1412 2260 non
1428 2233 1484 2267 est,
1502 2229 1546 2260 vel
1560 2228 1589 2260 id
1615 2228 1696 2269 quod
1711 2233 1757 2260 est
1769 2228 1881 2268 aliquid

1059 2273 1157 2304 facere
1171 2278 1221 2304 aut
1236 2273 1306 2314 pati,
1324 2279 1374 2305 aut
1386 2274 1539 2315 quodlibet
1554 2273 1618 2305 ﬁeri
1633 2273 1744 2314 aliquid
1762 2273 1836 2304 certi
1852 2277 1882 2304 et

1060 2317 1184 2353 deﬁniti.
1206 2319 1279 2349 nihil
1297 2327 1419 2359 prorsus
1435 2319 1566 2356 diﬂ'erre,
1585 2327 1646 2349 una
1660 2318 1787 2355 ratione,
1803 2327 1837 2348 ac
1856 2318 1881 2348 si

1061 2363 1194 2393 medicus
1205 2363 1301 2394 facere
1312 2363 1423 2404 aliquid
1434 2363 1550 2395 dicatur
1565 2367 1615 2394 aut
1630 2363 1755 2404 pati,aut
1769 2372 1805 2393 ex
1817 2372 1881 2394 me-

1059 2406 1124 2438 dico
1141 2416 1207 2438 esse
1221 2408 1334 2448 aliquid
1349 2415 1400 2439 aut
1413 2407 1570 2445 lieri.Quia
1585 2417 1656 2447 ergo
1669 2407 1784 2439 duobus
1795 2407 1822 2438 id
1833 2411 1881 2438 aut

1059 2452 1195 2493 pluribus
1207 2452 1345 2484 sensibus
1361 2453 1481 2494 dicitur,
1497 2454 1540 2484 sic
1553 2453 1643 2484 etiam
1654 2455 1685 2484 et
1701 2452 1731 2483 id
1747 2452 1825 2493 quod
1837 2457 1882 2482 est

1059 2506 1094 2528 ex
1109 2501 1224 2535 enle,et
1239 2502 1337 2535 ens,et
1352 2498 1452 2529 facere
1467 2502 1516 2529 aut
1533 2498 1592 2539 pati
1603 2507 1610 2530 :
1623 2497 1750 2529 aediﬁcat
1759 2496 1879 2537 quidem

1059 2542 1267 2580 medicus,non
1282 2547 1428 2583 quatenus
1442 2543 1590 2582 medicus,
1603 2542 1655 2575 sed
1670 2546 1816 2584 quatenus
1829 2550 1879 2572 ar—

1057 2677 1109 2707 εεά
1122 2676 1298 2748 μετῑὶιίιιιοιη
1314 2686 1370 2709 nec
1387 2679 1424 2710 Β.
1440 2677 1609 2719 Stephanus
1620 2686 1676 2709 nec
1687 2675 1881 2708 mss.codices

1057 2725 1207 2748 aunoscun
1225 2740 1235 2748 .

1057 2725 1235 2756 agnoscunt.
