1948 3075
142 123 219 158 1509

473 123 716 159 ΟΟΝΕΠΤΑΤΙΟ
738 125 980 164 QUORUMDAM
1003 124 1242 160 ARISTOTELIE

738 125 980 164 QUORUMDAM
1003 124 1255 161 ARISTOTELIS
1274 127 1488 162 DOGMATUM
1494 155 1500 162 .

1753 132 1829 164 1510

141 194 184 222 διὰ
200 197 277 223 τοῦτο
292 194 380 234 ἀρχὴ,
397 193 490 222 ἐπειδὴ
506 193 539 222 δι’
557 193 640 227 αὐτὴν
654 194 685 222 τὸ
707 193 747 232 μὴ
769 193 841 222 εἴναι
861 197 900 223 τῶ

1062 203 1078 224 e
1093 195 1191 226 evenit
1204 195 1231 226 ei
1244 196 1321 235 quod
1337 196 1390 233 ﬁt;
1416 197 1551 228 videlicet
1566 201 1596 228 et
1612 198 1736 238 privatio
1757 207 1828 239 pro-

139 238 270 278 γνομένῳ,
294 240 354 271 Ιιῶς
385 238 429 267 οὖν
458 239 532 279 ἀρχὴ
562 238 668 277 λέγεται
689 242 741 267 τῶν
770 238 935 278 γιγνομένων
950 238 969 272 ἦ

140 283 265 323 στέρησις
285 293 293 324 ς
311 285 352 324 Εἰ,
368 283 413 312 ὅτε
441 285 554 323 πάρεστι
575 284 606 312 τὸ
637 282 721 323 εἶδος,
738 282 798 312 τόιε
812 284 831 317 ἦ
845 283 969 321 στέρησις

143 330 195 368 οὔχ
220 328 359 366 ὑπομένει,
382 327 463 362 δηλον
492 327 547 366 ὅτι,
577 328 615 364 μὴ
643 327 773 367 παρόντος
802 331 848 357 τοῦ
870 327 969 363 εἴδους,

145 372 270 411 ὑπομένει
302 373 319 407 ἠ
341 373 475 412 στέρηοις,
500 376 561 405 Πῶς
589 373 633 401 οὖν
656 373 704 401 οὒκ
726 372 798 401 ἔστιν
823 372 921 401 ἄτοπον
942 373 973 400 τὸ

147 417 234 457 λέγειν
264 417 303 456 μὴ
333 419 404 446 εἶναι
426 420 457 446 τὸ
485 417 644 456 ὕπομὲνονς
670 416 776 449 ’¹οντος
799 417 850 457 γάρ
872 417 928 446 ἔστι
943 417 973 445 τὸ

145 463 297 499 ὑπομένειν,
326 463 355 491 Ei
383 462 458 503 ὲτέρα
487 468 570 501 μοῖρα
593 464 643 496 τῆς
670 461 849 494 ἐναντιώσεώς
865 461 935 490 ἔστιν
956 461 974 494 ἠ

144 506 282 547 στέρησις,
313 508 357 536 καὶ
385 508 416 535 τὸ
443 507 591 535 κακοποιὸν
622 506 719 540 ταύτης
748 506 804 535 ἐστὶ
836 507 866 535 τὸ
888 505 973 542 εἶδος,

143 554 202 584 πῶς
230 551 277 580 οὖα.
301 552 357 580 ἔστι
379 553 410 580 τὸ
431 551 505 584 εἶδος
535 551 633 591 ἀγαθόν
661 562 690 580 τε
706 552 751 579 καὶ
766 551 849 580 κακόν
866 561 875 591 ς
891 550 970 589 Ἀγφ

142 596 186 625 οὖν
209 596 258 634 μὶν
280 600 314 635 τῇ
333 596 397 633 ὕλη,
428 597 465 628 ὡς
495 595 527 624 δι’
551 595 629 625 αὑτοῦ
652 595 797 635 ὑπάρχειν⁴
811 599 846 634 τῇ
871 595 922 633 ὕλῃ
943 595 972 622 τὸ

144 641 218 669 obstat
247 641 318 670 εἶναι
337 651 344 658 ·
371 642 455 670 κακὸν
484 639 512 669 δὲ
543 644 579 679 τῇ
607 641 743 680 στερήσει,
773 641 810 672 ὡς
838 640 871 668 δι’
895 639 974 668 αὑτοῦ

145 684 335 725 ἀναιρουμένη.
365 687 395 715 Ei
416 685 472 714 ἔστι
502 696 528 713 τι
560 685 632 713 θετόν
671 695 700 712 τε
729 685 774 712 καὶ
802 685 900 724 ἀγαθὸν
929 682 973 712 καὶ

124 729 250 770 ’ἐφετὸν,
268 731 311 758 καὶ
341 731 400 771 ἔχει
421 731 453 758 τὸ
481 730 609 770 ἐναντίον,
637 730 652 757 ὃ
674 729 722 758 οὐκ
743 728 813 757 ἔστιν
828 728 887 758 οὔτε
902 729 971 771 ἀγατ

146 775 190 803 θὸν
208 774 266 803 οὔτε
282 769 375 815 ἑφετόν
392 783 399 790 ·
429 774 502 804 ἔσται
534 773 584 814 ἄρα
603 769 638 802 ντὺ
662 775 735 802 θεῖον
749 773 847 813 ἀγαθόν
877 784 906 802 τε
931 769 975 801 καὶ

147 820 195 848 οὒκ
210 821 321 859 ἀγαθὸν,
340 820 433 860 ἱφετόν
452 830 481 849 τε
501 821 544 848 καὶ
571 820 618 848 οὐκ
643 819 736 859 ἓφετόθ
753 828 762 837 ·
791 817 830 847 διὸ
845 819 890 847 καὶ
903 817 976 846 Θεῖόν

1011 243 1114 278 pterea
1129 240 1319 280 principium,
1338 241 1406 280 quia
1422 250 1474 281 per
1489 251 1554 272 eam
1578 244 1676 274 evenit
1691 253 1751 274 non
1766 252 1834 275 esse

1012 284 1037 315 ei
1054 285 1131 324 quod
1146 285 1188 315 fit.
1205 284 1361 321 Quomodo
1372 295 1441 325 ergo
1459 286 1637 327 principium
1654 288 1764 319 dicitur
1780 297 1835 319 eo-

1013 337 1077 358 rum
1095 339 1161 368 qua!
1177 329 1260 369 tium,
1279 329 1418 369 privatio?
1440 331 1482 368 Si,
1500 332 1597 371 quand
1609 332 1712 363 oadest
1727 333 1832 369 forma,

1015 377 1085 404 tunc
1102 373 1223 412 privatio
1239 383 1296 405 non
1315 379 1477 415 permanet.
1504 376 1692 416 perspicuum
1715 381 1760 408 est
1776 387 1836 408 non

1016 423 1208 457 permanente
1222 419 1316 449 forma
1332 429 1508 459 permanere
1531 421 1736 460 privationem.
1754 423 1835 458 Quo-

1017 461 1103 491 modo
1118 471 1188 507 ergo
1198 471 1256 493 non
1269 463 1397 494 absurde
1407 463 1516 495 dicitur
1529 473 1587 495 non
1599 474 1665 496 esse
1675 466 1752 506 quod
1764 475 1834 507 per-

1017 505 1212 538 manet?Entis
1226 508 1304 537 enim
1321 514 1365 538 est
1393 518 1578 547 permanere.
1606 508 1635 540 Si
1661 505 1836 551 alterapars

1015 551 1234 582 contrarietatis
1248 555 1294 582 est
1309 553 1478 592 priwtin,et
1493 553 1573 592 quod
1591 553 1660 586 huic
1672 555 1832 592 malefacit,

1014 595 1107 626 forma
1123 595 1163 626 esl
1181 605 1188 627 :
1206 597 1352 636 quomodo
1369 597 1462 628 forma
1476 607 1532 628 non
1549 602 1593 629 est
1609 598 1684 630 bona
1700 604 1729 630 et
1745 599 1834 639 mala,

1015 639 1092 670 bona
1112 640 1232 680 quidem
1253 641 1394 678 materiae,
1407 642 1518 682 quippe
1532 642 1579 673 cui
1596 648 1713 682 praestet
1739 649 1770 675 ut
1797 644 1836 677 sit

1014 684 1191 724 substantia,
1208 687 1282 716 mala
1309 691 1408 717 autem
1437 687 1605 726 privationi,
1623 689 1735 728 quippe
1749 698 1835 729 quam

1014 729 1174 761 aboleat.Si
1192 729 1323 761 divinum
1343 731 1494 771 quidpiam
1512 737 1555 762 est
1571 737 1599 762 et
1615 732 1724 763 bonum
1741 738 1771 764 et
1785 743 1836 764 ex-

1018 775 1190 813 petendum,
1210 779 1237 805 et
1249 775 1431 806 contrarium
1446 775 1546 812 habet,
1561 777 1638 816 quod
1656 786 1710 808 nec
1726 777 1836 809 bonum

1018 822 1061 848 est
1078 828 1130 848 nec
1147 819 1358 859 expetendum;
1375 820 1432 850 erit
1446 829 1515 859 ergo
1531 821 1662 852 divinum
1678 821 1790 852 bonum
1807 827 1836 853 et

149 875 178 893 τε
199 865 243 893 καὶ
265 866 295 893 οὗ
324 867 409 894 θετον.
434 866 463 894 Εἰ
484 865 513 893 ὀὲ
549 864 649 892 ἄτοπον
677 868 767 901 τοῦτο,
799 863 848 892 οὒκ
875 862 918 900 ἄρα

1069 872 1076 892 ι
1094 863 1421 904 bonum,expelendum
1436 868 1466 895 et
1477 874 1534 895 non
1547 866 1838 905 expetendummnde

149 912 221 938 θεῖον
248 911 280 938 τὸ
308 910 408 949 ἀγαθόν
428 920 457 938 τι
479 910 523 938 καὶ
536 910 643 950 ipsein,
659 908 719 949 ἔχει
733 919 760 937 τι
784 908 911 939 ὶναντίον.
940 907 975 936 Τὸ

146 954 197 994 γὰρ
215 954 308 987 ἁπλῶς
337 955 435 994 ἀγαθὸν
464 958 544 983 πᾶσιν
566 954 675 994 ἀγαθὸν,
693 953 722 982 οὗ
745 965 799 983 τισι
825 954 917 992 μόνον.
947 954 976 981 Εἰ

145 999 176 1027 τὸ
206 1000 324 1028 ἐναντίον
357 1004 403 1028 τοῦ
424 999 524 1039 ἀγαθοῦ
562 1000 609 1028 οὐκ
647 998 747 1038 ἐφίεται
776 1001 823 1027 τοῦ
852 997 952 1036 ἀγαθοῦ
967 1003 975 1012 ·

147 1045 245 1084 φθορᾶς
275 1045 325 1084 γὰρ
353 1044 403 1079 τῆς
433 1046 512 1074 αὐτοῦ
542 1044 647 1084 φύσεως
683 1042 794 1083 ἐφίεται,
827 1043 849 1071 εἰ
876 1041 975 1081 inpiant

146 1092 194 1118 τοῦ
214 1089 313 1129 ἀγαιθοῦ
329 1096 336 1104 ·
354 1090 398 1118 καὶ
410 1089 441 1117 τὸ
455 1087 529 1121 εἶδος
552 1089 646 1117 ἑαυτοῦ
671 1089 719 1117 οὐκ
745 1087 845 1128 ἐφίεται
861 1095 869 1103 ⁸
899 1085 977 1129 ἀνεντ

150 1132 207 1166 δεὲς
222 1125 272 1173 γάρ
287 1134 318 1162 τὸ
334 1133 407 1166 εἶδος
425 1143 433 1151 ·
463 1133 518 1161 ’ἐστι
540 1132 568 1161 δὲ
598 1133 628 1161 τὸ
655 1134 729 1162 θεῖον
758 1125 851 1172 ἔφετον
879 1141 908 1160 τε
935 1125 980 1158 καὶ

152 1179 259 1217 ὀρεκτόν
276 1186 284 1194 ·
299 1179 350 1207 τίνι
365 1177 393 1207 δέ
415 1178 508 1219 ὲφετόν
523 1189 552 1207 τε
579 1179 623 1206 καὶ
637 1178 746 1217 ὀρεκτὸν
761 1178 783 1205 εἰ
798 1177 837 1215 μὴ
851 1179 886 1215 τῇ
901 1174 952 1213 ὕλη
967 1184 976 1215 ;

152 1222 311 1263 ’Ἔμψυχος
327 1222 376 1263 ἄρα
394 1223 413 1257 ἠ
436 1223 499 1257 ῧλη.
526 1221 669 1262 Ἐμψύχου
683 1221 734 1262 γάρ
750 1222 805 1250 ἐστι
820 1221 851 1250 τὸ
865 1220 979 1261 ἐφίεσθαι

152 1269 196 1296 ut
218 1267 364 1308 ὀρέγεσθαι.
395 1269 424 1297 Εἰ
440 1266 468 1296 δὲ
489 1267 613 1307 ἔμψυχος
643 1267 661 1302 ἡ
681 1266 745 1307 ὕλη,
766 1269 823 1298 πῶς
848 1265 894 1295 οὐκ
922 1264 978 1293 ἔστι

152 1311 245 1350 ψευδὲς
267 1313 298 1341 τὸ
319 1313 366 1341 οὑκ
381 1313 410 1341 ὃν
432 1312 503 1341 εἶναι
524 1312 592 1341 κατὰ
622 1310 790 1350 συμϐεϐηκὸς
818 1311 868 1344 τὴν
885 1309 951 1344 ὕλην
968 1319 977 1350 ;

151 1353 183 1386 Ἠ
205 1357 256 1397 γὰρ
284 1358 364 1397 ψυχὴ
379 1356 409 1386 ὅν
424 1357 491 1394 ἐστι,
517 1357 561 1385 καὶ
585 1357 616 1385 τὸ
642 1356 735 1397 ψυχὴν
749 1355 816 1396 ’ἐχον
836 1354 865 1384 ὄν
894 1355 976 1384 ἔστιν.

149 1403 190 1440 Εἴ,
217 1404 254 1434 ὡς
281 1401 346 1436 θῆλυ
373 1403 473 1442 ἒφίεται
502 1404 547 1430 τοῦ
561 1401 680 1441 ἄῤῥενος,
700 1401 742 1430 καὶ
758 1402 794 1432 ὡς
811 1400 922 1440 αἰσχρὸν
934 1402 981 1427 τοῦ

147 1446 242 1487 καλοῦ,
265 1447 283 1480 ὴ
305 1446 355 1481 ὕλη
379 1447 480 1487 ἐφίεται
504 1449 550 1474 τοῦ
577 1446 689 1485 ἀγαθοῦ,
716 1445 761 1474 καὶ
788 1444 836 1473 οὒκ
865 1444 936 1472 ἔστιν
959 1443 978 1477 ἢ

149 1491 201 1526 ὕλη
230 1490 288 1520 καθ’
311 1492 374 1520 αὐτὸ
401 1491 468 1526 θῆλυ
493 1492 538 1520 καὶ
560 1491 682 1531 αἰσχρὸν,
708 1489 777 1518 ἀλλὰ
791 1490 859 1519 κατὰ
875 1487 976 1527 συμϐε-

150 1535 247 1577 ϐηκὸς,
277 1535 400 1571 δηλονότι
427 1535 486 1565 οὐδὲ
507 1535 566 1565 καθ’
591 1536 654 1566 αὐτὸ
676 1535 775 1576 ἐφίεται
796 1539 843 1565 τοῦ
864 1534 973 1574 ἀγαθοῦ,

152 1581 221 1610 ἀλλᾶ
249 1583 318 1610 κατὰ
346 1580 526 1619 συμϐεϐηκὸς.
558 1579 661 1610 ’Ἔσται
685 1580 735 1620 ἄρα
748 1581 793 1609 καὶ
806 1580 837 1609 τὸ
852 1583 930 1608 Θεϊον
948 1578 977 1606 οὗ

155 1625 214 1655 καθ’
229 1627 293 1656 αὐτὸ
305 1627 402 1667 ἀγαθόν
417 1637 446 1655 τε
461 1627 505 1655 καὶ
519 1625 611 1666 ἐφετὸν
634 1626 678 1654 ιιαὶ
692 1625 811 1665 ὀρεκτὸν,
828 1623 896 1654 ἀλλὰ
910 1623 978 1652 κατὰ

156 1670 324 1708 συμϐεϐηκός
342 1681 350 1690 ν
378 1671 443 1708 ὅπερ
474 1671 543 1699 ἐστὶν
570 1668 670 1699 ἄτοπον
694 1669 794 1709 λέγειν.
813 1670 843 1698 Εἰ
867 1668 937 1697 ἔστιν
960 1667 979 1701 ἠ

156 1715 208 1751 ὕλη
223 1717 324 1756 γενητὴ
340 1716 388 1755 μὲν
404 1715 446 1744 διὰ
457 1717 488 1744 τὸ
501 1716 531 1744 τὸ
547 1714 632 1754 εῐδος,
648 1715 749 1755 φθαρτὴ
763 1714 790 1743 δὲ
804 1714 847 1743 διὰ
856 1713 905 1748 τὴν
917 1712 978 1741 στέ-

157 1772 246 1800 ρησιν,
263 1760 393 1801 ἀγένητος
415 1760 442 1789 δὲ
472 1759 506 1789 δι’
529 1760 624 1794 ἑαυτὴν
651 1760 695 1788 καὶ
724 1759 853 1799 ἄφθαρτος
871 1768 878 1775 '
904 1757 979 1786 ἔσται

155 1805 205 1846 ἄρα
227 1807 245 1841 ἢ
266 1805 317 1840 ὕλη
341 1805 381 1834 ἂεὶ
405 1805 454 1844 μὲν
481 1806 581 1846 φθαρτή
606 1804 625 1839 ἢ
651 1805 765 1845 γενητη,
794 1803 923 1845 ἄφθαρτος
952 1801 979 1830 δὲ

153 1851 198 1880 καὶ
226 1850 355 1890 ἀγένητος
385 1849 520 1880 οὒδέπετε.
549 1848 606 1878 Ἀεὶ
631 1849 682 1889 γὰρ
711 1848 730 1883 ἢ
758 1849 881 1887 στερήσει
910 1846 977 1876 ὑπό-

153 1906 240 1925 κειται
268 1898 303 1934 τῇ
331 1895 359 1925 ἐν
395 1896 461 1934 αὒτῇ
484 1893 657 1936 φθειρομένη,
677 1893 695 1928 ἢ
723 1897 762 1932 τῷ
790 1892 856 1922 εἴδει
884 1895 923 1930 τῷ
951 1891 979 1920 ἐν

151 1941 221 1979 αὐτῇ
245 1940 407 1980 γιγνομένῳ.
437 1940 472 1969 Τὸ
500 1938 630 1979 ἀγένητον
651 1938 695 1967 ἐπὶ
717 1938 766 1976 μὲν
779 1941 833 1966 τῶν
860 1937 980 1977 γενητῶν

154 1986 204 2020 τὴν
232 1987 357 2026 στέρησιν
386 1985 510 2024 σημαίνει
538 1983 666 2024 γενέσεως
688 1982 833 2021 δυναμένης
863 1981 980 2022 ἔσεσθαι,

154 2030 198 2059 ἐπὶ
212 2029 239 2059 δὲ
260 2033 313 2059 τῶν
328 2029 421 2058 ἀϊδίων
445 2030 494 2063 τὴν
516 2028 650 2068 ἀπὸφασιν
671 2027 760 2061 πάσης
787 2026 910 2067 anputsz
931 2036 980 2065 γε-

156 2075 265 2112 νέσεως,
294 2077 343 2108 τῆς
387 2085 416 2103 τι
445 2073 634 2113 προγεγονυίας
663 2073 706 2100 καὶ
743 2074 792 2106 τῆς
828 2070 977 2110 μελλούσης

157 2119 260 2147 ἔσεσθαι
279 2128 285 2134 ’
315 2121 373 2147 οἷον
396 2120 410 2146 ὁ
430 2117 535 2158 χαλκὸς
557 2118 571 2145 ὁ
600 2115 705 2155 μέλλων
734 2115 838 2144 ἔσεσθαι
863 2113 976 2154 ἀνδριὰς,

157 2164 216 2202 πρὶν
243 2163 352 2202 γένηται
381 2161 500 2202 ἀνδριὰς,
528 2160 658 2201 ἀγένητος
687 2159 793 2200 λέγεται
824 2159 892 2187 κατὰ
914 2158 978 2187 στέ-

158 2219 247 2247 ρησιν,
277 2206 320 2236 διὰ
347 2208 378 2236 τὸ
399 2206 520 2235 δύνασθαι
549 2206 628 2235 αὐτὸν
665 2206 785 2245 γενέσθαι
814 2203 952 2244 ἀνδριάντα
970 2213 977 2220 ·

156 2253 199 2281 ἐπὶ
226 2252 254 2280 δὲ
276 2255 342 2281 Θεοῦ
364 2263 395 2280 τη
423 2251 553 2290 ἀγένητον
580 2250 669 2284 πάσης
697 2249 828 2289 ἀπόφασιν
856 2248 979 2286 σημαίνει

1018 908 1105 938 etiam
1120 907 1253 939 divinum
1270 913 1301 940 et
1319 919 1378 940 non
1394 909 1539 941 divinum.
1552 910 1636 946 Quod
1651 911 1677 941 si
1692 910 1721 941 id
1736 911 1838 942 absur-

1017 952 1087 982 dum
1102 959 1156 988 est.
1175 962 1232 983 non
1250 963 1319 993 ergo
1333 954 1477 992 divinum,
1495 955 1573 995 quod
1596 955 1705 986 bonum
1732 961 1761 987 et
1784 966 1838 987 ex-

1020 997 1179 1037 petendum
1195 1003 1250 1035 est,
1267 998 1357 1029 habet
1370 999 1565 1030 contrarium.
1582 999 1665 1036 Quod
1682 1001 1762 1032 enim
1782 1000 1838 1032 bo-

1019 1050 1089 1071 num
1107 1045 1150 1072 est
1165 1042 1350 1082 simpliciter,
1367 1043 1507 1074 omnibus
1522 1043 1632 1074 bonum
1643 1049 1762 1082 est,non
1777 1045 1840 1086 qui-

1021 1086 1144 1116 busdam
1162 1091 1285 1123 tantum,
1302 1087 1421 1127 Siquod
1434 1088 1511 1118 bono
1526 1089 1706 1119 contrarium
1720 1094 1839 1130 est,non

1020 1130 1134 1170 appetit
1145 1130 1267 1172 bonum;
1285 1141 1344 1162 sua:
1356 1132 1435 1162 enim
1445 1132 1541 1171 ipsius
1555 1134 1839 1174 naturaacorruplio-

1022 1185 1089 1205 nem
1104 1176 1228 1216 appetit,
1243 1177 1267 1206 si
1280 1177 1391 1216 appetit
1406 1175 1536 1214 bonum;
1553 1177 1630 1217 quod
1648 1178 1673 1208 si
1688 1179 1777 1209 etiam
1794 1179 1840 1210 sui

1021 1230 1080 1250 non
1094 1226 1238 1261 appetens
1252 1226 1297 1252 est
1311 1222 1417 1262 forma,
1433 1225 1477 1252 est
1492 1222 1571 1252 enim
1598 1221 1692 1253 forma
1717 1223 1840 1254 minime

1021 1264 1170 1304 indigens;
1187 1270 1230 1296 est
1245 1270 1343 1297 autem
1360 1265 1491 1296 divinum
1500 1266 1700 1306 expetendum
1718 1271 1747 1297 et
1761 1267 1840 1298 desi-

1021 1309 1154 1340 derabile
1167 1321 1174 1328 ο
1192 1310 1307 1341 cuinam
1325 1315 1421 1341 autem
1440 1311 1637 1350 expetendum
1653 1315 1681 1342 et
1693 1311 1841 1343 desidera-

1021 1353 1092 1391 bile,
1109 1354 1167 1385 nisi
1191 1354 1339 1386 materiae?
1358 1355 1493 1386 Auimata
1517 1364 1588 1395 ergo
1614 1356 1747 1387 materia.
1763 1356 1839 1388 Ani—

1023 1397 1091 1429 mati
1107 1399 1185 1430 enim
1202 1403 1249 1430 est
1264 1403 1403 1440 expetere
1415 1404 1444 1430 et
1458 1400 1641 1431 desiderare.
1653 1401 1712 1431 Sed
1732 1401 1758 1431 si
1772 1402 1839 1432 ani-

1021 1448 1097 1474 mata
1113 1444 1246 1485 materia,
1262 1445 1410 1485 quomodo
1433 1454 1490 1474 non
1506 1444 1610 1476 falsum
1627 1450 1669 1476 est
1687 1445 1839 1477 materiam

1019 1497 1071 1528 per
1081 1489 1221 1519 accidens
1232 1498 1289 1519 non
1302 1498 1367 1520 esse
1383 1488 1453 1519 ens?
1469 1490 1542 1520 Nam
1559 1490 1657 1520 anima
1670 1499 1723 1521 ens
1735 1495 1791 1526 est,
1809 1495 1839 1522 et

1018 1533 1095 1573 quod
1108 1534 1238 1564 animam
1254 1533 1354 1572 habet,
1372 1543 1426 1564 ens
1443 1538 1497 1565 est.
1516 1533 1545 1564 Si
1563 1537 1595 1564 ut
1609 1534 1717 1565 femina
1727 1535 1840 1575 appetit

1021 1578 1185 1608 masculum
1202 1583 1231 1609 et
1247 1583 1331 1619 turpe
1348 1579 1515 1619 pulchrum,
1534 1579 1574 1609 ita
1591 1579 1712 1610 materia
1726 1580 1841 1620 appetit

1020 1621 1202 1660 bonum,nec
1218 1627 1262 1653 est
1278 1623 1404 1653 materia
1419 1631 1472 1663 per
1481 1632 1513 1654 se
1525 1622 1635 1655 femina
1646 1628 1675 1654 et
1687 1625 1839 1664 turpe,sed

1021 1676 1073 1707 per
1087 1666 1237 1706 accidens,
1254 1667 1346 1708 liquet
1374 1676 1428 1701 nee
1444 1676 1497 1707 per
1510 1677 1543 1698 se
1567 1672 1756 1708 appetentem
1773 1677 1839 1699 esse

1020 1712 1104 1749 boni,
1118 1711 1169 1742 sed
1186 1720 1239 1752 per
1253 1711 1400 1742 aecidens.
1418 1711 1482 1743 Erit
1497 1721 1566 1752 ergo
1583 1716 1613 1743 et
1628 1712 1760 1743 divinum
1780 1722 1839 1743 non

1021 1765 1073 1796 per
1086 1765 1119 1787 se
1132 1756 1244 1787 bonum
1259 1761 1289 1787 et
1303 1756 1502 1797 expetendum
1513 1761 1543 1787 et
1556 1756 1767 1798 desiderabile,
1787 1758 1839 1788 sed

1021 1810 1075 1841 per
1088 1800 1228 1832 accidens
1245 1812 1252 1830 :
1272 1801 1350 1842 quod
1366 1801 1485 1842 quidem
1501 1801 1664 1832 absurdum
1685 1801 1767 1833 dictu
1783 1806 1837 1834 est.

1020 1845 1052 1877 Si
1068 1850 1114 1877 est
1131 1846 1254 1877 materia
1273 1846 1370 1886 genita
1386 1846 1506 1887 quidem
1524 1851 1645 1887 propter
1657 1845 1794 1886 formam,
1811 1852 1840 1878 et

1020 1891 1220 1931 corruptibilis
1237 1895 1358 1932 propter
1372 1891 1580 1931 privationem,
1594 1890 1725 1931 ingenita
1739 1895 1838 1922 autem

1021 1945 1075 1976 per
1103 1945 1135 1966 se
1164 1939 1193 1966 et
1207 1935 1467 1975 incorruptibilis;
1494 1936 1551 1967 erit
1567 1937 1702 1976 profecto
1717 1937 1840 1968 materia

1021 1989 1140 2020 semper
1157 1980 1276 2020 quidem
1293 1981 1493 2021 corruptibilis
1507 1984 1537 2011 et
1547 1980 1838 2022 genita,incorrupti-

1023 2024 1090 2055 bilis
1105 2029 1202 2056 autem
1219 2029 1248 2056 et
1257 2025 1388 2065 ingenita
1399 2027 1691 2066 nunquam.Semper
1698 2026 1778 2057 enim
1790 2030 1841 2058 aut

1022 2070 1174 2110 privationi
1189 2070 1324 2110 subjecta
1339 2076 1465 2111 est,quae
1478 2070 1509 2101 in
1525 2079 1560 2108 ea
1574 2071 1840 2112 corrumpitur,aut

1020 2115 1120 2146 forma;
1136 2124 1201 2154 quze
1214 2115 1243 2146 in
1260 2125 1295 2146 ea
1309 2120 1480 2156 generatur.
1505 2115 1672 2155 Ingenitum
1689 2115 1719 2146 in
1734 2116 1841 2147 creatis

1019 2160 1109 2190 rebus
1122 2160 1313 2199 privationem
1327 2160 1764 2201 signiﬁcatgenerationis,quae
1774 2170 1840 2192 esse

1022 2205 1157 2244 possit;in
1168 2205 1286 2235 aeternis
1299 2209 1396 2236 autem
1413 2204 1598 2245 negationem
1615 2205 1712 2235 omnis
1723 2206 1839 2243 signiﬁ-

1021 2252 1066 2278 cat
1081 2248 1283 2286 generationis
1298 2255 1328 2279 et
1351 2249 1507 2290 praeterita
1521 2253 1548 2280 et
1565 2249 1680 2280 futurae.
1705 2250 1842 2290 Exempli

158 2297 207 2331 τῆς
237 2295 299 2326 κατ’
316 2297 406 2327 οὖσίαν
426 2295 556 2335 γενέσεως
578 2294 767 2334 προγιγονυίας
793 2304 823 2322 τι
851 2293 894 2322 καθ
909 2305 927 2331 μ

1074 2293 1113 2323 tia
1126 2302 1176 2334 aes,
1193 2294 1271 2334 quod
1286 2293 1417 2324 futurum
1438 2297 1482 2325 est
1497 2298 1602 2331 statua,
1619 2298 1776 2334 antequam
1793 2296 1840 2326 tiat

157 2341 266 2376 λούσης.
299 2341 350 2370 Δύο
375 2340 455 2370 τοίνυν
483 2339 566 2368 ὄντων
595 2341 650 2367 τῶν
674 2341 723 2372 τῆς
750 2337 892 2377 ἀγενησίας
914 2337 979 2377 τρό-

157 2398 228 2426 πων,
254 2387 322 2415 κατὰ
336 2386 415 2414 ποῖόν
430 2385 500 2413 ἐστιν
518 2383 645 2424 ἀγένητος
659 2383 678 2417 ἦ
691 2382 742 2417 ὕλη
760 2393 767 2424 ;
799 2383 828 2412 Ei
843 2382 891 2421 μὲν
911 2381 980 2410 κατὰ

155 2430 293 2471 στέρησιν,
310 2429 439 2470 ἀγένητος
468 2428 517 2468 ἄρα
539 2428 557 2463 ἦ
578 2427 641 2465 ὕλη,
667 2428 757 2468 ὥσπερ
781 2428 795 2457 ὀ
809 2427 913 2469 χαλκός
931 2436 939 2445 ⁸
957 2426 978 2455 εἷ

159 2475 188 2504 δὲ
210 2476 278 2504 κατὰ
293 2475 424 2514 ἀπόφασίν
444 2474 515 2502 ἔστιν
542 2472 561 2507 ἠ
586 2471 638 2506 ῧλη
662 2472 802 2512 ἀγένητος,
833 2471 905 2502 οὐδὲν
931 2471 980 2513 ἄρα

161 2521 261 2562 γίνεται
277 2521 294 2555 ἡ
309 2519 361 2554 ’ὺλη
380 2527 387 2535 ·
411 2518 469 2548 οὕτε
482 2518 513 2546 ’ὃν
528 2517 609 2557 λόγον
624 2516 682 2557 ἔχει
703 2518 716 2546 ὁ
738 2517 841 2558 χαλκὸς
855 2518 921 2558 πρὸς
935 2517 981 2545 τὶιν

160 2565 312 2606 ἀνδριάντα,
341 2566 435 2594 τοῇον
459 2563 564 2592 δύναται
593 2562 668 2602 ἔχειν
694 2563 712 2597 ἢ
742 2562 793 2597 ὕλη
832 2563 898 2603 πρὸς
932 2562 981 2596 τὴν

159 2610 260 2651 οὖσίαν,
280 2611 347 2640 καθὰ
375 2609 452 2638 εἶπεν
473 2606 675 2647 Ἀριστοτέλης,
708 2607 737 2636 Εἰ
761 2607 844 2639 οὕτως
866 2607 936 2636 ἐστὶν
964 2607 982 2641 ἡ

156 2655 209 2690 ὕλη
231 2656 373 2696 ἀγένητος,
396 2655 433 2686 ὣς
450 2655 463 2682 ὁ
478 2653 557 2693 Θεὸς,
571 2652 617 2680 καὶ
639 2651 745 2696 δύναται
770 2652 785 2681 ὁ
811 2653 875 2684 Θεὸς
891 2652 921 2681 ἐκ
935 2655 983 2681 τοῦ

157 2695 289 2739 ἀγενήτου
315 2699 426 2734 ποιῆσαί
453 2709 491 2736 τι,
517 2696 598 2732 δῆλον
623 2697 660 2729 ὡς
689 2695 830 2739 δύναται-ὁ
846 2699 910 2730 Θεὸς
938 2707 983 2737 και

158 2733 189 2773 ἑλέ
217 2733 264 2773 τοῦ
290 2733 382 2777 ἁπλῶς
405 2744 444 2782 μὴ
473 2733 548 2774 ἔντος
576 2742 689 2775 ποιῆσαι
726 2753 763 2774 τι.
792 2733 848 2771 ’Ἢν
863 2743 913 2783 γὰρ
924 2733 984 2783 ἔχεξ

161 2788 399 2823 ἀνιπιτηδςιότητα
427 2789 457 2816 τὸ
483 2787 522 2826 μὴ
544 2786 575 2814 ὃν
601 2786 667 2826 πρὸς
682 2787 713 2815 τὸ
729 2788 768 2822 μὴ
783 2787 901 2827 γενέσθαι
915 2802 940 2819 τι.
959 2792 985 2825 ἐξ

1022 2342 1128 2379 statua,
1145 2338 1285 2370 infectum
1301 2337 1372 2368 558
1396 2338 1506 2369 dicitur
1519 2338 1683 2369 secundum
1700 2340 1840 2379 privatio-

1022 2391 1102 2419 nem,
1118 2383 1187 2424 quia
1203 2388 1298 2424 potest
1310 2383 1375 2414 ﬁeri
1390 2388 1496 2414 statua.
1513 2383 1545 2414 ln
1563 2384 1623 2414 Deo
1640 2387 1738 2414 autem
1754 2384 1839 2424 inge-

1021 2428 1115 2458 nitum
1130 2429 1314 2468 negationem
1322 2428 1420 2459 omnis
1429 2427 1576 2467 signiﬁcat
1585 2428 1787 2466 generationis
1797 2437 1842 2459 se-

1021 2473 1150 2504 cundum
1164 2473 1369 2512 substantiam,
1386 2475 1449 2505 tum
1466 2472 1632 2512 prateritae,
1644 2475 1705 2503 tum
1720 2473 1840 2505 futuras.

1022 2519 1094 2550 Cum
1113 2527 1182 2557 ergo
1198 2519 1256 2549 duo
1273 2518 1331 2549 sint
1348 2517 1470 2558 ingeniti
1484 2517 1574 2548 modi:
1588 2521 1653 2548 utro
1662 2517 1790 2557 ingenita
1798 2522 1842 2548 est

1024 2563 1161 2595 materia?
1176 2564 1207 2594 Si
1223 2563 1341 2603 quidem
1357 2562 1523 2594 secundum
1540 2562 1744 2601 privationem;
1761 2563 1843 2602 inge-

1024 2608 1084 2638 nita
1094 2617 1164 2647 ergo
1180 2608 1349 2647 materia,ut
1363 2617 1414 2640 ωε,
1426 2606 1457 2638 Si
1472 2606 1637 2638 secundum
1653 2607 1841 2645 negationem

1024 2653 1155 2692 ingenita
1170 2653 1293 2684 materia
1305 2656 1370 2690 est;
1387 2652 1461 2683 nihil
1473 2661 1544 2690 ergo
1569 2653 1603 2683 tit
1625 2652 1745 2682 materia
1760 2661 1767 2683 :
1786 2660 1843 2682 nec

1026 2707 1113 2739 quam
1129 2697 1217 2728 habet
1231 2698 1377 2732 rationem
1391 2706 1432 2728 aes
1446 2697 1482 2728 ad
1494 2702 1633 2735 statuam,
1650 2705 1716 2726 eam
1732 2696 1843 2727 habere

1027 2746 1133 2784 potest,
1150 2746 1182 2773 ut
1195 2742 1270 2773 dixit
1292 2742 1477 2778 Aristoteles,
1495 2741 1616 2772 materia
1638 2740 1676 2771 ad
1702 2741 1844 2772 substan-

1028 2788 1109 2820 tiam.
1126 2787 1158 2818 Si
1169 2788 1210 2818 ita
1221 2792 1267 2819 est
1280 2787 1412 2827 ingenita
1435 2786 1569 2825 materia,
1585 2790 1616 2816 ut
1631 2785 1719 2824 Deus,
1735 2794 1771 2817 ac
1785 2795 1845 2827 pos
