1948 3075
95 73 169 108 1517

406 183 606 223 Ἀριστοτέλους
611 206 618 213 .

139 241 150 258 α
170 224 235 258 ’Ὅτι
252 229 300 268 μὲν
316 234 360 258 οὖν
373 230 403 258 οὗ
419 229 527 269 γέγονεν
543 230 557 257 ὁ
582 233 635 261 πᾶς
664 230 784 270 οὐρανὸς,
800 231 859 259 οὔτε
874 230 919 258 ἒν-

100 273 207 313 δέχεται
233 276 375 314 φθαρῆναι,
405 274 522 314 καθάπερ
542 274 611 306 τινές
634 285 727 315 φασιν⁷
763 274 822 303 ἀλλ’
850 275 921 303 ἔστιν

97 318 139 351 εἷς
157 319 200 346 καὶ
216 318 315 356 ἆιίδιος⁷
333 319 422 359 ἀρχὴν
444 319 493 356 μὲν
513 319 557 347 καὶ
581 318 707 354 τελευτὴν
722 320 769 348 οὐκ
783 319 854 360 ἔχων
876 323 922 348 τοῦ

97 366 198 396 παντὸς
215 365 319 400 αἰῶνος,
348 364 420 404 ἔχων
445 363 472 392 δὲ
497 365 542 393 καὶ
563 365 698 405 περιέχων
718 366 746 393 ἓν
770 364 855 402 ἑαυτῷ
877 366 922 393 τὸ,

99 408 205 449 ἄπειρον
221 410 331 449 χρόνον,
349 409 379 438 ἔκ
393 420 422 438 τε
435 412 490 437 τῶν
499 409 645 450 εἰρημένων
660 408 761 443 ἐξέσται
779 408 923 448 λαμϐάνειν

98 454 145 488 τὴν
159 455 259 486 πίστιν,
280 465 291 482 ι)

139 503 226 528 Ταῦτα
254 499 313 538 περὶ
341 502 391 533 τῆς
421 499 564 539 ἀγενησίας
590 505 637 529 τοῦ
664 501 774 540 οὐρανοῦ
801 500 882 528 εἰπὼν
910 501 924 528 ὃ

99 543 287 583 Ἀριστοτέλης
317 544 392 582 (84),
409 544 457 583 ὅροι
485 544 530 573 οἵα
555 543 636 572 πάλιν
659 544 781 584 περὶτῆς
796 545 924 585 γενέσεώς

100 590 180 618 αὐτοῦ
194 588 266 627 λέγει
282 588 310 617 ἓν
324 592 363 626 τῷ
377 590 474 629 πρώτῳ
490 590 552 628 Περὶ
568 591 676 629 οὐρανοῦ
697 589 782 629 λόγῳ.

193 632 255 674 [14.
274 633 322 662 Ἐκ
339 638 380 662 τοῦ
397 634 501 674 πρώτου
515 635 576 671 Περὶ
592 634 701 674 οὖρανοῦ
715 634 820 673 λόγου]

145 690 158 706 ι
178 679 227 708 Καὶ
237 678 320 718 ὀρθῶς
336 678 422 708 ἔοικεν
435 679 453 713 ἡ
469 679 544 719 φύσις
559 680 590 707 τὸ
619 678 718 717 μέλλον
739 678 842 708 ἔσεσθαι
857 679 923 719 ἀγέ-

101 734 179 757 νητον
202 723 246 751 καὶ
275 722 416 764 ἄφθαρτον,
443 722 573 756 ὲξελέσθχι
599 724 630 752 bc
658 727 711 752 τῶν
726 723 849 752 ἐναντίων
865 733 873 740 '
897 724 924 752 ἐν

100 774 160 797 τοῖς
175 767 303 799 ἐναντίοις
318 779 368 806 γαρ
384 769 402 802 ἡ
418 767 520 806 γένεσις
532 769 578 796 καὶ
591 768 608 802 ἡ
624 768 714 808 φθορά.
734 780 749 796 υ

144 815 172 841 El.
192 815 246 841 τῶν
260 812 394 842 ἀδυνάτων
410 813 458 850 μὲν
475 811 547 842 οὐδὲν
562 813 620 841 οὸιε
644 813 724 850 ἐστὶν,
741 813 800 841 οὔτε
823 812 925 842 ἔσεσθαι

100 857 209 887 δυνατόν
227 867 234 874 '
253 857 306 885 ἐστὶ
318 855 346 885 δὲ
360 860 414 885 τῶν
428 856 562 886 ἀδυνάτων
577 858 607 886 τὸ
625 857 723 895 μέλλον
739 857 846 886 ἔσεσθαι
860 857 927 897 ἀγέ-

101 913 180 935 νητον
197 900 258 941 (85)
275 904 344 929 εἰναι
361 900 479 942 ἅναρχόν
493 913 522 930 τε
538 903 582 930 καὶ
607 902 794 941 ἀτελεύτητον,
819 902 884 943 ἕχον
899 913 928 931 τε

101 947 144 974 κειὶ
159 947 286 986 περιέχον
302 945 329 974 ἰν
344 947 428 983 ἑαυτῷ
452 946 498 975 τᾶν
518 946 626 986 ἄπειρον
653 947 751 987 χρόνον
765 955 772 963 ’
790 946 863 975 ἔσται
879 947 928 987 ἄρα

101 991 116 1019 ὁ
143 991 226 1019 ταῦτα
247 990 334 1030 λέγων
364 990 473 1020 ὃυνιτοῡ
503 1002 532 1019 τε
559 993 602 1020 καὶ
630 991 759 1020 ἀδυνάτου
773 992 928 1032 πράγματος

101 1035 204 1074 ἂγνοῶν
221 1035 269 1070 τὴν
279 1034 426 1076 ’διαφοράν.

105 1080 152 1112 15.
170 1079 219 1108 Ἐκ
232 1083 281 1109 τοῦ
294 1080 400 1120 πρώτου
416 1081 478 1120 Περὶ
494 1080 605 1120 οὐρανοῦ
620 1081 701 1121 λόγου
716 1081 929 1122 Ἀριστοτέλους,

345 1125 371 1153 ἒν
387 1128 426 1162 τῷ
439 1125 511 1154 τέλει
526 1129 573 1154 τοῦ
586 1125 680 1165 λόγου.

146 1181 160 1196 α
178 1170 259 1198 Οὐθὲν
286 1170 337 1209 γὰρ
360 1170 413 1198 ἀπὸ
434 1171 601 1208 ταῦτομάτου
633 1170 691 1200 οὔτε
719 1171 850 1211 ἄφθαρτον
871 1171 930 1199 οὔτε

102 1214 233 1254 ἀγένητον
248 1216 307 1243 οἷον
322 1225 351 1242 τε
366 1215 449 1245 εἶναι.
469 1226 482 1244 ι

146 1261 207 1291 Πῶς
232 1260 276 1287 οὗν
305 1259 336 1288 ἄν
362 1270 403 1290 τις
431 1260 579 1288 πιστεύσειε
609 1261 647 1297 τῷ
674 1260 810 1300 ἆμφότερι
826 1259 929 1298 λέγοντι

106 1305 227 1343 περὶτοῦ
241 1305 372 1344 οὺρανοῦ;
391 1304 436 1333 Ἐν
462 1305 511 1342 μὲν
535 1308 574 1342 τῷ
603 1304 719 1343 ἐδεκάτῳ
737 1305 873 1345 κεφαλαίῷ
899 1305 930 1333 τὸ

105 1349 256 1386 αὺτόματον
285 1348 373 1377 αἴτιον
396 1349 467 1377 εἶναι
490 1349 561 1389 λέγει
584 1354 629 1378 τοῦ
652 1351 773 1390 οὗρσινοῦ,
801 1350 828 1378 ἐν
844 1349 871 1378 δὲ
892 1350 930 1388 τῷ

102 1392 313 1432 τρισκαιδεκάτῳ
327 1393 446 1434 ἅναρχόν
476 1404 504 1422 τε
533 1394 577 1422 καὶ
602 1393 733 1434 ἀγένητον
747 1395 792 1423 τὸν
821 1395 930 1434 οὐρανὸν

103 1438 177 1466 εἶναι
193 1437 277 1477 λέγει.

219 1482 267 1515 16,
285 1483 333 1512 ἘΛ
347 1483 394 1512 τοῦ
407 1482 527 1523 δευτέρου
538 1483 619 1523 λόγου
633 1486 683 1518 τῆς
699 1487 819 1518 Φυσικῆς

423 1523 590 1563 Ἀκροάσεως
595 1548 602 1555 .

147 1579 160 1595 ι
182 1568 273 1596 Διτταὶ
287 1566 314 1596 δέ
328 1568 411 1608 ἁρχαὶ
426 1569 451 1597 αἱ
467 1573 598 1598 κινοῦνται
613 1572 730 1609 φυσικῶς
747 1578 756 1587 ’
771 1570 809 1597 ὧν
823 1569 840 1602 ἡ
855 1569 932 1608 ἓτέρα

105 1613 136 1641 οὔ
157 1614 255 1652 φυσική
272 1620 280 1628 ⁸
307 1613 337 1641 οὒ
358 1614 408 1652 γὰρ
432 1612 491 1653 ἔχει
513 1614 644 1649 κινήσεως
669 1613 758 1653 ἀρχὴν
783 1613 810 1642 ἐν
837 1613 930 1651 ἑαυτῇ.

104 1661 229 1686 Τοιοῦτον
248 1656 277 1685 δέ
291 1657 362 1687 ἐστιν
378 1656 406 1686 εἴ
426 1669 451 1686 τι
482 1664 553 1687 κινεῖ
567 1658 606 1696 μὴ
622 1658 777 1696 κινούμενον
793 1666 801 1674 ’
818 1658 887 1686 ὥστε
901 1657 932 1686 τό

102 1713 133 1731 τε
155 1701 292 1735 παντελῶς
308 1702 434 1736 ἀκίνητον
447 1703 491 1731 καὶ
504 1703 536 1731 τὸ
551 1703 659 1732 πάντων
673 1703 788 1743 πρῶτον.
810 1713 822 1732 ι

147 1795 207 1824 Πῶς
223 1791 254 1820 ἂν
269 1794 314 1820 οὖν
328 1792 448 1828 κινήσειε
461 1793 580 1832 φυσικῶς
608 1793 626 1826 ἡ
654 1792 739 1832 ἀρχὴ,
755 1793 773 1826 ἡ
789 1792 859 1830 μήτε
880 1803 933 1832 φυι-

105 1837 170 1872 σικὴ
189 1837 267 1875 οὖσα,
296 1837 366 1875 μήτε
396 1837 463 1866 κατᾶ
479 1837 554 1877 φύσιν
582 1841 690 1867 κινοῦσα
709 1846 718 1874 ;
744 1839 784 1875 Τῇ
798 1837 848 1876 γὰρ
864 1837 933 1875 μόνῃ

105 1884 206 1922 φυσικῇ
235 1882 310 1922 ἀρχῇ
330 1884 365 1920 τῇ
389 1882 458 1910 κατὰ
480 1882 557 1922 φύσιν
581 1882 691 1921 κινούσῃ
706 1881 850 1910 ἀκόλουθόν
878 1881 933 1910 ἐστι

103 1928 137 1955 τὸ
163 1927 280 1967 φυσικῦς
303 1933 399 1957 κινεῖν.
424 1927 453 1955 Εἰ
474 1927 548 1967 ἀρχὴ
568 1928 586 1961 ἡ
610 1927 650 1965 μὴ
671 1926 736 1956 οὖσα
760 1926 858 1967 φυσικὴ
887 1928 935 1959 οὒκ

105 1970 166 2012 ἔχει
182 1971 209 2000 ἐν
226 1971 306 2010 ἑαυτῇ
320 1971 409 2012 ἀρχὴν
435 1972 581 2009 κινήσεως,
609 1971 702 2011 δῆλον,
732 1970 774 2000 ὅτι
803 1972 821 2005 ἡ
836 1971 935 2011 φυσικὴ

105 2017 180 2056 ἁρχὴ
195 2016 257 2056 ’ἔχει
273 2016 301 2044 ἐν
316 2016 398 2054 ἑαυτῇ
422 2016 511 2057 ἀρχὴν
535 2017 680 2052 κινήσεως.
706 2015 782 2045 Ἀλλ’
795 2017 812 2051 ἡ
828 2016 902 2057 ἀρχὴ
917 2017 935 2050 ὴ

411 75 652 111 CONFUTATIO
672 78 913 115 QUORUMDAM
935 78 1187 111 ARISTOTELIS
1209 80 1436 112 DOGMATUM.

206 142 253 175 13'
271 143 320 173 Ἐκ
333 148 382 180 τοῦ
397 143 516 184 δευτέρου
530 144 592 184 Περὶ
607 144 716 184 οὖροινοῦ
730 144 809 184 λόγου
923 150 942 173 Α

1703 79 1779 112 1518

1014 143 1063 175 13.
1082 144 1131 175 Ea:
1144 145 1273 176 secundo
1290 145 1367 176 libro
1382 145 1553 177 Aristotelis
1572 145 1614 177 De
1636 145 1720 178 calo.

1221 185 1271 222 lib,
1291 194 1320 222 ll,
1335 195 1360 216 ε.
1379 186 1406 222 1,
1426 195 1455 226 p.
1470 186 1540 217 283.

1003 241 1016 256 α
1033 229 1145 260 Caelum
1172 230 1342 260 universum
1367 230 1497 268 genitum
1514 240 1573 261 non
1589 240 1667 270 esse,
1686 241 1784 273 neque

962 274 1081 304 interire
1098 283 1194 313 posse,
1212 279 1243 304 ut
1257 274 1392 305 nonnulli
1408 274 1522 312 dicunt,
1540 275 1592 306 sed
1613 285 1704 307 unum
1719 285 1785 308 esse

963 322 993 349 et
1007 325 1162 359 m'ernum,
1180 319 1356 359 principium
1372 319 1493 359 quidem
1509 324 1538 351 et
1553 321 1642 351 ﬁnem
1660 331 1719 352 non
1735 322 1784 353 ha-

964 362 1037 393 bens
1054 363 1106 393 aevi
1123 364 1415 401 universi,inlinitum
1430 367 1530 396 autem
1546 369 1662 406 tempus
1678 367 1706 397 in
1720 367 1780 397 sei-

964 416 1017 447 pso
1033 407 1145 438 bal-ens
1170 412 1198 439 et
1219 409 1434 448 complectens,
1453 409 1541 440 ﬁdem
1569 419 1604 441 ea
1627 420 1693 450 quae
1717 415 1786 441 sunt

965 451 1043 482 dicta
1056 451 1151 484 facere
1169 457 1302 492 possunt.
1320 466 1333 481 ι›

1006 496 1073 527 Hinc
1081 497 1256 528 Aristoteles
1268 498 1304 529 de
1316 499 1390 530 coelo
1399 499 1530 539 ingenito
1544 499 1708 532 dixit.Vide
1720 509 1786 541 quae

965 541 1003 572 de
1017 542 1209 580 generatione
1224 542 1304 573 illius
1318 543 1395 574 dicat
1411 543 1442 574 in
1455 545 1550 584 primo
1563 544 1604 575 De
1615 544 1686 576 calo
1696 545 1785 577 libro.

1026 629 1086 671 111.
1104 630 1153 662 Ea:
1165 634 1265 671 primo
1279 631 1355 663 libro
1372 633 1414 664 De
1428 633 1511 670 coelo,
1528 633 1581 664 lib.
1597 642 1616 670 ι,
1638 643 1665 666 c.
1682 634 1744 674 12.]

1011 687 1020 703 ι
1041 674 1076 705 Ει
1089 680 1170 707 recte
1187 676 1300 706 videtur
1317 681 1420 708 natura
1436 678 1465 708 id
1481 678 1558 718 quod
1568 677 1698 709 futurum
1711 683 1789 710 esset

965 719 1130 759 ingenitum
1147 725 1175 752 et
1190 721 1422 761 incorruptibile.
1448 724 1605 754 contrariis
1628 725 1785 755 exemisse.

967 765 1001 795 In
1016 765 1172 795 contrariis
1187 765 1267 796 enim
1281 766 1431 805 generatio
1446 771 1474 797 et
1489 766 1638 799 interitus.
1653 780 1665 797 ι

1009 810 1039 840 Si
1057 819 1154 840 rerum
1171 810 1399 850 impossibilium
1422 811 1504 842 nulla
1518 816 1565 844 est
1580 817 1631 843 aut
1647 822 1711 843 esse
1735 822 1789 853 po-

968 857 1044 884 test:
1063 859 1108 885 est
1123 859 1222 885 autem
1237 864 1287 886 res
1298 855 1503 897 impossibilis,
1520 860 1552 887 ut
1566 857 1643 897 quod
1659 857 1790 888 futurum

969 903 1014 930 est
1030 899 1194 938 ingenitum
1218 900 1257 930 sit
1270 908 1304 930 ac
1319 900 1466 941 principio
1487 906 1516 932 et
1532 901 1591 932 ﬁne
1609 906 1719 940 careat,
1735 903 1791 933 ha-

970 942 1098 984 be..tque
1113 948 1139 974 el
1158 945 1376 984 complectatur
1389 945 1420 976 in
1436 945 1534 986 seipse
1550 946 1698 977 inﬁnitum
1715 951 1792 978 tem-

973 997 1039 1028 pus;
1056 989 1113 1019 erit
1131 998 1200 1028 ergo
1216 989 1266 1029 qui
1291 989 1353 1020 hinc
1378 990 1461 1029 dicit,
1487 990 1672 1031 possibilium
1688 995 1717 1024 et
1732 991 1792 1022 im-

973 1033 1159 1072 possibilium
1176 1033 1352 1065 diﬁereutiae
1367 1034 1498 1073 ignarus.

972 1079 1021 1110 15.
1039 1080 1089 1110 E1:
1099 1081 1199 1120 primo
1214 1079 1293 1111 libro
1308 1080 1480 1113 Aristotelis
1496 1082 1537 1114 De
1556 1085 1643 1122 calo,
1666 1084 1700 1115 in
1719 1082 1792 1123 ﬁne.

1016 1177 1028 1191 ιι
1047 1163 1124 1195 Nihil
1136 1165 1215 1196 enim
1227 1165 1306 1205 quod
1322 1165 1443 1197 fortuito
1455 1167 1497 1206 ﬁt,
1511 1166 1737 1207 incorruptibile
1745 1171 1792 1198 aut

972 1209 1136 1248 ingenitum
1148 1219 1213 1241 esse
1228 1215 1338 1250 potest.
1349 1221 1363 1242 ›

1013 1253 1168 1290 Quomodo
1184 1264 1254 1294 ergo
1271 1255 1360 1286 ﬁdem
1372 1255 1439 1296 quis
1454 1256 1482 1286 ei
1497 1255 1668 1296 habeat,qui
1679 1261 1791 1287 utrum-

972 1307 1030 1338 que
1046 1299 1083 1329 de
1099 1299 1173 1329 coelo
1191 1299 1376 1339 pronuntiat?
1389 1299 1462 1331 Nam
1476 1301 1507 1331 in
1519 1301 1677 1332 undecimo
1698 1301 1795 1342 capite

973 1342 1126 1374 fortuitum
1145 1353 1232 1374 causa
1247 1344 1320 1375 dicit
1337 1353 1403 1376 esse
1411 1345 1479 1376 cceli
1493 1353 1611 1377 causam
1630 1349 1679 1376 :at
1694 1346 1723 1375 in
1738 1345 1794 1376 de-

971 1387 1050 1418 cimo
1066 1388 1152 1418 tertio
1168 1388 1274 1419 coelum
1292 1389 1438 1430 principio
1450 1394 1479 1420 et
1488 1389 1679 1429 generatione
1694 1391 1734 1420 ait
1745 1399 1794 1421 ca-

939 1439 959 1465 C
971 1441 1038 1463 rere
1043 1455 1049 1462 .

973 1480 1022 1512 16.
1039 1480 1089 1511 Ex
1103 1481 1232 1512 secundo
1254 1481 1333 1513 tihro
1355 1481 1520 1513 Naturalis
1543 1481 1794 1514 Auscultationis.

1224 1521 1276 1552 lib.
1293 1529 1314 1559 ι,
1331 1531 1358 1552 c.
1378 1522 1425 1558 t2,
1441 1531 1469 1562 ρ.
1486 1522 1556 1554 283.

1017 1580 1030 1594 ι
1048 1567 1113 1598 Duo
1125 1572 1222 1599 autem
1230 1572 1299 1599 sunt
1307 1569 1457 1608 principia
1471 1578 1537 1609 quae
1553 1569 1724 1600 naturaliter
1735 1578 1797 1600 mo-

973 1617 1039 1643 vent
1059 1624 1065 1641 :
1081 1622 1207 1653 quorum
1221 1613 1345 1644 alterum
1363 1613 1495 1644 naturale
1510 1623 1570 1644 non
1586 1618 1703 1650 est,non
1715 1614 1795 1644 enim

973 1657 1004 1688 in
1020 1657 1119 1697 seipso
1135 1657 1224 1689 habet
1233 1658 1373 1688 motionis
1386 1658 1732 1698 principium.Ejusmodi
1743 1668 1794 1689 ve.-

974 1711 1007 1733 ro
1023 1706 1067 1732 est
1081 1701 1106 1732 si
1117 1702 1187 1742 quid
1202 1705 1328 1742 moveat,
1347 1711 1415 1733 cum
1430 1702 1528 1743 ipsum
1554 1712 1614 1734 non
1630 1707 1794 1741 moveatur,

973 1750 1078 1787 utpote
1092 1746 1245 1778 immobile
1260 1756 1393 1787 prorsus,
1412 1751 1442 1778 et
1456 1748 1589 1778 omnium
1606 1747 1747 1788 primum.
1761 1761 1772 1776 υ

1015 1791 1170 1828 Quomodo
1186 1791 1274 1831 igitur
1288 1796 1403 1823 moveat
1419 1792 1594 1824 naturaliter
1603 1793 1794 1833 principium,

974 1837 1052 1877 quod
1069 1845 1165 1876 neque
1181 1837 1315 1867 naturale
1331 1841 1386 1874 est,
1404 1845 1503 1878 neque
1525 1837 1689 1870 secundum
1707 1842 1794 1869 natu-

974 1891 1038 1912 ram
1050 1884 1161 1913 movet?
1169 1880 1229 1912 Soli
1241 1882 1319 1912 enim
1331 1882 1457 1913 naturali
1467 1882 1614 1922 principio
1630 1883 1794 1913 secundum

975 1930 1109 1957 naturam
1122 1925 1249 1956 moventi
1264 1925 1437 1966 adjunctum
1454 1931 1499 1957 est
1514 1926 1687 1958 naturaliter
1699 1936 1795 1957 move-

975 1972 1054 2003 re.Si
1070 1970 1343 2011 principium,quod
1360 1971 1491 2002 naturale
1506 1980 1566 2002 non
1583 1976 1638 2011 est,
1650 1972 1678 2002 in
1695 1972 1796 2011 seipso

977 2015 1153 2057 principium
1167 2015 1305 2046 motionis
1322 2025 1379 2046 non
1396 2016 1494 2056 habet,
1508 2016 1602 2056 liquet
1616 2016 1794 2056 principium

105 2061 196 2101 ἀρχὴν
212 2061 241 2101 ἕχ
248 2071 314 2090 ouem
329 2060 377 2107 ουκ
401 2060 473 2090 ἔστιν
487 2061 574 2107 ᾇρχή.
644 2061 671 2107 ἓν
685 2067 744 2093 τοῖς
760 2060 927 2107 ἀ-ίίδίωςΔᾷγε-

1009 2060 1111 2107 iturale
1138 2059 1302 2107 habere_in
1318 2069 1350 2107 se
1366 2060 1544 2107 principium
1567 2061 1716 2092 motionis.
1738 2062 1796 2107 Sed

105 2107 199 2142 νητοις
228 2105 302 2135 οὐδὲν
319 2104 424 2139 οὐδενὸς
454 2106 582 2145 πρότερον
604 2106 622 2140 ἢ
644 2105 753 2146 ὕστερον
767 2106 838 2134 εἶναι
852 2104 927 2134 δύνεις

1009 2104 1168 2145 ’ἰηοίρίιιιη,
1187 2104 1265 2145 quod
1283 2104 1463 2144 principium
1479 2103 1644 2142 habet,non
1656 2109 1701 2135 est
1717 2105 1798 2144 prin-

107 2161 163 2188 ται,
185 2153 243 2183 πῶς
255 2151 273 2184 ἠ
294 2150 368 2190 ἀρχὴ
383 2150 520 2189 ἀκίνητος,
538 2151 555 2185 ἡ
574 2151 613 2188 μὴ
640 2150 796 2188 κινουμένη,
812 2151 927 2188 κινοῦσα²

1009 2149 1098 2190 pium.
1117 2149 1148 2180 Si
1164 2151 1193 2179 in
1209 2149 1266 2189 his,
1283 2158 1349 2189 quae
1372 2150 1554 2189 sempiterne
1569 2149 1700 2189 ingenita
1715 2155 1794 2188 sunt,

106 2195 216 2224 πάντων
231 2195 337 2234 πρῶτόν
351 2194 435 2234 ἐστιν,
450 2195 469 2229 ἢ
483 2195 553 2227 ὅλως
567 2195 641 2235 ἀρχή
659 2204 668 2232 ;

1009 2195 1089 2225 Illum
1104 2193 1161 2224 alio
1175 2194 1255 2233 prius
1271 2198 1320 2224 aut
1336 2194 1484 2234 posterius
1499 2203 1565 2225 esse
1581 2198 1677 2235 potest
1694 2203 1700 2225 :
1718 2204 1795 2235 quo»-

110 2238 200 2269 modo
211 2237 401 2278 principium,
418 2238 497 2279 quod
513 2238 667 2270 immobile
682 2241 790 2276 est,aut
803 2247 865 2270 non
880 2243 1027 2277 movetur,
1053 2239 1186 2280 quamvis
1208 2243 1334 2275 moveat,
1360 2238 1492 2268 omnium
1517 2238 1642 2279 primum
1669 2244 1723 2277 est,
1749 2243 1798 2270 aut

107 2282 233 2314 omnino
254 2282 434 2323 principium
448 2284 462 2313 τ

149 2329 163 2358 1
172 2328 199 2358 7.
216 2327 265 2357 Ἐκ
281 2328 329 2357 τοῦ
345 2328 430 2368 τρίτου
444 2327 524 2368 λόγου
538 2330 588 2362 τῆς
599 2328 682 2363 αὑτῆς
697 2329 890 2369 πραγματείας.

153 2429 165 2447 ι
187 2421 238 2447 Τοῦ
252 2417 280 2446 δὲ
295 2417 367 2446 εἶναι
383 2416 490 2458 ἄπειρον
513 2417 563 2452 τὴν
584 2418 676 2446 πίστιν
697 2416 876 2456 λαμϐάνουσιν
905 2418 934 2448 ἔκ

108 2474 139 2492 τι
154 2464 202 2492 τοῦ
213 2463 313 2504 χρόνου
330 2473 338 2480 ·
358 2466 433 2495 οὗτος
448 2463 498 2503 γὰρ
526 2462 634 2502 ἄπειρος
648 2463 720 2491 ἔστιν
737 2470 744 2478 ⁸
761 2462 799 2491 ἔτι
812 2463 880 2503 (86)
897 2465 934 2502 τῷ

110 2508 196 2541 οὕτως
210 2508 241 2536 ἂν
257 2508 346 2546 μόνως
369 2509 408 2546 μὴ
430 2507 582 2537 ὑπολείπειν
610 2507 712 2547 γενέσιν
741 2508 789 2536 καί
804 2509 900 2548 φθορὰν
914 2513 936 2541 εἰ

108 2553 220 2593 ἄπειρον
234 2552 292 2591 εἴη,
310 2551 368 2582 ὅθεν
383 2552 536 2593 ἀφαιρεῖται
549 2552 581 2580 τὸ
595 2552 746 2592 γινόμενον.
763 2562 779 2581 ι

154 2599 183 2627 Εἰ
198 2599 213 2626 ὁ
228 2597 326 2638 χρόνος
338 2597 379 2626 ἀεὶ
401 2597 428 2626 ἐν
443 2600 481 2635 τῷ
495 2597 611 2637 γίνεσθαι
626 2597 658 2625 τδ
673 2596 745 2625 εἶναι
771 2596 843 2638 ἔχει,
865 2599 895 2626 τὸ
910 2597 937 2626 δὲ

108 2642 268 2684 γιγνόμενον
296 2643 348 2683 πρὸ
368 2646 415 2672 τοῦ
438 2643 555 2682 γίνεσθαι
577 2641 625 2670 οὐκ
645 2641 689 2680 ἧν,
706 2644 765 2673 πῶς
791 2641 900 2682 ἄπειρος
923 2644 937 2671 δ

154 2710 217 2751 (84)
245 2705 273 2739 ’0
303 2710 504 2750 Ἀριστοτέλης.
534 2710 701 2742 Articulum
739 2708 938 2750 suppeditavit

113 2750 387 2832 ςΔγόνητον.
414 2790 488 2830 Reg.
513 2793 526 2821 1
552 2790 696 2831 ἀγέννητον
720 2794 749 2821 et
772 2790 814 2822 sic
834 2788 866 2820 in
886 2797 938 2821 se-

974 2329 1044 2360 562
1060 2330 1108 2361 17.
1123 2328 1174 2359 Ea:
1187 2328 1276 2368 tertio
1292 2328 1369 2359 libro
1382 2328 1510 2368 ejusdem
1525 2329 1794 2367 remmentuu'onis,

1213 2367 1266 2400 lib.
1283 2376 1327 2406 III,
1345 2378 1371 2398 ο.
1386 2367 1416 2406 5,
1434 2378 1463 2408 p.
1479 2367 1550 2400 203.

1018 2416 1185 2447 «Inﬁnitum
1201 2415 1371 2452 esse,ﬁdem
1388 2416 1477 2445 etiam
1490 2418 1627 2446 astruunt
1636 2423 1671 2446 ex
1683 2419 1795 2456 tempo-

974 2471 1019 2501 re;
1031 2461 1061 2492 id
1076 2460 1156 2492 enim
1178 2459 1327 2490 inﬁnitum
1346 2468 1352 2490 :
1372 2460 1481 2491 deinde
1508 2460 1564 2491 hoc
1589 2461 1796 2491 tantummodo

978 2505 1130 2548 generatio
1146 2509 1175 2536 et
1189 2505 1340 2544 corruptio
1355 2513 1414 2535 non
1431 2504 1583 2542 deﬁcient,
1599 2505 1625 2535 si
1647 2505 1795 2536 inﬁnitum

977 2551 1066 2588 sit,ex
1080 2549 1158 2592 quod
1169 2549 1292 2590 id,quod
1309 2550 1592 2590 pergenerationem
1600 2550 1795 2590 ﬁt,eruatur.n

1018 2597 1048 2628 Si
1068 2601 1185 2635 tempus
1213 2603 1332 2634 semper
1346 2595 1376 2625 in
1391 2604 1427 2626 eo
1449 2594 1528 2635 quod
1543 2599 1713 2634 generetur,
1730 2603 1796 2625 esse

979 2641 1079 2678 habet;
1095 2640 1174 2681 quod
1188 2643 1289 2670 autem
1299 2643 1590 2680 geratur,antequam
1603 2642 1798 2678 generaretur

977 2706 1136 2749 quentibus
1150 2705 1236 2749 logis-

1019 2746 1256 2788 (86)7”§1_L_Han_c
1270 2756 1372 2778 vocem
1388 2756 1423 2779 ex
1438 2747 1596 2779 Aristotele
1611 2746 1797 2787 desumptam

977 2785 1106 2820 restituit
1114 2785 1299 2827 Sylhurgins.
