1948 3075
173 135 249 168 1523
519 139 725 172 APPENDIX.
753 155 787 161 —
811 139 918 171 PARS.
942 138 964 168 Ι.
988 137 1018 168 S.
1041 137 1187 171 JUSTINI
1210 139 1334 171 OPERA
1356 139 1503 171 SPCRIA.
1784 135 1861 169 1524

210 203 313 245 Itaque
327 205 353 236 si
371 206 483 245 primus
496 206 578 237 locus
594 210 683 244 est,et
699 206 866 246 posteriora
881 215 948 244 qua
962 203 979 234 it

1094 205 1106 233 ηἰ
1134 206 1218 233 τοίνυν
1249 208 1352 245 πρῶτος
1375 206 1390 234 ὁ
1411 205 1504 242 τόπος,
1527 206 1571 233 καὶ
1595 205 1692 244 ὕστερα
1712 205 1746 232 τὰ
1769 204 1797 232 ἐν
1826 207 1863 240 τῷ

170 248 236 280 loco
252 254 330 287 sunt,
355 251 483 282 naturali
499 250 627 291 quadam
644 251 834 286 necessitate,
848 254 932 290 prout

1095 261 1108 286 p
1137 253 1236 290 φυσικῇ
1259 250 1375 290 ἀνάγκῃ,
1399 251 1484 283 καθὼς
1511 251 1590 279 εἶπεν
1611 251 1626 278 6
1657 246 1790 286 Ἡσίοδος,
1821 249 1864 276 καὶ

171 293 212 324 xit
225 294 382 332 Hesiodus,
400 295 447 325 cui
463 295 638 326 Aristoteles
651 300 740 327 rectae
761 295 940 326 ratiocinatio

1093 294 1265 328 Αριστοτέλης
1294 296 1528 335 προσεμαρτύρησε
1547 296 1581 330 τῇ
1602 298 1648 323 τοῦ
1681 295 1763 334 λόγου
1786 293 1862 332 ὀρθό-

171 338 373 370 testimonium
391 340 493 371 tribuit
510 349 516 371 :
534 340 681 380 quomodo
707 350 765 370 nou
790 343 940 380 repugnat

1112 347 1119 353 '
1152 341 1208 370 πῶς
1230 339 1277 368 οὒκ
1305 340 1360 368 ’ἐστι
1389 341 1442 368 τῶν
1468 339 1615 379 ἀδυνάτων,
1648 341 1676 368 τὸ
1691 340 1737 368 τὸν
1752 338 1817 366 ὄντα
1839 337 1865 365 ἐν

172 383 292 420 εωιυιη,
307 384 386 424 quod
401 384 432 415 in
447 385 512 416 loco
525 388 579 421 est,
592 384 710 415 dicatur
724 384 941 424 ingenitumﬂtl

1097 383 1172 420 τόπῳ
1202 385 1309 424 οὐρανὸν
1339 384 1427 424 λέγειν
1441 384 1572 424 ἀγένητον
1589 395 1597 424 ;
1613 388 1697 414 Τοῦτο
1722 383 1774 422 γὰρ
1806 383 1865 412 ἴσον

173 427 252 458 enim
282 431 339 470 est,
356 438 390 460 ac
417 429 442 461 si
466 429 549 461 dicas
579 434 647 461 ante
677 429 840 469 ingenitum
865 439 930 460 esse

1036 427 1091 457 ἐστὶ
1105 431 1144 465 τῷ
1157 428 1258 468 λέγειν,
1271 431 1322 470 πρὸ
1335 431 1383 458 τοῦ
1396 430 1526 470 ἀγενήτου
1541 429 1612 458 εἶναι
1628 431 1658 457 τὰ
1672 428 1801 468 γενητόν.

173 472 280 505 nilum.

253 517 303 549 25.
324 518 370 550 Ex
384 518 488 550 eodem
504 518 594 554 libro,
607 518 661 551 lib.
679 527 719 556 1v,
738 519 806 556 c.4,
825 518 934 559 p311.

864 518 897 549 21
907 519 917 548 Ἰ
927 541 934 547 .
1257 518 1308 550 25.
1325 517 1373 548 Ἐκ
1387 524 1433 549 τοῦ
1448 520 1527 549 αὐτοῦ
1540 518 1632 558 λόγου.

217 575 230 589 ι
249 561 346 594 Primo
357 563 477 603 quidem
490 563 741 595 considerandum
754 568 798 594 est
810 571 986 603 nequaquan

1119 566 1228 601 Πρῶτον
1241 563 1291 601 μὲν
1306 565 1351 592 οὖν
1366 563 1409 593 δεῖ
1436 567 1614 600 κατανοῆσαι,
1629 563 1670 591 ὅτι
1686 565 1734 592 οὐκ
1756 561 1788 589 ἂν
1805 561 1867 598 ἐζη-

174 607 237 638 l'ore
253 614 284 638 ut
299 607 382 639 locus
396 609 652 648 quzereretur,nisi
669 614 765 640 motus
782 614 862 639 esset
876 608 906 639 in
919 607 943 638 lo

1100 619 1114 636 ο
1129 609 1142 636 6
1158 606 1254 646 τόπος,
1271 609 1293 636 εἶ
1308 608 1348 646 μὴ
1377 609 1395 642 ἦ
1426 609 1527 642 κίνησις
1552 609 1584 642 ἦν
1599 609 1617 642 ἦ
1632 608 1700 636 κατὰ
1713 609 1760 635 τὸν
1775 607 1868 636 τόπον.

176 651 245 683 Ideo
261 654 340 684 enim
357 653 446 684 etiam
470 655 577 685 coelum
590 653 772 685 arbitramur
789 653 916 684 maxime
931 662 945 683 e

1118 653 1168 692 γὰρ
1197 653 1275 682 τοῦτο
1303 654 1347 681 καὶ
1374 654 1419 682 τὸν
1445 654 1552 693 οὒρανὸν
1578 653 1686 691 οἰόμεθα
1709 651 1828 690 μάλιστα
1843 651 1868 678 ἐν

174 697 204 727 in
221 697 298 734 loco,
311 697 381 737 quia
392 707 512 738 semper
527 699 557 729 in
569 702 649 729 motu
662 703 717 730 est.
736 710 747 726 ι

736 710 747 726 ι
1038 700 1077 734 τῷ
1092 697 1178 734 τόπῳ,
1195 697 1235 725 ὅτι
1256 697 1297 726 ἀεὶ
1312 697 1338 726 ἐν
1356 699 1471 733 κινήσει,
1491 709 1504 725 ι

215 742 247 773 Si
262 742 327 773 ﬁeri
339 752 398 773 non
415 747 513 783 potest
538 747 568 774 ut
599 743 762 783 ingenitum
789 743 890 782 genito
917 742 984 774 indi-

1101 740 1248 771 ἰᾶδύνατόν
1271 743 1327 771 ἑστι
1350 743 1381 771 τὸ
1402 742 1534 782 ἀγένητον
1556 743 1623 781 πρὸς
1650 742 1682 770 τὸ
1697 743 1769 770 εἶναι
1784 751 1814 768 τε
1829 741 1869 768 καὶ

173 790 250 827 geat,
269 791 300 818 ut
314 787 353 818 sit
367 790 396 818 et
412 792 575 826 moveatur,
593 788 659 819 ﬁeri
675 792 756 818 certe
773 796 832 818 non
854 791 938 828 potes

1102 797 1106 818 :
1134 787 1165 814 τὸ
1180 788 1320 820 κινηθῆναι
1337 787 1439 816 δεῖσθαι
1461 788 1508 815 τοῦ
1536 790 1662 827 γενητοῦ,
1678 785 1807 814 ἀδύνατον
1823 784 1871 823 ἄρα

174 831 281 862 caelum
297 831 335 862 sit
349 831 647 872 ingenitumJudiget
662 832 742 863 enim
754 832 820 863 loco
838 836 868 862 ut
882 836 910 862 et
921 831 943 862 si

1101 832 1208 871 οὐρανὸν
1234 833 1307 860 εἶναι
1330 832 1471 871 ἀγένητον.
1504 831 1656 861 Ἐπιδεέται
1682 831 1732 871 γὰρ
1755 831 1803 859 τοῦ
1823 836 1869 858 τό-

174 880 336 908 moveatur.

1039 886 1091 904 που
1104 877 1170 916 πρὸς
1185 877 1215 904 τὸ
1236 877 1308 905 εἶναί
1321 887 1350 905 τε
1364 878 1408 905 καὶ
1422 878 1488 916 πρὸς
1503 877 1534 905 τὸ
1548 878 1700 910 κινηθῆναι.

337 921 387 954 26.
402 922 453 953 Ea:
469 921 570 953 eodem
584 922 677 962 libro,
693 921 733 952 ct.
750 921 825 953 ibid.

1261 922 1311 953 26.
1327 920 1376 950 Ἐκ
1390 926 1437 950 τοῦ
1451 921 1530 950 αὐτοῦ
1544 920 1635 960 λόγου.

217 978 231 994 ε
249 966 481 1006 Magnitudinem
498 966 618 1006 quidem
632 967 722 998 habet
736 967 830 1002 locus,
848 971 876 997 at
890 976 986 1006 corpu;

1114 965 1230 1004 Μέγεθος
1245 965 1293 1004 μὲν
1308 966 1358 1005 γὰρ
1374 966 1433 1006 ἔχει
1459 967 1472 994 6
1498 967 1591 1006 τόπος,
1616 968 1695 1003 σῶμα
1709 964 1738 993 δὲ
1753 964 1839 994 οὐθέν.
1858 975 1869 991 ι

174 1019 234 1041 non
250 1011 352 1042 habet.
372 1024 384 1039 ν
1082 1010 1111 1039 Εἰ
1133 1010 1182 1048 μὲν
1205 1011 1394 1050 πεπερασμένα
1424 1010 1482 1051 ἕχει
1505 1012 1519 1039 6
1544 1011 1625 1041 τόπος
1648 1011 1681 1039 τὰ
1703 1009 1871 1046 διαστήματα

214 1054 245 1087 Si
261 1056 344 1087 ﬁnita
359 1055 448 1087 habet
461 1056 542 1086 locus
553 1055 650 1096 spatia
663 1055 983 1095 etmagnitudinem,ge

1111 1056 1141 1084 τὸ
1171 1055 1294 1095 μέγεθος,
1309 1057 1420 1095 γενητὸς
1436 1055 1486 1095 ἄρα
1501 1057 1515 1084 6
1541 1055 1622 1086 τόπος
1639 1063 1646 1070 ·
1675 1055 1697 1083 εἰ
1712 1053 1740 1082 δὲ
1763 1053 1865 1092 ἄπειρα,

175 1100 254 1131 nitus
270 1100 402 1140 profecto
419 1100 514 1139 locus;
531 1100 577 1131 sin
602 1104 701 1132 autem
724 1100 850 1140 inﬁnita,
865 1101 909 1131 vel
928 1110 944 1131 e

1097 1111 1130 1139 ρα
1161 1098 1269 1137 δυνάμει
1291 1100 1308 1134 ἢ
1343 1100 1471 1140 ἐνεργείᾳ.
1501 1099 1584 1129 Ἀλλὰ
1616 1100 1638 1127 εἰ
1668 1099 1718 1132 μὲν
1747 1098 1865 1136 δυνάμει,

175 1145 306 1185 potentia
319 1145 364 1175 vel
380 1150 460 1177 actu.
480 1144 538 1176 Sed
564 1145 590 1176 si
616 1145 758 1186 potentia;
786 1145 904 1185 genitus
930 1155 944 1176 e

1111 1145 1223 1183 γενητὸς
1239 1144 1290 1183 ἄρα
1315 1145 1329 1173 6
1350 1145 1431 1176 τόπος
1456 1144 1547 1183 ὥσπερ
1576 1145 1590 1172 6
1614 1144 1713 1184 χρόνος
1739 1144 1785 1171 καὶ
1799 1143 1813 1170 6
1828 1146 1870 1170 τοῦ

174 1189 268 1227 locus,
284 1194 317 1221 ut
344 1194 462 1230 tempus
487 1194 516 1221 et
541 1190 682 1229 temporis
710 1199 864 1221 numerus.
881 1190 911 1222 Si
928 1200 943 1219 v

1100 1199 1140 1217 νου
1167 1189 1279 1229 ἀριθμός
1293 1198 1300 1205 ’
1333 1190 1355 1217 εἰ
1384 1189 1411 1218 δὲ
1426 1189 1555 1229 ἐνεργείᾳ,
1573 1188 1671 1225 ψευδὴς
1685 1188 1736 1227 ἄρα
1752 1189 1766 1216 ὁ
1792 1187 1869 1225 λόγος

173 1238 252 1271 actu,
266 1234 372 1266 falsum
388 1244 458 1274 ergo
474 1238 518 1266 est
533 1234 611 1274 quod
625 1234 734 1266 dicitur
755 1235 829 1266 nihil
850 1240 916 1266 actu
931 1245 942 1266 ε

1103 1233 1168 1273 ἐγων
1196 1233 1279 1272 μηδὲν
1310 1233 1428 1274 ἐνεργείᾳ
1458 1233 1579 1263 δύνασθαι
1603 1236 1676 1262 εἶναι
1692 1234 1815 1272 ἄπειρον,
1845 1233 1872 1261 Εἰ

175 1287 262 1318 posse
282 1278 444 1310 inﬁnitum.
462 1279 492 1311 Si
508 1279 591 1310 locus
606 1279 730 1319 alicujus
755 1280 940 1319 providentia

1101 1290 1106 1306 ι
1121 1279 1170 1317 μὲν
1186 1279 1313 1319 πρόνοιάν
1328 1279 1401 1312 τινός
1418 1279 1490 1308 ἔστιν
1514 1280 1528 1308 6
1543 1278 1624 1312 τόπος
1640 1278 1654 1306 ὅ
1669 1278 1738 1318 ἔστι,
1755 1278 1800 1306 καὶ
1814 1277 1870 1317 ἔχει

175 1323 205 1355 id
218 1324 298 1364 quod
310 1328 356 1356 est
365 1329 394 1355 et
405 1324 494 1355 habet
509 1324 539 1355 id
555 1324 633 1365 quod
649 1324 750 1364 habet,
765 1325 882 1364 genitus
897 1334 944 1365 pro

1104 1334 1140 1364 ει,
1156 1325 1269 1363 γενητὸς
1299 1324 1350 1363 ἄρα
1376 1326 1390 1352 6
1406 1325 1499 1360 τόπος,
1515 1324 1560 1352 καὶ
1574 1327 1623 1357 τῆς
1638 1323 1763 1361 προνοίας
1785 1322 1873 1350 δεύτε-

175 1373 221 1400 cto
237 1369 320 1400 locus
333 1373 362 1400 et
378 1369 563 1409 providentia
578 1369 736 1409 posterior.
749 1368 807 1400 Sed
823 1369 847 1400 si
869 1369 944 1408 inge:

1104 1376 1111 1383 '
1133 1368 1197 1397 εἰδὲ
1219 1368 1356 1407 ἀγενήτως
1372 1379 1401 1397 τε
1428 1369 1472 1397 καὶ
1493 1368 1619 1409 ἇνάρχως
1635 1368 1705 1397 ἐστὶν
1721 1369 1736 1396 6
1757 1368 1841 1398 τόπος
1861 1367 1873 1394 ὃ

175 1418 204 1445 et
221 1413 286 1444 sine
302 1413 429 1454 pricipio
445 1413 529 1444 locus
544 1418 588 1444 est
612 1413 641 1444 id
658 1413 736 1454 quod
752 1418 796 1444 est
810 1418 840 1444 et
855 1414 944 1445 habet

1103 1437 1108 1453 ,
1125 1414 1168 1442 καὶ
1184 1413 1242 1454 ἔχει
1256 1413 1270 1442 ὅ
1286 1413 1358 1454 ἔχει,
1383 1413 1513 1453 ἀγένητος
1529 1412 1579 1450 ἂρα
1593 1414 1607 1441 6
1621 1413 1716 1450 τόπος,
1732 1413 1778 1440 καὶ
1802 1415 1872 1450 πρῶ-

176 1457 254 1498 quod
263 1458 365 1496 habet;
375 1458 528 1497 ingenitus
543 1467 614 1489 sane
625 1458 754 1495 locns,et
769 1458 850 1497 prior
862 1459 942 1489 omni

1109 1461 1162 1486 τῶν
1179 1458 1205 1486 ἐν
1223 1457 1300 1495 τόπῳ
1314 1458 1436 1495 πάντων,
1451 1458 1480 1486 ἑν
1503 1458 1548 1490 οἷς
1574 1457 1644 1486 ἐστιν
1671 1459 1685 1485 ὁ
1708 1457 1820 1496 οὒρανὸζ
1836 1456 1874 1484 καὶ

176 1492 243 1542 quae
257 1503 286 1533 in
302 1492 367 1533 loco
382 1492 461 1540 sunt,
479 1502 509 1532 in
524 1501 633 1542 quibus
657 1508 703 1533 est
714 1492 831 1534 coelum
850 1507 880 1533 et
891 1513 945 1543 qua

1105 1513 1117 1530 ν
1133 1505 1171 1539 τῷ
1186 1492 1291 1541 οὐρανῷ
1315 1492 1475 1542 φαινόμενα.
1502 1507 1539 1532 Οὒ
1567 1503 1618 1542 γὰρ
1632 1501 1694 1529 ἄνευ
1707 1492 1762 1530 τών
1786 1501 1872 1529 ἄλλων

176 1547 251 1578 ccelo
263 1546 497 1587 apparent.Sine
508 1555 566 1587 quo
574 1547 652 1577 enim
664 1546 742 1578 nihil
756 1551 798 1578 est
814 1556 852 1578 ex
866 1548 937 1578 aliis

1103 1559 1114 1574 ν
1143 1547 1227 1584 ἐστιν,
1250 1547 1340 1576 ἐκεῖνο
1365 1546 1397 1581 ’δὴ
1426 1550 1479 1576 τῶν
1510 1546 1600 1575 ἄλλων
1634 1547 1739 1586 ἀνάγκη
1768 1547 1872 1585 πρῶτον

178 1592 248 1631 (ms,
270 1592 302 1623 id
315 1592 405 1632 prius
419 1601 481 1624 esse
496 1591 566 1622 aliis
580 1591 671 1622 rebus
689 1600 810 1622 necesse
825 1595 879 1623 est.
1042 1598 1127 1623 εῖναι,

251 1636 300 1667 27.
317 1637 371 1668 Ex
384 1637 490 1668 eodem
504 1636 595 1673 libro,
614 1635 703 1675 ibid.,
719 1645 745 1666 c.
760 1636 790 1672 4,
809 1646 839 1676 p.
855 1635 925 1668 2H.

872 1637 889 1666 11
899 1638 908 1667 1
919 1661 925 1668 .
1263 1635 1314 1668 27.
1333 1634 1381 1665 Ἐκ
1394 1640 1440 1666 τυῦ
1456 1637 1534 1666 αὑτοῦ
1550 1635 1641 1676 λόγου.

220 1693 230 1709 ι
251 1681 506 1718 Quemadmodum
520 1680 624 1721 siquid
637 1680 811 1718 mutatur,id
828 1681 906 1721 qnod
923 1690 989 1711 num

1118 1677 1164 1713 ’λὶς
1181 1682 1231 1721 γὰρ
1246 1680 1273 1709 ιῖ
1290 1693 1315 1710 τι
1332 1680 1498 1718 ἀλλοιοῦται,
1517 1681 1575 1710 ἔστι
1590 1682 1667 1709 τοῦτο
1678 1680 1692 1708 ὅ
1702 1683 1746 1709 νὺν
1763 1680 1814 1718 μὲν
1826 1679 1880 1708 λευ-

177 1726 276 1758 album
293 1730 337 1757 est
349 1731 411 1758 erat
426 1727 496 1757 olim
513 1727 641 1766 nigrum,
660 1725 739 1756 unde
764 1726 917 1756 materiam
944 1737 946 1755 λ

1129 1726 1213 1756 πάλαι
1234 1725 1263 1754 δὲ
1292 1725 1391 1766 μέλαν,
1420 1725 1460 1754 διό
1478 1737 1564 1766 φαμεν
1581 1726 1651 1754 εῖναί
1671 1736 1696 1753 τι
1719 1726 1770 1758 τὴν
1786 1724 1854 1758 ὓλην
1870 1733 1876 1741 ·

179 1770 250 1810 quid
267 1779 333 1801 esse
349 1771 487 1807 dicimus,
504 1770 545 1802 ita
558 1775 588 1802 et
603 1771 686 1801 locus
706 1770 799 1801 simili
826 1771 948 1809 imagine

1109 1783 1117 1798 ι
1138 1772 1181 1800 καὶ
1203 1773 1217 1800 6
1238 1771 1321 1803 τόπος
1344 1769 1386 1799 διὰ
1408 1773 1458 1805 τῆς
1487 1771 1614 1804 τοιαύτης
1629 1770 1701 1799 τινὸς
1717 1772 1790 1798 εἶναι
1807 1769 1878 1797 δοκεῖ

179 1815 297 1846 ratione
307 1815 424 1847 videtur
439 1824 516 1847 esse.
537 1814 595 1846 Sed
607 1819 707 1846 tamen
717 1814 789 1845 illud
802 1816 948 1856 quidem,t

1110 1816 1194 1848 ιασίας
1212 1824 1219 1832 ·
1244 1816 1328 1854 πλὴν,
1351 1815 1440 1844 ἐκεῖνο
1463 1816 1524 1855 μὲν,
1547 1814 1612 1843 διότι
1637 1816 1651 1843 ὃ
1666 1815 1699 1849 ἦν
1714 1815 1780 1854 ἀὴρ,
1804 1815 1879 1843 τοῦτο

182 1860 263 1901 quod
281 1866 346 1891 erat
361 1869 423 1898 aer,
439 1870 517 1891 nunc
533 1869 610 1901 aqua
624 1864 682 1897 est;
698 1859 782 1890 locus
794 1860 950 1900 vero.quia

1115 1859 1182 1900 ὕδωρ
1199 1869 1206 1875 ·
1235 1862 1249 1889 6
1272 1859 1299 1888 δὲ
1327 1860 1421 1898 τόπος,
1446 1859 1486 1888 ὅτι
1499 1864 1530 1888 οῦ
1545 1859 1577 1893 ἦν
1593 1861 1607 1888 ὃ
1621 1859 1684 1898 ἀὴρ,
1700 1859 1813 1888 ἐνταῦθα
1828 1859 1879 1887 ἐστι

183 1908 249 1936 erat
262 1914 325 1942 aer,
343 1904 384 1936 ibi
396 1914 475 1936 nunc
487 1914 577 1946 aqua.
591 1917 604 1933 ι

536 1914 577 1936 la.
591 1917 604 1933 ι
1051 1908 1094 1933 νῦν
1116 1904 1184 1945 ὕδωρ
1200 1905 1272 1945 (95).
1289 1915 1305 1934 ι

224 1949 255 1981 Si
271 1958 360 1988 quam
376 1949 464 1981 habet
477 1949 624 1980 rationem
641 1950 723 1980 locus
738 1949 774 1980 ad
787 1958 821 1980 ea
836 1959 901 1990 qua:
915 1949 945 1980 in
963 1949 991 1980 lo

1111 1951 1121 1978 ἱ
1135 1950 1164 1978 ὃν
1181 1950 1242 1990 ἔχει
1257 1949 1338 1989 λόγον
1363 1951 1377 1978 6
1407 1950 1489 1982 τόπος
1516 1950 1580 1986 πρὸς
1597 1949 1630 1976 τὰ
1644 1947 1671 1976 ἐν
1687 1948 1773 1986 αὑτῷ,
1791 1951 1879 1977 τοῦτον

185 2003 233 2032 co,
249 1995 388 2026 eamdem
405 1994 497 2026 habet
508 1993 631 2025 materia
645 1993 681 2025 ad
698 2003 733 2025 ea
747 2003 812 2033 quae
827 1994 856 2024 in
870 1994 918 2024 illa
928 2003 954 2024 su

1125 1995 1143 2028 ἠ
1158 1994 1209 2029 ὕλη
1225 1995 1290 2034 πρὸς
1307 1996 1340 2023 τὰ
1369 1996 1396 2023 ἓν
1422 1995 1490 2033 αὖτῇ
1517 1993 1560 2022 διὰ
1584 1996 1631 2028 τῆς
1656 1994 1750 2031 ὁμοίας
1779 2004 1879 2032 φαντα-

185 2039 276 2071 simili
291 2038 471 2078 imaginandi
485 2038 587 2076 modo;
603 2038 819 2078 comprehendi
839 2043 939 2069 autem

1128 2048 1135 2056 '
1168 2039 1290 2073 ἄληπτος
1317 2039 1339 2068 δ’
1363 2041 1377 2068 6
1406 2039 1501 2076 τόπος,
1532 2039 1576 2066 καὶ
1602 2039 1621 2072 ἠ
1641 2037 1692 2071 ὕλη
1709 2047 1719 2056 ⁸
1745 2037 1823 2066 068'“
1836 2038 1881 2071 ἄρα

186 2092 239 2115 cus
255 2093 314 2114 non
337 2087 431 2124 potes,
456 2092 511 2114 nec
538 2083 672 2124 materia;
700 2083 773 2114 nihil
800 2092 870 2122 ergo
889 2087 955 2114 matt

1112 2096 1122 2112 ν
1143 2085 1161 2119 ἠ
1182 2084 1233 2118 ὕλη
1260 2088 1312 2112 τῶν
1337 2084 1365 2112 ἐν
1388 2085 1457 2122 αὐτῇ
1474 2082 1670 2121 ἆλλοιουμένων
1685 2093 1714 2110 τε
1731 2083 1776 2110 καὶ
1791 2094 1881 2122 γιγνοη

187 2132 233 2160 est
247 2137 280 2159 ex
301 2128 348 2165 iis,
365 2137 430 2168 quae
442 2127 472 2158 iu
485 2127 536 2158 illa
552 2132 702 2159 mutantur
718 2131 746 2158 et
759 2132 952 2166 generantur,

1115 2141 1155 2167 av,
1172 2130 1217 2158 καὶ
1237 2131 1286 2159 οὒκ
1313 2129 1397 2159 οὐσία.
1422 2129 1483 2161 Πῶς
1509 2132 1553 2156 οὖν
1582 2128 1658 2161 ἐτέθη
1684 2128 1704 2161 ἠ
1729 2127 1783 2161 ὅλη
1814 2128 1884 2156 olei:

188 2172 352 2204 substantia
365 2176 418 2204 est.
430 2172 501 2203 565
517 2172 671 2209 Quomodo
688 2181 757 2211 ergo
767 2171 877 2202 dictum
890 2177 934 2203 est
947 2182 957 2203 ι

741 2182 757 2202 o
767 2171 877 2202 dictum
890 2177 934 2203 est
947 2182 1012 2203 ma-
1027 2171 1042 2174 θ
1055 2177 1125 2203 εἶναι
1140 2177 1193 2203 τῶν
1209 2174 1300 2206 ἁπλῶς
1317 2174 1482 2214 γιγνομὲνων
1501 2183 1508 2211 ;

188 2217 296 2248 teriam
313 2226 429 2256 eorum,
447 2227 514 2258 qua
530 2226 651 2258 prorsus
663 2221 852 2257 generantur,
867 2226 931 2247 esse
940 2217 1014 2248 sub-

272 2263 344 2285 iam?

190 2266 344 2294 stantiam?

291 2307 341 2338 28.
353 2308 405 2340 Ea:
418 2307 520 2339 eodem
532 2307 622 2345 libro,
637 2307 710 2340 ibid.
727 2318 752 2339 c.
771 2309 801 2345 5,
819 2318 847 2348 p.
863 2308 931 2339 ‘212.

887 2308 931 2339 l2.
1279 2307 1331 2339 28.
1348 2308 1395 2337 Ἐκ
1410 2311 1456 2337 τοῦ
1471 2307 1550 2336 αὐτοῦ
1565 2306 1656 2346 λόγου,

236 2364 250 2379 α
266 2353 381 2392 Corpus
392 2352 573 2393 omne,quod
585 2353 628 2384 vel
643 2353 708 2384 loco
719 2357 853 2384 movetur
863 2353 906 2383 vel
921 2353 1004 2384 incre

1135 2357 1189 2382 Πᾶν
1205 2356 1283 2391 σῶμα
1298 2354 1316 2387 ἢ
1342 2353 1410 2382 κατὰ
1426 2353 1507 2393 φορὰν
1527 2352 1540 2386 ἦ
1554 2351 1613 2380 κατ’
1629 2350 1738 2385 αὔξησιν
1846 2363 1886 2379 κι-

193 2400 365 2436 meuto,per
380 2406 412 2428 se
428 2401 473 2427 est
483 2397 722 2430 alicnbi.leum
737 2402 847 2435 autem,
859 2402 889 2428 ut
906 2397 962 2428 dicl

1116 2403 1151 2439 ὃν,
1166 2398 1223 2427 καθ’
1239 2399 1302 2427 αὐτὸ
1317 2399 1390 2427 πού*
1419 2399 1433 2426 ὁ
1458 2396 1485 2425 δὲ
1510 2398 1630 2437 οὐρανὸς,
1653 2396 1744 2435 ὥσπερ
1767 2397 1885 2434 εἴρηται,

194 2445 316 2479 est,non
340 2445 386 2473 est
401 2445 494 2472 totum
510 2441 632 2483 alicubi,
660 2452 759 2483 neque
785 2442 816 2473 in
836 2443 961 2482 aliquol

1119 2444 1155 2471 ποὺ
1169 2443 1252 2484 ὅλως,
1270 2442 1328 2472 οὐδὲ
1357 2443 1383 2471 ’ἐν
1414 2454 1468 2471 τινι
1492 2442 1567 2478 τόπῳ
1596 2442 1677 2477 ἐστὶν,
1705 2441 1732 2469 εἴ
1759 2452 1791 2480 γε
1807 2440 1888 2479 μηδὲν

195 2490 250 2522 est,
267 2485 415 2525 siquidem
432 2486 513 2516 nullo
529 2495 546 2516 a
560 2495 686 2526 corpore
710 2491 755 2518 est
769 2487 964 2518 circumdatut

653 2496 686 2518 re
710 2491 755 2518 est
769 2487 1016 2518 circumdatum.-
1060 2487 1139 2516 αὐτὸν
1160 2489 1280 2529 περιέχει
1301 2491 1389 2526 σῶμα.
1408 2499 1421 2515 ι

236 2529 268 2562 Si
283 2530 361 2571 quod
375 2531 438 2561 loco
451 2536 594 2568 movetur,
613 2541 665 2572 per
688 2541 720 2562 se
745 2536 791 2562 est
815 2531 937 2571 alicubi,
955 2532 1005 2562 loc.

1123 2532 1172 2561 ἰτὸ
1184 2534 1252 2560 κατά
1266 2533 1348 2572 φορὰν
1362 2533 1473 2565 κινητὸν
1488 2531 1545 2560 γαθ¹
1574 2531 1637 2572 αἰξτδ
1659 2531 1722 2568 ποὺ,
1749 2542 1822 2559 κατα
1843 2541 1889 2570 φο-

197 2569 301 2606 αιιιειῐι
309 2579 443 2606 movetur
453 2575 572 2611 caelum,
588 2569 633 2606 est
645 2576 732 2607 etiam
743 2576 873 2616 profecto
885 2569 966 2607 nece:

1122 2576 1150 2604 δὲ
1166 2569 1307 2611 κινητὸςο
1330 2577 1450 2616 οὐρανὸς,
1478 2576 1522 2604 καὶ
1545 2569 1605 2603 καθ’
1629 2575 1691 2603 αὑτὸ
1716 2575 1770 2613 ἄρα
1787 2569 1890 2614 ἀνάγκη

198 2624 231 2650 ut
242 2619 349 2650 caelum
367 2629 419 2660 per
433 2629 466 2650 se
477 2620 586 2651 alicubi
603 2620 649 2651 sit.
671 2621 753 2657 Quod
770 2620 794 2651 si
806 2621 902 2651 minus
917 2630 967 2651 sec

1120 2632 1134 2650 ιι
1156 2621 1207 2650 ποὺ
1232 2622 1277 2650 τὸν
1298 2621 1418 2662 οὐρανόν,
1450 2621 1479 2650 Εἰ
1507 2619 1534 2648 δὲ
1559 2621 1598 2657 μὴ
1619 2620 1650 2648 τὸ
1679 2618 1817 2660 δεύτερον,
1840 2617 1889 2648 οὐδ’

199 2664 384 2705 dum,neque
398 2664 484 2696 etiam
500 2664 708 2704 primumzhaac
722 2665 800 2696 enim
817 2674 834 2696 a
847 2674 879 2696 se
893 2665 968 2697 iuvic

1140 2667 1171 2695 τὸ
1198 2670 1303 2706 πρῶτον
1319 2673 1326 2681 ·
1357 2666 1496 2706 ἀχώριστα
1525 2665 1575 2704 γὰρ
1602 2663 1728 2700 ἀλλήλων
1746 2674 1753 2682 '
1784 2666 1833 2693 καὶ
1860 2666 1891 2702 τῇ

242 2732 304 2777 (95}
322 2734 373 2777 risv
389 2732 468 2777 ὕδωρ.
492 2733 636 2766 Voculam
662 2733 828 2773 desumpsit
849 2733 1023 2774 Sylburgius
1065 2731 1164 2777 giae}
1178 2732 1345 2764 Aristotelis
1367 2735 1519 2772 contextu,
1535 2730 1614 2772 apud
1634 2739 1726 2771 quem
1754 2730 1895 2763 observat

202 2781 238 2803 ex
254 2772 376 2804 Aristot.
393 2776 483 2805 textu.
771 2772 778 2773 7
873 2772 880 2774 ⁷
964 2772 968 2773 ⁷

444 2777 483 2805 tu.
771 2772 778 2773 ί
873 2772 880 2774 ⁷
964 2772 968 2773 ⁷
1068 2773 1126 2812 legi
1141 2773 1213 2806 ὅλος.

245 2812 309 2853 (96)
327 2812 392 2842 Κατ’
408 2813 527 2848 αὔξησιν.
545 2812 716 2855 Praepositio
738 2813 837 2845 addita
864 2822 882 2844 ο
903 2812 1027 2855 Sylbur-
