1948 3075
178 112 256 146 4547
548 114 756 148 APPENDIX.
777 131 818 138 —-
836 114 934 147 PARS

1097 111 1197 145 STINI
1218 108 1341 145 OPERA
1360 110 1511 144 SPURIA.
1790 108 1864 141 1548

179 179 216 210 ιιι
243 179 375 211 medium
390 179 519 212 ferretur
544 180 662 221 (natura
677 190 747 212 vero
762 181 793 212 in
817 180 948 213 orbemr

1096 200 1097 205 η
1125 182 1196 222 παρὰ
1231 181 1307 222 φύσιν
1322 180 1419 213 ἀΐδιον,
1447 176 1579 220 ι’Υιιττερον
1609 179 1636 208 δὲ
1652 181 1682 209 τὸ
1794 178 1865 218 φύσιν

179 226 387 266 vetur),neque
403 229 501 257 motus
513 229 591 257 esset
599 225 823 257 aeternusNihil
835 226 914 256 enim
926 237 944 267 q

1126 227 1194 255 κατὰ
1223 226 1311 266 φύσιν
1337 226 1381 254 mi
1409 224 1531 257 ἔκστπις
1557 223 1620 264 (42)
1638 236 1678 257 τις
1693 225 1763 253 ἐστὶν
1793 224 1819 252 ὲν
1833 226 1865 261 τῇ

181 273 288 309 praeter
302 274 437 300 naturam
453 275 509 308 est,
523 275 667 301 aeternum
679 275 735 301 est.
751 271 790 302 Et
805 270 883 311 quod
900 280 950 311 pra

1095 271 1148 300 έσει
1163 271 1193 299 τὸ
1233 271 1304 310 ππρὰ
1332 271 1408 310 φύσιν
1424 273 1470 298 τοῦ
1484 270 1551 298 κατὰ
1572 270 1660 310 φύσιν,
1677 267 1797 308 ’Λνάγκη
1811 268 1863 296 τοί-

180 317 317 344 naturam
333 318 427 352 θεῖ,οο
438 315 518 356 quod
532 315 698 346 secundum
715 320 853 347 naturam
867 319 923 353 est,
934 326 949 356 p

1117 318 1169 356 γῆν
1212 317 1293 343 εἶναι·
1332 318 1408 343 τοῦτο
1444 314 1494 354 γὰρ
1523 315 1621 352 ἠρεμεῖ
1643 314 1686 342 ἐπὶ
1700 325 1746 342 του
1775 312 1865 351 μέσου.

180 358 273 389 terius
290 361 347 389 est.
356 358 391 389 Et
405 359 483 400 quod
500 364 608 400 praeter
623 363 757 391 naturam
775 363 831 397 est,
856 360 949 391 aberr:

1097 360 1129 389 λὰ
1157 361 1211 398 μὴν
1235 361 1256 388 3i
1280 361 1344 399 γῆν⁷
1373 359 1477 399 ἀνάγκη
1499 359 1609 399 καὶπῦρ
1637 359 1720 390 εἶναι,
1746 361 1805 387 Τῶν
1820 357 1866 396 γὰρ

180 401 314 442 quaedam
333 406 378 434 est
392 402 423 433 in
436 404 629 443 generatione
644 404 681 435 ab
695 413 732 435 eo
743 404 820 444 quod
836 405 949 435 secund

1097 406 1168 433 ντίων
1211 405 1232 432 εἰ
1259 404 1366 444 Θάτερον
1381 403 1470 443 «adesi,
1487 403 1592 443 ἀνάγκη
1607 405 1649 432 καὶ
1665 403 1773 442 θάτερον
1800 403 1866 429 sint

180 447 458 480 naturam.Terram
476 448 568 488 igitur
581 458 648 480 esse
659 457 783 480 necesse
798 447 949 479 est.Naml

1098 460 1131 487 ει,
1167 449 1262 488 ἐάνπερ
1287 449 1306 487 ᾖ
1335 449 1463 486 ἐναντίον,
1490 448 1534 475 καὶ
1556 448 1587 476 τὸ
1620 448 1690 476 εῖνιί
1703 458 1761 475 τινα
1792 449 1867 476 αὑτοῦ

180 491 210 522 in
225 491 324 523 medio
339 492 624 533 conquiescit.Quod
637 493 663 524 si
679 497 800 531 terram,
813 493 908 533 ignem
926 503 949 533 ql

1097 505 1131 525 ιν.
1156 488 1187 522 Ἠ
1217 494 1267 532 γὰρ
1295 493 1362 526 αὑτὴ
1389 492 1439 526 ῧλη
1455 495 1507 520 τῶν
1529 492 1654 520 ἐναντίων
1675 491 1720 520 καί
1741 491 1789 525 τῆς
1805 500 1866 518 στε-

178 545 237 576 que
253 545 321 568 esse
335 538 575 577 oportet.Eorum
592 538 702 578 quippe
718 547 784 578 quae
798 537 915 568 diversa
926 537 947 568 ii

1097 549 1147 570 εως
1176 537 1300 577 προτέρα·
1331 537 1402 577 λέγω
1423 536 1450 564 δὲ
1480 538 1538 566 οἷον
1564 538 1595 565 τὸ
1622 538 1718 576 θερμὸν
1747 539 1794 564 τοῦ
1815 537 1866 572 ψυ-

179 589 212 611 se
226 585 307 619 sunt,
317 582 343 612 si
356 582 481 613 alterum
496 587 602 613 natura
616 586 672 618 est,
687 582 812 613 alterum
828 582 899 612 376
913 582 948 612 eli

1098 586 1120 613 ὖ.
1151 582 1234 611 Ἀλλὰ
1263 582 1318 619 μὴν
1333 581 1410 620 εἴπερ
1424 583 1479 610 ἐστι
1508 585 1559 621 πῦρ
1574 582 1617 609 καὶ
1640 584 1687 621 γῆ,
1705 581 1810 620 ἀνάγκη
1826 580 1867 608 καὶ

178 629 284 657 natura
297 635 375 665 esse,
401 626 560 667 (siquidem
573 628 754 658 contrarium
770 627 820 666 sit)
831 631 861 657 et
874 627 947 666 aliqu

1102 627 1199 664 μεταξὺ
1238 626 1325 655 αὐτῶν
1355 626 1427 654 εἶναι
1463 626 1586 664 σώματα,
1619 624 1789 655 Ἐνςιντίωσιν
1819 624 1867 663 γὰρ

179 670 244 710 ejus
257 675 390 702 naturam
406 680 613 709 esse,necesse
625 675 683 703 est.
700 671 767 712 Ipsa
784 671 863 702 enim
878 675 948 702 mall

1098 682 1154 700 πον
1188 670 1248 712 ἔχει
1264 671 1328 711 πρὸς
1345 671 1456 699 ἕκαστον
1471 673 1524 699 τῶν
1541 671 1695 710 στοιχείων
1719 670 1822 698 τούτων
1843 667 1867 696 δὲ

179 719 209 746 et
217 715 376 747 contrariis
386 720 417 747 et
432 716 598 757 privatione
608 716 690 757 prior
701 716 813 756 est,sed
827 720 859 747 ut
874 717 948 747 calid

1100 717 1231 755 ρχόντων,
1259 716 1380 755 φανερὸν,
1397 715 1437 743 ὅτι
1466 715 1570 755 ἀνάγκη
1599 715 1701 754 γένεσιν
1737 713 1869 743 εἶναιδιά

177 759 295 800 frigido.
312 761 372 792 Sed
386 765 486 792 tamen
502 761 527 792 si
543 761 618 801 ignis
632 764 663 793 et
678 765 769 801 terra,
780 770 901 792 necesse
918 769 945 791 es

1100 760 1178 794 ιηδὲν
1207 760 1265 789 οτόν
1293 759 1318 788 τ’
1335 761 1420 788 αὑτῶν
1435 767 1504 789 εἶναι
1519 758 1617 792 ἀίδιον,
1635 761 1741 799 Πάσχει
1767 760 1869 799 γὰρκαὶ

178 804 334 845 iuterjecta
348 814 414 836 esse
423 805 501 836 inter
510 809 669 846 utrumque
678 804 947 845 corpora.Contrari

1099 812 1118 833 :1
1146 806 1179 846 τᾷ
1204 804 1366 842 ἐναντίαρπ¹
1382 803 1519 844 ἀλλήλων,
1536 805 1579 834 καὶ
1603 805 1731 844 φθαρτικὰ
1745 802 1868 838 ἀλλήλων

178 844 262 880 enim
284 854 329 880 est
344 849 577 891 unumquodque
593 844 756 890 unicuique
771 849 947 881 elemento"

1102 860 1126 878 ν·
1155 844 1222 878 ’Ἔτι
1242 848 1270 877 δὲ
1296 850 1344 878 οὐκ
1374 848 1495 889 εὔλογον²
1512 850 1582 877 εἶναί
1597 860 1622 877 τι
1639 849 1745 882 κινητὸν
1769 847 1869 886 ἀΐδιον,

177 893 247 924 Haec
263 903 330 925 cum
344 894 385 925 ita
399 894 471 933 sint,
488 903 611 927 necesse
627 899 673 926 est
686 903 753 925 esse
768 895 946 934 generationl

1097 895 1129 929 ui
1145 893 1280 935 ἐνδέχεται
1302 894 1371 922 κατὰ
1385 895 1462 935 φύσιν
1491 893 1563 922 εἶναι
1578 893 1629 927 τὴν
1649 893 1754 927 κῖνησιν
1769 891 1866 920 ἀΐδιον.

179 938 247 979 quia
262 939 369 970 horum
382 939 457 970 nihil
473 943 620 971 aeternum
632 948 700 971 esse
725 933 833 980 potest.
850 939 948 971 Patiur

1098 950 1151 968 των
1179 933 1273 967 δ’νὲστι
1301 939 1418 972 κίνησις.
1452 933 1520 967 "Oti.
1556 937 1606 976 μὲν
1620 938 1704 967 τοίνυν
1720 937 1867 976 ἀναγκαῖον

179 983 259 1014 enim
275 987 305 1014 et
315 983 428 1015 faciunt
442 983 499 1014 sibi
517 984 645 1016 invicem
656 984 917 1025 contraria,seque
932 985 948 1015 ii

1097 995 1117 1012 ιι
1140 983 1256 1023 γένεσιν,
1287 983 1317 1011 ἐκ
1344 983 1445 1017 τούτων
1460 982 1552 1016 δῆλον
1571 984 1593 1011 εἰ
1607 982 1634 1010 δὲ
1649 983 1765 1022 γένεσιν⁷
1782 982 1866 1020 ἀναγ-

178 1035 242 1058 cem
259 1027 581 1069 corrumpunt.Deinde
594 1037 664 1060 vero
680 1037 740 1059 non
755 1033 799 1060 est
810 1028 947 1060 rationicl

1098 1039 1126 1056 ον
1140 1029 1211 1057 εἶναι
1227 1029 1271 1056 καὶ
1286 1026 1371 1061 ἄλλην
1386 1027 1496 1068 φθορὰν,
1512 1027 1529 1061 ἤ
1546 1028 1621 1067 μίαν,
1636 1027 1654 1060 ἦ
1670 1026 1867 1058 uisio-scisti:

178 1075 403 1111 sentaneum,ut
417 1072 528 1104 mobile
541 1073 694 1114 quidpiam
710 1077 853 1104 aeternum
866 1073 947 1111 εἰμι

1111 1074 1161 1107 τὴν
1186 1077 1233 1101 τοῦ
1247 1072 1323 1110 ὅλου,
1353 1073 1480 1104 ὡπαύτως
1495 1072 1645 1111 ἀναγκαῖον
1660 1070 1735 1111 ἔχειν
1763 1071 1809 1099 κιῖ
1836 1070 1867 1098 τὰ

178 1124 238 1147 non
250 1120 346 1157 potest
356 1122 484 1149 aeternus
492 1126 559 1150 esse
570 1118 735 1149 secundum
746 1122 883 1150 naturam
896 1127 947 1149 mo

1097 1124 1173 1158 ιχετα
1183 1120 1238 1146 τῶν
1252 1117 1385 1155 σωμάτων
1397 1117 1465 1156 πρὸς
1480 1116 1596 1151 ἀλληλα.
1614 1120 1666 1146 Νῦν
1688 1115 1715 1144 δὲ
1742 1115 1866 1144 τοσοῦτόν

179 1161 260 1191 Talis
274 1166 373 1193 autem
390 1162 495 1193 horum
514 1167 611 1194 motus
639 1166 696 1195 est.
723 1164 767 1194 Ac
781 1162 948 1202 generatim:

1098 1161 1195 1197 ,δῆλον
1230 1161 1273 1192 διά
1285 1163 1342 1190 τίνει
1368 1162 1453 1190 αἰτίαν
1475 1160 1560 1190 πλείω
1588 1162 1620 1190 τὰ
1652 1160 1778 1200 ἔγκύκλιά
1814 1160 1867 1187 ἐστι

179 1205 300 1245 quidem
315 1206 516 1238 necessariam
532 1216 611 1248 esse,
625 1217 661 1239 ex
672 1207 719 1239 his
730 1207 801 1239 satis
814 1212 902 1249 patet.
919 1207 948 1244 Οι

1097 1218 1168 1247 Lata,
1186 1206 1227 1236 ὅτι
1257 1207 1360 1246 ἀνάγκη
1388 1207 1491 1245 γένεσιν
1521 1208 1604 1246 εἶναι,
1632 1206 1710 1245 εἴπερ
1736 1205 1781 1233 καὶ

178 1250 204 1282 si
218 1252 581 1290 generationem,necesse
591 1247 679 1283 etiam
692 1253 750 1284 erit
761 1247 849 1284 aliam
861 1262 947 1284 esse<

1098 1264 1121 1280 :o
1143 1252 1170 1280 δὲ
1200 1252 1289 1281 καὶτᾶ
1307 1251 1385 1291 ἄλλοι¹
1403 1250 1479 1290 εἴπερ
1504 1251 1548 1279 καὶ
1563 1251 1612 1285 τὴν
1627 1253 1688 1290 γῆν·
1712 1250 1813 1283 ταύτην
1827 1247 1867 1289 δὲ,

179 1295 410 1336 ruptionem,vel
425 1297 576 1338 unam,vel
592 1296 780 1338 plures.Nam
797 1307 851 1338 pro
867 1307 902 1329 eo
913 1300 948 1329 at:

1110 1297 1214 1337 ἀνάγκη
1244 1296 1293 1335 μὲν
1329 1296 1398 1324 εἷναί
1412 1295 1442 1320 ¹9
1456 1306 1481 1324 τι
1496 1295 1548 1334 ἀεὶ,
1565 1294 1642 1335 εἴπερ
1663 1296 1707 1323 καὶ
1732 1295 1868 1325 κινεῖσθαέ

178 1339 329 1380 integrum
341 1351 374 1373 se
390 1341 480 1373 habet
494 1343 821 1383 corpus,necessarium
832 1347 877 1374 est
891 1352 923 1373 se
938 1351 1001 1373 cor-
1042 1354 1067 1371 τι
1091 1342 1142 1373 ἀεί,
1162 1353 1176 1369 »

180 1393 286 1424 porum
302 1395 420 1427 quoque
435 1387 585 1419 elementa
601 1387 680 1419 inter
694 1397 727 1419 se
742 1388 869 1419 invicem
885 1387 1009 1419 habere.
1024 1388 1056 1419 In
1074 1385 1232 1426 praesentia
1246 1384 1368 1426 quidem
1386 1388 1499 1415 tantum
1520 1384 1625 1425 liquet,
1641 1393 1729 1424 quam
1745 1383 1784 1415 ob
1799 1392 1868 1414 cau-

180 1438 243 1460 sam
264 1431 350 1471 plura
364 1431 423 1462 sint
438 1431 565 1463 rotunda
594 1441 731 1473 corpora,
760 1433 830 1474 quia
842 1432 1067 1473 generationem
1091 1439 1157 1461 esse
1182 1439 1306 1461 necesse
1320 1434 1384 1468 est;
1401 1429 1624 1474 generationem
1637 1433 1752 1474 autem,
1768 1428 1862 1469 siqui-

180 1474 249 1505 dem
265 1479 294 1506 et
306 1475 404 1515 ignem
422 1485 429 1506 :
446 1477 527 1508 hunc
540 1484 612 1508 vero
629 1481 658 1508 et
671 1477 739 1515 alia,
770 1473 917 1518 siquidem
935 1482 965 1507 et
980 1482 1088 1508 terram
1107 1484 1114 1507 :
1132 1475 1210 1506 hanc
1233 1483 1322 1515 porro
1348 1474 1418 1516 quia
1441 1473 1608 1505 consistere
1624 1473 1739 1514 aliquid
1753 1481 1872 1514 semper

179 1529 305 1551 necesse
318 1524 383 1558 est;
400 1521 548 1561 siquidem
566 1526 595 1552 et
606 1522 718 1553 moveri
733 1522 844 1563 aliquid
859 1530 989 1562 semper.
1009 1533 1024 1550 ι

221 1565 253 1596 Si
269 1565 338 1597 cceli
349 1574 469 1605 corpus,
485 1565 555 1607 quia
569 1576 625 1597 nec
641 1562 812 1606 gravitatem
830 1575 885 1598 nec
899 1566 990 1597 levita-

1100 1565 1116 1593 2l
1151 1563 1193 1593 διὰ
1221 1564 1270 1602 μὲν
1302 1565 1333 1592 τὸ
1361 1564 1400 1600 μὴ
1414 1563 1489 1604 ἔχειν
1503 1563 1639 1603 βαρὺτητά
1652 1564 1696 1592 καὶ
1716 1562 1869 1603 κουφότητα

180 1614 239 1640 tem
248 1609 460 1650 habet,corpus
469 1612 606 1651 est,quod
618 1611 731 1643 circum
741 1611 872 1642 medium
883 1619 1004 1651 semper

179 1655 415 1693 volvitur,totum
431 1655 533 1696 utique
542 1665 652 1696 corpus
662 1656 731 1688 ouili
743 1657 856 1688 circum
871 1655 1001 1686 medium

179 1700 255 1731 volvi
266 1709 391 1732 necesse
403 1701 514 1733 est.Sin
527 1701 634 1732 caelum
647 1702 794 1742 ejusmodi
802 1701 922 1742 quidem
935 1710 1003 1732 cor—

180 1754 235 1786 pus
254 1745 352 1784 habet,
370 1750 482 1777 motum
498 1750 596 1778 autem
612 1747 759 1786 ejusmodi
774 1756 834 1777 non
850 1745 1001 1778 habetzni-

181 1790 290 1821 mirum
305 1795 413 1831 praeter
437 1794 572 1822 naturam
597 1796 743 1824 movetur.
760 1791 792 1823 Si
809 1791 879 1822 caali
894 1799 1002 1831 corpus

179 1834 292 1866 circum
301 1835 432 1866 medium
440 1840 648 1873 movetur,non
657 1840 748 1868 totum
758 1845 828 1867 vero
835 1835 1002 1867 secundum

181 1884 293 1911 motum
307 1879 460 1922 elementi,
477 1889 514 1912 ex
535 1890 592 1921 quo
611 1890 719 1922 corpus
734 1889 801 1912 esse
816 1880 935 1921 dicitur,
950 1879 1002 1911 sed

180 1924 210 1955 in
218 1924 332 1965 orbem,
339 1925 576 1965 migrationesibi
585 1925 791 1957 obsistentium
800 1925 926 1956 invicem
938 1933 1004 1966 par-

180 1970 418 2011 tiumzquomodo
427 1974 524 2001 motus
532 1970 581 2010 qui
590 1970 620 2001 in
630 1970 735 2001 orbem
745 1969 934 2009 ﬁt,elementi
945 1979 1007 2000 mo-

179 2017 242 2045 tum
254 2024 313 2045 non
321 2015 546 2055 superat?Atqui
555 2015 729 2056 corporibus
736 2023 842 2056 quaee:
850 2014 1007 2046 elementis

180 2063 327 2096 constant,
344 2063 443 2090 motus
458 2059 684 2100 haudquaquam
696 2059 862 2091 secundum
877 2059 1002 2090 formam

181 2108 236 2142 est,
254 2104 307 2135 sed
320 2104 486 2135 secundum
501 2104 662 2145 elementa,
678 2113 713 2135 ex
727 2104 835 2145 quibus
846 2107 1001 2136 constant:

181 2149 427 2189 quomodoigitur
442 2158 459 2180 e
471 2148 540 2181 caeli
552 2158 678 2189 corpore
690 2149 830 2180 motionis
842 2149 1003 2180 necessitas

180 2194 335 2226 immutata
349 2197 393 2224 est
408 2197 422 2226 ?
439 2194 571 2234 Corpori,
593 2194 672 2234 quod
688 2203 745 2225 nec
760 2193 932 2234 gravitatem
947 2203 1003 2225 nec

1043 1610 1099 1638 εστὶ
1127 1613 1206 1648 σῶμα
1231 1608 1272 1637 ἀεὶ
1300 1609 1409 1642 κινητὸν
1434 1608 1492 1648 περὶ
1519 1609 1551 1636 τὸ
1581 1608 1662 1646 μέσον
1685 1611 1733 1636 τοῦ
1761 1607 1872 1647 οὗρινοῦ

1044 1655 1133 1692 σῶμα·
1164 1653 1269 1693 ἀνάγκη
1300 1652 1350 1693 ἂρα
1380 1652 1442 1681 ὅλον
1475 1653 1506 1681 τὸ
1528 1655 1607 1691 σῶμα
1621 1657 1666 1682 τοῦ
1691 1654 1803 1692 ὠρανοῦ
1825 1663 1873 1681 κι-

1044 1701 1145 1728 νεῖσθαι
1177 1699 1237 1739 περὶ
1266 1699 1298 1727 τὸ
1320 1698 1413 1736 μέσον
1430 1698 1453 1726 εἰ
1474 1697 1502 1726 δὲ
1516 1700 1594 1736 σῶμα
1608 1698 1657 1736 μὲν
1672 1702 1795 1728 τοιοῦτον
1810 1697 1871 1738 ἔχει

1044 1745 1058 1772 ὁ
1093 1744 1214 1784 οὐρανὸς,
1244 1743 1351 1777 κίνησιν
1379 1742 1407 1771 δὲ
1443 1743 1569 1776 τοιαύτην
1585 1744 1633 1772 οὐκ
1655 1742 1728 1784 ἔχει,
1744 1742 1871 1776 δηλονότι

1043 1789 1115 1829 παρὰ
1146 1789 1223 1829 φύσιν
1251 1794 1378 1820 κινεῖται,
1412 1788 1442 1818 Ei
1456 1788 1514 1828 περὶ
1535 1788 1567 1816 τὸ
1588 1787 1669 1826 μέσον
1691 1794 1810 1816 κινεῖται
1826 1791 1873 1816 τοῦ

1044 1833 1154 1873 οὖρανοῦ
1180 1834 1271 1871 σῶμα,
1289 1833 1341 1873 οὐχ
1358 1832 1421 1861 ὃλον
1440 1832 1468 1861 δὲ
1481 1833 1550 1861 κατὰ
1564 1833 1615 1866 τὴν
1635 1832 1718 1872 φορὰν
1732 1835 1781 1860 τοῦ
1794 1842 1872 1860 στοιο

1044 1879 1120 1918 χείου
1135 1877 1161 1911 ἑξ
1197 1877 1227 1906 οὗ
1261 1878 1333 1906 εἶναι
1348 1876 1454 1917 λέγεται
1474 1877 1506 1906 τὸ
1520 1880 1611 1916 σῶμα,
1627 1876 1696 1906 ἀλλὰ
1723 1879 1872 1917 σφαιρικῶς

1047 1923 1115 1951 κατὰ
1129 1923 1350 1961 ἀντιμετάστασιν
1383 1925 1438 1951 τῶν
1466 1925 1566 1962 μερῶν·
1584 1925 1642 1954 πῶς
1664 1921 1725 1963 οὖχὶ
1747 1923 1765 1956 ἦ
1787 1933 1870 1962 σφαι-

1047 1968 1109 2007 ρικὴ
1133 1968 1237 2002 κίνησις
1273 1967 1413 2006 ἐπικρατεῖ
1425 1967 1475 2001 τὴν
1490 1967 1625 2008 στοιχείου
1639 1967 1757 2007 κίνησινς
1777 1967 1870 1996 Καίτοι

1048 2011 1169 2050 οὐδαμῶς
1204 2018 1262 2045 τοῖς
1296 2011 1327 2041 ἐκ
1354 2014 1406 2040 τῶν
1421 2012 1565 2052 στοιχείων
1586 2012 1708 2050 σώμασιν
1722 2013 1740 2045 ἧ
1765 2011 1872 2045 κίνησις

1047 2058 1116 2086 κατὰ
1143 2058 1174 2086 τὸ
1199 2056 1271 2089 εἵδος
1287 2055 1349 2097 (43)
1364 2057 1491 2098 ὑπάρχει³
1507 2055 1577 2085 ἀλλὰ
1591 2057 1659 2085 κατὰ
1680 2057 1714 2085 τὰ
1728 2062 1871 2096 στοιχεῖα,

1044 2101 1070 2135 ιξ
1098 2105 1136 2130 ὦν
1163 2103 1224 2130 εἶσι·
1263 2102 1321 2134 πῶς
1357 2101 1402 2131 οὖν
1431 2102 1462 2130 ἐκ
1485 2104 1533 2130 τοῦ
1564 2101 1675 2142 οὖρανοῦ
1700 2101 1828 2139 σώματος
1853 2102 1871 2136 ἡ

1044 2147 1148 2187 ἀνάγκη
1176 2149 1226 2181 τῆς
1250 2147 1381 2183 κινήσεως
1395 2146 1557 2182 ὲνήλλαικται
1575 2147 1708 2185 ςΣώματι
1731 2147 1802 2185 μήτε
1817 2146 1871 2184 βαι-ι

1045 2192 1144 2232 ρύτητα
1172 2192 1274 2232 ἔχοντι,
1302 2193 1370 2230 μήτε
1421 2192 1584 2232 κούφοτητιι,
1625 2192 1772 2231 ἀναγκαῖόν
1797 2190 1872 2219 ἔστιν

181 2238 331 2270 levitatem
340 2238 568 2275 hahet,necesse
580 2238 821 2270 estimmobilem
833 2238 926 2278 magis
938 2247 950 2269 ε

1107 2247 1120 2264 ν
1150 2237 1241 2265 στάσιν
1256 2236 1382 2270 ἀκίνητοι)
1398 2236 1501 2275 μᾶλλον
1535 2236 1554 2271 ἢ
1569 2237 1674 2270 κίνησιν
1698 2235 1826 2267 ἄστατον,
1843 2239 1873 2268 Ei

181 2282 381 2320 stabilitatem,
400 2292 488 2323 quam
501 2286 613 2314 motum
624 2282 804 2314 instabilem.
817 2282 890 2314 Nam
907 2282 932 2314 si
947 2292 1004 2314 nec

181 2327 313 2368 pondere
322 2327 461 2359 deorsum
474 2327 636 2365 fertur,nec
647 2327 765 2359 levitate
773 2331 938 2367 sursum,ut
948 2327 1004 2358 im—

182 2371 291 2403 mobile
307 2377 436 2411 maneat,
452 2381 576 2403 necesse
584 2372 675 2404 est.Si
685 2381 786 2403 saxum
798 2372 829 2403 in
843 2372 922 2412 globi
933 2381 1003 2412 spe-

181 2417 257 2448 ciem
272 2416 546 2455 efﬂngeretur,etin
560 2425 631 2448 aere
639 2421 847 2458 poneretur,ut
858 2417 888 2447 in
904 2416 1002 2447 locum

181 2470 268 2493 suum
277 2461 416 2493 deorsum
426 2462 627 2500 ferretur,non
639 2461 711 2492 illud
723 2462 855 2502 profecto
863 2461 1002 2493 deorsum

179 2506 211 2537 in
226 2505 477 2547 orhem,propter
491 2506 615 2537 formam
630 2506 723 2546 ipsam
751 2515 818 2538 sese
846 2505 1003 2538 volutando

180 2551 376 2592 ferretur,sed
387 2555 469 2583 recta
478 2560 532 2592 pro
543 2550 682 2591 gravitate
692 2559 755 2583 sua.
768 2550 921 2587 Quomodo
932 2559 1003 2590 ergo

220 2617 248 2642 1⁸
261 2620 332 2660 Leg.
349 2619 450 2659 μένειν.

224 2686 287 2728 (42)
303 2687 501 2728 Kaigasuatg.
519 2685 589 2728 Haec
612 2690 713 2718 mutuo
728 2691 848 2728 sumpta
875 2687 912 2719 ab
937 2687 1007 2719 Ari-

183 2726 290 2760 stotele
303 2726 418 2758 addidit
432 2726 618 2767 Sylhurgius.

191 2772 208 2779 "
227 2769 292 2810 (43)
307 2768 380 2798 Κατὰ
401 2768 432 2796 τὸ
448 2767 532 2800 εἶδος.
548 2767 622 2809 Reg.
636 2775 659 2806 ι,
675 2768 759 2797 καὶτὸ
778 2767 862 2801 εἶδος.

1046 2283 1096 2321 γὰρ
1123 2282 1192 2320 μήτε
1227 2281 1278 2310 ὑπὸ
1307 2281 1455 2321 βπρὺτητός
1476 2281 1531 2309 ἔστι
1546 2280 1711 2321 κατωφερὲς,
1733 2281 1806 2319 μήτε
1822 2281 1873 2309 ὑπὸ

1046 2326 1210 2365 κουφότητος
1238 2325 1383 2365 ἀνωφερὲς,
1415 2325 1519 2365 ἀνάγκη
1536 2325 1624 2363 μένειν
1639 2325 1703 2354 αὐτὸ
1729 2324 1871 2359 ἀκίνητον.

1047 2371 1076 2400 Εἰ
1110 2370 1308 2411 ἒσχηματίζετο
1334 2370 1405 2402 λίθος
1420 2373 1459 2407 τῷ
1479 2373 1530 2405 τῆς
1543 2370 1655 2410 σφαίρας
1671 2370 1810 2410 οχήμπτι,
1828 2381 1862 2398 κει

1045 2415 1143 2444 ἐτίθετο
1166 2417 1194 2443 ἒν
1221 2419 1260 2453 τῷ
1270 2415 1339 2455 ἀέρι,
1372 2415 1512 2456 ἐνεχθῆναι
1535 2415 1609 2444 κάτω
1638 2415 1675 2447 εἷς
1701 2415 1753 2449 τὴν
1776 2415 1872 2444 ἑαυτοῦ

1044 2460 1148 2501 χώραν,
1177 2462 1223 2489 οὒκ
1257 2460 1289 2488 ἄν
1323 2460 1430 2501 ἐφέρετο
1444 2461 1517 2489 κάτω
1538 2459 1695 2498 κυλιόμενος
1719 2463 1871 2500 σφαιρικῶς

1044 2505 1089 2534 διὰ
1123 2507 1154 2534 τὸ
1182 2507 1291 2545 σχῆμα,
1318 2504 1386 2534 ἀλλὰ
1414 2504 1474 2535 κατ’
1490 2507 1594 2536 εὐθεῖαν
1608 2504 1718 2545 ἒφὲρετο
1732 2506 1807 2535 κατὰ
1822 2506 1871 2539 τὴν

1044 2551 1137 2580 ἑαυτοῦ
1164 2551 1309 2590 βαρύτητα·
1340 2553 1398 2582 πῶς
1432 2551 1463 2579 τὸ
1491 2550 1614 2589 πέμπτον
1631 2549 1695 2590 (44)
1712 2557 1870 2592 στοιχεῖον,

1049 2727 1068 2758 b
1168 2687 1228 2721 Πῶς
1242 2688 1273 2716 τὺ
1287 2687 1421 2726 πέμπτον.
1438 2687 1550 2718 Deesse
1564 2688 1610 2716 οὗν
1640 2687 1802 2720 admonuit
1815 2686 1873 2728 Syl-

1071 2736 1182 2758 annus.

1071 2736 1182 2767 urgius.
