1948 3075
93 117 102 150 1
109 117 167 150 553

421 118 664 152 CONFUTATIO
684 115 923 157 QUORUMDAM
947 114 1196 149 ARISTOTELIS
1215 115 1444 149 DOGMATUM.

1697 112 1778 148 1554

131 186 158 213 Et
177 186 223 213 τὸν
243 187 381 224 cognovi;
397 186 472 225 φύσις
501 185 609 220 ιποίησε
639 186 777 220 κινηθῆναι
813 187 849 218 εἰς
879 196 890 214 τ

991 185 1020 217 Si
1035 189 1219 227 natura,quaa
1232 193 1352 226 semper
1367 193 1402 216 ex
1413 184 1542 226 his,qus
1555 183 1622 216 ﬁeri
1636 183 1778 216 convenit

88 229 244 269 ἔμπροσθεν,
268 231 312 258 καί
328 232 366 268 μὴ
383 231 419 262 εἰς
434 231 464 259 τὸ
480 231 577 268 ὀπίσω,
594 231 611 265 ἡ
634 230 674 259 ἀεὶ
688 232 741 259 τῶν
763 229 910 271 ἐνδεχομὲ-

88 284 140 302 νων
169 275 199 303 τδ
228 274 365 314 βέλτιστον
384 275 541 313 ποιουμένηι
572 278 630 308 πῶς
658 274 744 307 ἀίδιος
759 276 773 304 ὁ
801 276 909 315 οὐρανὸς

87 319 131 347 καὶ
156 320 174 354 ἡ
206 321 301 349 τούτου
315 321 396 359 φορὰ,
410 321 461 348 ὑπὸ
475 322 525 354 τῆς
541 320 642 360 φύσεως
656 320 849 360 γεγενημένος,
865 321 909 348 καὶ

87 364 118 392 τὸ
153 364 202 398 τὴν
217 363 359 403 βελτίστην
373 367 513 399 κινηθῆναι
527 365 631 399 κίνησιν
647 364 764 406 ἔχωνςεὶ
785 365 833 399 τὴν
846 364 907 394 δια-

87 409 169 448 φορὰν
204 409 237 443 ἢν
267 409 325 450 ἔχει
341 411 355 438 ὁ
384 409 438 438 ἅνω
467 409 548 442 τόπος
562 411 626 449 πρὸς
648 411 692 438 τὸν
709 410 794 447 κάτω,
807 410 907 444 ταύτην

88 451 146 492 ἕχει
161 454 178 488 ἡ
205 454 241 485 sic
257 455 286 482 τὸ
307 452 418 493 πρόσθεν
433 454 534 488 κίνησίς
551 456 616 492 πρὸς
630 456 679 488 τὴν
696 456 732 487 είς
747 455 778 483 τὸ
801 454 906 483 ὄπισθεν

87 497 189 531 νίνησιν
218 499 287 528 κατὰ
301 499 331 528 τὸ
361 499 516 538 τιμιώτερον
545 500 589 528 καὶ
615 500 745 539 θειότερον
766 500 810 528 καὶ
838 499 904 538 βέλ-

85 552 187 571 τιστον·
221 547 279 575 πῶς
305 544 352 572 οὒκ
375 545 438 572 εἰσὶν
474 544 587 573 ἐναντίαι
615 545 642 574 αἱ
671 545 787 580 κινήσεις
815 544 902 581 αὗται,

85 590 209 616 τοσοῦτον
233 588 359 624 ἀλλήλων
374 587 541 628 διαφέρουσαι
559 598 567 630 ς
584 590 614 618 Εἰ
628 590 681 617 τῶν
701 588 793 617 ἁπλῶν
808 590 904 627 σωμά-

84 633 164 666 τωνή
195 634 296 667 κίνησις
324 633 396 668 ἁπλῆ
423 634 453 662 οὗ
493 634 561 662 κατὰ
588 635 618 662 τὸ
633 633 821 674 ἑνδεχόμενον,
836 633 905 662 ἀλλὰ

85 677 152 705 κατὰ
180 679 210 706 τὸ
235 678 394 718 ἀναγκαῖον,
417 678 475 710 πῶς
501 677 585 719 διχῶς
607 680 745 713 κινηθῆναι
761 677 868 707 δύναται
890 680 904 707 ὁ

84 722 193 760 οὐρανὸς
224 722 325 752 ἁπλοῦν
353 724 431 760 σῶμα
458 722 540 762 ἔχων,
563 723 607 751 καὶ
625 729 738 751 κινεῖται
756 721 905 763 ἐνδεχομέ-

84 776 135 797 νως
153 775 162 803 ς
186 767 214 795 Εἰ
229 767 396 807 πανταχόθεν
425 767 494 796 ἐστὶν
509 769 523 796 ὁ
537 769 644 801 οὐρανὸς
660 766 720 799 ἴσος
747 767 845 804 ἐαυτῷ,
862 767 906 796 καὶ

953 230 1096 270 optimum
1116 230 1196 271 facit,
1211 234 1242 261 ut
1257 230 1364 261 caelum
1391 232 1560 261 moveretur
1574 228 1606 260 iu
1620 229 1775 260 anteriora

951 274 1021 305 fecit
1031 284 1065 306 ac
1073 283 1131 305 non
1139 275 1170 306 in
1179 273 1508 315 posteriora:quomodo
1514 273 1622 305 coelum
1630 277 1774 306 aeternum

951 319 1076 360 ejusque
1088 324 1198 361 motus,
1208 319 1288 360 quod
1301 329 1318 350 a
1328 322 1431 351 natura
1441 319 1550 351 factum
1562 322 1652 359 est,et
1665 318 1703 350 ab
1718 328 1772 350 ea—

949 364 1016 396 dem
1028 364 1129 405 habet,
1139 369 1171 396 ut
1180 365 1292 406 optimo
1306 370 1459 397 moveatur
1475 367 1572 397 motu?
1587 364 1618 395 Si
1634 364 1713 404 quod
1730 373 1765 396 es

949 409 1110 441 discrimen
1127 409 1206 440 inter
1222 409 1410 451 superiorem
1423 409 1520 440 locum
1537 412 1567 440 et
1580 408 1769 447 inferiorem,

947 454 1026 485 idem
1043 454 1202 485 intercedit
1217 454 1296 486 inter
1310 454 1491 495 motum,qui
1503 454 1535 485 in
1547 453 1697 485 anteriora
1707 454 1770 485 fer-

948 502 995 529 tur
1010 504 1039 529 et
1055 507 1122 530 eum
1138 499 1190 539 qui
1204 504 1380 540 retrorsum,
1397 503 1540 540 quantum
1560 502 1674 539 spectat
1687 499 1724 530 ad
1739 498 1771 530 id

946 542 1024 584 quod
1039 543 1227 583 praestantius
1238 547 1268 575 et
1278 544 1407 576 divinius
1417 547 1447 575 et
1461 543 1607 584 optimum
1619 548 1663 575 est
1675 554 1683 574 :
1695 552 1770 585 quo-

947 588 1035 619 modo
1051 597 1110 619 non
1125 588 1284 620 contraria;
1297 588 1355 619 sibi
1370 591 1438 620 sunt
1458 589 1505 619 hac
1527 587 1687 626 motiones,
1704 597 1771 629 qua

947 636 1100 672 tantopere
1108 642 1125 663 a
1134 642 1166 664 se
1176 633 1304 664 invicem
1313 633 1469 664 diﬁ‘erunt?
1476 631 1695 672 Sisimplicium
1705 642 1772 664 cor-

949 686 1052 717 porum
1069 677 1196 718 simplex
1210 687 1308 709 morus
1318 681 1375 716 est,
1391 687 1451 709 non
1465 681 1497 709 ut
1511 677 1721 715 convenit,sed
1736 682 1771 710 ut

948 730 1072 752 necesse
1087 725 1132 752 est
1148 731 1155 753 :
1173 722 1324 763 quomodo
1340 722 1450 754 coelum
1475 721 1634 762 dupliciter
1655 722 1770 754 moveri

947 771 1056 807 potest,
1073 767 1154 807 quod
1169 767 1297 808 simplex
1311 767 1400 798 habet
1414 776 1523 808 corpus
1537 770 1568 798 et
1582 769 1717 798 movetur
1738 771 1771 798 ut

84 810 131 838 ἴσα
161 810 232 851 ἔχων
271 812 304 840 τὰ
319 811 387 851 μέρη
422 819 482 846 τοῖς
504 812 605 850 μέρεσι,
623 813 666 841 καὶ
681 813 718 844 ὡς
734 812 779 842 ἐὰν
795 814 890 850 κινηθῇ

976 810 1133 842 >nvenit?Si
1143 811 1342 853 undequaque
1353 811 1412 844 sibi
1422 811 1520 852 ipsum
1533 811 1645 852 aequale
1654 815 1698 842 est
1708 820 1771 843 cce-

82 855 133 889 τὴν
159 857 299 896 σφαιρικήν
323 867 352 885 τε
370 858 413 886 καὶ
438 856 563 897 ἔγκυκλον
594 857 671 893 σώζει
693 859 807 890 κίνησιν·
824 856 902 886 δύνα-

81 911 125 928 ται
155 899 204 939 ἄρα
232 902 276 929 καὶ
291 900 344 930 ἀπὸ
370 901 536 941 μεσημϐρίας
560 903 702 936 κινηθῆναι
732 903 767 935 εἱς
795 901 903 941 ἄρκτον,

80 945 125 973 καὶ
140 944 193 974 ἀπὸ
214 944 310 985 ἄρκτςυ
331 947 367 978 εἷς
383 945 560 986 μεσημϐρίαν,
588 948 624 979 ὡς
641 945 746 975 δύναται
761 947 904 981 κινηθῆναι

81 989 135 1017 ἀπὸ
163 990 296 1024 ἀνατολῆς
313 991 350 1024 εἰς
372 991 454 1032 δύσιν,
473 992 517 1020 καὶ
532 991 584 1020 ἀπὸ
598 994 648 1025 τῆς
671 990 767 1023 δύσεως
784 992 820 1023 εἰς
834 992 902 1020 ὰναο

80 1034 175 1069 τολήν.
193 1038 253 1068 Πῶς
279 1035 323 1064 οὖν
353 1037 382 1065 οὗ
396 1037 484 1074 μάτην
499 1038 516 1070 ἡ
532 1036 608 1077 φύσις
625 1039 664 1074 τῷ
678 1037 783 1074 σώματι
799 1040 845 1066 τοῦ
854 1037 902 1065 οὗ-

79 1083 157 1118 ρανοῦ
180 1080 286 1114 ἐνέθηκε
322 1081 454 1110 τοσούτων
485 1082 614 1117 κινήσεων
639 1082 686 1114 τὰς
722 1080 858 1119 δυνάμεις,
882 1083 904 1110 εἰ

81 1128 218 1165 τετραχῶς
249 1125 298 1163 μὶν
320 1125 378 1166 ἕχει
405 1127 453 1158 τὰς
485 1125 621 1164 δυνάμεις,
654 1130 781 1166 μοναχῶς
798 1125 826 1154 δὲ
858 1137 902 1154 κι-

79 1175 164 1197 νεῖται
179 1179 188 1207 ;

299 1216 351 1247 55.
370 1215 418 1245 Ἐκ
432 1218 478 1244 τοῦ
491 1217 569 1246 αὐτοῦ
585 1215 678 1255 λόγου.

123 1271 135 1286 ιι
154 1260 214 1295 Πιρὶ
249 1258 276 1288 δὲ
300 1263 353 1289 τῶν
381 1259 551 1298 καλουμένων
577 1259 678 1300 ἂστρων
708 1260 839 1298 ἑπόμενον
868 1259 899 1288 ἄν

79 1301 126 1336 εἴη
162 1303 261 1345 λέγειν,
288 1305 319 1333 ἔκ
332 1305 410 1333 τίνων
426 1305 562 1333 συνεστᾶσι
584 1305 642 1342 (51)
665 1305 708 1333 καὶ
722 1305 790 1337 τίνες
813 1306 838 1333 αἱ
852 1316 898 1333 κι-

77 1348 169 1383 νήσεις
211 1349 308 1380 metu».
327 1349 516 1389 Εὒλογώτιτον
538 1349 564 1378 δὲ
593 1350 637 1378 καὶ
664 1356 723 1382 τοῖς
749 1349 898 1389 εἰρημένοις

78 1392 209 1430 ἑπόμενον
238 1393 298 1430 (52)
333 1394 363 1422 τὸ
399 1393 509 1423 ἕκαστον
539 1395 591 1422 τῶν
619 1393 721 1432 ἄστρων
751 1400 841 1423 ποιεῖν
869 1393 899 1422 ὲκ

78 1438 172 1467 τούτου
185 1441 232 1466 τοῦ
246 1438 382 1476 σώματος,
398 1440 426 1467 ἒν
454 1439 477 1476 ᾦ
493 1439 620 1479 τυγχάνει
649 1439 699 1472 τὴν
711 1439 792 1480 φορὰν
820 1439 896 1479 ἕχον,

77 1481 169 1516 ἐπειδὴ
211 1481 309 1522 ἔφαμέν
330 1495 355 1511 τι
391 1484 462 1512 εἶναι
478 1484 492 1512 ὃ
507 1483 596 1520 κύκλῳ
624 1484 744 1524 φέρεσθαι
770 1483 895 1524 πέφυκεν.

77 1522 187 1566 ’Ὠσπερ
216 1528 265 1566 γὰρ
294 1529 317 1556 οἱ
340 1528 434 1567 πύρινα
458 1529 603 1568 φάσκοντες
635 1529 719 1566 εἶναι,
752 1529 794 1557 διὰ
822 1518 927 1557 τοῦτοα

76 1570 209 1610 λέγουσιν,
239 1572 279 1600 ὓτι
307 1573 338 1601 τὸ
366 1573 421 1601 ἂνω
451 1576 529 1611 σῶμα
545 1574 595 1613 πῦρ
616 1579 686 1602 εἶναι
701 1574 789 1613 φιισὶν1
802 1574 839 1606 ὡς
851 1572 896 1602 εδ-

75 1617 155 1655 λογον
177 1616 206 1644 ὃν
230 1616 341 1646 ἕκαστον
377 1619 530 1647 συνεστάναι
553 1617 582 1646 ἐκ
595 1619 693 1647 τοὺτων
708 1619 735 1647 ἐν
765 1618 808 1651 οῖς
831 1618 895 1647 ἕκαο

77 1661 139 1689 στὸν
174 1660 256 1701 ἐστιν,
285 1662 383 1699 ὁμοίως
396 1663 440 1692 καὶ
461 1663 543 1701 ἡμεῖς
565 1662 689 1702 λέγομεν.
709 1658 739 1691 Ἠ
755 1662 782 1691 δὲ
797 1664 895 1702 θερμό-

74 1717 125 1739 της
141 1705 188 1734 ἀπ’
203 1707 287 1735 αὐτῶν
303 1708 346 1735 καὶ
367 1709 397 1735 τὸ
412 1711 467 1748 φῶς
483 1708 583 1747 γίνεται
595 1707 821 1748 παρατριϐομένου
835 1708 894 1746 (53)

74 1750 122 1779 τοῦ
142 1750 217 1790 ἀέρος
252 1752 304 1780 ὑπὸ
317 1754 367 1786 τῆς
392 1752 497 1781 ἐκείνων
521 1755 613 1792 φορᾶς,
635 1752 736 1793 Πέφυκε
752 1752 801 1792 γὰρ
821 1754 838 1787 ἡ
853 1753 896 1782 κί-

75 1807 152 1828 νησις
182 1795 309 1835 ἐκπυροῦν
343 1798 388 1825 καὶ
417 1796 515 1834 λίθους,
544 1798 588 1826 καὶ
617 1796 691 1835 ξύλα,
704 1798 748 1826 καὶ
777 1797 894 1836 σίδηρον⁸

76 1839 261 1880 Εὖλογώτερον
286 1845 329 1870 οὖν
365 1842 396 1870 τὸ
411 1842 551 1882 ἱγγύτερον
580 1843 626 1870 τοῦ
647 1842 738 1882 πυρός·
757 1842 895 1882 ἐγγύτερον

72 1883 101 1913 δὲ
131 1886 144 1913 ὁ
177 1885 239 1926 ἀὴρ,
274 1888 332 1915 οἷον
347 1888 392 1915 καὶ
406 1886 449 1915 ἰπὶ
466 1887 516 1916 τῶν
531 1886 684 1928 φερομένων
700 1887 796 1925 βελῶν·
814 1891 897 1916 ταῦτα

72 1930 124 1969 γὰρ
161 1929 224 1970 (54)
241 1931 395 1967 ἐκπυροῦται
425 1931 520 1969 οὕτως,
543 1932 612 1960 ὥστε
624 1933 748 1967 τήκεσθαι
773 1932 819 1964 τὰς
842 1943 895 1970 μο-

70 1973 198 2007 λιϐδίδας’
230 1976 274 2004 καὶ
289 1975 395 2016 ἐπείπερ
431 1977 496 2006 αὐτὰ
523 1978 692 2017 ἐκπυροῦται,
731 1976 836 2014 ἀνάγκη
851 1979 896 2006 καὶ

70 2020 116 2047 τὸν
146 2019 235 2057 κύκλῳ
270 2021 354 2049 αὑτῶν
388 2020 453 2061 ἀέρα
476 2022 506 2050 τὸ
522 2022 585 2050 αὑτὸ
599 2021 726 2062 πάσχειν.
745 2023 831 2051 Ταῦτα
846 2021 894 2060 μὲν

70 2064 116 2093 οὖν
152 2065 216 2093 αὖτᾶ
244 2065 439 2105 ἐκθερμαίνεται
463 2065 505 2094 διὰ
534 2067 564 2094 τὸ
579 2066 606 2095 ὲν
617 2066 672 2105 ἀέρι
701 2066 834 2106 φέρεσθαι,
865 2066 893 2097 ὃς

68 2108 113 2137 διὰ
141 2109 189 2143 τὴν
218 2109 327 2149 πληγὴν
354 2113 390 2149 τῇ
404 2111 507 2146 κινήσει
527 2111 627 2150 γίνεται
642 2116 703 2150 πῦρ.
720 2113 778 2140 Τῶν
791 2109 818 2139 δὲ
839 2111 894 2139 ἅνω

68 2153 181 2181 ἕκαστον
204 2154 231 2182 ὲν
256 2156 289 2193 τῇ
318 2155 415 2194 σφαρᾳ
442 2154 560 2195 φέρεται,
584 2155 653 2184 ὥστε
675 2155 740 2183 αὑτὰ
775 2155 824 2193 μὲν
852 2156 892 2194 μὴ

67 2197 252 2236 ἐκπυρῶσθαι·
282 2202 329 2226 τοῦ
356 2198 383 2226 δὲ
413 2199 488 2239 ἀέρος
528 2200 579 2228 ὑπὸ
603 2200 652 2233 τὴν
685 2203 732 2228 τοῦ
766 2199 892 2229 κυκλικοῦ

67 2241 194 2279 σώματος
210 2250 325 2282 σφαῖραν
352 2243 439 2280 ὄντος,
451 2244 568 2283 ἀνάγκη,
598 2244 746 2284 φερόμὲνης
775 2244 889 2281 ἐκείνης,

66 2287 262 2325 θερμαίνεσθαι,
290 2289 334 2316 καὶ
370 2288 469 2322 ταύτην
485 2288 602 2326 μάλιστα
617 2289 635 2326 ᾗ
650 2290 664 2317 ὁ
681 2288 756 2322 ἥλιος
784 2289 889 2329 τυγχά-

67 2342 107 2359 νει
137 2330 313 2370 ἑνδεδεμένος”
350 2331 390 2361 διὸ
413 2331 446 2367 δὴ
473 2332 669 2369 πλησιάζοντός
685 2344 713 2362 τε
742 2333 820 2362 αὑτοῦ
848 2337 892 2364 καὶ

65 2376 237 2418 ᾁνίσχοντος,
254 2377 297 2405 καὶ
312 2377 378 2417 ὑπὲρ
402 2378 475 2415 ἡμᾶς
505 2377 591 2415 ὄντος,
618 2378 717 2417 γίνεται
744 2379 890 2418 θερμότης.

67 2416 138 2449 "Ott
171 2421 219 2458 μὲν
247 2421 291 2449 οὖν
313 2416 371 2450 οὔτε
403 2423 498 2462 πύρινα
525 2423 607 2459 ἐστιν,
641 2422 699 2452 οὔτε
715 2423 742 2451 ἐν
766 2425 804 2461 τῷ
832 2429 891 2464 πυρὶ

66 2465 186 2506 φέρεται,
209 2470 291 2495 ταῦτα
307 2467 374 2504 ἡμῖν
390 2467 502 2502 εἰρήσθω
517 2468 575 2506 περὶ
592 2468 688 2498 αΰτῶν.
708 2478 720 2496 1

108 2511 136 2538 Εἰ
152 2509 182 2539 ἐκ
196 2510 243 2545 τῆς
264 2512 347 2545 αὒτης
375 2511 442 2545 ὕλης
459 2512 520 2552 (55)
537 2511 563 2545 ἐξ
578 2512 608 2546 ἧς
626 2512 696 2540 ἒσιτν
729 2513 742 2540 ὁ
769 2513 888 2552 οὐρανὸς,

66 2554 97 2582 ἔκ
110 2555 206 2590 ταύτης
222 2555 277 2585 ἐστὶ
298 2556 389 2585 καὶτὰ
415 2555 508 2597 ἄστρα,
533 2560 589 2589 πῶς
619 2556 665 2585 οὒκ
691 2556 747 2586 ἓστι
779 2556 887 2599 ψευδὲς,

107 2620 169 2662 (51)
186 2626 340 2654 Συνεστᾶσι.
377 2622 471 2654 Addit
486 2622 662 2654 Aristoteles
689 2625 733 2652 καὶ
746 2623 772 2653 ἐν
801 2625 888 2657 ποίοις

62 2661 199 2702 σχήμαέσι,
214 2665 241 2694 et
257 2662 367 2701 quibus
389 2664 421 2693 in
449 2663 566 2702 ﬁguris.
593 2663 656 2694 Mox
673 2663 756 2695 deest
784 2664 887 2696 vocula

61 2701 90 2728 δέ
107 2701 136 2731 in
155 2701 214 2741 Reg
248 2707 255 2732 l
276 2701 454 2734 Aristoteles
468 2703 556 2734 habet
574 2703 618 2739 δή.

105 2741 167 2780 (52)
198 2743 344 2780 κτάμενον.
362 2743 452 2774 Addit
473 2745 544 2780 ἡμῖν
561 2744 749 2775 Aristoteles.

110 2781 175 2819 (53)
203 2783 445 2822 Πιριτριὸομέιου.
486 2783 607 2815 Aristot.
636 2785 888 2825 παρεκτριϐομένου.

945 855 1017 892 lum,
1036 860 1065 886 et
1079 856 1209 897 aequales
1224 856 1313 888 habet
1328 856 1461 898 partibus
1473 859 1619 897 partes,ac
1633 865 1769 897 quocun-

945 910 1002 941 que
1018 900 1107 931 modo
1120 900 1474 942 moveatur,sphaericum
1483 905 1513 932 et
1521 899 1698 932 circularem
1707 910 1770 933 mo-

946 949 1006 975 tum
1022 949 1130 981 servat;
1149 949 1247 986 potest
1263 955 1333 986 ergo
1349 955 1366 977 a
1381 944 1509 977 meridie
1525 944 1638 976 moveri
1652 945 1682 977 in
1695 955 1767 986 sep-

944 989 1395 1031 tentrionem,quemadmodum
1405 990 1517 1021 moveri
1526 989 1666 1030 potestab
1672 990 1771 1022 orien-

947 1039 977 1065 te
992 1034 1023 1064 in
1038 1034 1226 1066 occidentem
1235 1038 1265 1065 et
1274 1034 1311 1065 ab
1320 1034 1477 1066 occidente
1488 1034 1520 1065 in
1535 1034 1770 1067 orientem.579

946 1078 1099 1115 Quomodo
1111 1088 1182 1119 ergo
1194 1082 1299 1110 natura
1314 1088 1374 1110 non
1389 1078 1497 1110 frustra
1507 1079 1575 1110 cmli
1588 1080 1706 1120 corpori
1718 1080 1768 1111 in-

945 1123 1019 1154 didit
1034 1127 1075 1154 tot
1089 1128 1224 1155 motuum
1237 1123 1431 1164 facultates,si
1445 1123 1636 1164 quadruplici
1646 1124 1768 1165 quidem

945 1167 1033 1199 modo
1051 1168 1165 1199 moveri
1181 1171 1290 1209 potest,
1305 1177 1364 1199 uno
1378 1171 1478 1199 autem
1495 1168 1646 1199 movetur?

1025 1213 1073 1244 55.
1087 1211 1140 1244 Ea:
1153 1212 1255 1244 eodem
1270 1213 1358 1250 libro,
1372 1211 1459 1251 ibid.,
1476 1221 1505 1245 c.
1522 1212 1553 1250 7,
1572 1222 1601 1253 p.
1614 1213 1685 1245 289.

987 1268 998 1285 α
1016 1257 1059 1288 De
1073 1257 1108 1288 iis
1128 1261 1225 1289 autem
1241 1267 1308 1299 qua;
1321 1257 1461 1289 dicuntur
1482 1257 1569 1288 astris
1584 1257 1720 1298 sequitur
1734 1262 1767 1290 ut

940 1302 1076 1333 dicamus
1089 1311 1124 1333 ex
1140 1301 1251 1343 quibus
1262 1305 1443 1341 constent,et
1452 1301 1574 1343 quinam
1588 1311 1692 1333 eorum
1705 1311 1767 1334 mo-

940 1351 998 1379 tus.
1015 1347 1068 1379 Est
1080 1350 1180 1378 autem
1196 1347 1303 1378 rationi
1317 1347 1445 1379 maxime
1471 1350 1718 1384 consentaneum.
1735 1351 1766 1379 et

939 1391 985 1422 his
1000 1400 1066 1432 quas
1080 1391 1209 1422 diximus
1225 1400 1425 1432 consequens,
1439 1395 1470 1423 ut
1481 1397 1594 1423 astrum
1613 1392 1767 1432 quodlibet

940 1445 974 1466 ex
991 1445 1027 1467 eo
1042 1445 1258 1476 componamus
1273 1445 1412 1478 corpore,
1427 1436 1459 1468 in
1473 1446 1531 1478 quo
1545 1440 1657 1467 motum
1677 1445 1766 1468 suum

939 1480 1040 1520 habet,
1056 1479 1174 1521 quando
1190 1480 1313 1522 quidem
1330 1481 1461 1512 diximus
1475 1481 1587 1522 aliquid
1603 1482 1764 1522 esse,quod

940 1525 977 1555 ita
992 1528 1030 1556 sit
1046 1529 1151 1557 natura
1163 1529 1414 1566 comparatum,ut
1429 1525 1461 1557 in
1477 1525 1581 1557 orbem
1598 1530 1762 1559 moveatur.

939 1569 1196 1606 Quemadmodum
1205 1570 1285 1602 enim
1293 1571 1343 1611 qui
1351 1570 1457 1611 igneas
1463 1568 1564 1602 stellas
1574 1579 1640 1602 esse
1648 1571 1761 1613 dicunt,

940 1619 1096 1655 propterea
1111 1614 1228 1656 dicunt,
1243 1615 1314 1656 quia
1338 1624 1502 1657 supernum
1526 1624 1635 1656 corpus
1663 1615 1763 1657 ignem

939 1668 1004 1690 esse
1020 1659 1251 1700 dicunt,quippe
1266 1660 1347 1701 quod
1356 1663 1589 1692 consentaneum
1599 1660 1639 1692 sit
1652 1671 1758 1692 unum-

939 1704 1081 1745 quodque
1109 1713 1145 1735 ex
1169 1704 1206 1735 iis
1237 1709 1373 1736 constare
1402 1705 1432 1737 in
1459 1704 1568 1746 quibus
1593 1709 1647 1744 est,
1665 1705 1705 1737 ita
1732 1710 1763 1738 et

939 1758 992 1779 nos
1009 1748 1148 1780 dicimus.
1165 1748 1252 1781 Calor
1266 1752 1365 1780 autem
1380 1749 1418 1781 ab
1434 1749 1478 1781 eis
1492 1755 1522 1781 et
1538 1749 1589 1781 lux
1600 1750 1761 1788 venit,con-

940 1793 1009 1824 trito
1021 1803 1123 1825 eorum
1139 1797 1220 1824 motu
1235 1802 1315 1825 aere.
1333 1794 1417 1825 Solet
1431 1794 1512 1825 enim
1537 1798 1633 1826 motus
1648 1803 1759 1827 accen-

938 1837 1009 1869 dere
1025 1842 1053 1869 et
1068 1837 1181 1878 lapides
1197 1841 1226 1869 et
1241 1837 1322 1878 ligna
1337 1843 1367 1870 et
1383 1838 1506 1871 ferrum.
1523 1838 1676 1880 Praecipue
1691 1849 1760 1872 vero

938 1882 1011 1913 illud
1026 1882 1295 1924 accenditur,quod
1310 1882 1449 1924 proprius
1463 1887 1508 1914 est
1521 1884 1582 1924 igni
1597 1888 1643 1915 est
1658 1888 1758 1917 autem

937 1931 989 1959 aér
1004 1927 1124 1968 propior
1136 1937 1143 1959 :
1156 1928 1243 1968 quale
1253 1931 1298 1959 est
1313 1927 1391 1969 quod
1411 1927 1478 1959 telis
1492 1929 1634 1960 immissis
1649 1930 1757 1964 evenit.

937 1972 1006 2004 Haec
1021 1973 1102 2003 enim
1118 1974 1157 2003 ita:
1173 1972 1340 2012 ignescunt,
1357 1976 1390 2004 ut
1404 1977 1434 2004 et
1446 1972 1601 2014 plumbum
1612 1974 1758 2016 collique-

936 2019 1000 2048 scut
1016 2028 1024 2049 :
1039 2021 1069 2049 et
1083 2017 1152 2058 quia
1163 2017 1228 2058 ipsa
1241 2016 1537 2058 ignescuutmecesse
1552 2022 1596 2050 est
1610 2022 1642 2050 ut
1652 2023 1681 2051 et
1695 2020 1758 2052 cir-

936 2062 1089 2094 cumfusus
1113 2071 1165 2094 aer
1189 2062 1270 2093 idem
1286 2062 1425 2103 patiatur.
1442 2062 1540 2104 Atque
1561 2063 1682 2104 quidem
1695 2065 1759 2106 ipsa

935 2106 1129 2145 incalescunt,
1147 2108 1216 2149 quia
1239 2107 1269 2138 in
1285 2117 1354 2140 aere
1369 2108 1515 2150 feruntur,
1532 2110 1583 2150 qui
1598 2119 1758 2151 percussus

935 2161 968 2182 ex
983 2153 1046 2193 ipso
1058 2157 1137 2184 motu
1153 2153 1186 2185 lit
1200 2152 1288 2193 ignis.
1306 2152 1416 2184 Eorum
1431 2158 1542 2193 autem,
1561 2164 1628 2196 quae
1639 2165 1757 2188 sursum

933 2202 1012 2235 sunt,
1027 2198 1257 2239 unumquodque
1272 2197 1304 2228 in
1317 2197 1433 2238 sphwra
1451 2198 1597 2238 defertur,
1611 2200 1651 2231 ita
1661 2204 1694 2232 ut
1707 2201 1759 2233 illa

932 2242 1053 2281 quidem
1071 2251 1130 2273 non
1145 2242 1338 2280 incalescant,
1352 2241 1406 2273 sed
1422 2251 1534 2281 aerem,
1552 2243 1603 2284 qui
1625 2246 1757 2286 corporis

933 2286 1053 2318 rotundi
1063 2287 1190 2328 sphaera)
1204 2286 1369 2327 subjectus,
1385 2291 1431 2318 est
1443 2297 1568 2319 necesse
1583 2293 1628 2320 est
1642 2289 1758 2323 incale-

935 2341 1030 2372 scere,
1043 2332 1113 2363 dum
1128 2335 1261 2363 movetur
1270 2331 1453 2372 sphaera,illa
1468 2334 1636 2373 praesertim
1650 2334 1700 2366 cui
1711 2336 1754 2367 sol

933 2376 1064 2416 illigatur
1082 2387 1088 2406 :
1105 2376 1194 2414 unde,
1210 2376 1280 2407 dum
1296 2375 1347 2407 ille
1361 2377 1581 2418 appropinquat
1607 2382 1638 2409 et
1661 2380 1757 2412 oritur

934 2426 962 2452 et
977 2430 1068 2462 supra
1083 2431 1138 2452 nos
1154 2424 1210 2459 est,
1222 2420 1255 2452 ﬁt
1265 2420 1358 2452 calor.
1375 2420 1434 2452 Cur
1446 2421 1536 2461 igitur
1550 2423 1644 2454 stellae
1655 2433 1756 2464 neque

932 2466 1027 2506 igneae
1041 2467 1111 2504 sint,
1125 2474 1222 2506 neque
1236 2464 1268 2496 in
1280 2464 1350 2505 igne
1365 2470 1553 2508 moveantur,
1561 2467 1625 2500 haec
1635 2477 1654 2500 a
1668 2469 1754 2501 nobis

930 2511 1007 2542 dicta
1023 2516 1122 2542 sunto.
1142 2523 1154 2540 ι

970 2555 1002 2588 Si
1016 2566 1051 2587 ex
1067 2555 1171 2587 eadem
1187 2554 1322 2592 materia,
1336 2563 1372 2586 ex
1388 2564 1447 2596 qua
1460 2555 1654 2596 ccelum,sunt
1664 2559 1752 2590 etiam

972 2625 1034 2667 (54)
1046 2627 1132 2654 Ταῦτα
1141 2621 1384 2667 γάρξδγιιιιιιιβὶιιε
1398 2622 1474 2667 dum
1483 2628 1566 2665 putat
1576 2625 1664 2667 hujus
1672 2627 1751 2658 scri-

930 2661 1030 2705 ptoris'
1048 2661 1159 2696 textum
1180 2673 1215 2705 ex
1231 2663 1295 2703 ipso
1310 2661 1568 2696 Aristotelis—textu
1583 2661 1751 2698 emendan—

928 2704 1012 2740 dnm,
1029 2705 1149 2744 scripsit
1163 2704 1228 2735 sine
1242 2711 1330 2734 causa
1345 2707 1426 2732 ταῦτα
1436 2706 1485 2744 γὰρ
1500 2706 1577 2743 uoca,
1594 2711 1624 2739 et
1639 2717 1706 2738 mox
1720 2707 1752 2736 τὰ

936 2746 997 2773 αὐτὸ
1012 2743 1098 2784 ιιιῦτιι,
1116 2749 1145 2776 et
1159 2744 1248 2780 infra,
1266 2743 1357 2784 ﬁve-cat
1373 2744 1390 2778 ἡ
1406 2743 1550 2784 θερμὸτης,

976 2769 1255 2824 ὲὲςιὲῖτξλτῖξξῦὲὶέἲ
1267 2769 1300 2814 in
1313 2769 1390 2823 ius:
1407 2769 1432 2821 ιζ
