1948 3075
184 73 197 104 1
204 68 264 102 555

536 68 744 105 ΑΡΡΕΝΒΙΧ.
768 87 806 94 -
827 72 924 105 PARS
945 67 967 98 I.
997 67 1006 98 ξ

1090 66 1200 98 ’ΞΤΙΝΙ
1221 66 1347 99 OPERA
1370 67 1518 99 SPURIA.

1800 67 1810 98 1
1819 65 1886 98 556

184 136 426 177 astrazquomodo
439 145 497 168 non
508 136 614 168 falsum
627 136 770 177 illud,Em
785 139 933 171 universa
944 143 1006 166 ηια-

1129 133 1176 162 Ἐκ
1206 134 1294 167 πάσης
1309 133 1401 173 γέγονε
1431 136 1481 167 τῆς
1510 133 1575 168 ὕλης
1592 135 1605 162 ὁ
1632 134 1754 174 οὒρανὸς,
1771 135 1819 162 καὶ
1836 135 1882 173 τὸ,

187 182 265 212 tert'a
274 181 389 221 factum
402 185 444 212 est
456 181 584 213 calum?
596 181 679 220 Item,
688 183 867 215 Universum
877 184 1011 216 circum-

184 227 311 266 plexum
321 229 367 257 est
377 225 591 258 materiam?Si
603 226 632 257 id
649 227 727 266 quod
741 233 919 267 movetur,et
931 233 1011 260 motu

186 280 240 302 suo
255 270 396 301 idoneum
410 271 443 302 ﬁt
457 271 493 302 ad
505 271 585 302 aliud
604 271 916 311 calefaciendum,nisi
928 274 1012 315 prius

187 315 283 355 ipsum
296 315 416 355 praprio
427 320 508 347 motu
517 315 855 353 incalescat,calefacere
863 318 942 349 aliud
952 328 1012 349 non

187 363 304 400 potest:
321 360 470 400 quomodo
486 360 604 401 sphaera
620 364 648 391 et
663 370 728 401 qua!
745 361 774 392 in
791 371 825 393 ea
841 367 1009 403 suntastra,

186 403 363 435 calefaciunt
373 414 427 436 suo
439 405 571 445 ipsorum
584 409 665 436 motu
676 415 858 444 aerem,cum
875 408 939 448 ipsa
951 417 1011 438 non

187 448 340 480 caleﬁant?
355 448 387 480 Si
409 448 488 489 quod
513 458 566 480 suo
591 449 664 490 ipsis
690 454 771 481 motu
794 452 1009 484 calefactoriam

186 493 245 524 vim
262 497 394 531 exercet,
405 494 435 524 id
450 503 574 525 necesse
590 498 634 525 est
648 498 698 525 aut
713 496 883 534 gravitatem
900 496 1010 528 habere

187 537 410 579 autlevitatem,
426 539 576 579 quomodo
592 539 700 570 coelum
718 545 748 571 et
763 550 828 580 qua:
843 541 871 572 in
890 551 926 572 eo
943 546 1012 572 sunt

187 586 348 624 astra,cum
360 593 458 625 neque
470 583 645 624 gravitatem
658 585 786 616 habeant
797 596 895 627 neque
907 586 1010 617 levita-

189 633 260 665 tem,
276 627 493 659 caleiactoriam
513 628 567 658 vim
584 631 739 659 exercent?
750 629 781 661 Si
793 640 859 670 quae
875 631 1010 662 eamdem

188 673 299 704 habent
306 673 445 705 mobilem
458 673 706 711 substantiam,ea
715 684 842 707 necesse
853 680 898 706 est
906 675 1011 707 eodem

189 727 241 758 per
254 726 287 748 se
299 721 379 748 motu
390 718 538 755 cieri,non
550 727 603 758 per
612 718 752 750 accidens
770 730 776 751 :
794 720 943 760 quomodo
952 730 1012 751 non

1053 181 1143 207 Πᾶσαν
1179 183 1227 212 τὴν
1270 178 1336 212 ὕλην
1372 177 1570 219 περιείληφεν,
1603 180 1631 208 Εἰ
1658 179 1689 207 τὸ
1721 178 1884 216 κινούμενον

1053 223 1096 251 καὶ
1122 222 1155 261 τῇ
1188 223 1291 258 κινήσει
1305 224 1477 263 θερμαντικὸν
1513 223 1601 263 ἐτέρου
1626 223 1794 263 γιγνόμενον,
1836 223 1883 251 ἐὰν

1053 267 1092 304 μὴ
1107 267 1313 306 προηγουμένως
1349 267 1412 296 αὒτὸ
1436 270 1470 306 τῇ
1499 267 1591 297 ἑαυτοῦ
1607 268 1708 301 κινὴσει
1730 269 1885 307 Θερμανθῇ,

1053 313 1224 349 θερμαντικὸν
1272 311 1361 352 ἑτέρου
1389 312 1509 351 γενέσθαι
1556 313 1586 340 οὗ
1616 311 1733 340 δύναται·
1769 313 1830 343 πῶς
1862 311 1882 344 ἡ

1052 362 1151 397 σφαῖρα
1166 357 1209 385 καὶ
1237 356 1306 386 τὰέν
1335 359 1401 395 αὒτῇ
1427 356 1509 396 ἂστρα
1543 356 1707 395 θερμαίνουτι
1723 359 1756 394 τῇ
1773 356 1882 384 ἑαυτῶν

1051 401 1154 436 κινήσει
1181 401 1226 429 τὸν
1262 401 1338 441 ἀέρα,
1369 402 1433 431 αὒτὰ
1448 401 1488 439 μὴ
1502 401 1695 442 θερμαινόμενα
1719 411 1727 440 ;
1746 401 1775 429 Εἰ
1792 401 1823 428 τὸ
1840 403 1878 438 τῇ

1052 446 1145 475 ἑαυτοῦ
1186 446 1288 481 κινήσει
1332 446 1506 486 θερμαντικὰς
1552 445 1682 486 ἐνεργείας
1737 445 1878 475 ἐπιτελοῦν,

1052 489 1156 529 ἀνάγκη
1185 491 1262 518 τοῦτο
1291 491 1308 525 ἡ
1336 491 1470 530 βαρύτητα
1494 489 1567 531 ἔχειν
1597 490 1614 525 ἢ
1631 491 1793 531 κουφότητα·
1820 492 1881 522 πῶς

1052 535 1066 562 ὃ
1096 535 1204 574 οὕρανδς
1230 535 1274 563 καὶ
1303 535 1336 563 τὰ
1364 535 1391 563 ὲν
1426 536 1497 573 αὒτῷ
1520 535 1613 575 ἄστρα,
1644 537 1713 573 μήτε
1741 536 1883 574 βαρύτητα

1052 579 1162 619 ἔχοντα,
1192 579 1262 616 μὴτε
1300 580 1464 620 κουφότητα,
1491 580 1537 612 τὰς
1566 580 1739 619 θερμαντικὰς
1769 579 1883 608 ἔκτελεῖ

1055 624 1187 663 ἐνεργείας
1204 633 1212 664 ;
1230 625 1259 653 Εἰ
1286 625 1319 652 τὰ
1343 624 1391 658 τὴν
1408 624 1488 658 αὖτῆν
1523 623 1621 664 ’έχοντα
1644 625 1757 658 κινητὴν
1773 624 1880 663 οὖσίαν,

1053 669 1155 700 τούτοις
1182 668 1285 708 ἀνάγκη
1310 669 1358 703 τὴν
1389 669 1470 703 αὖτὴν
1485 669 1542 697 καθ’
1566 669 1628 697 αὐτὸ
1649 671 1780 698 κινεῖσθαι
1798 670 1881 702 κίνη-

1054 725 1106 749 σιν,
1149 714 1193 742 καὶ
1218 715 1256 751 μὴ
1285 714 1354 742 κατᾶ
1375 713 1551 752 συμϐεϐηκός·
1582 718 1639 746 πῶς
1670 716 1718 744 οὒκ
1759 714 1836 742 ἔστιν
1868 716 1882 742 ὁ

189 771 242 803 per
256 761 396 793 accidens
411 762 454 794 sol
466 767 614 800 movetur,
627 763 653 794 si
668 764 792 804 sphaerae
803 758 938 805 illigatus
953 764 1006 796 esti

1092 769 1131 790 ιος
1158 759 1226 787 κατὰ
1264 758 1432 797 συμϐιϐηκὸς
1469 759 1635 796 κινούμενος,
1671 759 1693 788 εἰ
1716 763 1751 798 τῇ
1779 759 1880 799 σφαίρᾳ

187 807 297 839 Eadem
318 808 391 838 ratio
408 810 436 839 et
456 807 493 839 de
508 808 575 839 aliis
589 808 688 846 astris,
705 810 731 840 si
745 818 805 840 non
830 819 883 850 per
899 819 931 841 se
946 819 1012 840 mo—

186 855 293 883 ventur
305 852 430 883 naturali
445 861 498 883 suo
515 853 666 891 motu,sed
683 863 737 894 per
746 855 891 895 sphaeras,
904 854 1014 895 quibus

188 897 304 938 illigata
320 900 400 929 sunt.
417 896 449 928 Si
465 897 508 929 sol
526 906 560 930 ex
573 897 676 928 eadcm
692 899 868 937 materia,ex
880 908 938 940 qua
954 908 1011 930 cce-

187 942 260 978 lum,
277 950 332 972 nec
347 942 519 981 gravitatem
531 951 587 973 nec
603 942 750 974 levitatem
767 943 948 984 habente,ac
965 953 1012 975 ro-

187 986 279 1017 tunda
291 990 336 1017 est
346 986 449 1025 ﬁgura,
460 986 713 1028 quemadmodum
724 992 753 1018 et
764 987 941 1024 coelum,cur
951 997 1011 1019 non

188 1030 292 1062 eodem
306 1033 431 1070 uterque
441 1030 529 1062 modo
541 1031 1009 1073 movetur,aut,quemadmo.lum

187 1075 302 1116 sol,per
316 1074 472 1107 adversam
489 1075 614 1115 partium
631 1075 854 1108 obsistentiam?
866 1076 919 1108 Sin
936 1076 1010 1107 nihil

188 1122 439 1160 praeternaturam
447 1119 653 1160 estiniis,quae
661 1120 1011 1161 suntteterna-quomodo

188 1172 247 1195 non
256 1167 364 1204 praeter
373 1167 506 1195 naturam
519 1167 613 1203 est,ut
621 1174 710 1205 quem
721 1169 833 1196 motum
846 1165 952 1206 aliquis
961 1165 1012 1195 ha-

188 1208 240 1240 bet
254 1209 419 1240 secundum
438 1212 587 1246 naturam,
603 1219 639 1240 eo
655 1219 714 1241 non
732 1219 784 1250 per
799 1219 831 1241 se
848 1213 1010 1250 moveatur,

189 1254 243 1285 sed
268 1263 323 1295 per
344 1253 441 1286 aliud?
465 1256 620 1286 Moventur
633 1254 703 1285 580
719 1254 799 1286 enim
823 1255 866 1286 sol
886 1259 915 1286 et
935 1258 1012 1285 astra

188 1308 247 1330 non
263 1308 317 1341 per
330 1308 374 1338 se,
391 1298 443 1330 sed
459 1307 515 1339 per
529 1299 662 1340 sphmras
674 1299 782 1340 quibus
797 1304 865 1330 sunt
886 1298 1008 1339 illigata.

188 1345 271 1376 Sicut
284 1343 387 1383 genita
402 1344 566 1375 secundum
582 1345 730 1376 rationem
746 1348 815 1375 sunt
831 1343 859 1375 id
872 1343 952 1385 quod
963 1344 1009 1375 {a-

1056 802 1184 832 ἒνδέδεται
1202 814 1209 841 ;
1241 804 1289 833 Καὶ
1317 804 1376 841 περὶ
1398 806 1451 831 τῶν
1467 803 1554 831 ἄλλων
1584 803 1685 843 ἃττρων
1700 805 1714 832 ὃ
1730 805 1811 835 αὐτὸς
1835 803 1882 832 λό-

1054 859 1111 887 γος,
1128 849 1151 876 εἰ
1174 849 1212 886 μὴ
1242 847 1274 876 δι’
1313 849 1412 876 ἑαυτῶν
1428 852 1558 877 κινοῦνται
1593 849 1640 882 τὰς
1654 849 1722 878 κατὰ
1735 849 1812 889 φύσιν
1830 849 1880 876 αὑ-

1054 893 1107 921 τῶν
1141 894 1269 931 κινήσεις,
1301 892 1370 921 ἀλλὰ
1390 892 1432 921 διὰ
1452 896 1506 922 τῶν
1520 897 1637 933 σφαιρῶν
1653 894 1697 926 αἶς
1720 895 1785 922 εἰσιν
1802 892 1880 922 ἐνδε-

1054 936 1162 976 δεμένα.
1209 938 1236 966 Et
1264 938 1296 966 ἐκ
1310 940 1359 972 τῆς
1376 938 1458 972 αὐτῆς
1474 938 1540 971 ὕλης
1554 939 1626 966 ἔστὶν
1640 939 1653 966 ὁ
1667 937 1740 971 ἥλιος
1755 939 1789 972 ἧς
1808 938 1880 966 ἐστιν

1053 983 1067 1011 ὁ
1102 984 1222 1022 οὒρανὸς,
1238 986 1288 1017 τῆς
1301 983 1371 1020 μὴτε
1386 984 1519 1023 βαρύτητα
1535 983 1603 1021 μήτε
1623 984 1776 1024 κουφότητα
1791 983 1878 1023 ἐχού-

1052 1038 1115 1065 σης,
1145 1029 1186 1056 καὶ
1215 1028 1352 1068 σφαιρικὸν
1368 1028 1428 1068 ἔχει
1444 1029 1474 1057 τὸ
1489 1031 1597 1069 σχῆμα,
1615 1028 1703 1068 ὥσπερ
1718 1028 1781 1068 ἔχει
1802 1029 1849 1056 καὶ
1865 1028 1878 1055 ὁ

1053 1073 1175 1112 οὒρανός·
1209 1072 1250 1100 διὰ
1279 1073 1304 1101 τί
1329 1073 1367 1110 μὴ
1388 1074 1514 1105 ὡσαύτως
1535 1072 1667 1102 κινοῦνται
1681 1073 1839 1114 ἀμφότεροι,
1859 1073 1875 1105 ἡ

1053 1117 1120 1146 κατὰ
1152 1118 1371 1156 ἀντιμετάστασιν
1401 1121 1453 1146 τῶν
1481 1119 1580 1158 μερῶν,
1606 1118 1696 1157 ὥσπερ
1731 1125 1845 1146 κινεῖται
1862 1119 1875 1145 ὁ

1053 1162 1129 1198 ἥλιος
1143 1173 1151 1199 ;
1183 1164 1211 1192 Εί
1239 1162 1313 1192 οἰδὲν
1327 1163 1398 1203 παρὰ
1425 1163 1500 1203 φύσιν
1516 1163 1543 1191 ἐν
1564 1166 1624 1194 τοῦς
1636 1162 1741 1203 ἀϊδίοις,
1756 1166 1814 1195 πῶς
1829 1165 1875 1192 οὔκ

1052 1207 1109 1236 ἔστι
1143 1208 1214 1247 παρᾶ
1241 1208 1316 1249 φύσιν
1330 1209 1360 1236 τὸ
1383 1208 1431 1242 τὴν
1447 1208 1550 1241 κίνησιν
1565 1208 1599 1243 ἢν
1614 1208 1672 1248 ἔχει
1685 1218 1724 1239 τις
1740 1209 1808 1236 κατὰ
1824 1209 1874 1248 φύ-

1053 1264 1107 1294 σιν,
1129 1253 1228 1286 ταύτην
1257 1253 1297 1290 μη
1308 1252 1339 1280 δι’
1368 1252 1461 1281 ἑαυτοῦ
1475 1255 1618 1290 κινεῖσθαι,
1632 1252 1701 1281 ἀλλὰ
1712 1251 1745 1280 δι’
1762 1252 1852 1291 ἑτέρου
1866 1262 1873 1290 ;

1055 1301 1190 1328 Κινοῦνται
1219 1299 1268 1339 γὰρ
1292 1299 1306 1326 ὂ
1334 1309 1362 1326 τε
1392 1298 1468 1334 ἥλιος
1479 1299 1522 1327 καὶ
1536 1299 1567 1327 τὸ
1593 1297 1729 1336 ἅστρα,οὒ
1758 1296 1792 1325 δι’
1809 1298 1871 1325 ἑαυο

1051 1346 1116 1379 τῶν,
1133 1342 1201 1371 ἀλλὰ
1217 1343 1259 1372 διὰ
1273 1343 1326 1372 τῶν
1349 1346 1464 1384 σφαιρῶν
1494 1343 1521 1372 ἓν
1545 1343 1591 1375 αἶς
1614 1343 1678 1371 εἰσιν
1699 1341 1870 1380 ἐνδεδεμένοι,

187 1393 233 1420 cta
243 1389 367 1427 sunt,ita
377 1392 407 1420 et
422 1388 551 1429 ingenita
565 1389 729 1420 secundum
740 1389 885 1420 rationem
901 1393 969 1419 sunt
979 1388 1006 1420 id

1090 1412 1092 1423 ,
1114 1387 1203 1427 ὥσπερ
1232 1388 1264 1415 τὰ
1291 1387 1390 1426 γενητὰ
1418 1388 1486 1416 κατὰ
1514 1387 1594 1426 λόγοι
1611 1387 1681 1415 ἐστὶν
1709 1385 1723 1414 ὅ
1751 1386 1870 1425 γέγονεν,

187 1434 267 1474 quod
279 1425 358 1472 sunt;
371 1425 537 1474 posteriora
548 1443 618 1473 ergo
628 1434 741 1465 ratione
760 1433 902 1474 ingenita.
926 1433 1006 1471 Quod

1090 1444 1122 1461 ιω
1146 1435 1189 1461 καὶ
1217 1432 1250 1462 τὰ
1279 1432 1397 1472 ἀγένητα
1426 1433 1494 1461 κατὰ
1529 1432 1608 1471 λόγον
1636 1431 1706 1460 ἐστὶν
1748 1431 1762 1459 ὃ
1789 1432 1870 1459 ἔστιν·

187 1479 212 1509 si
227 1477 259 1509 id
273 1478 338 1510 ﬁeri
352 1487 412 1509 non
430 1482 538 1518 potest,
555 1487 741 1519 nequaquam
757 1487 827 1517 ergo
844 1479 1009 1510 secundum

186 1523 332 1555 rationem
343 1526 412 1553 sunt
426 1522 567 1563 ingenita.
585 1522 616 1554 Si
629 1526 728 1554 autem
745 1533 805 1554 non
818 1527 886 1554 sunt
899 1533 1009 1554 secun-

187 1568 257 1599 dum
267 1566 578 1608 rationem,quomodo
589 1567 823 1608 unumquodque
835 1577 937 1599 eorum
951 1567 1010 1598 uti-

186 1612 255 1644 liter
269 1616 314 1644 est
328 1612 357 1644 id
374 1612 452 1653 quod
469 1616 558 1650 est,et
574 1611 662 1643 habet
673 1611 701 1643 id
714 1612 792 1653 quod
805 1611 906 1652 habet,
919 1617 949 1644 et
964 1613 1010 1644 fa-

186 1658 224 1688 cit
238 1657 268 1688 id
283 1656 364 1698 quod
379 1657 463 1689 facit?
477 1656 548 1694 Quae
563 1657 643 1688 enim
661 1657 773 1688 utiliter
787 1657 944 1698 exsistunt,
960 1667 1012 1689 ra-

187 1702 277 1734 tionis
291 1706 321 1734 et
341 1701 535 1743 providentiae
551 1705 621 1733 sunt
635 1711 737 1743 opera.
754 1701 782 1733 Si
798 1702 909 1742 genitis
921 1702 1012 1734 rebus

185 1747 357 1787 adjunctum
373 1752 430 1785 est,
442 1751 474 1778 ut
489 1756 526 1779 ex
546 1747 662 1779 ratione
677 1747 737 1778 sint
752 1751 782 1778 et
797 1748 933 1786 materia;
950 1757 1012 1779 non

186 1800 257 1832 ergo
272 1801 311 1824 ex
325 1793 441 1824 ratione
453 1795 482 1822 et
493 1791 695 1824 materiasunt
709 1792 840 1832 ingenita
856 1792 1012 1828 Quomodo

185 1844 254 1876 ergo
269 1836 401 1877 ingenita
415 1837 534 1875 coelum,
552 1841 582 1868 et
602 1846 670 1878 quae
693 1836 724 1867 in
751 1846 786 1868 eo
802 1837 914 1874 omnia,
933 1842 962 1867 et
978 1845 1012 1867 ex

185 1882 300 1913 ratione
316 1886 345 1913 et
358 1881 497 1914 materia?
520 1881 564 1920 Si,
577 1886 609 1912 ut
624 1881 697 1912 dixit
711 1881 902 1921 Aristoteles,
919 1882 947 1912 in
964 1881 1010 1922 iis,

1051 1477 1145 1516 ὕστερα
1161 1477 1210 1518 ἂρα
1245 1478 1292 1506 τοῦ
1320 1476 1401 1516 λόγου
1424 1478 1457 1506 τὰ
1471 1477 1569 1517 γενητά
1584 1475 1621 1505 Ἦ.
1640 1477 1669 1506 Et
1684 1475 1710 1504 δὲ
1726 1477 1803 1504 τοῦτο
1814 1475 1873 1504 ἁδύ-

1051 1533 1141 1560 νατον,
1171 1522 1217 1551 οὒκ
1245 1521 1294 1562 ἂρα
1324 1523 1391 1550 κατὰ
1421 1521 1501 1562 λόγον
1528 1521 1582 1550 ἐστὶ
1611 1521 1644 1550 τὰ
1670 1521 1798 1560 ἀγένητα.
1833 1522 1874 1554 Μὴ

1051 1568 1135 1595 ἱντων
1160 1566 1188 1595 δὲ
1230 1569 1315 1597 αὐτῶν
1352 1567 1421 1595 κατὰ
1445 1566 1538 1607 λόγον,
1571 1568 1628 1598 πῶς
1653 1565 1764 1594 ἕκαστον
1792 1567 1876 1595 αὐτῶν

1053 1611 1190 1652 χρειωόὡς
1208 1612 1279 1640 ἐστιν
1301 1611 1315 1639 ὅ
1348 1611 1416 1652 ἄστι,
1452 1612 1496 1640 καὶ
1524 1611 1584 1652 ἔχει
1599 1611 1613 1639 ὃ
1628 1609 1700 1650 ἔχει,
1722 1611 1767 1638 καί
1781 1610 1879 1639 ποιεῖό

1054 1663 1132 1685 ποιεῖ
1152 1666 1160 1694 ς
1175 1656 1206 1685 τέι
1234 1656 1284 1696 γὰρ
1304 1655 1444 1697 χρειωδῶς
1459 1656 1533 1697 ὄντα,
1549 1655 1630 1695 λόγου
1651 1666 1679 1683 τε
1694 1655 1739 1683 καὶ
1754 1657 1878 1694 προνοὶας

1054 1701 1123 1730 ἐστὶν
1151 1700 1226 1740 ἔργα.
1256 1701 1285 1730 Et
1310 1700 1449 1730 ἀκολουθεῖ
1473 1708 1532 1733 τοτς
1564 1706 1690 1739 γενητοῖς
1704 1700 1735 1728 τὸ
1751 1699 1782 1729 ἐκ
1796 1699 1879 1739 λόγου

1055 1753 1124 1774 εῖναι
1150 1746 1192 1774 κα“
1223 1745 1254 1774 ”λ
1331 1747 1340 1765 ³
1378 1746 1395 1774 ἃ
1455 1745 1466 1774 ἐ
1509 1745 1540 1773 λ’
1638 1745 1644 1754 ¹
1665 1744 1695 1772 ’λ
1772 1745 1778 1753 “
1819 1745 1826 1755 ’
1856 1745 1862 1752 ’

1187 1758 1194 1774 ι
1223 1757 1237 1773 υ
1255 1758 1301 1784 ης,
1315 1757 1363 1775 οοκ
1396 1757 1427 1785 ρα
1468 1757 1485 1773 κ
1528 1756 1589 1785 ογου
1603 1756 1646 1773 και
1665 1756 1679 1773 υ
1697 1756 1730 1778 ης
1753 1756 1786 1774 τα
1814 1756 1880 1784 αγε-

1054 1802 1134 1825 νητα.
1172 1793 1233 1823 Πῶς
1263 1790 1308 1819 οὖν
1323 1790 1440 1831 ἀγένητα
1455 1791 1469 1819 ὃ
1484 1801 1512 1818 τε
1526 1790 1646 1829 οὐρανὸς,
1659 1789 1702 1818 καὶ
1717 1790 1749 1818 τὰ
1763 1790 1792 1817 ἒν
1807 1789 1877 1827 αὒτῷ

1054 1836 1153 1876 πάντα,
1181 1836 1225 1864 καὶ
1241 1835 1311 1864 ἔστιν
1335 1838 1364 1864 ὲκ
1389 1835 1470 1876 λόγου
1486 1836 1528 1864 καὶ
1542 1834 1630 1871 ὕλης;
1655 1835 1693 1872 Εἰ,
1710 1835 1778 1862 καθα
1800 1835 1876 1863 εἶπεν

1054 1882 1068 1909 ὃ
1104 1879 1304 1921 Ἀριστοτέλης,
1341 1881 1369 1909 ἐν
1397 1887 1457 1913 τοῖς
1488 1880 1583 1912 ἆῒόίοις
1621 1877 1692 1908 οωὲν
1708 1879 1797 1916 μάτην
1821 1878 1877 1908 οὖόὲ

190 1935 257 1967 quae
272 1932 385 1958 aeterna
395 1931 478 1965 sunt,
498 1926 572 1957 nihil
583 1927 693 1957 frustra
714 1931 768 1967 est,
786 1935 884 1967 neque
907 1930 1006 1966 praete:

1090 1926 1125 1966 ρὰ
1158 1926 1245 1965 φύσιν·
1275 1927 1333 1958 πῶς
1358 1925 1404 1967 ἀφ’
1433 1926 1469 1954 ὧν
1503 1926 1565 1953 εἷπε
1590 1924 1711 1963 περὶτῆς
1726 1927 1773 1952 τοῦ
1801 1923 1875 1958 ἡλίου

186 1972 488 2012 naturamzquomodo
505 1971 541 2003 ab
556 1970 674 2012 iis,quae
693 1971 767 2002 dixit
781 1971 818 2003 de
833 1971 904 2002 solis
917 1975 1006 2011 motu,

1090 1972 1187 2006 ιήσεως
1214 1970 1350 2006 συμϐαίνει
1384 1974 1422 2007 τῷ
1451 1969 1519 2007 ἡλίῳ
1533 1969 1679 2009 ἀμφότερα1
1703 1969 1745 1996 καὶ
1771 1968 1802 1996 16
1826 1969 1862 2006 μά

185 2019 345 2057 utrumque
361 2017 459 2047 evenit
473 2017 540 2057 soli,
556 2020 586 2047 et
599 2016 678 2057 quod
694 2017 803 2047 frustra
819 2021 864 2048 est
880 2020 909 2047 et
932 2017 1006 2056 quod

1091 2027 1104 2043 ν
1136 2016 1227 2044 καὶτὸ
1256 2016 1327 2055 παρὰ
1355 2016 1431 2056 φύσιν
1454 2015 1572 2054 ;Είγὰρ
1599 2017 1646 2042 τοῦ
1666 2012 1741 2047 ἡλίου
1770 2015 1803 2051 τῇ
1832 2024 1874 2040 κι-

183 2065 292 2101 praeter
306 2063 460 2093 naturam?
469 2062 543 2094 Nam
556 2061 582 2092 si
595 2061 639 2092 sol
652 2061 781 2092 m0venti
793 2061 876 2092 illum
888 2061 1006 2102 sphaera

1090 2061 1134 2098 531;.
1165 2061 1241 2090 αὑτὸν
1266 2060 1361 2100 σφαίρᾳ
1384 2061 1423 2098 μὴ
1451 2058 1617 2096 ὲνδεδεμένου
1647 2058 1694 2092 τὴν
1710 2057 1791 2091 αὗτὴν
1807 2058 1872 2085 κατᾶ

182 2115 243 2137 non
250 2105 499 2146 alligatuseodem
511 2106 677 2138 secundum
690 2108 825 2138 naturam
839 2110 1006 2137 moveretur

1090 2117 1125 2134 τιν
1151 2107 1267 2134 ἐκινεῖτο
1295 2106 1398 2139 κίνησιν
1428 2105 1461 2139 ἣν
1493 2107 1536 2132 νῦν
1551 2110 1675 2132 κινεῖται·
1695 2102 1753 2133 πῶς
1769 2103 1798 2130 οὗ
1823 2101 1871 2140 μά-

183 2154 339 2191 motu,quo
345 2160 424 2183 nunc
432 2151 730 2192 movetur,quomodo
738 2160 797 2182 non
804 2151 912 2182 frustra
919 2151 1006 2189 illiga-

1090 2163 1100 2178 ν
1120 2150 1225 2184 ὲνεδέθη
1252 2153 1286 2189 τῇ
1315 2150 1481 2190 σφαίρᾳ;Εἱ
1509 2147 1536 2177 δὲ
1559 2149 1599 2186 μὴ
1627 2147 1726 2180 ταύτην
1757 2148 1870 2192 sancito

183 2200 231 2226 tus
240 2200 285 2226 est
295 2196 522 2237 sphaeraemuod
530 2196 554 2227 si
563 2191 623 2227 non
634 2196 690 2227 hoc
697 2195 860 2226 secundum
874 2200 1006 2226 naturam

1090 2195 1118 2223 τὰ
1145 2195 1231 2235 φύσιν,
1276 2194 1336 2223 ἀλλ’
1365 2195 1455 2233 ἑτέραν
1502 2193 1573 2233 παρᾶ
1608 2192 1718 2228 ταύτην,
1750 2191 1808 2219 εἴτε
1833 2195 1869 2227 τῷ

182 2245 362 2282 moveretur,
379 2240 432 2273 sed
442 2241 500 2272 alio
511 2245 561 2272 aut
571 2241 734 2282 quantitate
746 2243 797 2273 aut
808 2240 947 2282 qualitate
957 2240 1005 2271 di-

1090 2243 1126 2277 σῷ
1150 2239 1207 2268 ε’ίτε
1242 2241 1279 2276 τῷ
1301 2243 1380 2276 ποιῷ·
1412 2242 1470 2270 πῶς
1497 2238 1525 2266 οὖ
1551 2238 1621 2276 παρὰ
1653 2237 1729 2277 φύσιν
1760 2242 1868 2264 κινεῖται

182 2285 431 2326 versozquomodo
442 2295 501 2316 non
511 2290 618 2326 prater
625 2290 759 2317 naturam
772 2295 851 2316 nunc
858 2284 1006 2316 movetur?

261 2331 311 2363 56.
326 2331 488 2362 Ezeodem
502 2330 593 2368 libro,
609 2330 697 2368 ibid.,
714 2341 740 2362 c.
755 2331 784 2369 8,
803 2341 833 2371 p.
851 2330 921 2362 289.

224 2387 238 2402 α
254 2374 348 2407 Orbes
362 2375 484 2416 quidem
499 2379 665 2416 moventur,
676 2376 771 2408 stella:
785 2380 882 2407 autem
899 2376 1005 2416 quieta":

179 2423 259 2458 sunt,
278 2419 460 2461 orbibusque
476 2420 620 2451 devinctae
635 2420 781 2452 feruntur.
796 2432 809 2450 ι

219 2463 251 2496 Si
275 2469 380 2496 natura
405 2466 435 2496 in
462 2464 586 2496 orbibus
602 2465 695 2496 stellae
712 2465 880 2506 quiescunt,
898 2466 1008 2497 frustra

178 2509 302 2541 orbibus
319 2514 390 2541 sunt
404 2510 557 2542 devinctae.
575 2509 628 2541 Sin
644 2514 750 2550 praeter
766 2513 901 2542 naturam
919 2511 1005 2551 qnie-

178 2559 276 2592 scunt,
288 2563 396 2595 nempe
414 2563 470 2594 per
480 2556 538 2585 vim
552 2555 760 2595 quiescunt.At
772 2555 802 2586 in
814 2555 904 2586 rebus
920 2559 1006 2586 mter-

175 2598 224 2630 nis
239 2599 317 2630 nihil
332 2599 378 2630 vel
394 2599 505 2630 frustra
516 2599 621 2637 est,vel
632 2603 740 2640 praeter
753 2599 1006 2640 naturam.ltaque

175 2643 353 2676 Aristoteles
367 2643 513 2675 rationem
540 2648 640 2674 motus
654 2644 786 2675 siderum
804 2654 863 2676 non
881 2645 1004 2677 invenit.

213 2710 240 2732 ’θ
256 2712 324 2752 L03.
345 2712 378 2741 τὰ
392 2712 510 2752 ἀγένητα

1046 2285 1089 2313 νῦν
1105 2294 1113 2324 ;

1268 2328 1319 2360 56,
1336 2328 1385 2357 Ἐκ
1407 2328 1454 2356 τοῦ
1471 2327 1549 2357 αὐτοῦ
1561 2326 1654 2365 λόγου.

1091 2385 1102 2402 ι
1127 2375 1192 2406 Τοὺς
1209 2374 1258 2412 μὲν
1280 2373 1391 2405 κύκλους
1420 2374 1561 2409 κινεῖσθαι,
1579 2372 1611 2400 τὰ
1639 2370 1666 2399 δὲ
1691 2370 1776 2410 ἄστρα
1806 2371 1867 2410 ἦρι-

1048 2426 1120 2458 μεϊν,
1135 2419 1178 2447 καὶ
1193 2417 1347 2456 ἒνδεδεμένα
1362 2424 1421 2450 τοῖς
1432 2417 1538 2449 κύκλοις
1551 2416 1685 2456 ῳὲρεσθαι.
1707 2427 1718 2442 ιι

1089 2464 1118 2492 Εἰ
1133 2464 1181 2502 μέν
1203 2463 1271 2491 κατᾶ
1282 2463 1357 2503 φύσιν
1372 2463 1468 2502 ἠρεμεῖ
1481 2462 1508 2490 ἒν
1523 2468 1582 2493 τοῖς
1596 2460 1705 2492 κύκλοις
1719 2460 1752 2488 τα
1780 2459 1868 2500 ἄστρα,

1048 2510 1137 2548 μάτην
1162 2507 1290 2537 ἐνδέδεται
1307 2515 1367 2540 ταῖς
1401 2507 1519 2540 κύκλοις⁵
1537 2507 1558 2534 εἰ
1574 2505 1599 2534 δὲ
1615 2506 1688 2545 παρᾶ
1704 2506 1782 2546 φύσιν
1811 2506 1869 2544 ἠρε-

1048 2561 1109 2592 μεῖ,
1123 2553 1248 2587 δηλονότι
1263 2554 1307 2592 βίᾳ
1337 2554 1446 2592 ἠρεμεῖ.
1465 2551 1547 2581 Ἀλλὰ
1561 2551 1588 2579 ἐν
1603 2557 1662 2582 τοῖς
1677 2550 1776 2581 ἀϊδίοις
1803 2551 1868 2578 οὖθέν

1048 2598 1106 2628 οὒτε
1134 2599 1222 2636 μάτην
1257 2597 1316 2626 οῧτε
1340 2597 1411 2637 παρὰ
1439 2597 1526 2635 φύσιν,
1551 2597 1604 2625 Οὔκ
1619 2594 1669 2632 ἄρα
1686 2593 1867 2634 εὗρενὸἋρι-

1047 2643 1175 2678 στοτέλης
1190 2645 1235 2672 τὸν
1251 2644 1309 2683 περὶ
1333 2643 1381 2676 τῆς
1409 2643 1462 2670 τῶν
1489 2641 1590 2681 ἄστρων
1615 2641 1750 2675 κινήσεως
1782 2640 1868 2678 λόγον,
