1948 3075
94 112 170 146 1557
421 109 664 144 GONFUTATIO
684 106 926 147 QUORUMDAM
946 103 1196 138 ARISTOTELIS
1217 103 1446 140 DOGMATUM.
1702 107 1780 141 1558

92 179 167 209 ἀίδια
177 181 229 220 γὰρ
245 180 319 219 λέγει
341 179 374 208 τὰ
388 178 471 217 ἄστρα
488 187 495 194 ·
516 179 561 206 καὶ
583 177 611 205 ἐν
634 183 677 206 οῖς
700 176 762 204 εἶπε
784 176 843 214 περὶ
871 177 910 220 τῆι

1001 176 1084 204 terna
1098 182 1228 220 namque
1242 182 1276 205 ea
1291 183 1357 205 esse
1371 175 1488 216 asserit,
1505 178 1534 207 et
1547 175 1577 207 in
1594 176 1642 215 iis,
1661 186 1727 217 quae
1741 177 1780 208 de

91 217 189 254 αὐτῶν.
206 217 350 261 έινήσεως,
373 223 510 264 ἀμφότερα
539 222 671 262 φαίνεται,
701 222 730 249 τὸ
756 220 842 258 μάτην
871 219 910 249 καὶ

1001 226 1076 248 )rum
1105 222 1186 250 motu
1212 218 1340 257 disseritI
1368 223 1527 260 utrumque
1548 225 1682 261 apparet,
1699 222 1780 262 quod

91 271 162 310 παρὰ
184 270 272 310 φύσιν.
289 270 318 298 Ei
347 262 425 297 ἀΐδια
443 268 492 306 μὲν
516 267 548 297 τὰ
563 266 656 306 ἄστρα,
673 264 758 296 ἂίδιος
774 264 801 292 δὲ
829 264 872 310 καὶ
900 265 910 292 ὃ

1001 267 1067 293 nstra
1083 266 1128 294 est
1141 266 1172 295 et
1186 264 1265 304 quod
1279 268 1386 310 praeter
1397 265 1577 310 naturam.Si
1593 266 1687 297 stellae
1697 268 1781 298 aeter-

93 308 201 354 οὖρανόξ
218 314 246 343 ἐν
260 316 283 351 ᾦ
297 314 353 342 ἐστὶ
382 313 414 341 τὰ
435 312 517 350 ἄστρα
537 310 673 350 δεδεμένα,
700 310 743 338 καὶ
764 309 828 341 Θεὸς
851 308 910 354 ἔκαε

1001 317 1005 336 ι
1017 311 1160 339 aeternum
1174 318 1242 354 vero
1258 312 1287 339 et
1298 309 1408 354 ccelum
1422 309 1453 340 in
1468 318 1526 354 quo
1537 309 1632 341 stellae
1644 314 1714 341 sunt
1724 311 1780 342 de-

91 353 154 387 στον
182 361 269 389 αὐτῶν
294 357 504 398 προσηγόρευται
522 364 529 372 ‘
552 356 610 387 πῶς
639 355 686 383 οὒκ
717 355 764 382 sici
790 354 842 382 θεοὶ
863 353 914 382 ὑπὸ

90 405 156 432 θεῶν
182 397 345 443 συρόμενοι;
381 403 419 431 Τὰ
456 402 505 440 γὰρ
526 405 566 438 τῷ
586 400 733 438 κινουμένῳ
757 397 910 443 ἓνδεδεμένα

91 441 251 488 συρομένιυε
267 441 394 478 κινεῖται.
417 447 446 476 Ei
468 446 538 479 ἄλλη
562 447 580 480 ἡ
609 446 725 478 σύνθεσις
753 443 841 475 οὒσίας
870 441 910 482 (ἐξ

90 493 156 527 ὕλης
186 493 237 534 γὰρ
262 493 306 522 καὶ
334 491 445 531 εἴδους),
463 491 506 519 καὶ
521 489 592 524 ἄλλη
611 491 629 524 ἦ
643 490 760 534 σύνθεσις
813 488 844 516 ἐκ
857 491 910 534 τῶν

90 538 180 567 οὗσίαν
208 532 328 578 ἐχόντων
345 539 434 575 μερῶν
446 545 454 554 ⁸
472 538 531 568 πῶς
546 534 622 563 ἀίδια
646 538 728 562 ταῦτα
749 532 868 571 λέγεται,
884 532 917 560 τὰ

93 583 246 623 ἀμφοτέρας
275 582 376 622 ἔχοντα
403 581 450 613 τὰς
479 581 636 619 advenas;
665 580 694 608 '0
723 579 772 618 γὰρ
794 578 914 623 οὖρανδς,

91 622 162 668 ἶχιυν
177 628 221 656 τὸν
235 626 311 661 ἥλιον
337 627 380 654 καὶ
406 626 440 654 τὰ
469 625 552 664 ἄστρα
574 623 728 662 ἐνδεδεμένα
745 622 839 668 μέρη,
855 622 916 650 σύν-

89 666 167 704 θετος
188 671 214 705 ἐξ
244 671 330 700 αὐτῶν
356 670 426 699 ἐστιν
443 679 450 686 ·
474 669 547 710 ’ἔχων
576 669 626 709 γὰρ
663 672 744 697 ταῦτα
776 666 802 695 ἐν
832 667 916 702 ἐαυτῷ

90 717 158 746 ἔστιν
175 718 189 746 ὁ
204 716 324 757 οὐρανός.

310 805 361 836 57.
375 804 424 833 Ἐκ
438 808 485 833 τοῦ
501 805 580 833 αὐτοῦ
595 802 689 842 λόγου.

135 861 148 881 ι
162 851 230 891 Πρὸς
246 849 274 878 δὲ
290 850 393 882 τούτοις
408 848 506 888 ἄλογον
534 849 565 876 τὸ
587 847 670 886 μηθὲν
695 845 807 891 ὄργανον
822 847 914 878 αὐτοῖς

90 889 235 924 ἀποδουναι
264 896 312 929 τὴν
342 894 417 935 φύσιν
442 894 506 932 πρὸς
535 893 584 927 τὴν
619 892 735 926 κίνησιν,
761 889 841 920 Οὒδέν
865 891 914 929 γὰρ

89 941 126 972 ὡς
155 940 235 980 ἔτυχε
248 946 324 968 ποιοῖ
338 940 355 973 ἡ
371 938 459 977 φύσις,
478 936 537 966 οὐδὲ
563 939 617 965 τῶν
637 936 686 975 μὲν
707 936 783 972 ζώων
814 935 915 975 φροντί-

89 996 145 1024 σαι,
265 984 292 1012 δὲ
322 973 391 1012 οὕτῷ
431 983 526 1020 τιμίων
557 980 704 1021 ὑπεριδεῖν,
734 978 794 1008 ἀλλ’
830 978 915 1007 ἔοικεν

89 1023 179 1068 ὥσσιτερ
208 1028 330 1062 ἐπίτηδες
369 1027 480 1068 ἀφελεῖν
523 1027 609 1055 πάντα
641 1024 675 1053 δι’
704 1025 742 1053 ὧν
777 1023 914 1063 ἐνδέχεται

90 1074 210 1113 προὶέναι
226 1074 286 1102 καθ’
301 1075 332 1103 αὖ
339 1073 377 1104 τά.
401 1082 415 1102 ι

132 1119 160 1148 Ei
175 1120 227 1147 τῶν
242 1117 335 1146 ἀϊδίων
364 1127 394 1145 τε
417 1117 461 1145 καὶ
491 1116 629 1156 ἀγενήτων
645 1113 728 1146 οὐδείς
756 1113 811 1142 ἐστι
838 1124 916 1147 ποιη-

92 1164 155 1203 τὴς,
186 1161 245 1192 οὗδὶ
273 1162 388 1203 φροντίδι
405 1161 476 1193 τινός
507 1161 572 1188 εἰσιν
601 1159 620 1187 ἆ¹
640 1160 717 1195 εἰσιν,
734 1158 753 1192 ἢ
768 1157 883 1198 ἔχουσαν
898 1157 915 1186 ἃ

90 1208 185 1248 ἔχουσι
212 1207 280 1235 κατὰ
305 1207 380 1247 φύσιν
398 1216 406 1226 ’
430 1209 499 1243 πῶς,
531 1205 553 1233 εἰ
568 1203 696 1243 ἀγένητός
711 1204 783 1232 εστιν
797 1204 812 1231 ὁ
834 1203 914 1242 οὖρα-

91 1247 136 1284 νός
166 1252 210 1280 καὶ
235 1252 269 1279 τὰ
310 1252 338 1279 ἑν
370 1254 408 1288 τῷ
436 1252 537 1290 οὐρανῷ
567 1248 713 1289 φαινόμενα
751 1247 916 1287 ωναγένητα

95 1298 209 1338 ὂπῖίρχει
226 1297 310 1336 αὐτῷ,
324 1296 375 1330 τὴν
404 1295 479 1335 φύσιν
494 1294 552 1334 ἔχει
577 1294 694 1328 ποιητήν
719 1303 748 1321 τε
759 1293 808 1338 »καὶ
834 1303 915 1338 φρον-

95 1336 188 1376 τιστὴν
216 1343 269 1370 τῶν
299 1341 364 1381 πρὸς
391 1340 440 1374 τὴν
468 1339 591 1368 σύστασιν
615 1339 699 1366 αὗτῶν
728 1336 915 1377 τελουμένωνς

96 1389 126 1416 Εἰ
138 1387 255 1427 ἥρμοττε
271 1389 309 1424 τῷ
323 1387 383 1425 περὶ
403 1385 452 1419 τῆς
466 1385 598 1420 κινήσεως
613 1387 667 1412 τῶν
680 1381 772 1411 ἀϊδίων
798 1383 849 1427 τὸν,
866 1381 916 1410 λό-

96 1444 146 1471 γον
168 1431 319 1468 ποιουμένῳ
333 1432 363 1459 τὸ
379 1430 470 1469 λέγειν
484 1430 534 1464 τὴν
563 1429 638 1469 φύσιν
665 1427 748 1466 μηδέν
775 1427 812 1459 ὡς
837 1426 916 1466 ἔτυχε

959 349 1065 392 ligatae,
1080 356 1109 383 et
1125 352 1259 393 quolibet
1275 362 1379 385 eorum
1396 349 1597 386 deusidicitur
1610 366 1616 384 ε
1631 355 1780 395 quomodo

956 404 1017 426 non
1032 401 1102 427 sunt
1122 397 1163 428 dii
1178 407 1195 428 a
1210 397 1266 429 diis
1280 398 1382 429 tracti?
1406 397 1478 434 Quae
1498 398 1579 429 enim
1601 398 1633 430 in
1648 408 1683 430 eo
1699 400 1779 439 quod

957 445 1101 483 movetur,
1118 446 1187 473 sunt
1198 442 1344 482 devincta,
1364 444 1480 474 tractim
1497 447 1662 475 moventur.
1678 443 1709 475 Si
1724 444 1783 476 alia

956 490 1003 516 est
1023 487 1198 527 compositio
1223 487 1394 519 substantiae
1420 491 1466 527 (ex
1499 488 1621 520 materia
1646 489 1727 520 enim
1752 493 1782 520 et

957 530 1076 572 forma),
1089 536 1119 563 et
1134 532 1191 563 alia
1203 532 1380 573 compositio
1393 542 1428 564 ex
1439 533 1572 574 partibus
1585 534 1780 565 substantiam

958 575 1136 608 habentibus
1153 586 1159 608 :
1173 578 1321 618 quomodo
1338 583 1449 609 aeterna
1471 579 1535 610 hzec
1550 579 1700 617 dicuntur,
1716 588 1782 618 qua

958 623 1114 661 utramque
1138 621 1249 653 habent
1262 623 1528 663 compositionem?
1554 623 1667 655 Caelum
1685 624 1779 661 enim,

957 664 1036 704 quod
1051 666 1145 697 solum
1163 671 1193 697 et
1207 667 1307 698 stellas
1316 667 1347 697 in
1358 676 1390 698 se
1402 667 1553 699 devinctas
1567 671 1666 708 partes
1679 667 1779 708 habet,

956 710 1153 749 compositum
1170 720 1205 742 ex
1221 711 1266 742 eis
1277 715 1334 750 est;
1342 712 1396 743 has
1407 712 1486 743 enim
1502 712 1533 743 in
1542 713 1642 753 seipso
1654 712 1779 751 habens,

956 753 1065 785 coelum
1084 759 1140 787 est.

1036 800 1085 831 57.
1102 800 1151 831 Ea:
1161 800 1266 832 eodem
1285 800 1376 841 libro,
1388 800 1476 839 lbid.,
1489 810 1517 834 c.
1534 803 1565 841 8,
1582 812 1612 842 p.
1629 802 1700 835 290.

1000 856 1011 871 α
1026 845 1172 876 Praeterea
1187 845 1328 877 aratione
1342 846 1473 877 alienum
1490 851 1582 883 est,ut
1597 847 1711 878 nullum
1723 847 1782 878 illis

956 892 1060 919 natura
1073 888 1306 921 instrumentum
1319 890 1479 922 dederitad
1488 891 1691 922 motum:nihil
1701 891 1782 923 enim

957 936 1068 964 temere
1082 933 1152 964 facit
1167 937 1282 965 natura.
1298 933 1359 966 Nec
1373 935 1490 967 videtur
1502 936 1696 967 animantium
1709 936 1778 977 qui-

956 977 1024 1008 dem
1041 987 1142 1009 curam
1158 979 1299 1018 gessisse,
1315 989 1366 1011 res
1379 989 1452 1011 vero
1467 985 1527 1012 tam
1542 985 1717 1022 praestantes
1731 990 1783 1012 ne-

954 1022 1104 1061 glexisse:
1121 1023 1175 1054 sed
1190 1024 1274 1064 quasi
1290 1025 1327 1055 de
1343 1025 1488 1056 industria
1511 1026 1662 1057 ademisse
1681 1026 1782 1057 omnia

956 1067 1064 1108 quibus
1074 1077 1129 1109 per
1143 1077 1175 1099 se
1191 1069 1330 1109 progredi
1345 1074 1478 1110 possent.
1496 1082 1508 1100 ι

997 1111 1027 1143 Si
1038 1116 1217 1144 mternorum
1228 1118 1317 1154 atque
1328 1114 1526 1154 ingenitorum
1539 1115 1637 1146 nullus
1649 1119 1694 1147 est
1705 1125 1781 1147 con-

958 1157 1046 1195 ditor,
1063 1166 1161 1198 neque
1176 1158 1350 1199 cujusquam
1375 1168 1446 1190 cura
1460 1166 1529 1191 sunt
1551 1160 1583 1190 id
1604 1157 1684 1200 quod
1700 1164 1780 1200 sunt,

957 1205 1007 1232 aut
1030 1201 1140 1233 habent
1153 1202 1182 1233 id
1198 1203 1277 1244 quod
1292 1207 1398 1235 natura
1423 1203 1535 1235 habent
1552 1216 1559 1234 :
1576 1204 1737 1245 quomodo,
1755 1204 1781 1234 si

957 1245 1122 1286 ingenitum
1139 1250 1184 1278 est
1195 1247 1349 1289 ctelum,et
1359 1257 1424 1289 quae
1440 1249 1471 1279 in
1488 1258 1523 1280 eo
1533 1252 1679 1289 apparent
1689 1248 1779 1279 simul

958 1290 1101 1330 ingenita,
1117 1295 1252 1323 naturam
1268 1292 1379 1324 habent
1393 1297 1423 1325 et
1433 1293 1629 1325 conditricem
1646 1297 1676 1324 et
1690 1302 1782 1324 cura-

959 1337 1063 1367 tricem
1080 1345 1196 1378 eorum,
1210 1347 1276 1378 quae
1290 1338 1328 1369 ad
1347 1338 1414 1369 ὅθι
1441 1338 1683 1370 constitutionem
1698 1337 1782 1378 ipso-

957 1389 1023 1411 rum
1039 1380 1165 1412 i‘aciunt?
1175 1382 1207 1414 Si
1222 1383 1416 1414 conveniebat
1430 1384 1468 1415 de
1481 1389 1562 1414 mutu
1574 1392 1675 1414 rerum
1693 1387 1782 1414 aeter-

959 1434 1064 1456 narum
1080 1427 1179 1466 agenti
1191 1426 1446 1466 dicere,naturam
1461 1428 1535 1459 nihil
1547 1432 1660 1459 temere
1673 1428 1780 1458 facere:

98 1470 188 1505 itotstv
205 1486 212 1493 '
238 1479 295 1507 πῶς
310 1477 357 1505 οὐκ
371 1475 426 1503 ἔστι
450 1474 545 1514 δῆλον,
572 1473 612 1502 ὅτι
633 1472 696 1512 ἔργα
721 1472 770 1500 εἰσὶ
790 1474 838 1505 τῆς
867 1472 910 1511 φύ-

1001 1470 1108 1502 omodo
1134 1473 1325 1513 perspicuum
1342 1482 1402 1504 non
1417 1477 1472 1511 est,
1488 1473 1608 1511 coelum,
1630 1476 1738 1513 etquae
1753 1472 1783 1503 in

96 1532 165 1553 σεως
181 1521 195 1549 ὅ
216 1531 245 1549 τε
260 1520 368 1559 οὐρανὸς
383 1521 427 1549 καὶ
455 1520 488 1548 τὰ
511 1520 540 1547 'cv
565 1518 667 1558 οὖρανῷ
681 1517 839 1558 φαινόμενα,
868 1519 918 1550 τῆς

97 1566 248 1606 ἂφελούσης
261 1566 347 1594 αὐτῶν
363 1565 396 1593 τὰ
410 1563 508 1604 ὄργανα
529 1566 579 1597 τῆς
593 1563 723 1598 κινήσεως
738 1572 746 1602 ς

314 1609 364 1640 58.
382 1610 430 1639 Ἐκ
444 1612 489 1638 τοῦ
504 1609 583 1637 αἶγτοῦ
598 1607 689 1646 λόγου.

136 1667 149 1683 ι
165 1655 241 1685 Ἐπεὶ
269 1654 314 1683 οὖν
342 1654 384 1682 δεῖ
405 1654 451 1682 τὸν
479 1654 528 1691 μὲν
559 1653 669 1691 οὐρανὸν
707 1651 839 1680 κινεῖσθαι
869 1651 918 1685 τὴν

92 1701 188 1729 ἑαυτοῦ
209 1699 269 1737 (56)
291 1700 408 1736 κίνησιν,
436 1699 470 1727 τὰ
498 1696 522 1725 δ’
544 1695 613 1725 ἄλλα
638 1695 721 1736 ἄστρα
736 1697 775 1734 μὴ
796 1697 919 1736 προϊέναι

91 1743 126 1772 δι’
156 1745 254 1785 αὐτῶν,
287 1742 404 1783 εὐλόγως
440 1742 472 1771 ἂν
505 1742 629 1780 ἑκάτερον
667 1740 714 1774 εἴη
744 1739 918 1781 σφαιροειδές,

92 1789 167 1818 Οὕτω
195 1790 245 1829 γὰρ
272 1788 303 1817 ἂν
324 1788 442 1827 μάλιστα
468 1786 530 1828 (57)
558 1787 588 1816 τὸ
609 1786 658 1824 μὲν
680 1786 867 1823 κινηθήσεται,
891 1791 922 1818 rb

91 1833 120 1862 δὲ
134 1834 274 1873 ἡρεμήσει.
292 1843 308 1862 1

134 1878 162 1906 Ei
183 1878 215 1906 τὸ
239 1877 354 1917 ἠρεμοῦν
373 1878 462 1905 ἱκετνο
489 1875 596 1916 λέγεται
623 1876 653 1903 τὸ
675 1874 819 1912 δυνάμενον
843 1884 919 1908 χινη·

90 1924 169 1955 θῆναι
199 1922 249 1955 τὴν
280 1922 383 1955 κίνησιν
412 1921 516 1955 ἐκείνην
545 1920 590 1960 ἀφ’
605 1922 639 1954 ἧς
656 1920 764 1960 ἠρεμεῖ,
781 1922 839 1952 πῶς
854 1919 917 1958 ἠρε-

91 1978 137 1997 um
153 1967 186 1995 τὰ
201 1966 296 2006 ἄστρα,
329 1965 393 1995 ἰδίαν
423 1968 470 1995 οὒκ
499 1966 597 2006 ἔχοντα
622 1965 726 1998 κίνησιν
752 1963 811 1992 καθ’
826 1963 857 1998 ἣν
874 1975 917 1992 κι-

960 1514 1033 1546 coelo
1046 1520 1317 1556 apparentmaturae
1330 1526 1421 1558 opera
1435 1526 1513 1556 esse,
1526 1526 1593 1558 qua:
1607 1516 1666 1548 illis
1681 1518 1784 1548 motio-

961 1559 1007 1590 nis
1022 1560 1219 1592 instrumenta
1233 1561 1361 1594 ademit?

1153 1606 1202 1638 58.
1219 1606 1272 1639 E1:
1286 1607 1387 1639 eodem
1403 1607 1492 1646 libro,
1514 1607 1590 1640 ibid.

1004 1662 1017 1678 α
1034 1649 1107 1682 Cum
1131 1651 1220 1690 igitur
1240 1655 1385 1693 oporteat,
1403 1657 1434 1684 ut
1460 1652 1565 1684 caelum
1590 1652 1711 1695 quidem
1727 1662 1783 1684 suo

963 1699 1115 1726 moveatur
1129 1699 1305 1735 motu,astra
1317 1706 1387 1729 vero
1398 1697 1457 1728 alia
1471 1706 1525 1738 per
1534 1707 1567 1728 se
1583 1707 1641 1729 non
1658 1707 1783 1738 progre-

963 1739 1103 1770 diantur:
1121 1740 1227 1772 merito
1243 1745 1370 1783 utraque
1393 1742 1520 1774 rotunda
1541 1742 1719 1774 exstiterint.
1736 1742 1785 1774 Sic

964 1784 1044 1814 enim
1061 1785 1189 1816 maxime
1204 1785 1329 1817 alterum
1345 1786 1522 1827 movebitur,
1537 1787 1664 1818 alterum
1681 1788 1784 1828 quies-

963 1833 1020 1860 cet.
1040 1841 1053 1857 ι

1001 1872 1032 1904 Si
1046 1873 1119 1905 illud
1135 1874 1292 1915 quiescere
1307 1875 1429 1914 dicitur,
1445 1876 1526 1917 quod
1536 1885 1572 1908 eo
1591 1881 1673 1908 motu
1690 1879 1786 1918 potest

961 1918 1074 1950 moveri
1085 1928 1102 1949 a
1113 1929 1171 1959 quo
1187 1920 1323 1960 quiescit,
1336 1921 1488 1962 quomodo
1503 1921 1600 1953 stellae
1614 1921 1783 1962 quiescunt,

962 1966 1073 1994 motum
1096 1963 1248 2004 proprium
1272 1974 1332 1996 non
1357 1965 1512 2004 habentes,
1531 1975 1589 2007 quo
1604 1966 1719 1997 moveri
1734 1976 1785 1997 eas

95 2013 198 2040 νεῖσθαι
213 2011 298 2052 ἐχρῆν
316 2021 324 2050 ;
340 2011 369 2040 Ei.
384 2010 410 2038 δὲ
426 2011 534 2049 δύναμιν
549 2011 598 2049 μὲν
624 2009 683 2050 ἔχει
708 2010 755 2037 τοῦ
775 2010 910 2046 κινεῖσθαι1

1001 2008 1154 2040 ortuisset?
1169 2009 1221 2040 Sin
1234 2010 1347 2041 moveri
1361 2010 1483 2051 quidem
1498 2011 1689 2051 possunt,sed
1704 2010 1785 2043 inhi-

98 2055 229 2085 κωλύεται
258 2056 285 2084 δὲ
308 2055 350 2084 διὰ
380 2060 410 2084 τὸ
437 2055 581 2084 ἐνδεδέσθαι
610 2057 644 2093 τῇ
658 2054 754 2094 σφαίρᾳ
771 2061 778 2068 ⁶
802 2056 860 2084 πῶς
889 2055 910 2082 οἱ

1001 2057 1068 2083 ntur
1091 2053 1160 2094 quia
1183 2053 1270 2094 globo
1295 2061 1365 2086 sunt
1398 2055 1518 2095 illigata
1534 2066 1541 2088 :
1556 2056 1705 2096 quomodo
1722 2065 1782 2086 non

94 2100 171 2139 παρὰ
187 2100 264 2139 ψύσιν
278 2101 338 2139 ἔχει
353 2101 384 2128 τὴ
406 2101 535 2128 κινεῖσθαι
557 2099 597 2127 ἀεί
612 2109 620 2136 ;
650 2099 678 2127 Εἰ
692 2105 750 2129 τοῖς
772 2097 813 2125 ἀεὶ
827 2108 910 2126 κινου-

1001 2102 1067 2128 mter
1089 2102 1223 2129 naturam
1247 2099 1337 2131 habet
1353 2104 1386 2130 ut
1401 2109 1520 2140 semper
1540 2100 1730 2131 moveantur?
1755 2099 1787 2132 Si

95 2145 188 2183 μένοις
206 2146 243 2176 ὡς
260 2143 385 2183 ἁρμόδιον
411 2144 486 2178 ἐδόθη
509 2145 540 2172 τὸ
561 2144 698 2184 σφαιρικὸν
728 2145 836 2182 σχῆμα,
861 2146 918 2173 πῶς

93 2192 148 2218 τῶν
162 2188 281 2229 ἐχόντων
293 2190 323 2216 τὸ
338 2189 476 2228 σφαιρικὸν
491 2188 588 2228 σχῆμα
602 2189 633 2216 τὸ
647 2187 695 2225 μὲν
704 2193 818 2215 κινεῖται
834 2186 874 2214 ἀεὶ
883 2187 920 2218 ὡς

94 2235 109 2262 ὁ
126 2234 246 2273 οὐρανὸς,
263 2234 294 2261 τὸ
309 2231 336 2261 δὲ
352 2233 392 2261 ἀεὶ
406 2233 516 2271 ἠρεμεῖ,
529 2233 564 2263 ὡς
580 2233 612 2260 τὰ
629 2232 711 2271 ἄστρα
726 2230 791 2271 (58)
812 2239 820 2268 ;

316 2322 366 2353 59.
383 2321 430 2351 Ἐκ
443 2325 489 2350 τοῦ
504 2323 584 2351 αὐτοῦ
599 2320 692 2360 λόγου,

140 2379 153 2395 α
171 2366 263 2395 ’Ὥστε
286 2367 394 2407 ἐπείπερ
416 2369 446 2397 οὗ
468 2368 587 2408 φαίνεται
610 2369 689 2394 τοῦτο
710 2365 751 2394 ἀεὶ
768 2364 831 2405 (59)
851 2376 921 2403 συμ-

95 2411 202 2452 ϐαῖνον,
230 2412 288 2440 οὕτε
311 2411 341 2439 ἂν
370 2411 495 2451 ἔμψυχον
521 2411 580 2439 οὕτε
603 2410 687 2449 βίαιον
714 2409 820 2450 φέροιτο
840 2411 921 2450 φορὰν

97 2457 174 2486 οὒθέν
203 2458 300 2493 αὐτῶν,
323 2456 413 2496 ὥσπερ
434 2458 465 2485 τὸ
494 2455 590 2494 μέλλον
623 2454 726 2483 ἔσεσθαι
759 2456 922 2494 προνοούσης

95 2506 146 2536 τῆς
176 2502 289 2542 φύσεως,
313 2501 354 2530 ὅτι
382 2503 420 2539 μὴ
447 2505 539 2530 τοῦτον
566 2501 612 2528 τὸν
630 2500 726 2539 τρόπον
740 2499 859 2539 ἓχούσης
873 2503 923 2534 τῆς

152 2572 204 2603 56)
223 2567 343 2601 Ἐαυτοῠ.
359 2570 480 2602 Aristot.
498 2571 587 2600 αὑτοῦ.

152 2572 193 2603 56
223 2572 343 2601 Ἐαυτοῠ.
359 2572 480 2602 Aristot.
498 2572 587 2600 αὑτοῦ.

141 2572 206 2652 E57;
220 2611 294 2640 Οὕτω
309 2612 358 2651 γὰρ
374 2611 405 2640 ἅν
422 2610 549 2649 μάλιστα.
565 2610 688 2641 Aristot.
713 2607 782 2638 οὕτω
808 2609 858 2648 μὲν
873 2610 923 2650 γὰρ

99 2652 149 2683 μά)
156 2664 227 2683 ιστι.

99 2680 104 2690 ι
140 2680 207 2729 ίῦξέά
221 2680 269 2723 '33.
282 2693 314 2732 τᾶι
329 2692 422 2732 ἄστρα.
440 2691 508 2732 Haec
523 2689 721 2731 suppeditavit
736 2690 809 2732 Reg.
825 2691 853 2720 1.

142 2733 203 2772 (59)
222 2732 286 2772 ’au'.
302 2730 391 2763 Deest
402 2731 479 2771 apud
496 2730 663 2772 Aristotet
676 2730 851 2772 ascriptore
865 2739 923 2761 no—

99 2769 173 2809 stro,
194 2769 221 2803 si
236 2771 262 2802 is
273 2781 308 2802 eo
323 2781 396 2803 usus
411 2769 516 2810 est,sic
530 2770 655 2810 intelligi
666 2769 780 2807 debuit,
794 2770 834 2799 Stet
847 2774 925 2800 τοῦτο

99 2814 219 2853 κραίνεται
236 2814 264 2841 οὗ
282 2811 438 2850 συμϐιινον.
455 2812 504 2845 Ait
519 2811 599 2844 enim
613 2810 799 2851 Aristoteles,
812 2812 836 2842 si
852 2810 925 2843 stel-

930 2131 1008 2183 l)iis,
1027 2151 1092 2183 qua:
1108 2147 1249 2183 perpetuo
1266 2149 1434 2184 moventur,
1450 2131 1548 2176 forma
1570 2145 1691 2185 globosa
1716 2148 1783 2176 tan-

961 2196 1048 2228 quam
1064 2193 1132 2228 apta
1146 2192 1176 2218 et
1185 2188 1293 2219 habilis
1304 2193 1349 2220 est
1363 2189 1666 2230 attributazquomodo
1680 2198 1783 2220 eorum

961 2241 1027 2272 quae
1041 2233 1198 2263 rotundam
1213 2233 1326 2264 habent
1341 2234 1476 2274 ﬁguram,
1490 2234 1573 2266 aliud
1585 2243 1706 2274 semper
1717 2243 1784 2265 mo—

961 2281 1057 2312 vetur,
1074 2279 1106 2307 ut
1117 2277 1236 2315 cazlum,
1254 2277 1334 2309 aliud
1345 2288 1467 2319 semper
1478 2278 1608 2319 quiescit
1622 2283 1654 2309 ut
1669 2278 1787 2310 stellae?

1043 2321 1092 2351 59.
1109 2321 1162 2352 Ea:
1178 2322 1281 2354 eodem
1296 2323 1388 2364 libro,
1405 2323 1493 2365 ibid.,
1506 2333 1534 2356 c.
1551 2324 1581 2362 9,
1599 2333 1628 2364 p.
1645 2323 1714 2355 291.

1006 2365 1168 2402 «Quocirca
1183 2376 1250 2398 cum
1267 2368 1323 2398 hoc
1339 2378 1492 2408 nunquom
1509 2368 1684 2408 contingere
1694 2377 1787 2409 appa-

963 2414 1098 2448 reat,nec
1109 2412 1240 2443 animato
1257 2421 1313 2444 nec
1327 2413 1457 2444 violento
1471 2416 1552 2444 motu
1563 2413 1622 2444 ulla
1633 2412 1787 2444 stellarum

965 2456 1059 2487 fertur
1076 2466 1083 2486 :
1099 2454 1284 2496 providentia
1296 2461 1406 2489 natura:
1418 2458 1548 2489 futurum
1564 2457 1655 2488 veluti
1680 2459 1789 2498 praevi-

965 2501 1055 2532 tlente
1071 2510 1190 2542 nempe,
1209 2501 1266 2533 nisi
1281 2503 1338 2533 hoc
1360 2512 1392 2534 se
1414 2503 1503 2534 modo
1527 2501 1653 2534 haberet
1679 2507 1787 2541 motus,

965 2570 999 2601 la)
1008 2569 1037 2600 in
1050 2578 1120 2600 aere
1130 2573 1181 2600 aut
1192 2569 1258 2609 igne
1268 2574 1529 2609 moverentur,nec
1539 2570 1655 2610 sphaera
1665 2570 1790 2602 cohibe-

964 2613 1081 2647 rentur,
1097 2609 1161 2641 fore
1174 2614 1205 2640 ut
1219 2610 1348 2641 sonitum
1358 2611 1535 2643 horribilem
1546 2609 1715 2648 ederent,et
1725 2619 1789 2642 cor-

967 2660 1048 2691 pora,
1067 2659 1131 2690 qum
1151 2650 1230 2681 circa
1244 2650 1325 2682 hunc
1339 2651 1436 2682 locum
1453 2655 1522 2682 sunt
1537 2650 1725 2681 oﬂenderent
1753 2659 1788 2681 ac

967 2692 1084 2731 penitus
1094 2691 1296 2732 immutarem.
1310 2691 1405 2732 Quod
1422 2691 1542 2732 quidem
1554 2700 1621 2722 cum
1638 2699 1787 2732 nunquam

967 2730 1093 2769 eveniat,
1110 2730 1179 2771 inde
1193 2731 1343 2763 concludit
1357 2730 1457 2764 stellas
1471 2741 1507 2763 eo
1519 2734 1612 2768 motu,
1624 2738 1712 2771 quem
1727 2730 1787 2761 illis

967 2771 1118 2810 attribuit,
1130 2770 1217 2804 cieri.
