1948 3075
149 123 222 157 1561

482 129 723 163 GONFUTATIO
743 125 983 166 QUORUMDAM
1006 124 1253 157 ARISTOTELIS
1274 126 1501 158 DOGMATUM.

1755 125 1830 158 1562

140 188 251 230 ἑτέρων,
280 195 331 228 τῆς
362 193 390 223 ἓν
417 194 610 233 εὖχινητοτάτῃ
631 195 717 223 αὑτῶν
750 194 824 231 οὖσίᾳ
847 205 965 228 πεποιη-

1049 193 1072 224 έῖ
1081 193 1134 226 Sin
1143 196 1255 227 moveri
1280 195 1420 236 oportuit,
1438 205 1491 227 cur
1502 205 1561 227 non
1572 205 1627 237 per
1637 196 1751 237 seipsas
1763 206 1831 228 mo-

140 236 217 269 κυίας
233 237 298 267 αὐτὰ
316 237 427 274 ἀκίνητα
442 239 500 269 καθ’
516 241 581 269 αὐτά
599 250 607 278 ;
626 241 655 269 Εἰ
670 239 697 268 ὲν
711 246 771 271 τοῖς
796 239 891 272 ἀϊδίοις
919 240 966 268 οὓ-

142 279 185 308 δὶν
206 283 278 323 παρὰ
307 283 395 323 φύσιν,
420 285 491 325 παρὰ
514 285 590 325 φύσιν
616 284 644 312 δὲ
678 284 709 313 τὸ
739 283 828 313 οὕσίαν
848 284 897 321 μὲν
924 284 969 313 καὶ

144 328 241 366 σχῆμα
268 327 344 369 ἔχειν
372 329 532 367 ἀεικίνητον,
562 329 654 358 στάσιν
687 327 714 357 δὲ
742 328 866 362 ἀκίνητον
882 336 889 344 ·
919 329 969 368 ἄρα

142 371 190 399 οὒκ
216 371 291 402 ἀΐδια
318 373 352 402 τὰ
381 373 409 403 ἐν
439 375 482 405 οἷς
513 375 543 403 τὸ
558 375 629 414 παρὰ
644 374 732 415 φύσιν,
750 373 768 407 ἣ
783 371 877 412 ψευδὲς
892 374 921 402 τὸ
941 375 970 402 ἓν

143 420 203 448 τοῖς
217 415 313 450 ἀϊδίοις
327 417 400 446 οὐδὲν
416 418 488 457 παρὰ
503 419 593 459 φύσιν,
613 419 642 447 Ei
657 417 729 448 οὐδὲν
751 420 804 446 τῶν
820 417 970 458 ἆγενήτων,

142 458 201 488 οὕτε
223 460 237 488 ὃ
265 460 325 502 ’ἔχει
351 463 410 491 οὔτε
436 463 450 491 ὃ
480 458 519 500 μῆ
549 462 622 504 ἕχει⁷
653 463 721 491 κατὰ
746 462 870 499 πρόνοιάν
896 473 970 494 τινος

142 502 201 543 ἔχει
224 505 241 540 ἢ
264 507 313 535 οὒκ
334 506 392 547 ἔχει
410 516 417 524 ·
441 511 510 548 πῶς,
535 502 708 548 είᾶγένητος
731 508 867 547 ὁοῦραινὸς
880 507 923 536 καὶ
937 507 970 536 τὰ

140 546 234 590 ἄστρα,
250 551 319 581 κατὰ
349 546 475 592 λιτρόνιιαν
503 546 556 587 ’τῆς
587 546 691 592 φύσεως
716 546 827 592 ὄργανον
842 551 891 589 μὲν
923 551 971 580 οὒκ

143 592 204 633 ἔχει
229 596 374 636 κινήσεως,
405 600 502 638 σχῆμα
533 597 560 626 δὲ
582 596 640 637 ἔχει
669 597 808 638 σφαιρικὸν
842 597 899 625 ἀντὶ
924 599 971 625 τοῦ

143 639 267 681 ὀργάνου,
283 641 349 681 πρὸς
364 644 414 676 τὴν
443 645 544 683 συνιχῆ
576 642 678 676 κίνησιν
703 640 917 681 ἐπιτηδειότερον
939 641 970 669 ’ὃν

141 686 195 711 τῶν
208 690 371 725 πορευηκῶν
393 687 512 727 ὁργάνων
525 697 533 728 ς

1008 243 1124 277 ventur,
1142 239 1196 271 sed
1212 248 1265 281 per
1278 240 1334 272 alia
1347 251 1355 282 ;
1372 250 1440 272 cum
1454 245 1640 281 natura,qnae
1651 241 1682 272 in
1693 241 1833 273 substan-

1009 282 1048 314 tia
1057 293 1159 315 earum
1168 284 1204 316 ad
1215 286 1393 317 movendum
1402 285 1566 326 aptissima,
1583 290 1614 317 ut
1624 295 1677 326 per
1685 295 1718 317 se
1727 286 1835 317 immo-

1009 327 1086 359 biles
1101 328 1171 368 sint,
1185 329 1267 368 fecit,
1285 330 1386 362 facere
1403 330 1543 372 potuerit,
1560 334 1591 361 ut
1605 339 1658 371 per
1671 330 1789 370 seipsas
1799 340 1835 362 eo

1011 378 1201 405 moverentur
1215 378 1372 416 motu,quo
1388 384 1466 406 nunc
1482 384 1536 416 per
1550 374 1607 406 alia
1621 378 1791 406 moventur?
1805 375 1836 407 Si

1011 416 1041 447 in
1057 417 1147 449 rebus
1163 419 1283 452 aeternis
1296 420 1370 451 nihil
1387 424 1497 461 praeter
1511 423 1644 451 naturam
1654 423 1711 458 est;
1728 424 1837 460 praeter

1012 466 1147 493 naturam
1163 467 1262 495 autem
1280 464 1535 506 est,substantiam
1548 464 1668 505 quidem
1680 463 1793 495 habere
1807 468 1838 496 et

1012 506 1138 537 formam
1146 512 1290 549 perpetuo
1298 509 1647 547 mobilem,stabilitatem
1656 517 1726 540 vero
1733 508 1837 540 immo-

1013 549 1103 581 bilem
1119 562 1126 581 :
1140 561 1200 583 non
1212 561 1283 593 ergo
1293 553 1443 585 aeternain
1455 554 1563 594 quibus
1575 558 1622 585 est
1632 556 1739 594 praeter
1749 557 1837 585 uatu-

1012 604 1074 626 ram
1086 596 1197 637 aliquid
1213 602 1280 629 :aut
1295 598 1369 629 illud
1382 598 1489 629 falsum
1506 598 1597 639 est,in
1611 597 1703 628 rebus
1717 599 1838 630 aeternis

1011 640 1086 671 nihil
1097 650 1164 673 esse
1175 646 1283 682 praeter
1293 643 1478 675 naturam.Si
1494 643 1567 674 nihil
1583 642 1750 681 ingenitum
1764 652 1837 683 pro-

1009 685 1138 716 videntia
1147 686 1274 727 alicujus
1289 687 1380 719 habet
1393 688 1438 719 vel
1456 698 1514 719 non
1530 686 1665 727 habet,id
1681 687 1763 728 quod
1778 687 1837 719 ha-

140 726 190 758 bet
207 729 251 760 vel
263 739 322 761 non
335 726 429 762 habet
444 741 453 762 :
472 726 636 772 quomodo,
652 731 677 762 si
688 730 852 771 ingenitum
865 729 973 761 coelum
988 733 1018 760 et
1029 729 1133 771 stellae,
1147 726 1330 771 providentia
1341 736 1453 763 naturae
1465 726 1698 764 instrumentum
1708 731 1830 772 quidem

143 777 240 804 motus
252 783 312 806 non
324 775 450 814 habent,
467 777 591 807 formam
609 779 708 807 autem
720 774 873 815 globosam
891 774 1003 805 habent
1018 781 1071 813 pro
1086 773 1296 817 instrumento,
1313 785 1378 817 quae
1392 777 1429 808 ad
1454 780 1566 808 motum
1583 775 1756 808 continuum
1773 786 1831 818 ap-

142 816 211 856 tior,
223 827 312 859 quam
328 820 464 861 apposita
479 820 516 852 ad
532 820 756 862 procedendum
771 819 971 850 instrumenta
984 821 999 850 ’ἰ

978 870 998 896 Β
1048 865 1099 902 6t,
1116 866 1168 898 Ea;
1183 867 1285 899 eodem
1296 868 1386 909 libro,
1408 867 1497 907 ibid.,
1518 878 1545 900 c.
1564 870 1613 909 12,
1626 877 1643 908 p
1660 868 1718 899 292
1733 876 1797 909 seq.

360 867 412 899 61.
430 868 477 897 Ἐκ
490 872 537 897 τοῦ
558 869 638 898 αὑτοῦ
652 867 745 908 λόγου.

184 920 197 937 α
215 905 246 939 Ἠ
264 911 313 949 μὲν
328 912 432 949 πρώτη,
450 913 497 951 μία
528 914 592 942 οὖσα
624 905 698 952 (631,
729 910 815 941 πολλὰ
830 911 902 940 κινεῖ
916 914 969 939 τῶν

142 953 274 993 σωμάτων
288 957 364 985 θείων
380 965 387 972 ·
418 958 444 986 αἱ
460 956 501 998 δὲ,
531 956 628 986 πολλαὶ
649 957 738 996 οὖσαι,
753 956 783 985 ἓν
799 955 880 994 μόνον
903 955 969 986 ἑκά-

142 1010 204 1034 στη.
236 1003 294 1030 Τῶν
312 1002 361 1042 γὰρ
385 1001 570 1041 πλανωμένων
598 1002 626 1030 ἓν
651 1003 738 1030 ὁτιοῦν
760 1000 865 1032 πλείους
890 1000 968 1041 φέρε-

145 1055 190 1072 ται
204 1045 298 1084 φοράς.
315 1047 402 1085 Ταύτῃ
428 1050 462 1085 τῇ
487 1047 531 1075 οὖν
557 1047 673 1082 ἀνισᾶζει
686 1047 704 1080 ἠ
720 1046 807 1086 φύσις,
824 1045 867 1074 καὶ
895 1051 969 1073 ποιεῖ

141 1100 200 1117 τινα
214 1089 298 1127 τάξιν,
314 1094 348 1129 τῇ
363 1092 413 1129 μὲν
428 1094 480 1129 μιᾶ
494 1094 575 1131 φορᾷ,
596 1090 684 1120 πολλὰ
698 1089 856 1119 ἆποδιδοῦσα
871 1089 967 1127 σώμα-

141 1144 185 1173 τι,
201 1138 239 1172 τῷ
256 1133 284 1162 δί
299 1135 336 1164 ἑνὶ
351 1136 455 1173 σώματι
483 1135 583 1168 πολλὰς
605 1137 698 1177 φοράς.
730 1135 773 1165 Ἐν
789 1134 902 1168 πολλοῖς
916 1135 966 1174 γὰρ

141 1179 262 1218 σφαίραις
296 1181 314 1215 ἡ
346 1181 393 1218 μία
422 1179 482 1221 (64)
516 1187 616 1221 σφαῖρα
649 1179 804 1218 ἐνδεδεμένη
831 1180 937 1220 φέρεται
954 1189 962 1198 ο

142 1223 242 1258 ἑκάστη
257 1223 285 1253 δὲ
300 1231 400 1266 σφαῖρα
413 1227 491 1263 σῶμα
506 1226 633 1266 τυγχάνει
648 1225 690 1258 ἄν.
707 1237 720 1255 ι

183 1314 213 1343 Εἰ
227 1316 281 1342 τῶν
296 1314 434 1353 ἂγενήτων
449 1325 478 1344 τι
493 1315 536 1344 καὶ
552 1314 645 1343 ἀϊδίων
666 1315 760 1344 σὺσιῶν
784 1313 900 1348 ποιητὴς
916 1314 963 1342 οὒ-

139 1357 203 1395 διὶς,
226 1360 283 1390 πῶς
312 1358 386 1388 ἆίδιά
414 1370 443 1388 τε
471 1359 515 1387 καὶ
542 1359 659 1398 ἀγένητα
680 1362 774 1400 ταῦτα,
789 1358 827 1388 ὧν
847 1359 865 1394 ἡ
889 1358 965 1399 φύσις

141 1405 190 1436 τῆς
203 1403 301 1436 τάξεώς
319 1403 375 1433 ἐστι
389 1405 520 1445 ποιητὴς,
535 1407 569 1443 τῇ
590 1405 640 1443 μὲν
654 1407 702 1442 μιᾷ
716 1403 873 1432 ἀποδιδοῦσα
894 1401 964 1432 πολ-

139 1447 173 1476 λᾶ
188 1448 313 1488 σώματα,
331 1452 369 1487 τῷ
385 1448 412 1477 δὲ
434 1450 471 1478 ἑνὶ
497 1450 602 1488 σώματι
617 1448 719 1480 πολλὰς
734 1449 827 1488 φορὰς,
843 1448 876 1476 τὰ
890 1446 964 1483 πλή-

138 1495 171 1527 θη
187 1497 240 1523 τῶν
253 1498 300 1523 τοῦ
325 1495 382 1527 ἑνὸς
405 1495 529 1533 σώματος
557 1496 644 1534 φορῶν
672 1494 799 1530 ἱσάζουσα
822 1496 861 1530 τῷ
889 1492 964 1528 πλή-

1054 921 1068 938 σ
1083 910 1183 942 Prima
1193 911 1398 953 Quidem,cum
1413 922 1473 945 una
1482 913 1531 954 sit,
1548 913 1639 944 multa
1653 916 1750 944 movet
1761 912 1838 943 divi-

1011 963 1048 985 na
1064 964 1201 997 corpora;
1218 957 1281 989 istae
1295 967 1448 998 vero,cum
1464 960 1565 1000 plures
1580 958 1650 994 sint,
1665 966 1755 988 unum
1769 962 1837 990 tan-

1011 1003 1072 1030 tum
1089 1000 1177 1032 modo
1193 1002 1325 1041 singulae.
1338 1002 1508 1034 Errantium
1524 1003 1604 1035 enim
1617 1001 1758 1043 qualibet
1769 1002 1838 1043 plu-

1009 1043 1093 1075 ribus
1108 1045 1204 1085 agitur
1219 1046 1414 1079 motibus.Sic
1429 1048 1519 1088 igitur
1535 1048 1673 1088 adaequat
1689 1050 1795 1078 natura
1809 1051 1839 1078 et

1008 1088 1144 1121 ordinem
1161 1090 1319 1130 quemdam
1345 1091 1486 1133 instituit,
1504 1092 1556 1123 uni
1571 1091 1691 1133 quidem
1706 1090 1830 1122 motioni

1008 1133 1093 1174 plura
1121 1134 1286 1166 attribuens
1312 1145 1451 1176 corpora,
1476 1143 1506 1167 et
1529 1136 1580 1168 uni
1595 1135 1713 1176 corpori
1728 1135 1830 1175 plures

1007 1178 1164 1211 motiones.
1182 1178 1321 1211 Pluribus
1336 1181 1416 1212 enim
1433 1181 1558 1222 sphaeris
1583 1190 1641 1212 una
1656 1179 1774 1221 sphaera
1782 1181 1828 1212 al-

1003 1221 1094 1262 ligata
1105 1223 1211 1256 fertur.
1243 1223 1433 1266 Unaquaeque
1452 1221 1556 1257 autem
1582 1226 1698 1267 sphaera
1722 1233 1830 1266 corpus

1004 1270 1059 1298 est.
1078 1280 1090 1296 ι

1044 1311 1076 1344 Si
1086 1311 1287 1352 ingenitarum
1300 1318 1329 1345 et
1337 1317 1517 1346 aeternarum
1524 1314 1757 1349 substantiamm
1767 1314 1832 1346 nul-

1006 1355 1052 1387 lus
1065 1357 1366 1399 conditor,quomodo
1382 1363 1494 1391 aeterna
1505 1360 1568 1392 haec
1578 1365 1607 1392 et
1615 1361 1832 1401 ingenita,quo-

1005 1409 1071 1446 rum
1083 1405 1190 1434 natura
1199 1402 1314 1434 ordinis
1326 1407 1370 1434 est
1380 1403 1490 1445 opifex,
1509 1404 1560 1436 uni
1575 1405 1695 1446 quidem
1707 1403 1831 1437 molioni

1006 1445 1090 1486 plura
1115 1447 1282 1478 attribuens
1296 1457 1432 1488 corpora,
1464 1453 1494 1480 et
1518 1450 1569 1481 uni
1585 1445 1717 1491 icorpori
1732 1450 1832 1491 plures

1006 1491 1165 1529 motiones,
1197 1501 1355 1523 numerum
1371 1492 1442 1523 585
1471 1494 1559 1525 unius
1574 1495 1706 1536 corporis
1722 1494 1831 1526 motio-

137 1540 176 1567 Θει
191 1541 243 1567 τῶν
258 1539 401 1577 σωμάτων.
420 1540 448 1568 Εἰ
475 1539 508 1568 τὰ
535 1539 652 1579 ἀγένητα
679 1541 762 1567 ταῦτα
776 1538 820 1566 καὶ
835 1537 963 1576 ἀποίητα,

1050 1544 1077 1580 m
1090 1535 1249 1580 adaequans
1260 1539 1567 1579 numerocorporum?
1576 1539 1607 1571 Si
1623 1535 1754 1580 ingenita
1767 1539 1831 1570 haec

139 1588 196 1617 πῶς
226 1583 363 1624 ἐνδέχεται
391 1586 418 1613 ἓν
448 1591 506 1618 τοῖς
536 1585 677 1624 ἀγενήτοις
691 1583 877 1621 πεποιημένην
894 1583 965 1612 εἶναι

137 1628 210 1662 τάξιν
239 1630 376 1670 φυσικήν;
400 1633 506 1670 Σφιτρίι
529 1634 625 1669 σφαίρᾳ
646 1627 814 1668 ἐνδεδεμένη,
844 1628 893 1662 τὴν
915 1628 964 1656 αὖ-

107 1676 110 1679 ’
139 1674 190 1705 τὴν
212 1673 314 1713 ἔχουσα
329 1674 419 1702 οὐσίαν
440 1673 473 1708 ἢν
490 1673 548 1713 ἔχει
563 1674 580 1708 ἡ
606 1680 705 1713 σφαῖρα
721 1673 738 1711 ᾗ
754 1672 894 1701 ἐνδέδεται’
909 1675 965 1705 πῶς

139 1719 169 1747 οὐ
198 1719 317 1758 φαίνεται
342 1718 495 1758 ἀμφοτέρας
522 1718 623 1758 ἔχουσα
655 1718 702 1749 τὰς
724 1717 834 1749 ἀτοπίας
857 1717 884 1745 ἐν
906 1723 965 1748 τοῖς

137 1761 233 1796 ἀϊδίοις
262 1763 301 1800 μὴ
330 1763 517 1803 ὑπαρχούσαις,
539 1763 569 1791 τὸ
589 1762 677 1800 μάτην
693 1761 768 1802 ἔχειν
783 1763 832 1795 τὴν
853 1761 967 1795 κινητὴν

138 1807 227 1837 οὖσίαν
248 1807 308 1836 καθ’
333 1807 367 1842 ἢν
391 1809 421 1837 οὗ
445 1813 573 1846 κινεῖται,
598 1808 641 1835 καὶ
656 1807 687 1834 τὸ
702 1806 772 1846 παρὰ
787 1806 866 1846 φύσιν
878 1812 965 1835 κινεῖ-

139 1855 198 1882 σθαι
212 1852 281 1882 κατὰ
296 1851 463 1891 συμϐεϐηκός
481 1861 490 1892 ;

248 1941 298 1973 62.
317 1942 365 1972 Ἐκ
377 1945 424 1971 τοῦ
438 1941 525 1981 τρίτου
539 1940 620 1980 λόγου
636 1941 699 1981 Περὶ
714 1942 834 1980 οὐρανοῦ.

185 1997 199 2013 ε
215 1989 274 2016 Τῶν
288 1987 362 2026 φύσει
390 1986 540 2026 γενομένων
566 1986 599 2014 τὰ
623 1985 672 2023 μέν
687 1985 751 2014 εἰσιν
767 1985 863 2022 οὐσίαι,
886 1985 919 2013 τὰ
939 1983 967 2015 δὲ

139 2031 202 2071 ἔργα
226 2032 271 2060 καὶ
299 2032 370 2065 πάθη
397 2031 508 2062 τούτων,
540 2029 618 2070 Λέγω
640 2029 667 2058 δὲ
696 2031 784 2061 οὗσίπις
814 2029 863 2068 μὲν
891 2030 924 2058 τά
939 2039 966 2058 τι

139 2075 212 2105 ἆπλᾶ
233 2075 295 2116 (65)
319 2076 445 2115 σώματι,
467 2076 529 2104 οἷον
555 2076 617 2115 πῦρ,
648 2076 692 2103 καὶ
720 2077 784 2115 γῆν,
813 2076 858 2103 καὶ
872 2075 906 2102 τὰ
920 2074 967 2102 σύ-

142 2131 241 2160 στοιχα
264 2120 379 2160 τούτοις,
403 2122 448 2149 καὶ
475 2120 507 2148 ἐκ
534 2120 647 2156 τούτων,
682 2119 741 2148 οἷον
758 2121 803 2148 τόν
817 2130 845 2147 τε
861 2117 969 2147 σύνολον

1007 1583 1036 1610 et
1050 1579 1325 1622 infecta,quomodo
1340 1585 1438 1622 potest
1453 1583 1483 1614 in
1498 1583 1588 1615 rebus
1597 1584 1736 1624 ingenitis
1747 1583 1831 1614 insti-

1008 1627 1088 1655 tutus
1100 1633 1166 1656 esse
1176 1626 1250 1656 ordo
1264 1626 1422 1658 naturalis?
1429 1628 1552 1668 Sphaera
1567 1629 1691 1669 sphaerae
1701 1629 1828 1669 alligata,

1006 1668 1142 1700 eamdem
1157 1669 1271 1702 habens
1283 1670 1478 1703 substantiam
1495 1682 1530 1703 ac
1545 1668 1722 1713 sphaera,cui
1733 1668 1831 1714 illiga—

1008 1716 1037 1743 ta
1052 1715 1260 1754 est,quomodo
1277 1724 1336 1746 non
1353 1716 1470 1747 videtur
1485 1717 1634 1756 duplicem
1650 1718 1761 1750 habere
1776 1718 1831 1749 ab-

1008 1757 1195 1796 surditatem,
1208 1759 1238 1789 in
1255 1759 1346 1790 rebus
1362 1761 1482 1792 aeternis
1497 1771 1555 1792 non
1567 1766 1785 1802 occurrentem,
1803 1766 1833 1794 et

1008 1803 1087 1849 quod
1097 1803 1206 1835 frustra
1219 1803 1358 1835 mobilem
1375 1805 1484 1837 habeat
1499 1806 1707 1849 substantiam,
1719 1817 1831 1839 secun-

1009 1847 1079 1877 dum
1096 1857 1184 1888 quam
1203 1858 1262 1879 non
1275 1853 1418 1888 movetur,
1436 1855 1465 1881 et
1477 1851 1555 1892 quod
1578 1855 1686 1892 praeter
1695 1847 1831 1884 naturam

1006 1900 1061 1931 per
1071 1892 1211 1924 accidens
1227 1898 1379 1924 moveatur
1387 1897 1401 1925 ?

1007 1935 1059 1966 62.
1075 1936 1128 1983 E_z
1143 1937 1221 1969 libro
1237 1938 1330 1970 tertio
1345 1939 1385 1969 de
1396 1939 1481 1978 caelo,
1497 1939 1552 1972 lib.
1568 1949 1614 1982 ut,
1625 1951 1653 1974 c.
1665 1942 1695 1983 1,
1712 1952 1741 1983 ρ.
1759 1941 1830 1974 298.

1053 1993 1067 2009 ι
1084 1980 1195 2012 Eorum
1209 1991 1274 2023 quae
1289 1986 1398 2015 natura
1420 1993 1488 2016 esse
1510 1980 1662 2024 dicuntur,
1687 1980 1747 2018 alia
1761 1991 1832 2018 sunt

1010 2025 1196 2064 substantiae,
1214 2027 1270 2058 alia
1288 2037 1379 2068 opera
1395 2032 1424 2059 et
1436 2030 1625 2068 operationes
1639 2031 1831 2064 earum.Sub-

1010 2070 1133 2101 stantias
1143 2070 1210 2102 dico
1221 2080 1346 2112 corpora
1358 2073 1550 2113 simplicia,ut
1559 2074 1658 2114 ignem
1674 2080 1829 2115 etterram,

1010 2118 1116 2155 etquae
1130 2125 1197 2146 cum
1225 2116 1271 2147 his
1297 2122 1365 2147 sunt
1393 2117 1528 2157 ejusdem
1558 2121 1647 2151 seriei
1671 2120 1830 2158 elementa,

140 2165 261 2203 οὐρανὸν,
278 2165 322 2193 καὶ
343 2165 375 2194 τὰ
397 2164 478 2204 μόρια
505 2164 610 2203 τούτου,
637 2164 682 2192 καὶ
707 2163 787 2193 πάλιν
803 2163 835 2192 τά
849 2174 877 2192 τι
901 2163 966 2204 ζῶα,

1055 2169 1239 2201 quaecunque
1259 2170 1295 2192 ex
1311 2161 1349 2191 iis
1364 2165 1429 2193 orta
1443 2167 1558 2204 sunt,ut
1574 2167 1668 2196 totum
1684 2166 1791 2197 coelum
1803 2170 1832 2196 et

138 2209 182 2237 καὶ
201 2209 232 2237 τὰ
243 2209 322 2249 φυτὰ,
339 2210 382 2238 καὶ
397 2209 430 2238 τὰ
441 2209 522 2249 μόρια
536 2208 648 2238 τούτων.
671 2220 681 2236 ι

180 2292 210 2326 ’0
223 2298 336 2338 εἶρηχὼς
362 2301 407 2326 τὸν
433 2298 544 2338 οὐρανὸν
567 2304 637 2326 εἴναι
653 2296 678 2330 ἐξ
693 2296 779 2326 ἀττλοῦ
794 2307 865 2328 τινος
891 2307 967 2325 στοι-

138 2342 214 2382 χείου
235 2341 325 2380 ἑτέρου
350 2341 426 2374 ὄντος
454 2343 525 2382 παρὰ
550 2343 586 2370 τὰ
613 2343 723 2371 ὲνταῡθα
753 2347 894 2381 στοιχεῖα,
924 2341 968 2369 καὶ

138 2385 178 2415 ὅτι
194 2388 242 2416 οὐχ
254 2385 390 2427 ὶνὸέχεται
407 2387 515 2426 οὐρανὸν
537 2386 617 2415 ἄλλον
647 2386 767 2425 γενέσθαι
791 2385 836 2414 διὰ
855 2386 885 2413 τὸ
903 2388 966 2414 τοῦ-

137 2441 184 2460 τον
209 2434 294 2459 πᾶσαν
325 2430 524 2471 περιειληφέναι
553 2432 603 2466 τὴν
639 2430 705 2465 ὕλην
737 2431 794 2462 πῶς
825 2433 868 2459 νῦν
897 2429 966 2469 λέγεῖ

139 2476 169 2504 ἐκ
183 2476 236 2504 τῶν
251 2475 337 2504 αὐτῶν
353 2476 425 2504 εἶναι
454 2477 598 2516 στοιχείων
622 2476 667 2504 τὸν
694 2476 814 2515 οὐρανὸν,
832 2473 858 2508 ἐξ
872 2475 908 2504 ὧν
923 2476 968 2504 καὶ

136 2521 170 2550 τὰ
184 2524 239 2557 ζῶπι
253 2521 296 2548 χαὶ
312 2521 344 2548 τὰ
372 2520 439 2560 φυτά
454 2529 462 2559 ;
479 2520 554 2548 Ἀλλ’
573 2521 594 2548 εἰ
620 2520 669 2558 μὲν
693 2519 773 2548 ἄλλον
789 2520 896 2558 οὐρανὸν
917 2518 967 2548 λέ-

138 2576 179 2605 γει
203 2564 229 2598 ἐξ
258 2564 347 2594 ἄλλων
375 2565 518 2605 στοιχείων
546 2564 679 2604 γενέσθςιι,
704 2568 763 2596 πῶς
792 2565 822 2592 οὒ
843 2563 966 2602 ψεύδεται

136 2609 233 2650 λέγων,
252 2609 305 2639 Οὔκ
321 2608 459 2649 ἐνδέχεται
484 2608 565 2638 ἄλλον
583 2610 693 2649 obpava
709 2609 780 2637 εἶναι
797 2608 868 2642 πλὴν
884 2607 941 2640 ἑνός
956 2619 965 2645 ;

177 2675 241 2716 (63)
255 2675 336 2705 οὖσα.
356 2674 479 2708 Codices
495 2685 566 2707 mss.
598 2679 626 2707 et
654 2676 692 2708 Β.
705 2674 879 2716 Stephanus
892 2675 964 2716 οὐσία

140 2718 171 2757 οι
183 2715 250 2746 mox
264 2716 360 2752 οὐσίαι,
379 2721 410 2757 et
423 2716 534 2757 ἕκαστον
548 2717 598 2757 γὰρ
619 2717 682 2746 τῶν.
700 2715 827 2757 Scripsit
841 2715 964 2756 Sylbur-

135 2754 221 2796 gius,
228 2759 262 2796 ut
276 2759 320 2787 est
332 2756 411 2796 apud
424 2754 630 2789 Aristotelem.

176 2794 240 2835 (64)
253 2797 286 2824 Ἦ
301 2794 361 2834 μίαζ
376 2796 499 2829 Aristot.
515 2798 532 2832 ἡ
547 2796 698 2830 τελευταία,

1011 2208 1109 2244 partes
1124 2205 1201 2245 ejus,
1218 2206 1288 2236 item
1304 2205 1471 2237 animantes
1486 2211 1516 2238 et
1536 2209 1663 2251 plantas,
1679 2214 1710 2242 et
1724 2210 1830 2242 harum

1009 2252 1119 2289 partes.
1138 2260 1150 2278 ι

1049 2293 1104 2330 Qui
1116 2293 1189 2324 dixit
1203 2293 1311 2325 celum
1323 2304 1390 2327 esse
1398 2305 1414 2327 e
1424 2297 1552 2338 simplici
1562 2298 1690 2338 quodam
1701 2298 1831 2330 elemen-

1009 2342 1038 2369 to
1049 2347 1067 2369 a
1079 2338 1374 2384 terrenisAelementis
1388 2341 1577 2380 diverso,nec
1589 2353 1676 2384 posse
1690 2344 1770 2375 aliud
1781 2344 1832 2375 tie-

1009 2383 1121 2424 ri,quia
1135 2382 1214 2413 istud
1227 2384 1398 2415 universam
1410 2382 1643 2427 circumplexum
1655 2389 1807 2420 materiam
1822 2399 1829 2421 :

1009 2428 1158 2468 quomodo
1172 2437 1251 2458 nunc
1267 2427 1351 2469 dicit,
1367 2430 1474 2461 caelum
1498 2441 1534 2462 ex
1557 2433 1670 2464 eisdem
1686 2443 1752 2464 esse
1766 2433 1830 2464 ele-

1010 2472 1129 2507 mentis.
1146 2481 1181 2517 ex
1198 2471 1308 2517 quibus
1332 2474 1495 2506 animantia
1518 2484 1547 2507 et
1577 2478 1708 2517 plantae?
1733 2477 1790 2509 Sed
1805 2477 1830 2508 si

1008 2517 1089 2549 aliud
1098 2515 1203 2547 caelum
1212 2515 1296 2562 dicit,
1313 2525 1349 2562 ex
1360 2517 1426 2549 aliis
1446 2515 1602 2552 elementis
1610 2522 1719 2554 factum
1732 2531 1740 2552 :
1753 2530 1830 2562 quo-

1008 2562 1096 2593 modo
1108 2570 1167 2592 non
1177 2561 1404 2606 mentiturzdum
1416 2563 1457 2594 ait
1467 2573 1527 2595 non
1536 2575 1622 2606 posse
1631 2567 1710 2598 aliud
1721 2561 1830 2597 caelum

1008 2616 1077 2639 esse
1091 2609 1199 2647 praeter
1214 2614 1306 2636 unum
1319 2604 1334 2635 ?
1348 2604 1401 2637 Sin
1419 2612 1519 2640 autem
1537 2604 1615 2641 idem
1630 2611 1736 2643 caelum
1746 2610 1828 2649 dicit,

1046 2675 1106 2718 (ὃᾷ)
1121 2674 1159 2704 τά
1173 2682 1208 2718 τε.
1218 2671 1304 2718 (Ξιίιτὶιειτ
1314 2671 1482 2718 Secundam
1498 2677 1630 2709 voculam
1642 2678 1755 2709 addidit
1766 2671 1831 2718 Syl'

1007 2714 1129 2759 burgius
1143 2723 1178 2745 ex
1192 2712 1379 2759 Aristotqlet
1393 2715 1480 2754 paulo
1503 2722 1569 2757 post
1585 2721 1643 2759 οἷον
1657 2722 1725 2750 ante
1739 2712 1828 2759 τόγ’τι

1007 2756 1127 2795 σύνολον,
1145 2759 1175 2786 et
1203 2756 1444 2793 conjunctionem
1473 2756 1542 2788 ante
1557 2757 1636 2788 πάλιν
1651 2762 1680 2790 et
1693 2758 1826 2790 voculam

1006 2795 1125 2836 τεζωιιε
1143 2798 1210 2833 ζῶα.
