4172 6202
163 5873 258 6034 .g

523 489 1633 651 NOTITUE
1702 490 3468 660 BIOGRAPHICAE
3615 370 3622 374 ’

321 812 1198 978 NECNON
1314 833 1565 974 ET
1685 826 3689 983 BIBLIOGRAPHIC/E.

877 1153 1037 1240 DE
1074 1154 1550 1243 SANCTIS
1606 1161 2420 1246 PONTIFTCIBUS
2463 1161 2996 1248 ROMANIS

719 1396 1396 1548 MARCELLINO,
1453 1402 2003 1554 MARCELLil,
2079 1409 2534 1553 EUSEBIll,
2582 1404 3209 1549 MELCHIADE.

950 1683 1089 1754 ET
1115 1681 1255 1754 DE
1296 1680 1828 1756 RHETICIO
1857 1681 2350 1756 ZEDUENSI
2389 1679 2963 1756 EPISCOPO.

1076 1891 1955 1933 -—————-===i=

1969 1889 2980 1932 W—

523 2063 1348 2185 SANCTUS
1425 2063 1916 2178 MAI“

2014 2057 2729 2174 Ξιιιιπυε
2802 2060 3380 2174 ΡΔΡΔ-

1790 2327 2127 2344 ἡ

605 2492 636 2563 §
661 2489 702 2545 Ι.
730 2519 803 2530 -
833 2486 1052 2555 Quando
1079 2493 1127 2539 et
1155 2480 1398 2553 quamdiu
1423 2476 1624 2533 sederit.

387 2650 654 2708 Eusebius
676 2648 823 2703 hunc
845 2658 1041 2717 papam
1075 2641 1235 2696 annis
1260 2652 1455 2694 novem
1486 2633 1788 2690 Ecclesiam
1819 2646 1918 2703 gu-

309 2749 568 2804 bernasse
610 2741 795 2804 tradit,
836 2749 1002 2810 atque
1045 2736 1164 2805 ejus
1198 2740 1431 2788 mortem
1460 2729 1514 2783 in
1550 2725 1820 2783 Chronico
1849 2723 1915 2777 ad

309 2853 512 2896 annum
543 2835 747 2892 Christi
789 2832 892 2889 30/;
942 2829 1132 2885 refert.
1175 2826 1252 2880 Ita
1285 2824 1376 2879 ille
1405 2834 1577 2877 annos
1626 2828 1750 2874 octo
1792 2832 1914 2871 cum

312 2949 421 2988 uno
461 2930 718 2986 inchoato
768 2940 866 2996 pro
909 2936 1110 2978 novem
1152 2925 1495 2987 computans,
1542 2927 1664 2968 cum
1697 2909 1912 2965 Buche-

308 3029 468 3083 riano
495 3025 746 3093 catalogo
765 3020 1060 3084 consentit,
1093 3017 1145 3070 in
1188 3029 1296 3086 quo
1329 3012 1560 3082 legimus
1587 3026 1600 3063 :
1627 3026 1644 3060 ‹
1680 3004 1914 3061 Marcel-

310 3124 454 3178 linus
479 3118 636 3173 annis
665 3132 783 3180 vtn,
839 3111 1124 3170 mensibus
1155 3124 1232 3175 ιιι,
1270 3105 1461 3161 diebus
1489 3119 1618 3168 xxv,
1651 3100 1753 3155 fuit
1780 3107 1914 3152 tem-

311 3213 533 3285 poribus
589 3206 909 3266 Diocletiani
972 3211 1028 3258 et
1100 3198 1407 3255 Maximiani
1468 3211 1532 3250 cx
1595 3193 1683 3248 die
1735 3189 1915 3262 pridie

318 3304 592 3360 Kalendas
647 3301 817 3357 Julias
847 3340 863 3366 ,
919 3313 949 3352 a
996 3292 1316 3350 consulibus
1373 3286 1711 3344 Diocletiano
1757 3298 1810 3338 vt
1861 3289 1914 3337 et

308 3398 629 3454 Constantio
669 3411 729 3459 ιι,
754 3406 924 3462 usque
969 3390 1022 3443 in
1065 3385 1406 3442 consulatum
1470 3376 1788 3435 Diocletiani
1835 3390 1909 3439 Ix,

310 3500 365 3544 et
387 3486 693 3543 Maximiani
733 3487 848 3539 νιὶι.
885 3480 1039 3538 Unde
1070 3478 1318 3547 sequitur
1352 3484 1409 3530 ut
1438 3469 1738 3529 Marcellini
1767 3467 1910 3523 elec—

313 3585 391 3639 tio
411 3598 508 3638 seu
535 3579 798 3636 ordinatio
838 3592 985 3632 anno
1031 3573 1162 3638 296,
1215 3571 1360 3627 Junii
1389 3585 1494 3624 xxx
1529 3567 1636 3630 die,
1669 3563 1912 3632 adeoque

309 3677 447 3734 feria
474 3675 666 3739 tertia;
714 3688 779 3728 ac
829 3685 978 3726 mors
1019 3682 1167 3722 anno
1214 3664 1351 3728 301,
1383 3660 1636 3718 Octobris
1664 3673 1792 3712 xxiv
1822 3655 1912 3710 die

311 3768 694 3842 consignanda:
724 3769 874 3830 sint,
926 3764 1054 3818 licet
1112 3760 1311 3816 festum
1363 3757 1481 3826 ejus
1525 3754 1910 3824 plerorumque

310 3861 822 3936 martyrologiorum
859 3855 1182 3912 auctoritate
1227 3866 1348 3906 xxvn
1395 3845 1592 3918 Aprilis
1631 3843 1720 3899 die
1762 3841 1910 3897 cele-

312 3959 519 4014 brelur.

312 4163 340 4236 §
371 4194 443 4204 -—
462 4161 527 4218 ll.
559 4159 638 4216 De
662 4159 870 4228 antiqua
900 4155 1078 4227 fabula
1102 4168 1201 4224 qua
1228 4147 1589 4206 Marcellinum
1612 4142 1765 4199 idolis
1793 4140 1911 4196 thus

797 4272 1038 4329 obtulisse
1057 4270 1317 4340 vulgatum
1348 4274 1440 4321 est.

394 4461 444 4514 ει.
466 4455 838 4514 Marcellinum
869 4450 1030 4508 idolis
1050 4448 1177 4504 thus
1193 4443 1454 4502 obtulisse
1468 4456 1530 4498 ac
1543 4452 1728 4498 sacros
1745 4437 1912 4494 libros

315 4553 627 4614 tradidisse,
648 4549 760 4619 jam
791 4547 862 4604 ab
890 4542 1173 4614 Augustini
1221 4556 1338 4595 aevo
1391 4537 1535 4592 fama
1586 4540 1726 4590 erat.
1782 4531 1914 4600 Ejus

313 4657 564 4704 auctores
613 4643 920 4714 suspicatur
970 4641 1014 4694 is
1063 4646 1286 4693 sanctus
1336 4633 1533 4688 Doctor
1579 4626 1914 4685 recentiores

316 4739 649 4794 Donatistas.
679 4738 758 4791 Ac
781 4735 957 4804 primo
988 4730 1206 4800 quidem
1241 4725 1480 4798 ﬁgmenti
1521 4721 1682 4792 hujus
1713 4718 1914 4772 falsita-

316 4840 464 4895 tem,
526 4829 620 4884 lib.
670 4828 732 4880 de
785 4826 936 4880 unico
986 4822 1268 4892 Baptismo,
1329 4827 1516 4873 contra
1566 4811 1911 4873 Petilianum,

318 4942 439 4994 cap.
470 4925 560 4992 16,
587 4941 645 4978 n.
690 4923 784 4986 27,
815 4920 942 4974 inde
970 4917 1184 4988 probat,
1216 4915 1337 4984 quia
1376 4911 1524 4966 nullo
1552 4917 1719 4973 teste,
1769 4904 1913 4959 nulla

319 5017 640 5073 monimenti
700 5016 1018 5084 cujusquam
1075 5008 1330 5064 ﬁrmitate
1396 5003 1662 5059 fulciatur.
1713 5016 1732 5048 ι
1775 4994 1914 5064 Quid

318 5126 472 5182 ergo,
511 5110 704 5180 inquit,
748 5123 885 5178 opus
913 5115 997 5161 est
1040 5113 1100 5159 ut
1140 5101 1518 5172 episcoporum
1549 5109 1788 5151 romana:
1814 5091 1914 5146 Ec-

320 5205 522 5269 clesiae,
566 5218 701 5274 quos
733 5198 1144 5257 incredibilibus
1187 5191 1472 5250 calumniis
1516 5189 1808 5243 insectatus
1832 5191 1916 5237 est

316 5298 678 5372 (Petilianus),
704 5296 917 5366 objecta
943 5293 1092 5348 abeo
1107 5289 1333 5345 crimina
1356 5281 1664 5342 diluamus?
1692 5278 1915 5372 Marcel-

317 5370 459 5446 linus
527 5399 582 5446 et
653 5386 958 5459 presbyteri
1019 5383 1135 5454 ejus
1209 5377 1570 5441 Melchiades,
1629 5370 1916 5428 Marcellus

315 5492 370 5542 ct
440 5485 704 5541 Silvester
769 5479 1072 5538 traditionis
1142 5474 1388 5531 codicum
1478 5469 1780 5525 divinorum
1861 5471 1988 5550 etC

1939 4107 1988 4168 B

1948 2476 2129 2546 Aqua
2184 2474 2627 2532 documentorum
2694 2475 2951 2532 ﬁrmitate
3010 2484 3433 2538 monstrantur?
3490 2483 3622 2554 Ipse

2023 2568 2323 2624 sceleratos
2351 2578 2404 2623 et
2429 2569 2726 2640 sacrilegos
2770 2572 2936 2626 fuisse
2967 2571 3129 2628 dicit:
3174 2589 3276 2645 ego
3314 2577 3632 2632 innocentes

2022 2659 2194 2715 fuisse
2246 2662 2578 2732 respondeo.
2627 2663 2768 2730 Quid
2813 2664 3050 2720 laborem
3089 2668 3323 2736 probare
3351 2668 3625 2726 defensio-

2024 2768 2145 2808 nem
2179 2769 2354 2808 meam
2381 2796 2396 2820 ,
2442 2769 2564 2809 cum
2617 2757 2707 2812 ille
2745 2772 2843 2811 nec
2881 2759 3114 2812 tenuiter
3144 2759 3375 2828 probare
3401 2769 3633 2818 conatus

2019 2845 2090 2899 sit
2116 2847 2523 2902 accusationem
2555 2848 2750 2902 suam?
2787 2868 2804 2900 ι
2853 2849 2929 2903 Ex
2965 2851 3162 2920 quibus
3190 2851 3481 2920 Augustini
3509 2868 3632 2909 ver-

2018 2937 2102 2993 bis
2148 2938 2342 3008 cuique
2385 2941 2727 3010 exploratum
2790 2951 2894 3007 est,
2951 2942 3093 2998 idem
3149 2944 3357 3000 crimen
3408 2960 3517 3000 non
3573 2945 3630 3001 in

2019 3030 2390 3086 Marcellinum
2419 3031 2629 3098 solum,
2671 3032 2767 3088 sed
2806 3035 2968 3088 etiam
3013 3036 3066 3088 in
3114 3036 3468 3106 presbyteros
3507 3037 3624 3107 ejus

2016 3125 2359 3192 Marcellum,
2388 3127 2738 3182 Melchiadem
2762 3139 2816 3183 et
2844 3128 3191 3194 Silvestrum,
3227 3105 3318 3200 qui
3344 3131 3445 3200 ipsi
3475 3105 3631 3200 post-

2017 3232 2079 3272 ea
2120 3227 2522 3285 successerunt,
2575 3218 2744 3275 fuisse
2777 3222 3060 3276 intentum.
3088 3219 3143 3277 Si
3177 3236 3307 3292 ergo
3336 3221 3412 3276 illi
3436 3223 3617 3279 omni-

2017 3327 2087 3366 no
2115 3312 2359 3368 insontes
2379 3322 2541 3382 atque
2570 3311 2730 3380 hujus
2766 3313 2986 3368 sceleris
3018 3313 3172 3381 puri;
3223 3328 3398 3383 neque
3448 3313 3621 3384 magis

2015 3421 2142 3462 reus
2172 3405 2344 3460 videri
2376 3406 2537 3461 debet
2574 3404 2936 3459 Marcellinus.
2978 3405 3047 3459 Et
3079 3407 3182 3459 hoc
3202 3405 3420 3475 quidem
3461 3405 3620 3460 nobis

2014 3501 2374 3557 indubitatum
2401 3501 2527 3566 erit,
2555 3499 2641 3553 ubi
2681 3498 2965 3552 calumnia)
2996 3497 3156 3567 hujus
3185 3512 3401 3552 causam
3434 3507 3490 3553 et
3517 3496 3629 3552 ori-

2015 3595 2190 3664 giuem
2212 3604 2548 3662 perspecmm
2565 3591 2931 3646 habuerimus.

2083 3685 2138 3738 2.
2173 3684 2322 3738 Hanc
2369 3683 2550 3753 prodit
2586 3681 2817 3738 subinde
2846 3681 3202 3752 Augustinus,
3233 3696 3356 3737 cum
3388 3679 3623 3738 fabulam

2014 3777 2163 3832 illam
2211 3777 2334 3831 ideo
2383 3791 2413 3829 a
2463 3775 2861 3830 recentioribus
2914 3775 3209 3828 Donatistis
3260 3774 3622 3844 excogitatam

2015 3869 2180 3926 fuisse
2211 3871 2422 3938 innuit,
2457 3879 2512 3924 ut
2553 3869 2739 3939 judicii
2767 3912 2780 3935 ,
2824 3883 2930 3938 quo
2976 3884 3004 3921 a
3038 3845 3341 3922 Melchiade
3379 3867 3603 3922 damnat
3655 3925 3665 3934 ,

2014 3964 2245 4031 fuerant,
2299 3963 2556 4019 invidiam
2603 3964 2962 4019 declinarent.
3005 3962 3110 4017 Sed
3165 3961 3293 4032 quid
3336 3977 3472 4032 opus
3502 3971 3622 4018 erat

2015 4059 2094 4114 eis
2125 4075 2226 4112 una
2255 4072 2380 4112 cum
2408 4057 2703 4112 Melchiade
2733 4056 3099 4111 Marcellinqu
3130 4054 3464 4125 pontiﬁcem,
3495 4070 3620 4111 nec-

2015 4168 2124 4207 non
2152 4152 2460 4207 Marcellum
2490 4161 2546 4207 et
2573 4151 2894 4207 Silvestrum
2926 4148 3274 4219 presbyteros
3315 4147 3616 4203 infamare?

2015 4243 2276 4299 Nimirum
2336 4255 2392 4298 ut
2448 4243 2776 4314 probabilior
2823 4240 2977 4296 ﬁeret
3029 4241 3268 4310 ipsorum
3315 4239 3612 4294 calumnia.

2015 4339 2279 4406 Quocirca
2307 4337 2723 4408 excogitandum
2766 4335 2846 4389 eis
2878 4334 2980 4388 fuit
3024 4343 3237 4404 tempus
3273 4349 3383 4404 quo
3439 4332 3615 4388 thuris

2016 4433 2215 4488 oblatio
2243 4441 2297 4487 et
2327 4445 2605 4486 sacrorum
2641 4428 2885 4484 codicum
2919 4426 3139 4480 traditio
3168 4427 3219 4480 in
3256 4425 3401 4481 Urbe
3430 4425 3618 4496 exige-

2015 4525 2196 4590 batur,
2227 4525 2496 4594 simulque
2531 4521 2840 4591 ﬁngendum
2871 4534 2987 4586 eos,
3021 4520 3108 4589 qui
3136 4519 3187 4572 in
3213 4519 3365 4574 clero
3388 4534 3617 4575 romano

2015 4627 2126 4673 tum
2155 4615 2488 4680 eminebant,
2523 4616 2576 4669 in
2597 4613 2840 4668 eamdem
2874 4611 3207 4680 impietatem
3227 4610 3392 4666 fuisse
3417 4610 3620 4667 abduc-

2018 4718 2120 4765 tos.
2168 4707 2300 4762 Nam
2338 4707 2382 4761 si
2417 4707 2484 4761 de
2537 4720 2644 4759 uno
2689 4702 2987 4759 Melchiade
3037 4702 3141 4756 hoc
3184 4702 3615 4772 pervulgasseut,

2015 4801 2134 4871 quis
2161 4799 2409 4854 crederet
2453 4806 2659 4852 tantum
2703 4797 2909 4851 crimen
2964 4796 3192 4850 inultum
3233 4795 3465 4865 relinqui
3519 4810 3618 4865 po-

2017 4892 2224 4948 tuisse?
2255 4891 2323 4946 At
2349 4891 2659 4946 credibilior
2687 4891 2745 4942 ﬁt
2770 4891 2884 4942 haec
2912 4887 3226 4958 impunitas,
3247 4901 3368 4941 cum
3396 4895 3450 4940 et
3475 4887 3612 4956 ipse,

2015 4985 2170 5056 cujus
2219 4993 2336 5039 erat
2376 4984 2587 5053 punire,
2627 4991 2682 5037 et
2720 4981 2810 5051 qui
2855 4983 3098 5050 proxime
3128 4981 3447 5050 postipsum
3474 4994 3615 5049 prato

2016 5086 2164 5144 sunt,
2195 5077 2436 5148 ejusdem
2461 5075 2684 5130 sceleris
2706 5074 2909 5127 conscii
2943 5072 3100 5126 ﬁunt.
3125 5071 3459 5140 Augustinus
3485 5085 3614 5126 vero

2017 5172 2136 5226 loco
2175 5171 2339 5225 citato
2370 5182 2536 5223 novos
2567 5167 2871 5220 Donatistas
2913 5163 3177 5218 mendacii
3227 5162 3381 5216 ﬁrma
3415 5161 3504 5216 illa
3528 5177 3616 5217 ra-

2017 5269 2163 5320 tione
2185 5261 2481 5328 couvincit,
2504 5259 2644 5330 quod
2676 5260 2910 5328 majores
2943 5259 3182 5322 illorum,
3214 5271 3309 5310 seu
3336 5265 3483 5321 ante,
3517 5271 3615 5312 seu

2016 5366 2135 5427 post
2185 5353 2499 5410 Melchiadis
2533 5351 2822 5423 judicium,
2854 5350 2920 5404 de
2946 5349 3037 5403 illo
3061 5348 3286 5402 crimine
3316 5363 3384 5402 ne
3411 5349 3615 5419 cogita-

2019 5450 2128 5505 rint
2153 5448 2388 5519 quidem.
2436 5464 2455 5498 ‹
2492 5445 2569 5500 De
2606 5457 2734 5516 quo,
2768 5441 2963 5512 inquit,
3005 5438 3210 5510 judicio
3232 5454 3353 5494 cum
3383 5439 3618 5509 majores

319 5577 728 5634 “mriﬁcauonis
766 5535 836 5631 ,1,
874 5589 941 5630 eo
975 5573 1201 5628 crimine
1240 5573 1566 5640 arguumur;
1609 5561 1703 5618 sed
1748 5574 1919 5616 num-
1946 5535 1988 5550 ν
2024 5549 2249 5604 istorum
2281 5541 2738 5615 importunissima
2776 5536 3076 5609 pervicacia
3115 5544 3416 5590 memorato
3442 5535 3616 5606 impe-

315 5671 446 5745 quid
501 5673 553 5729 in
597 5685 664 5728 eo
717 5669 881 5727 etiam
916 5666 1347 5730 convincuntur,
1402 5667 1495 5716 aut
1544 5655 1774 5714 convicti
1820 5653 1920 5709 ali-

323 5831 433 5923 Ἴ]
761 5763 1042 5825 Pauor“
1075 5758 1184 5820 Vl.

2026 5641 2192 5701 ratori
2219 5635 2618 5714 (Constantino)
2638 5642 3014 5699 quererentur,
3042 5630 3187 5704 quod
3209 5644 3316 5686 non
3337 5630 3498 5700 plene
3517 5645 3616 5687 nec

2929 5726 2987 5788 1.
