  <div class='ocr_page' id='page_1' title='image "/cluster/home/n/w/nwhite01/storage/ocr_20150623/6/hvd.32044096580345/011.png"; bbox 0 0 4172 6202; ppageno 0'>
   <div class='ocr_carea' id='block_1_1' title="bbox 509 276 3811 345">
    <p class='ocr_par' dir='ltr' id='par_1_1' title="bbox 509 276 3811 345">
     <span class='ocr_line' id='line_1_1' title="bbox 509 276 3811 345; baseline -0.002 0"><span class='ocrx_word' id='word_1_1' title='bbox 509 289 571 345; x_wconf 79' lang='grc' dir='ltr'>Η</span> <span class='ocrx_word' id='word_1_2' title='bbox 1890 282 1978 337; x_wconf 85' lang='lat' dir='ltr'><strong>DE</strong></span> <span class='ocrx_word' id='word_1_3' title='bbox 2019 276 2457 337; x_wconf 75' lang='lat' dir='ltr'><strong>MARCELLINO</strong></span> <span class='ocrx_word' id='word_1_4' title='bbox 3630 326 3639 333; x_wconf 94' lang='lat'><strong>.</strong></span> <span class='ocrx_word' id='word_1_5' title='bbox 3741 282 3811 337; x_wconf 71' lang='lat'><strong>92</strong></span> 
     </span>
    </p>
   </div>
   <div class='ocr_carea' id='block_1_2' title="bbox 504 393 3808 469">
    <p class='ocr_par' dir='ltr' id='par_1_2' title="bbox 504 393 3808 469">
     <span class='ocr_line' id='line_1_2' title="bbox 504 393 3808 469; baseline -0.001 -12"><span class='ocrx_word' id='word_1_6' title='bbox 504 414 653 457; x_wconf 85' lang='lat' dir='ltr'><strong>reete</strong></span> <span class='ocrx_word' id='word_1_7' title='bbox 684 400 843 457; x_wconf 83' lang='lat' dir='ltr'><strong>fuerit</strong></span> <span class='ocrx_word' id='word_1_8' title='bbox 866 398 1225 456; x_wconf 88' lang='lat' dir='ltr'><strong>examinatum</strong></span> <span class='ocrx_word' id='word_1_9' title='bbox 1257 404 1419 469; x_wconf 86' lang='lat' dir='ltr'><strong>atque</strong></span> <span class='ocrx_word' id='word_1_10' title='bbox 1445 395 1846 466; x_wconf 86' lang='lat' dir='ltr'><strong>depromptum,</strong></span> <span class='ocrx_word' id='word_1_11' title='bbox 1873 394 2005 450; x_wconf 89' lang='lat' dir='ltr'><strong>nihil</strong></span> <span class='ocrx_word' id='word_1_12' title='bbox 2032 395 2099 451; x_wconf 87' lang='lat' dir='ltr'><strong>de</strong></span> <span class='ocrx_word' id='word_1_13' title='bbox 2129 402 2183 463; x_wconf 83' lang='grc' dir='ltr'>Α</span> <span class='ocrx_word' id='word_1_14' title='bbox 2209 395 2422 451; x_wconf 81' lang='lat' dir='ltr'><strong>nomine</strong></span> <span class='ocrx_word' id='word_1_15' title='bbox 2447 393 2713 462; x_wconf 84' lang='lat' dir='ltr'><strong>Urbanus,</strong></span> <span class='ocrx_word' id='word_1_16' title='bbox 2764 395 2856 465; x_wconf 86' lang='lat' dir='ltr'><strong>qui</strong></span> <span class='ocrx_word' id='word_1_17' title='bbox 2908 401 3025 450; x_wconf 91' lang='lat' dir='ltr'><strong>erat</strong></span> <span class='ocrx_word' id='word_1_18' title='bbox 3068 394 3309 464; x_wconf 75' lang='lat' dir='ltr'><strong>pontifex</strong></span> <span class='ocrx_word' id='word_1_19' title='bbox 3336 395 3611 469; x_wconf 85' lang='lat' dir='ltr'><strong>Capitolii,</strong></span> <span class='ocrx_word' id='word_1_20' title='bbox 3640 407 3693 454; x_wconf 90' lang='lat' dir='ltr'><strong>et</strong></span> <span class='ocrx_word' id='word_1_21' title='bbox 3723 414 3808 454; x_wconf 86' lang='lat' dir='ltr'><strong>re-</strong></span> 
     </span>
    </p>
   </div>
   <div class='ocr_carea' id='block_1_3' title="bbox 505 486 2101 551">
    <p class='ocr_par' dir='ltr' id='par_1_3' title="bbox 505 486 2101 551">
     <span class='ocr_line' id='line_1_3' title="bbox 505 486 2101 551; baseline -0.004 -2"><span class='ocrx_word' id='word_1_22' title='bbox 505 493 815 551; x_wconf 86' lang='lat' dir='ltr'><strong>Melcbiadls</strong></span> <span class='ocrx_word' id='word_1_23' title='bbox 847 491 1133 549; x_wconf 82' lang='lat' dir='ltr'><strong>traditione</strong></span> <span class='ocrx_word' id='word_1_24' title='bbox 1164 490 1245 547; x_wconf 80' lang='lat' dir='ltr'><strong>vel</strong></span> <span class='ocrx_word' id='word_1_25' title='bbox 1274 488 1674 549; x_wconf 84' lang='lat' dir='ltr'><strong>thurillcatioue</strong></span> <span class='ocrx_word' id='word_1_26' title='bbox 1708 486 1985 547; x_wconf 81' lang='lat' dir='ltr'><strong>dixerunt.</strong></span> <span class='ocrx_word' id='word_1_27' title='bbox 2020 488 2101 545; x_wconf 83' lang='lat' dir='ltr'><strong>Ad</strong></span> 
     </span>
    </p>
   </div>
   <div class='ocr_carea' id='block_1_4' title="bbox 506 578 2118 655">
    <p class='ocr_par' dir='ltr' id='par_1_4' title="bbox 506 578 2118 655">
     <span class='ocr_line' id='line_1_4' title="bbox 506 578 2118 655; baseline -0.001 -14"><span class='ocrx_word' id='word_1_28' title='bbox 506 587 660 655; x_wconf 85' lang='lat' dir='ltr'><strong>cujus</strong></span> <span class='ocrx_word' id='word_1_29' title='bbox 687 583 1016 643; x_wconf 76' lang='lat' dir='ltr'><strong>audientiam</strong></span> <span class='ocrx_word' id='word_1_30' title='bbox 1061 598 1163 638; x_wconf 86' lang='lat' dir='ltr'><strong>nuc</strong></span> <span class='ocrx_word' id='word_1_31' title='bbox 1208 584 1395 638; x_wconf 69' lang='lat' dir='ltr'><strong>venire</strong></span> <span class='ocrx_word' id='word_1_32' title='bbox 1423 583 1609 652; x_wconf 76' lang='lat' dir='ltr'><strong>utique</strong></span> <span class='ocrx_word' id='word_1_33' title='bbox 1634 578 1961 645; x_wconf 64' lang='lat' dir='ltr'><strong>debuerunt.</strong></span> <span class='ocrx_word' id='word_1_34' title='bbox 1998 581 2118 639; x_wconf 84' lang='lat' dir='ltr'><strong>hoc</strong></span> 
     </span>
    </p>
   </div>
   <div class='ocr_carea' id='block_1_5' title="bbox 508 675 2103 750">
    <p class='ocr_par' dir='ltr' id='par_1_5' title="bbox 508 675 2103 750">
     <span class='ocr_line' id='line_1_5' title="bbox 508 675 2103 750; baseline -0.002 -17"><span class='ocrx_word' id='word_1_35' title='bbox 508 681 687 750; x_wconf 80' lang='lat' dir='ltr'><strong>potius</strong></span> <span class='ocrx_word' id='word_1_36' title='bbox 712 687 839 733; x_wconf 88' lang='lat' dir='ltr'><strong>ante</strong></span> <span class='ocrx_word' id='word_1_37' title='bbox 867 685 1217 748; x_wconf 78' lang='lat' dir='ltr'><strong>suggerentes</strong></span> <span class='ocrx_word' id='word_1_38' title='bbox 1245 675 1581 746; x_wconf 78' lang='lat' dir='ltr'><strong>imperatori,</strong></span> <span class='ocrx_word' id='word_1_39' title='bbox 1624 684 1716 729; x_wconf 92' lang='lat' dir='ltr'><strong>aut</strong></span> <span class='ocrx_word' id='word_1_40' title='bbox 1750 683 1812 729; x_wconf 94' lang='lat' dir='ltr'><strong>ut</strong></span> <span class='ocrx_word' id='word_1_41' title='bbox 1842 689 2103 744; x_wconf 55' lang='lat' dir='ltr'><strong>suggere.</strong></span> 
     </span>
    </p>
   </div>
   <div class='ocr_carea' id='block_1_6' title="bbox 506 765 2103 837">
    <p class='ocr_par' dir='ltr' id='par_1_6' title="bbox 506 765 2103 837">
     <span class='ocr_line' id='line_1_6' title="bbox 506 765 2103 837; baseline -0.003 -12"><span class='ocrx_word' id='word_1_42' title='bbox 506 780 658 828; x_wconf 86' lang='lat' dir='ltr'><strong>retur</strong></span> <span class='ocrx_word' id='word_1_43' title='bbox 685 770 967 835; x_wconf 84' lang='lat' dir='ltr'><strong>instantes,</strong></span> <span class='ocrx_word' id='word_1_44' title='bbox 998 766 1141 837; x_wconf 90' lang='lat' dir='ltr'><strong>quod</strong></span> <span class='ocrx_word' id='word_1_45' title='bbox 1171 766 1311 837; x_wconf 89' lang='lat' dir='ltr'><strong>apud</strong></span> <span class='ocrx_word' id='word_1_46' title='bbox 1340 765 1660 823; x_wconf 87' lang='lat' dir='ltr'><strong>traditorcm</strong></span> <span class='ocrx_word' id='word_1_47' title='bbox 1696 766 1941 821; x_wconf 88' lang='lat' dir='ltr'><strong>codicum</strong></span> <span class='ocrx_word' id='word_1_48' title='bbox 1964 765 2103 821; x_wconf 88' lang='lat' dir='ltr'><strong>divi-</strong></span> 
     </span>
    </p>
   </div>
   <div class='ocr_carea' id='block_1_7' title="bbox 508 858 2104 935">
    <p class='ocr_par' dir='ltr' id='par_1_7' title="bbox 508 858 2104 935">
     <span class='ocr_line' id='line_1_7' title="bbox 508 858 2104 935; baseline -0.004 -13"><span class='ocrx_word' id='word_1_49' title='bbox 508 878 700 923; x_wconf 89' lang='lat' dir='ltr'><strong>norum</strong></span> <span class='ocrx_word' id='word_1_50' title='bbox 757 869 810 918; x_wconf 90' lang='lat' dir='ltr'><strong>et</strong></span> <span class='ocrx_word' id='word_1_51' title='bbox 850 859 1116 918; x_wconf 79' lang='lat' dir='ltr'><strong>idolorum</strong></span> <span class='ocrx_word' id='word_1_52' title='bbox 1163 860 1447 918; x_wconf 77' lang='lat' dir='ltr'><strong>sacriﬁciis</strong></span> <span class='ocrx_word' id='word_1_53' title='bbox 1494 858 1833 935; x_wconf 81' lang='lat' dir='ltr'><strong>inquinatum</strong></span> <span class='ocrx_word' id='word_1_54' title='bbox 1884 873 2104 919; x_wconf 83' lang='lat' dir='ltr'><strong>causam</strong></span> 
     </span>
    </p>
   </div>
   <div class='ocr_carea' id='block_1_8' title="bbox 507 950 2107 1024">
    <p class='ocr_par' dir='ltr' id='par_1_8' title="bbox 507 950 2107 1024">
     <span class='ocr_line' id='line_1_8' title="bbox 507 950 2107 1024; baseline -0.003 -14"><span class='ocrx_word' id='word_1_55' title='bbox 507 962 659 1010; x_wconf 86' lang='lat' dir='ltr'><strong>suam</strong></span> <span class='ocrx_word' id='word_1_56' title='bbox 688 966 850 1024; x_wconf 91' lang='lat' dir='ltr'><strong>agere</strong></span> <span class='ocrx_word' id='word_1_57' title='bbox 899 967 1004 1008; x_wconf 92' lang='lat' dir='ltr'><strong>non</strong></span> <span class='ocrx_word' id='word_1_58' title='bbox 1039 950 1320 1008; x_wconf 88' lang='lat' dir='ltr'><strong>deberent.</strong></span> <span class='ocrx_word' id='word_1_59' title='bbox 1373 950 1508 1007; x_wconf 91' lang='lat' dir='ltr'><strong>Cum</strong></span> <span class='ocrx_word' id='word_1_60' title='bbox 1544 951 1645 1006; x_wconf 89' lang='lat' dir='ltr'><strong>hoc</strong></span> <span class='ocrx_word' id='word_1_61' title='bbox 1688 966 1817 1022; x_wconf 86' lang='lat' dir='ltr'><strong>ergo</strong></span> <span class='ocrx_word' id='word_1_62' title='bbox 1844 966 1945 1006; x_wconf 90' lang='lat' dir='ltr'><strong>nec</strong></span> <span class='ocrx_word' id='word_1_63' title='bbox 1981 961 2107 1006; x_wconf 90' lang='lat' dir='ltr'><strong>ante</strong></span> 
     </span>
    </p>
   </div>
   <div class='ocr_carea' id='block_1_9' title="bbox 506 1040 2105 1117">
    <p class='ocr_par' dir='ltr' id='par_1_9' title="bbox 506 1040 2105 1117">
     <span class='ocr_line' id='line_1_9' title="bbox 506 1040 2105 1117; baseline -0.004 -15"><span class='ocrx_word' id='word_1_64' title='bbox 506 1045 895 1117; x_wconf 79' lang='lat' dir='ltr'><strong>suggesserim,</strong></span> <span class='ocrx_word' id='word_1_65' title='bbox 926 1059 1024 1099; x_wconf 91' lang='lat' dir='ltr'><strong>nec</strong></span> <span class='ocrx_word' id='word_1_66' title='bbox 1052 1053 1239 1114; x_wconf 91' lang='lat' dir='ltr'><strong>postea</strong></span> <span class='ocrx_word' id='word_1_67' title='bbox 1264 1057 1427 1113; x_wconf 89' lang='lat' dir='ltr'><strong>quam</strong></span> <span class='ocrx_word' id='word_1_68' title='bbox 1459 1051 1646 1098; x_wconf 87' lang='lat' dir='ltr'><strong>contra</strong></span> <span class='ocrx_word' id='word_1_69' title='bbox 1674 1057 1769 1097; x_wconf 90' lang='lat' dir='ltr'><strong>eos</strong></span> <span class='ocrx_word' id='word_1_70' title='bbox 1799 1056 1900 1113; x_wconf 92' lang='lat' dir='ltr'><strong>pro</strong></span> <span class='ocrx_word' id='word_1_71' title='bbox 1932 1040 2105 1097; x_wconf 65' lang='lat' dir='ltr'><strong>Cinci-</strong></span> 
     </span>
    </p>
   </div>
   <div class='ocr_carea' id='block_1_10' title="bbox 509 1132 2106 1207">
    <p class='ocr_par' dir='ltr' id='par_1_10' title="bbox 509 1132 2106 1207">
     <span class='ocr_line' id='line_1_10' title="bbox 509 1132 2106 1207; baseline -0.003 -15"><span class='ocrx_word' id='word_1_72' title='bbox 509 1137 657 1193; x_wconf 88' lang='lat' dir='ltr'><strong>liano</strong></span> <span class='ocrx_word' id='word_1_73' title='bbox 682 1136 979 1207; x_wconf 79' lang='lat' dir='ltr'><strong>iudicatum</strong></span> <span class='ocrx_word' id='word_1_74' title='bbox 1013 1144 1118 1200; x_wconf 90' lang='lat' dir='ltr'><strong>est,</strong></span> <span class='ocrx_word' id='word_1_75' title='bbox 1137 1135 1333 1193; x_wconf 83' lang='lat' dir='ltr'><strong>saltem</strong></span> <span class='ocrx_word' id='word_1_76' title='bbox 1359 1134 1489 1193; x_wconf 86' lang='lat' dir='ltr'><strong>victi</strong></span> <span class='ocrx_word' id='word_1_77' title='bbox 1516 1144 1571 1191; x_wconf 88' lang='lat' dir='ltr'><strong>et</strong></span> <span class='ocrx_word' id='word_1_78' title='bbox 1597 1134 1718 1191; x_wconf 80' lang='lat' dir='ltr'><strong>irati</strong></span> <span class='ocrx_word' id='word_1_79' title='bbox 1744 1132 2106 1204; x_wconf 75' lang='lat' dir='ltr'><strong>obiiciendum</strong></span> 
     </span>
    </p>
   </div>
   <div class='ocr_carea' id='block_1_11' title="bbox 508 1227 2108 1304">
    <p class='ocr_par' dir='ltr' id='par_1_11' title="bbox 508 1227 2108 1304">
     <span class='ocr_line' id='line_1_11' title="bbox 508 1227 2108 1304; baseline -0.004 -18"><span class='ocrx_word' id='word_1_80' title='bbox 508 1232 783 1304; x_wconf 85' lang='lat' dir='ltr'><strong>putarint;</strong></span> <span class='ocrx_word' id='word_1_81' title='bbox 818 1227 948 1300; x_wconf 91' lang='lat' dir='ltr'><strong>quid</strong></span> <span class='ocrx_word' id='word_1_82' title='bbox 969 1242 1113 1283; x_wconf 88' lang='lat' dir='ltr'><strong>nunc</strong></span> <span class='ocrx_word' id='word_1_83' title='bbox 1142 1231 1327 1282; x_wconf 87' lang='lat' dir='ltr'><strong>inanes</strong></span> <span class='ocrx_word' id='word_1_84' title='bbox 1357 1236 1461 1280; x_wconf 81' lang='lat' dir='ltr'><strong>tam</strong></span> <span class='ocrx_word' id='word_1_85' title='bbox 1500 1243 1613 1281; x_wconf 88' lang='lat' dir='ltr'><strong>sero</strong></span> <span class='ocrx_word' id='word_1_86' title='bbox 1647 1234 1979 1282; x_wconf 90' lang='lat' dir='ltr'><strong>connectunt</strong></span> <span class='ocrx_word' id='word_1_87' title='bbox 2019 1240 2108 1280; x_wconf 88' lang='lat' dir='ltr'><strong>ca-</strong></span> 
     </span>
    </p>
   </div>
   <div class='ocr_carea' id='block_1_12' title="bbox 504 1319 2105 1392">
    <p class='ocr_par' dir='ltr' id='par_1_12' title="bbox 504 1319 2105 1392">
     <span class='ocr_line' id='line_1_12' title="bbox 504 1319 2105 1392; baseline -0.004 -12"><span class='ocrx_word' id='word_1_88' title='bbox 504 1325 772 1381; x_wconf 90' lang='lat' dir='ltr'><strong>lumnias:</strong></span> <span class='ocrx_word' id='word_1_89' title='bbox 812 1344 831 1377; x_wconf 73' lang='grc'><strong>»</strong></span> <span class='ocrx_word' id='word_1_90' title='bbox 865 1323 996 1392; x_wconf 85' lang='lat' dir='ltr'><strong>Quis</strong></span> <span class='ocrx_word' id='word_1_91' title='bbox 1021 1322 1183 1379; x_wconf 91' lang='lat' dir='ltr'><strong>etiam</strong></span> <span class='ocrx_word' id='word_1_92' title='bbox 1209 1321 1310 1379; x_wconf 87' lang='lat' dir='ltr'><strong>sibi</strong></span> <span class='ocrx_word' id='word_1_93' title='bbox 1341 1319 1666 1392; x_wconf 83' lang='lat' dir='ltr'><strong>persuadeat</strong></span> <span class='ocrx_word' id='word_1_94' title='bbox 1692 1329 1800 1375; x_wconf 92' lang='lat' dir='ltr'><strong>tam</strong></span> <span class='ocrx_word' id='word_1_95' title='bbox 1834 1319 2105 1390; x_wconf 89' lang='lat' dir='ltr'><strong>publicum</strong></span> 
     </span>
    </p>
   </div>
   <div class='ocr_carea' id='block_1_13' title="bbox 503 1415 2108 1489">
    <p class='ocr_par' dir='ltr' id='par_1_13' title="bbox 503 1415 2108 1489">
     <span class='ocr_line' id='line_1_13' title="bbox 503 1415 2108 1489; baseline -0.004 -11"><span class='ocrx_word' id='word_1_96' title='bbox 503 1422 710 1478; x_wconf 89' lang='lat' dir='ltr'><strong>crimen</strong></span> <span class='ocrx_word' id='word_1_97' title='bbox 770 1419 836 1476; x_wconf 90' lang='lat' dir='ltr'><strong>ad</strong></span> <span class='ocrx_word' id='word_1_98' title='bbox 878 1417 1129 1476; x_wconf 80' lang='lat' dir='ltr'><strong>Petltisni</strong></span> <span class='ocrx_word' id='word_1_99' title='bbox 1176 1430 1349 1489; x_wconf 81' lang='lat' dir='ltr'><strong>usque</strong></span> <span class='ocrx_word' id='word_1_100' title='bbox 1390 1426 1641 1487; x_wconf 81' lang='lat' dir='ltr'><strong>tempora</strong></span> <span class='ocrx_word' id='word_1_101' title='bbox 1660 1415 1915 1487; x_wconf 67' lang='lat' dir='ltr'><strong>ignotum</strong></span> <span class='ocrx_word' id='word_1_102' title='bbox 1944 1422 2108 1487; x_wconf 84' lang='lat' dir='ltr'><strong>atque</strong></span> 
     </span>
    </p>
   </div>
   <div class='ocr_carea' id='block_1_14' title="bbox 500 1507 2105 1585">
    <p class='ocr_par' dir='ltr' id='par_1_14' title="bbox 500 1507 2105 1585">
     <span class='ocr_line' id='line_1_14' title="bbox 500 1507 2105 1585; baseline -0.003 -17"><span class='ocrx_word' id='word_1_103' title='bbox 500 1513 770 1585; x_wconf 90' lang='lat' dir='ltr'><strong>sepultum</strong></span> <span class='ocrx_word' id='word_1_104' title='bbox 798 1510 1184 1582; x_wconf 82' lang='lat' dir='ltr'><strong>permansisse,</strong></span> <span class='ocrx_word' id='word_1_105' title='bbox 1216 1516 1307 1564; x_wconf 86' lang='lat' dir='ltr'><strong>a&#39;ut</strong></span> <span class='ocrx_word' id='word_1_106' title='bbox 1336 1509 1377 1563; x_wconf 91' lang='lat' dir='ltr'><strong>si</strong></span> <span class='ocrx_word' id='word_1_107' title='bbox 1408 1510 1513 1563; x_wconf 82' lang='lat' dir='ltr'><strong>non</strong></span> <span class='ocrx_word' id='word_1_108' title='bbox 1538 1507 1777 1571; x_wconf 84' lang='lat' dir='ltr'><strong>latuerit,</strong></span> <span class='ocrx_word' id='word_1_109' title='bbox 1812 1508 1922 1563; x_wconf 86' lang='lat' dir='ltr'><strong>tres</strong></span> <span class='ocrx_word' id='word_1_110' title='bbox 1946 1522 2105 1577; x_wconf 89' lang='lat' dir='ltr'><strong>pres-</strong></span> 
     </span>
    </p>
   </div>
   <div class='ocr_carea' id='block_1_15' title="bbox 502 1598 2106 1677">
    <p class='ocr_par' dir='ltr' id='par_1_15' title="bbox 502 1598 2106 1677">
     <span class='ocr_line' id='line_1_15' title="bbox 502 1598 2106 1677; baseline -0.005 -16"><span class='ocrx_word' id='word_1_111' title='bbox 502 1606 725 1677; x_wconf 86' lang='lat' dir='ltr'><strong>byteros</strong></span> <span class='ocrx_word' id='word_1_112' title='bbox 744 1604 876 1660; x_wconf 89' lang='lat' dir='ltr'><strong>tanti</strong></span> <span class='ocrx_word' id='word_1_113' title='bbox 897 1603 1143 1660; x_wconf 89' lang='lat' dir='ltr'><strong>criminis</strong></span> <span class='ocrx_word' id='word_1_114' title='bbox 1166 1616 1290 1657; x_wconf 92' lang='lat' dir='ltr'><strong>reos</strong></span> <span class='ocrx_word' id='word_1_115' title='bbox 1310 1600 1364 1656; x_wconf 90' lang='lat' dir='ltr'><strong>in</strong></span> <span class='ocrx_word' id='word_1_116' title='bbox 1386 1601 1611 1676; x_wconf 85' lang='lat' dir='ltr'><strong>primam</strong></span> <span class='ocrx_word' id='word_1_117' title='bbox 1628 1599 1882 1655; x_wconf 76' lang='lat' dir='ltr'><strong>Ecclesize</strong></span> <span class='ocrx_word' id='word_1_118' title='bbox 1899 1598 2106 1665; x_wconf 89' lang='lat' dir='ltr'><strong>sedem,</strong></span> 
     </span>
    </p>
   </div>
   <div class='ocr_carea' id='block_1_16' title="bbox 505 1691 2110 1764">
    <p class='ocr_par' dir='ltr' id='par_1_16' title="bbox 505 1691 2110 1764">
     <span class='ocr_line' id='line_1_16' title="bbox 505 1691 2110 1764; baseline -0.004 -10"><span class='ocrx_word' id='word_1_119' title='bbox 505 1699 656 1754; x_wconf 91' lang='lat' dir='ltr'><strong>nullo</strong></span> <span class='ocrx_word' id='word_1_120' title='bbox 684 1698 1035 1764; x_wconf 86' lang='lat' dir='ltr'><strong>reclamante,</strong></span> <span class='ocrx_word' id='word_1_121' title='bbox 1057 1695 1278 1760; x_wconf 84' lang='lat' dir='ltr'><strong>assumi,</strong></span> <span class='ocrx_word' id='word_1_122' title='bbox 1305 1702 1362 1750; x_wconf 78' lang='lat' dir='ltr'><strong>et</strong></span> <span class='ocrx_word' id='word_1_123' title='bbox 1381 1692 1820 1749; x_wconf 77' lang='lat' dir='ltr'><strong>elirlstianissimi</strong></span> <span class='ocrx_word' id='word_1_124' title='bbox 1851 1691 2110 1764; x_wconf 76' lang='lat' dir='ltr'><strong>principis</strong></span> 
     </span>
    </p>
   </div>
   <div class='ocr_carea' id='block_1_17' title="bbox 2209 487 3807 565">
    <p class='ocr_par' dir='ltr' id='par_1_17' title="bbox 2209 487 3807 565">
     <span class='ocr_line' id='line_1_17' title="bbox 2209 487 3807 565; baseline 0.001 -21"><span class='ocrx_word' id='word_1_125' title='bbox 2209 490 2385 565; x_wconf 78' lang='lat' dir='ltr'><strong>pictus</strong></span> <span class='ocrx_word' id='word_1_126' title='bbox 2410 488 2751 545; x_wconf 90' lang='lat' dir='ltr'><strong>multitudine</strong></span> <span class='ocrx_word' id='word_1_127' title='bbox 2780 487 2997 547; x_wconf 82' lang='lat' dir='ltr'><strong>malitiae</strong></span> <span class='ocrx_word' id='word_1_128' title='bbox 3047 488 3215 559; x_wconf 72' lang='lat' dir='ltr'><strong>empti</strong></span> <span class='ocrx_word' id='word_1_129' title='bbox 3242 501 3363 549; x_wconf 87' lang='lat' dir='ltr'><strong>cum</strong></span> <span class='ocrx_word' id='word_1_130' title='bbox 3394 505 3459 547; x_wconf 76' lang='lat' dir='ltr'><strong>eo</strong></span> <span class='ocrx_word' id='word_1_131' title='bbox 3486 489 3691 547; x_wconf 77' lang='lat' dir='ltr'><strong>habere</strong></span> <span class='ocrx_word' id='word_1_132' title='bbox 3725 492 3807 546; x_wconf 91' lang='lat' dir='ltr'><strong>al-</strong></span> 
     </span>
    </p>
   </div>
   <div class='ocr_carea' id='block_1_18' title="bbox 2207 576 3807 648">
    <p class='ocr_par' dir='ltr' id='par_1_18' title="bbox 2207 576 3807 648">
     <span class='ocr_line' id='line_1_18' title="bbox 2207 576 3807 648; baseline 0 -10"><span class='ocrx_word' id='word_1_133' title='bbox 2207 579 2557 638; x_wconf 79' lang='lat' dir='ltr'><strong>tercationem</strong></span> <span class='ocrx_word' id='word_1_134' title='bbox 2580 576 2649 636; x_wconf 83' lang='lat' dir='ltr'><strong>de</strong></span> <span class='ocrx_word' id='word_1_135' title='bbox 2692 580 3052 636; x_wconf 82' lang='lat' dir='ltr'><strong>tbiirificando</strong></span> <span class='ocrx_word' id='word_1_136' title='bbox 3072 580 3177 637; x_wconf 73' lang='lat' dir='ltr'><strong>iiiis</strong></span> <span class='ocrx_word' id='word_1_137' title='bbox 3201 598 3217 648; x_wconf 72' lang='grc' dir='ltr'><strong>ι</strong></span> <span class='ocrx_word' id='word_1_138' title='bbox 3243 592 3299 638; x_wconf 92' lang='lat' dir='ltr'><strong>et</strong></span> <span class='ocrx_word' id='word_1_139' title='bbox 3339 581 3528 638; x_wconf 72' lang='lat' dir='ltr'><strong>dicens</strong></span> <span class='ocrx_word' id='word_1_140' title='bbox 3567 581 3637 638; x_wconf 79' lang='lat' dir='ltr'><strong>ad</strong></span> <span class='ocrx_word' id='word_1_141' title='bbox 3667 583 3807 638; x_wconf 85' lang='lat' dir='ltr'><strong>Mar-</strong></span> 
     </span>
    </p>
   </div>
   <div class='ocr_carea' id='block_1_19' title="bbox 2209 672 3800 744">
    <p class='ocr_par' dir='ltr' id='par_1_19' title="bbox 2209 672 3800 744">
     <span class='ocr_line' id='line_1_19' title="bbox 2209 672 3800 744; baseline -0.001 -14"><span class='ocrx_word' id='word_1_142' title='bbox 2209 676 2463 730; x_wconf 89' lang='lat' dir='ltr'><strong>cellinum</strong></span> <span class='ocrx_word' id='word_1_143' title='bbox 2497 675 2645 729; x_wconf 91' lang='lat' dir='ltr'><strong>urbis</strong></span> <span class='ocrx_word' id='word_1_144' title='bbox 2674 674 2861 729; x_wconf 54' lang='lat' dir='ltr'><strong>Romae</strong></span> <span class='ocrx_word' id='word_1_145' title='bbox 2894 674 3209 744; x_wconf 87' lang='lat' dir='ltr'><strong>episcopum</strong></span> <span class='ocrx_word' id='word_1_146' title='bbox 3245 693 3257 726; x_wconf 94' lang='lat'><strong>:</strong></span> <span class='ocrx_word' id='word_1_147' title='bbox 3294 693 3314 727; x_wconf 72' lang='grc' dir='ltr'><strong>ι</strong></span> <span class='ocrx_word' id='word_1_148' title='bbox 3352 674 3409 730; x_wconf 89' lang='lat' dir='ltr'><strong>Si</strong></span> <span class='ocrx_word' id='word_1_149' title='bbox 3434 672 3681 730; x_wconf 87' lang='lat' dir='ltr'><strong>Christus</strong></span> <span class='ocrx_word' id='word_1_150' title='bbox 3710 689 3800 729; x_wconf 80' lang='lat' dir='ltr'><strong>ve-</strong></span> 
     </span>
    </p>
   </div>
   <div class='ocr_carea' id='block_1_20' title="bbox 2210 764 3806 839">
    <p class='ocr_par' dir='ltr' id='par_1_20' title="bbox 2210 764 3806 839">
     <span class='ocr_line' id='line_1_20' title="bbox 2210 764 3806 839; baseline -0.002 -16"><span class='ocrx_word' id='word_1_151' title='bbox 2210 775 2343 833; x_wconf 90' lang='lat' dir='ltr'><strong>ster,</strong></span> <span class='ocrx_word' id='word_1_152' title='bbox 2370 780 2531 839; x_wconf 87' lang='lat' dir='ltr'><strong>quem</strong></span> <span class='ocrx_word' id='word_1_153' title='bbox 2555 765 2737 821; x_wconf 90' lang='lat' dir='ltr'><strong>dicitis</strong></span> <span class='ocrx_word' id='word_1_154' title='bbox 2762 776 2943 819; x_wconf 89' lang='lat' dir='ltr'><strong>natum</strong></span> <span class='ocrx_word' id='word_1_155' title='bbox 2973 764 3041 821; x_wconf 90' lang='lat' dir='ltr'><strong>de</strong></span> <span class='ocrx_word' id='word_1_156' title='bbox 3064 765 3269 837; x_wconf 82' lang='lat' dir='ltr'><strong>virgine</strong></span> <span class='ocrx_word' id='word_1_157' title='bbox 3294 764 3483 833; x_wconf 85' lang='lat' dir='ltr'><strong>Maria,</strong></span> <span class='ocrx_word' id='word_1_158' title='bbox 3506 764 3633 836; x_wconf 90' lang='lat' dir='ltr'><strong>quid</strong></span> <span class='ocrx_word' id='word_1_159' title='bbox 3663 764 3806 836; x_wconf 88' lang='lat' dir='ltr'><strong>apud</strong></span> 
     </span>
    </p>
   </div>
   <div class='ocr_carea' id='block_1_21' title="bbox 2211 855 3810 933">
    <p class='ocr_par' dir='ltr' id='par_1_21' title="bbox 2211 855 3810 933">
     <span class='ocr_line' id='line_1_21' title="bbox 2211 855 3810 933; baseline 0 -19"><span class='ocrx_word' id='word_1_160' title='bbox 2211 857 2564 931; x_wconf 82' lang='lat' dir='ltr'><strong>semetipsum</strong></span> <span class='ocrx_word' id='word_1_161' title='bbox 2616 858 2787 933; x_wconf 75' lang='lat' dir='ltr'><strong>prima</strong></span> <span class='ocrx_word' id='word_1_162' title='bbox 2843 857 2964 917; x_wconf 85' lang='lat' dir='ltr'><strong>luce</strong></span> <span class='ocrx_word' id='word_1_163' title='bbox 3009 858 3158 913; x_wconf 85' lang='lat' dir='ltr'><strong>missi</strong></span> <span class='ocrx_word' id='word_1_164' title='bbox 3208 857 3349 929; x_wconf 75' lang='lat' dir='ltr'><strong>Magi</strong></span> <span class='ocrx_word' id='word_1_165' title='bbox 3377 858 3445 919; x_wconf 87' lang='lat' dir='ltr'><strong>ab</strong></span> <span class='ocrx_word' id='word_1_166' title='bbox 3475 855 3688 917; x_wconf 77' lang='lat' dir='ltr'><strong>Herode</strong></span> <span class='ocrx_word' id='word_1_167' title='bbox 3712 857 3810 914; x_wconf 90' lang='lat' dir='ltr'><strong>ob-</strong></span> 
     </span>
    </p>
   </div>
   <div class='ocr_carea' id='block_1_22' title="bbox 2212 951 3807 1023">
    <p class='ocr_par' dir='ltr' id='par_1_22' title="bbox 2212 951 3807 1023">
     <span class='ocr_line' id='line_1_22' title="bbox 2212 951 3807 1023; baseline -0.001 -16"><span class='ocrx_word' id='word_1_168' title='bbox 2212 952 2446 1008; x_wconf 89' lang='lat' dir='ltr'><strong>tulerunt</strong></span> <span class='ocrx_word' id='word_1_169' title='bbox 2475 952 2523 1008; x_wconf 90' lang='lat' dir='ltr'><strong>ei</strong></span> <span class='ocrx_word' id='word_1_170' title='bbox 2551 954 2776 1007; x_wconf 89' lang='lat' dir='ltr'><strong>munera</strong></span> <span class='ocrx_word' id='word_1_171' title='bbox 2800 951 2824 1007; x_wconf 72' lang='grc' dir='ltr'><em>ἲ</em></span> <span class='ocrx_word' id='word_1_172' title='bbox 2845 952 3006 1023; x_wconf 71' lang='grc' dir='ltr'><strong>(ιυωῖ</strong></span> <span class='ocrx_word' id='word_1_173' title='bbox 3035 960 3245 1018; x_wconf 87' lang='lat' dir='ltr'><strong>aurum,</strong></span> <span class='ocrx_word' id='word_1_174' title='bbox 3276 952 3400 1007; x_wconf 89' lang='lat' dir='ltr'><strong>thus</strong></span> <span class='ocrx_word' id='word_1_175' title='bbox 3427 956 3484 1009; x_wconf 90' lang='lat' dir='ltr'><strong>et</strong></span> <span class='ocrx_word' id='word_1_176' title='bbox 3509 951 3807 1023; x_wconf 85' lang='lat' dir='ltr'><strong>myrrham,</strong></span> 
     </span>
    </p>
   </div>
   <div class='ocr_carea' id='block_1_23' title="bbox 2214 1044 3809 1116">
    <p class='ocr_par' dir='ltr' id='par_1_23' title="bbox 2214 1044 3809 1116">
     <span class='ocr_line' id='line_1_23' title="bbox 2214 1044 3809 1116; baseline -0.003 -14"><span class='ocrx_word' id='word_1_177' title='bbox 2214 1047 2264 1102; x_wconf 91' lang='lat' dir='ltr'><strong>id</strong></span> <span class='ocrx_word' id='word_1_178' title='bbox 2295 1058 2351 1101; x_wconf 81' lang='grc' dir='ltr'><strong>ιιι</strong></span> <span class='ocrx_word' id='word_1_179' title='bbox 2400 1048 2603 1102; x_wconf 86' lang='lat' dir='ltr'><strong>scirent</strong></span> <span class='ocrx_word' id='word_1_180' title='bbox 2645 1045 2974 1113; x_wconf 82' lang='lat' dir='ltr'><strong>sacerdotes,</strong></span> <span class='ocrx_word' id='word_1_181' title='bbox 3021 1060 3118 1116; x_wconf 89' lang='lat' dir='ltr'><strong>per</strong></span> <span class='ocrx_word' id='word_1_182' title='bbox 3168 1044 3297 1116; x_wconf 88' lang='lat' dir='ltr'><strong>quid</strong></span> <span class='ocrx_word' id='word_1_183' title='bbox 3337 1045 3616 1116; x_wconf 87' lang='lat' dir='ltr'><strong>placarent</strong></span> <span class='ocrx_word' id='word_1_184' title='bbox 3645 1044 3809 1110; x_wconf 89' lang='lat' dir='ltr'><strong>hunc,</strong></span> 
     </span>
    </p>
   </div>
   <div class='ocr_carea' id='block_1_24' title="bbox 2209 1138 3812 1212">
    <p class='ocr_par' dir='ltr' id='par_1_24' title="bbox 2209 1138 3812 1212">
     <span class='ocr_line' id='line_1_24' title="bbox 2209 1138 3812 1212; baseline -0.001 -17"><span class='ocrx_word' id='word_1_185' title='bbox 2209 1155 2370 1212; x_wconf 85' lang='lat' dir='ltr'><strong>quem</strong></span> <span class='ocrx_word' id='word_1_186' title='bbox 2395 1140 2574 1201; x_wconf 85' lang='lat' dir='ltr'><strong>dicitis</strong></span> <span class='ocrx_word' id='word_1_187' title='bbox 2602 1139 2968 1199; x_wconf 77' lang='lat' dir='ltr'><strong>resurrexlsso</strong></span> <span class='ocrx_word' id='word_1_188' title='bbox 2994 1146 3050 1199; x_wconf 78' lang='lat' dir='ltr'><strong>et</strong></span> <span class='ocrx_word' id='word_1_189' title='bbox 3072 1138 3268 1196; x_wconf 84' lang='lat' dir='ltr'><strong>sedere</strong></span> <span class='ocrx_word' id='word_1_190' title='bbox 3329 1154 3513 1211; x_wconf 89' lang='lat' dir='ltr'><strong>super.</strong></span> <span class='ocrx_word' id='word_1_191' title='bbox 3553 1157 3574 1191; x_wconf 72' lang='grc' dir='ltr'><strong>ι</strong></span> <span class='ocrx_word' id='word_1_192' title='bbox 3606 1139 3741 1195; x_wconf 88' lang='lat' dir='ltr'><strong>Dicit</strong></span> <span class='ocrx_word' id='word_1_193' title='bbox 3762 1139 3812 1194; x_wconf 89' lang='lat' dir='ltr'><strong>ei</strong></span> 
     </span>
    </p>
   </div>
   <div class='ocr_carea' id='block_1_25' title="bbox 2212 1218 3813 1303">
    <p class='ocr_par' dir='ltr' id='par_1_25' title="bbox 2212 1218 3813 1303">
     <span class='ocr_line' id='line_1_25' title="bbox 2212 1218 3813 1303; baseline -0.002 -15"><span class='ocrx_word' id='word_1_194' title='bbox 2212 1233 2557 1289; x_wconf 84' lang='lat' dir='ltr'><strong>Marcellinus</strong></span> <span class='ocrx_word' id='word_1_195' title='bbox 2611 1232 2940 1303; x_wconf 86' lang='lat' dir='ltr'><strong>episc0pus:</strong></span> <span class='ocrx_word' id='word_1_196' title='bbox 2976 1251 2995 1285; x_wconf 79' lang='lat' dir='ltr'><strong>t</strong></span> <span class='ocrx_word' id='word_1_197' title='bbox 3029 1230 3148 1287; x_wconf 89' lang='lat' dir='ltr'><strong>Non</strong></span> <span class='ocrx_word' id='word_1_198' title='bbox 3194 1218 3512 1288; x_wconf 86' lang='lat' dir='ltr'><strong>obtulerunt</strong></span> <span class='ocrx_word' id='word_1_199' title='bbox 3538 1232 3614 1297; x_wconf 91' lang='lat' dir='ltr'><strong>ei,</strong></span> <span class='ocrx_word' id='word_1_200' title='bbox 3643 1239 3702 1286; x_wconf 93' lang='lat' dir='ltr'><strong>ut</strong></span> <span class='ocrx_word' id='word_1_201' title='bbox 3724 1245 3813 1286; x_wconf 88' lang='lat' dir='ltr'><strong>sa-</strong></span> 
     </span>
    </p>
   </div>
   <div class='ocr_carea' id='block_1_26' title="bbox 2212 1322 3813 1395">
    <p class='ocr_par' dir='ltr' id='par_1_26' title="bbox 2212 1322 3813 1395">
     <span class='ocr_line' id='line_1_26' title="bbox 2212 1322 3813 1395; baseline 0.001 -17"><span class='ocrx_word' id='word_1_202' title='bbox 2212 1322 2520 1379; x_wconf 83' lang='lat' dir='ltr'><strong>crificarent</strong></span> <span class='ocrx_word' id='word_1_203' title='bbox 2548 1325 2769 1380; x_wconf 84' lang='lat' dir='ltr'><strong>vanitati</strong></span> <span class='ocrx_word' id='word_1_204' title='bbox 2800 1343 2813 1393; x_wconf 94' lang='lat'>;</span> <span class='ocrx_word' id='word_1_205' title='bbox 2841 1324 2938 1381; x_wconf 91' lang='lat' dir='ltr'><strong>sed</strong></span> <span class='ocrx_word' id='word_1_206' title='bbox 2971 1324 3114 1395; x_wconf 90' lang='lat' dir='ltr'><strong>ideo,</strong></span> <span class='ocrx_word' id='word_1_207' title='bbox 3142 1335 3200 1380; x_wconf 91' lang='lat' dir='ltr'><strong>ut</strong></span> <span class='ocrx_word' id='word_1_208' title='bbox 3239 1324 3408 1380; x_wconf 88' lang='lat' dir='ltr'><strong>Deum</strong></span> <span class='ocrx_word' id='word_1_209' title='bbox 3437 1339 3500 1380; x_wconf 90' lang='lat' dir='ltr'><strong>ac</strong></span> <span class='ocrx_word' id='word_1_210' title='bbox 3524 1323 3813 1380; x_wconf 90' lang='lat' dir='ltr'><strong>Dominum</strong></span> 
     </span>
    </p>
   </div>
   <div class='ocr_carea' id='block_1_27' title="bbox 2211 1416 3813 1493">
    <p class='ocr_par' dir='ltr' id='par_1_27' title="bbox 2211 1416 3813 1493">
     <span class='ocr_line' id='line_1_27' title="bbox 2211 1416 3813 1493; baseline -0.001 -18"><span class='ocrx_word' id='word_1_211' title='bbox 2211 1417 2530 1477; x_wconf 83' lang='lat' dir='ltr'><strong>altissimum</strong></span> <span class='ocrx_word' id='word_1_212' title='bbox 2560 1432 2707 1487; x_wconf 88' lang='lat' dir='ltr'><strong>eum,</strong></span> <span class='ocrx_word' id='word_1_213' title='bbox 2740 1432 2901 1492; x_wconf 85' lang='lat' dir='ltr'><strong>quem</strong></span> <span class='ocrx_word' id='word_1_214' title='bbox 2928 1418 3215 1493; x_wconf 74' lang='lat' dir='ltr'><strong>negabant,</strong></span> <span class='ocrx_word' id='word_1_215' title='bbox 3246 1418 3619 1479; x_wconf 74' lang='lat' dir='ltr'><strong>ostenderent.</strong></span> <span class='ocrx_word' id='word_1_216' title='bbox 3656 1436 3677 1471; x_wconf 74' lang='grc' dir='ltr'><strong>ι</strong></span> <span class='ocrx_word' id='word_1_217' title='bbox 3712 1416 3813 1473; x_wconf 91' lang='lat' dir='ltr'><strong>Ur-</strong></span> 
     </span>
    </p>
   </div>
   <div class='ocr_carea' id='block_1_28' title="bbox 2214 1502 3816 1582">
    <p class='ocr_par' dir='ltr' id='par_1_28' title="bbox 2214 1502 3816 1582">
     <span class='ocr_line' id='line_1_28' title="bbox 2214 1502 3816 1582; baseline -0.001 -16"><span class='ocrx_word' id='word_1_218' title='bbox 2214 1510 2387 1567; x_wconf 90' lang='lat' dir='ltr'><strong>banus</strong></span> <span class='ocrx_word' id='word_1_219' title='bbox 2416 1502 2483 1567; x_wconf 89' lang='lat' dir='ltr'><strong>ad</strong></span> <span class='ocrx_word' id='word_1_220' title='bbox 2509 1510 2699 1568; x_wconf 87' lang='lat' dir='ltr'><strong>eadem</strong></span> <span class='ocrx_word' id='word_1_221' title='bbox 2743 1506 3048 1582; x_wconf 86' lang='lat' dir='ltr'><strong>respondit,</strong></span> <span class='ocrx_word' id='word_1_222' title='bbox 3081 1508 3269 1568; x_wconf 90' lang='lat' dir='ltr'><strong>dicens</strong></span> <span class='ocrx_word' id='word_1_223' title='bbox 3297 1529 3310 1565; x_wconf 88' lang='lat'><strong>:</strong></span> <span class='ocrx_word' id='word_1_224' title='bbox 3347 1530 3367 1564; x_wconf 79' lang='grc'><strong>(</strong></span> <span class='ocrx_word' id='word_1_225' title='bbox 3399 1507 3518 1568; x_wconf 87' lang='lat' dir='ltr'><strong>Una</strong></span> <span class='ocrx_word' id='word_1_226' title='bbox 3563 1519 3722 1567; x_wconf 89' lang='lat' dir='ltr'><strong>nocte</strong></span> <span class='ocrx_word' id='word_1_227' title='bbox 3744 1510 3816 1564; x_wconf 89' lang='lat' dir='ltr'><strong>si-</strong></span> 
     </span>
    </p>
   </div>
   <div class='ocr_carea' id='block_1_29' title="bbox 2214 1603 3814 1677">
    <p class='ocr_par' dir='ltr' id='par_1_29' title="bbox 2214 1603 3814 1677">
     <span class='ocr_line' id='line_1_29' title="bbox 2214 1603 3814 1677; baseline -0.001 -18"><span class='ocrx_word' id='word_1_228' title='bbox 2214 1603 2327 1659; x_wconf 88' lang='lat' dir='ltr'><strong>mul</strong></span> <span class='ocrx_word' id='word_1_229' title='bbox 2349 1603 2627 1660; x_wconf 90' lang='lat' dir='ltr'><strong>adstemus</strong></span> <span class='ocrx_word' id='word_1_230' title='bbox 2647 1615 2774 1661; x_wconf 88' lang='lat' dir='ltr'><strong>ante</strong></span> <span class='ocrx_word' id='word_1_231' title='bbox 2790 1604 3020 1660; x_wconf 87' lang='lat' dir='ltr'><strong>domuos</strong></span> <span class='ocrx_word' id='word_1_232' title='bbox 3048 1604 3405 1677; x_wconf 80' lang='lat' dir='ltr'><strong>imperatores</strong></span> <span class='ocrx_word' id='word_1_233' title='bbox 3426 1604 3814 1660; x_wconf 90' lang='lat' dir='ltr'><strong>invictissimos</strong></span> 
     </span>
    </p>
   </div>
   <div class='ocr_carea' id='block_1_30' title="bbox 2216 1692 3817 1768">
    <p class='ocr_par' dir='ltr' id='par_1_30' title="bbox 2216 1692 3817 1768">
     <span class='ocr_line' id='line_1_30' title="bbox 2216 1692 3817 1768; baseline 0 -18"><span class='ocrx_word' id='word_1_234' title='bbox 2216 1692 2611 1753; x_wconf 74' lang='lat' dir='ltr'><strong>Diocletianum</strong></span> <span class='ocrx_word' id='word_1_235' title='bbox 2667 1694 3125 1753; x_wconf 72' lang='lat' dir='ltr'><strong>etMaxiinlanum</strong></span> <span class='ocrx_word' id='word_1_236' title='bbox 3173 1706 3335 1768; x_wconf 90' lang='lat' dir='ltr'><strong>atque</strong></span> <span class='ocrx_word' id='word_1_237' title='bbox 3364 1696 3817 1752; x_wconf 90' lang='lat' dir='ltr'><strong>clementissimos</strong></span> 
     </span>
    </p>
   </div>
   <div class='ocr_carea' id='block_1_31' title="bbox 502 1784 3808 1861">
    <p class='ocr_par' dir='ltr' id='par_1_31' title="bbox 502 1784 3808 1861">
     <span class='ocr_line' id='line_1_31' title="bbox 502 1784 3808 1861; baseline -0.003 -13"><span class='ocrx_word' id='word_1_238' title='bbox 502 1793 672 1849; x_wconf 83' lang='lat' dir='ltr'><strong>ﬁdem</strong></span> <span class='ocrx_word' id='word_1_239' title='bbox 717 1806 781 1846; x_wconf 91' lang='lat' dir='ltr'><strong>ac</strong></span> <span class='ocrx_word' id='word_1_240' title='bbox 831 1789 1265 1847; x_wconf 86' lang='lat' dir='ltr'><strong>benevolentiam</strong></span> <span class='ocrx_word' id='word_1_241' title='bbox 1318 1786 1609 1843; x_wconf 90' lang='lat' dir='ltr'><strong>conciliare</strong></span> <span class='ocrx_word' id='word_1_242' title='bbox 1657 1785 1758 1841; x_wconf 91' lang='lat' dir='ltr'><strong>sibi</strong></span> <span class='ocrx_word' id='word_1_243' title='bbox 1827 1784 2110 1854; x_wconf 84' lang='lat' dir='ltr'><strong>potuisse?</strong></span> <span class='ocrx_word' id='word_1_244' title='bbox 2138 1797 2188 1858; x_wconf 81' lang='grc' dir='ltr'>Β</span> <span class='ocrx_word' id='word_1_245' title='bbox 2217 1790 2506 1860; x_wconf 88' lang='lat' dir='ltr'><strong>principes,</strong></span> <span class='ocrx_word' id='word_1_246' title='bbox 2536 1800 2590 1846; x_wconf 92' lang='lat' dir='ltr'><strong>et</strong></span> <span class='ocrx_word' id='word_1_247' title='bbox 2607 1790 2748 1846; x_wconf 91' lang='lat' dir='ltr'><strong>dabo</strong></span> <span class='ocrx_word' id='word_1_248' title='bbox 2771 1791 2867 1847; x_wconf 91' lang='lat' dir='ltr'><strong>tibi</strong></span> <span class='ocrx_word' id='word_1_249' title='bbox 2889 1791 3244 1861; x_wconf 65' lang='lat' dir='ltr'><strong>quaestionem</strong></span> <span class='ocrx_word' id='word_1_250' title='bbox 3268 1789 3337 1845; x_wconf 93' lang='lat' dir='ltr'><strong>de</strong></span> <span class='ocrx_word' id='word_1_251' title='bbox 3366 1787 3751 1844; x_wconf 86' lang='lat' dir='ltr'><strong>thuriticando.</strong></span> <span class='ocrx_word' id='word_1_252' title='bbox 3789 1805 3808 1838; x_wconf 78' lang='grc' dir='ltr'><strong>ι</strong></span> 
     </span>
    </p>
   </div>
   <div class='ocr_carea' id='block_1_32' title="bbox 504 1879 2109 1956">
    <p class='ocr_par' dir='ltr' id='par_1_32' title="bbox 504 1879 2109 1956">
     <span class='ocr_line' id='line_1_32' title="bbox 504 1879 2109 1956; baseline -0.005 -14"><span class='ocrx_word' id='word_1_253' title='bbox 504 1883 637 1942; x_wconf 88' lang='lat' dir='ltr'><strong>Fide</strong></span> <span class='ocrx_word' id='word_1_254' title='bbox 660 1884 874 1956; x_wconf 82' lang='lat' dir='ltr'><strong>dignior</strong></span> <span class='ocrx_word' id='word_1_255' title='bbox 911 1891 995 1938; x_wconf 92' lang='lat' dir='ltr'><strong>est</strong></span> <span class='ocrx_word' id='word_1_256' title='bbox 1018 1881 1417 1949; x_wconf 83' lang='lat' dir='ltr'><strong>Tlteodoretus,</strong></span> <span class='ocrx_word' id='word_1_257' title='bbox 1445 1881 1556 1951; x_wconf 87' lang='lat' dir='ltr'><strong>qui,</strong></span> <span class='ocrx_word' id='word_1_258' title='bbox 1590 1880 1685 1935; x_wconf 86' lang='lat' dir='ltr'><strong>lib.</strong></span> <span class='ocrx_word' id='word_1_259' title='bbox 1717 1888 1732 1934; x_wconf 81' lang='grc' dir='ltr'><strong>ι</strong></span> <span class='ocrx_word' id='word_1_260' title='bbox 1764 1879 1902 1934; x_wconf 83' lang='lat' dir='ltr'><strong>Hist.</strong></span> <span class='ocrx_word' id='word_1_261' title='bbox 1934 1879 2109 1946; x_wconf 88' lang='lat' dir='ltr'><strong>Eccl.,</strong></span> 
     </span>
    </p>
   </div>
   <div class='ocr_carea' id='block_1_33' title="bbox 503 1973 2103 2044">
    <p class='ocr_par' dir='ltr' id='par_1_33' title="bbox 503 1973 2103 2044">
     <span class='ocr_line' id='line_1_33' title="bbox 503 1973 2103 2044; baseline -0.005 -9"><span class='ocrx_word' id='word_1_262' title='bbox 503 1996 552 2036; x_wconf 95' lang='lat' dir='ltr'><strong>c.</strong></span> <span class='ocrx_word' id='word_1_263' title='bbox 593 1982 646 2044; x_wconf 82' lang='lat'><strong>5,</strong></span> <span class='ocrx_word' id='word_1_264' title='bbox 708 1997 728 2031; x_wconf 72' lang='grc' dir='ltr'><strong>ι</strong></span> <span class='ocrx_word' id='word_1_265' title='bbox 766 1976 1137 2033; x_wconf 81' lang='lat' dir='ltr'><strong>Marcellinum</strong></span> <span class='ocrx_word' id='word_1_266' title='bbox 1190 1975 1243 2028; x_wconf 93' lang='lat' dir='ltr'><strong>in</strong></span> <span class='ocrx_word' id='word_1_267' title='bbox 1295 1974 1675 2044; x_wconf 89' lang='lat' dir='ltr'><strong>persecutione</strong></span> <span class='ocrx_word' id='word_1_268' title='bbox 1727 1973 2051 2029; x_wconf 88' lang='lat' dir='ltr'><strong>inclaruisse</strong></span> <span class='ocrx_word' id='word_1_269' title='bbox 2084 1993 2103 2027; x_wconf 70' lang='grc' dir='ltr'><strong>ι</strong></span> 
     </span>
    </p>
   </div>
   <div class='ocr_carea' id='block_1_34' title="bbox 505 2066 2103 2154">
    <p class='ocr_par' dir='ltr' id='par_1_34' title="bbox 505 2066 2103 2154">
     <span class='ocr_line' id='line_1_34' title="bbox 505 2066 2103 2154; baseline -0.002 -27"><span class='ocrx_word' id='word_1_270' title='bbox 505 2081 766 2129; x_wconf 82' lang='lat' dir='ltr'><strong>testatur;</strong></span> <span class='ocrx_word' id='word_1_271' title='bbox 790 2090 807 2123; x_wconf 84' lang='lat' dir='ltr'><strong>t</strong></span> <span class='ocrx_word' id='word_1_272' title='bbox 829 2070 1161 2154; x_wconf 61' lang='grc' dir='ltr'><strong>Μαρκελλῖνον</strong></span> <span class='ocrx_word' id='word_1_273' title='bbox 1176 2071 1260 2125; x_wconf 72' lang='grc' dir='ltr'><strong>τὸν</strong></span> <span class='ocrx_word' id='word_1_274' title='bbox 1284 2069 1331 2124; x_wconf 74' lang='grc' dir='ltr'><strong>ἐν</strong></span> <span class='ocrx_word' id='word_1_275' title='bbox 1351 2075 1424 2142; x_wconf 80' lang='grc' dir='ltr'><strong>τῷ</strong></span> <span class='ocrx_word' id='word_1_276' title='bbox 1435 2066 1644 2149; x_wconf 68' lang='grc' dir='ltr'><strong>διωγμῷ</strong></span> <span class='ocrx_word' id='word_1_277' title='bbox 1665 2066 2020 2147; x_wconf 67' lang='grc' dir='ltr'><strong>διαπρέψαντα</strong></span> <span class='ocrx_word' id='word_1_278' title='bbox 2040 2085 2055 2138; x_wconf 88' lang='grc'>;</span> <span class='ocrx_word' id='word_1_279' title='bbox 2085 2088 2103 2124; x_wconf 78' lang='grc' dir='ltr'><strong>ι</strong></span> 
     </span>
    </p>
   </div>
   <div class='ocr_carea' id='block_1_35' title="bbox 503 2162 2108 2236">
    <p class='ocr_par' dir='ltr' id='par_1_35' title="bbox 503 2162 2108 2236">
     <span class='ocr_line' id='line_1_35' title="bbox 503 2162 2108 2236; baseline -0.001 -16"><span class='ocrx_word' id='word_1_280' title='bbox 503 2163 647 2236; x_wconf 89' lang='lat' dir='ltr'><strong>quod</strong></span> <span class='ocrx_word' id='word_1_281' title='bbox 681 2164 752 2218; x_wconf 88' lang='lat' dir='ltr'><strong>ita</strong></span> <span class='ocrx_word' id='word_1_282' title='bbox 782 2164 1124 2232; x_wconf 87' lang='lat' dir='ltr'><strong>interpretari</strong></span> <span class='ocrx_word' id='word_1_283' title='bbox 1158 2162 1302 2227; x_wconf 89' lang='lat' dir='ltr'><strong>licet,</strong></span> <span class='ocrx_word' id='word_1_284' title='bbox 1337 2169 1395 2215; x_wconf 90' lang='lat' dir='ltr'><strong>ut</strong></span> <span class='ocrx_word' id='word_1_285' title='bbox 1439 2162 1484 2215; x_wconf 91' lang='lat' dir='ltr'><strong>is</strong></span> <span class='ocrx_word' id='word_1_286' title='bbox 1535 2163 1922 2230; x_wconf 86' lang='lat' dir='ltr'><strong>persecutionis</strong></span> <span class='ocrx_word' id='word_1_287' title='bbox 1970 2172 2108 2218; x_wconf 90' lang='lat' dir='ltr'><strong>tem-</strong></span> 
     </span>
    </p>
   </div>
   <div class='ocr_carea' id='block_1_36' title="bbox 500 2253 2106 2327">
    <p class='ocr_par' dir='ltr' id='par_1_36' title="bbox 500 2253 2106 2327">
     <span class='ocr_line' id='line_1_36' title="bbox 500 2253 2106 2327; baseline -0.002 -15"><span class='ocrx_word' id='word_1_288' title='bbox 500 2271 636 2327; x_wconf 91' lang='lat' dir='ltr'><strong>pore</strong></span> <span class='ocrx_word' id='word_1_289' title='bbox 671 2255 834 2327; x_wconf 81' lang='lat' dir='ltr'><strong>digne</strong></span> <span class='ocrx_word' id='word_1_290' title='bbox 883 2263 939 2310; x_wconf 89' lang='lat' dir='ltr'><strong>et</strong></span> <span class='ocrx_word' id='word_1_291' title='bbox 989 2253 1331 2308; x_wconf 88' lang='lat' dir='ltr'><strong>laudabiliter</strong></span> <span class='ocrx_word' id='word_1_292' title='bbox 1383 2268 1444 2309; x_wconf 88' lang='lat' dir='ltr'><strong>se</strong></span> <span class='ocrx_word' id='word_1_293' title='bbox 1490 2256 1744 2324; x_wconf 87' lang='lat' dir='ltr'><strong>gesserit,</strong></span> <span class='ocrx_word' id='word_1_294' title='bbox 1803 2255 1888 2311; x_wconf 87' lang='lat' dir='ltr'><strong>vel</strong></span> <span class='ocrx_word' id='word_1_295' title='bbox 1945 2257 2106 2311; x_wconf 88' lang='lat' dir='ltr'><strong>etiam</strong></span> 
     </span>
    </p>
   </div>
   <div class='ocr_carea' id='block_1_37' title="bbox 503 2343 2107 2419">
    <p class='ocr_par' dir='ltr' id='par_1_37' title="bbox 503 2343 2107 2419">
     <span class='ocr_line' id='line_1_37' title="bbox 503 2343 2107 2419; baseline 0 -16"><span class='ocrx_word' id='word_1_296' title='bbox 503 2356 563 2404; x_wconf 89' lang='lat' dir='ltr'><strong>ut</strong></span> <span class='ocrx_word' id='word_1_297' title='bbox 587 2348 704 2419; x_wconf 89' lang='lat' dir='ltr'><strong>ipse</strong></span> <span class='ocrx_word' id='word_1_298' title='bbox 757 2345 1188 2417; x_wconf 83' lang='lat' dir='ltr'><strong>persecutionem</strong></span> <span class='ocrx_word' id='word_1_299' title='bbox 1242 2343 1454 2400; x_wconf 87' lang='lat' dir='ltr'><strong>fortiter</strong></span> <span class='ocrx_word' id='word_1_300' title='bbox 1498 2360 1807 2416; x_wconf 89' lang='lat' dir='ltr'><strong>perpessus,</strong></span> <span class='ocrx_word' id='word_1_301' title='bbox 1862 2363 2107 2418; x_wconf 79' lang='lat' dir='ltr'><strong>magnam</strong></span> 
     </span>
    </p>
   </div>
   <div class='ocr_carea' id='block_1_38' title="bbox 501 2439 1661 2509">
    <p class='ocr_par' dir='ltr' id='par_1_38' title="bbox 501 2439 1661 2509">
     <span class='ocr_line' id='line_1_38' title="bbox 501 2439 1661 2509; baseline -0.003 -12"><span class='ocrx_word' id='word_1_302' title='bbox 501 2442 588 2505; x_wconf 86' lang='lat' dir='ltr'><strong>sui</strong></span> <span class='ocrx_word' id='word_1_303' title='bbox 613 2441 848 2501; x_wconf 85' lang='lat' dir='ltr'><strong>nominis</strong></span> <span class='ocrx_word' id='word_1_304' title='bbox 874 2439 1329 2499; x_wconf 85' lang='lat' dir='ltr'><strong>existimationem</strong></span> <span class='ocrx_word' id='word_1_305' title='bbox 1360 2439 1661 2509; x_wconf 81' lang='lat' dir='ltr'><strong>reliquerit.</strong></span> 
     </span>
    </p>
   </div>
   <div class='ocr_carea' id='block_1_39' title="bbox 573 2530 2105 2602">
    <p class='ocr_par' dir='ltr' id='par_1_39' title="bbox 573 2530 2105 2602">
     <span class='ocr_line' id='line_1_39' title="bbox 573 2530 2105 2602; baseline -0.008 -5"><span class='ocrx_word' id='word_1_306' title='bbox 573 2534 630 2597; x_wconf 68' lang='grc' dir='ltr'><strong>ὅ.</strong></span> <span class='ocrx_word' id='word_1_307' title='bbox 656 2532 793 2595; x_wconf 76' lang='lat' dir='ltr'><strong>Hinc</strong></span> <span class='ocrx_word' id='word_1_308' title='bbox 823 2530 1061 2591; x_wconf 88' lang='lat' dir='ltr'><strong>funditus</strong></span> <span class='ocrx_word' id='word_1_309' title='bbox 1076 2530 1566 2591; x_wconf 86' lang='lat' dir='ltr'><strong>ruuntSinuessani</strong></span> <span class='ocrx_word' id='word_1_310' title='bbox 1582 2530 1798 2591; x_wconf 89' lang='lat' dir='ltr'><strong>concilii</strong></span> <span class='ocrx_word' id='word_1_311' title='bbox 1825 2538 1965 2596; x_wconf 89' lang='lat' dir='ltr'><strong>acta,</strong></span> <span class='ocrx_word' id='word_1_312' title='bbox 1984 2531 2105 2602; x_wconf 83' lang='lat' dir='ltr'><strong>qui-</strong></span> 
     </span>
    </p>
   </div>
   <div class='ocr_carea' id='block_1_40' title="bbox 503 2621 2104 2701">
    <p class='ocr_par' dir='ltr' id='par_1_40' title="bbox 503 2621 2104 2701">
     <span class='ocr_line' id='line_1_40' title="bbox 503 2621 2104 2701; baseline -0.003 -18"><span class='ocrx_word' id='word_1_313' title='bbox 503 2628 625 2694; x_wconf 88' lang='lat' dir='ltr'><strong>bus,</strong></span> <span class='ocrx_word' id='word_1_314' title='bbox 675 2631 875 2701; x_wconf 67' lang='lat' dir='ltr'><strong>praeter</strong></span> <span class='ocrx_word' id='word_1_315' title='bbox 905 2621 1095 2685; x_wconf 83' lang='lat' dir='ltr'><strong>rudem</strong></span> <span class='ocrx_word' id='word_1_316' title='bbox 1124 2637 1312 2678; x_wconf 88' lang='lat' dir='ltr'><strong>eorum</strong></span> <span class='ocrx_word' id='word_1_317' title='bbox 1344 2633 1398 2681; x_wconf 91' lang='lat' dir='ltr'><strong>ct</strong></span> <span class='ocrx_word' id='word_1_318' title='bbox 1428 2622 1726 2695; x_wconf 72' lang='lat' dir='ltr'><strong>impolitam</strong></span> <span class='ocrx_word' id='word_1_319' title='bbox 1755 2623 2104 2689; x_wconf 87' lang='lat' dir='ltr'><strong>locutionem,</strong></span> 
     </span>
    </p>
   </div>
   <div class='ocr_carea' id='block_1_41' title="bbox 501 2714 2105 2789">
    <p class='ocr_par' dir='ltr' id='par_1_41' title="bbox 501 2714 2105 2789">
     <span class='ocr_line' id='line_1_41' title="bbox 501 2714 2105 2789; baseline -0.005 -13"><span class='ocrx_word' id='word_1_320' title='bbox 501 2719 675 2784; x_wconf 83' lang='lat' dir='ltr'><strong>multa</strong></span> <span class='ocrx_word' id='word_1_321' title='bbox 700 2715 952 2789; x_wconf 81' lang='lat' dir='ltr'><strong>absurda,</strong></span> <span class='ocrx_word' id='word_1_322' title='bbox 982 2714 1229 2786; x_wconf 57' lang='lat' dir='ltr'><strong>quaedam</strong></span> <span class='ocrx_word' id='word_1_323' title='bbox 1260 2729 1445 2770; x_wconf 88' lang='lat' dir='ltr'><strong>secum</strong></span> <span class='ocrx_word' id='word_1_324' title='bbox 1478 2716 1791 2787; x_wconf 80' lang='lat' dir='ltr'><strong>pugnantia,</strong></span> <span class='ocrx_word' id='word_1_325' title='bbox 1834 2714 1940 2773; x_wconf 85' lang='lat' dir='ltr'><strong>alia</strong></span> <span class='ocrx_word' id='word_1_326' title='bbox 1981 2731 2105 2771; x_wconf 89' lang='lat' dir='ltr'><strong>cum</strong></span> 
     </span>
    </p>
   </div>
   <div class='ocr_carea' id='block_1_42' title="bbox 504 2806 2104 2879">
    <p class='ocr_par' dir='ltr' id='par_1_42' title="bbox 504 2806 2104 2879">
     <span class='ocr_line' id='line_1_42' title="bbox 504 2806 2104 2879; baseline -0.013 -7"><span class='ocrx_word' id='word_1_327' title='bbox 504 2812 665 2877; x_wconf 84' lang='lat' dir='ltr'><strong>dictis</strong></span> <span class='ocrx_word' id='word_1_328' title='bbox 705 2810 954 2867; x_wconf 89' lang='lat' dir='ltr'><strong>Petiliani</strong></span> <span class='ocrx_word' id='word_1_329' title='bbox 979 2848 994 2874; x_wconf 94' lang='lat'><strong>,</strong></span> <span class='ocrx_word' id='word_1_330' title='bbox 1027 2808 1117 2879; x_wconf 89' lang='lat' dir='ltr'><strong>qui</strong></span> <span class='ocrx_word' id='word_1_331' title='bbox 1146 2806 1455 2867; x_wconf 83' lang='lat' dir='ltr'><strong>Marcellum</strong></span> <span class='ocrx_word' id='word_1_332' title='bbox 1477 2849 1493 2876; x_wconf 92' lang='lat'><strong>,</strong></span> <span class='ocrx_word' id='word_1_333' title='bbox 1526 2806 1884 2864; x_wconf 80' lang='lat' dir='ltr'><strong>Melcbiadem</strong></span> <span class='ocrx_word' id='word_1_334' title='bbox 1917 2817 1971 2863; x_wconf 87' lang='lat' dir='ltr'><strong>ct</strong></span> <span class='ocrx_word' id='word_1_335' title='bbox 1994 2808 2104 2863; x_wconf 87' lang='lat' dir='ltr'><strong>Sil.</strong></span> 
     </span>
    </p>
   </div>
   <div class='ocr_carea' id='block_1_43' title="bbox 506 2901 2103 2975">
    <p class='ocr_par' dir='ltr' id='par_1_43' title="bbox 506 2901 2103 2975">
     <span class='ocr_line' id='line_1_43' title="bbox 506 2901 2103 2975; baseline -0.003 -13"><span class='ocrx_word' id='word_1_336' title='bbox 506 2915 749 2965; x_wconf 86' lang='lat' dir='ltr'><strong>vestrum</strong></span> <span class='ocrx_word' id='word_1_337' title='bbox 799 2902 1139 2960; x_wconf 85' lang='lat' dir='ltr'><strong>tlturiﬁcasse</strong></span> <span class='ocrx_word' id='word_1_338' title='bbox 1165 2901 1510 2975; x_wconf 87' lang='lat' dir='ltr'><strong>objectabat,</strong></span> <span class='ocrx_word' id='word_1_339' title='bbox 1540 2917 1646 2958; x_wconf 93' lang='lat' dir='ltr'><strong>non</strong></span> <span class='ocrx_word' id='word_1_340' title='bbox 1675 2902 2064 2959; x_wconf 86' lang='lat' dir='ltr'><strong>consentientia</strong></span> <span class='ocrx_word' id='word_1_341' title='bbox 2084 2941 2103 2975; x_wconf 85' lang='lat'><strong>,</strong></span> 
     </span>
    </p>
   </div>
   <div class='ocr_carea' id='block_1_44' title="bbox 504 2995 2103 3071">
    <p class='ocr_par' dir='ltr' id='par_1_44' title="bbox 504 2995 2103 3071">
     <span class='ocr_line' id='line_1_44' title="bbox 504 2995 2103 3071; baseline -0.002 -13"><span class='ocrx_word' id='word_1_342' title='bbox 504 3014 713 3065; x_wconf 82' lang='lat' dir='ltr'><strong>necnon</strong></span> <span class='ocrx_word' id='word_1_343' title='bbox 736 2997 978 3071; x_wconf 89' lang='lat' dir='ltr'><strong>putidum</strong></span> <span class='ocrx_word' id='word_1_344' title='bbox 996 3005 1159 3067; x_wconf 89' lang='lat' dir='ltr'><strong>atque</strong></span> <span class='ocrx_word' id='word_1_345' title='bbox 1187 2996 1439 3053; x_wconf 85' lang='lat' dir='ltr'><strong>iteratum</strong></span> <span class='ocrx_word' id='word_1_346' title='bbox 1469 2995 1665 3053; x_wconf 90' lang='lat' dir='ltr'><strong>summi</strong></span> <span class='ocrx_word' id='word_1_347' title='bbox 1692 2996 1982 3066; x_wconf 87' lang='lat' dir='ltr'><strong>pontificis,</strong></span> <span class='ocrx_word' id='word_1_348' title='bbox 2010 2997 2103 3068; x_wconf 87' lang='lat' dir='ltr'><strong>qui</strong></span> 
     </span>
    </p>
   </div>
   <div class='ocr_carea' id='block_1_45' title="bbox 503 3086 2104 3160">
    <p class='ocr_par' dir='ltr' id='par_1_45' title="bbox 503 3086 2104 3160">
     <span class='ocr_line' id='line_1_45' title="bbox 503 3086 2104 3160; baseline -0.002 -11"><span class='ocrx_word' id='word_1_349' title='bbox 503 3101 559 3151; x_wconf 85' lang='lat' dir='ltr'><strong>et</strong></span> <span class='ocrx_word' id='word_1_350' title='bbox 583 3106 709 3151; x_wconf 87' lang='lat' dir='ltr'><strong>mox</strong></span> <span class='ocrx_word' id='word_1_351' title='bbox 733 3089 990 3160; x_wconf 87' lang='lat' dir='ltr'><strong>martyrio</strong></span> <span class='ocrx_word' id='word_1_352' title='bbox 1016 3086 1360 3143; x_wconf 80' lang='lat' dir='ltr'><strong>coronandus</strong></span> <span class='ocrx_word' id='word_1_353' title='bbox 1391 3089 1627 3157; x_wconf 90' lang='lat' dir='ltr'><strong>ponitur,</strong></span> <span class='ocrx_word' id='word_1_354' title='bbox 1662 3087 2023 3157; x_wconf 90' lang='lat' dir='ltr'><strong>mendacium,</strong></span> <span class='ocrx_word' id='word_1_355' title='bbox 2048 3097 2104 3147; x_wconf 88' lang='lat' dir='ltr'><strong>et</strong></span> 
     </span>
    </p>
   </div>
   <div class='ocr_carea' id='block_1_46' title="bbox 2286 1880 3811 1957">
    <p class='ocr_par' dir='ltr' id='par_1_46' title="bbox 2286 1880 3811 1957">
     <span class='ocr_line' id='line_1_46' title="bbox 2286 1880 3811 1957; baseline -0.001 -21"><span class='ocrx_word' id='word_1_356' title='bbox 2286 1882 2341 1937; x_wconf 74' lang='lat'><strong>2.</strong></span> <span class='ocrx_word' id='word_1_357' title='bbox 2374 1882 2667 1939; x_wconf 79' lang='lat' dir='ltr'><strong>Venientes</strong></span> <span class='ocrx_word' id='word_1_358' title='bbox 2697 1893 2876 1938; x_wconf 91' lang='lat' dir='ltr'><strong>autem</strong></span> <span class='ocrx_word' id='word_1_359' title='bbox 2933 1882 3044 1950; x_wconf 91' lang='lat' dir='ltr'><strong>die,</strong></span> <span class='ocrx_word' id='word_1_360' title='bbox 3075 1882 3220 1954; x_wconf 88' lang='lat' dir='ltr'><strong>quod</strong></span> <span class='ocrx_word' id='word_1_361' title='bbox 3245 1882 3432 1937; x_wconf 89' lang='lat' dir='ltr'><strong>dicunt</strong></span> <span class='ocrx_word' id='word_1_362' title='bbox 3458 1880 3811 1957; x_wconf 81' lang='lat' dir='ltr'><strong>Vulcanibus,</strong></span> 
     </span>
    </p>
   </div>
   <div class='ocr_carea' id='block_1_47' title="bbox 2215 1974 3814 2033">
    <p class='ocr_par' dir='ltr' id='par_1_47' title="bbox 2215 1974 3814 2033">
     <span class='ocr_line' id='line_1_47' title="bbox 2215 1974 3814 2033; baseline -0.001 -2"><span class='ocrx_word' id='word_1_363' title='bbox 2215 1975 2349 2031; x_wconf 89' lang='lat' dir='ltr'><strong>dicit</strong></span> <span class='ocrx_word' id='word_1_364' title='bbox 2400 1977 2452 2032; x_wconf 92' lang='lat' dir='ltr'><strong>ei</strong></span> <span class='ocrx_word' id='word_1_365' title='bbox 2482 1975 2736 2033; x_wconf 90' lang='lat' dir='ltr'><strong>Urbanus</strong></span> <span class='ocrx_word' id='word_1_366' title='bbox 2771 1995 2784 2031; x_wconf 90' lang='lat'><strong>:</strong></span> <span class='ocrx_word' id='word_1_367' title='bbox 2824 1995 2842 2029; x_wconf 82' lang='lat' dir='ltr'><strong>t</strong></span> <span class='ocrx_word' id='word_1_368' title='bbox 2896 1976 3185 2033; x_wconf 87' lang='lat' dir='ltr'><strong>Faciamus</strong></span> <span class='ocrx_word' id='word_1_369' title='bbox 3224 1976 3350 2033; x_wconf 92' lang='lat' dir='ltr'><strong>hinc</strong></span> <span class='ocrx_word' id='word_1_370' title='bbox 3401 1985 3455 2032; x_wconf 90' lang='lat' dir='ltr'><strong>et</strong></span> <span class='ocrx_word' id='word_1_371' title='bbox 3506 1975 3631 2031; x_wconf 91' lang='lat' dir='ltr'><strong>inde</strong></span> <span class='ocrx_word' id='word_1_372' title='bbox 3679 1974 3814 2030; x_wconf 90' lang='lat' dir='ltr'><strong>duas</strong></span> 
     </span>
    </p>
   </div>
   <div class='ocr_carea' id='block_1_48' title="bbox 2212 2065 3813 2141">
    <p class='ocr_par' dir='ltr' id='par_1_48' title="bbox 2212 2065 3813 2141">
     <span class='ocr_line' id='line_1_48' title="bbox 2212 2065 3813 2141; baseline -0.001 -16"><span class='ocrx_word' id='word_1_373' title='bbox 2212 2069 2507 2136; x_wconf 83' lang='lat' dir='ltr'><strong>chartulas,</strong></span> <span class='ocrx_word' id='word_1_374' title='bbox 2534 2070 2686 2141; x_wconf 87' lang='lat' dir='ltr'><strong>quasi</strong></span> <span class='ocrx_word' id='word_1_375' title='bbox 2717 2070 3050 2131; x_wconf 80' lang='lat' dir='ltr'><strong>incrementa</strong></span> <span class='ocrx_word' id='word_1_376' title='bbox 3077 2069 3417 2140; x_wconf 79' lang='lat' dir='ltr'><strong>petitionum,</strong></span> <span class='ocrx_word' id='word_1_377' title='bbox 3451 2078 3506 2124; x_wconf 89' lang='lat' dir='ltr'><strong>et</strong></span> <span class='ocrx_word' id='word_1_378' title='bbox 3524 2065 3813 2123; x_wconf 64' lang='lat' dir='ltr'><strong>aderamus</strong></span> 
     </span>
    </p>
   </div>
   <div class='ocr_carea' id='block_1_49' title="bbox 2211 2150 3805 2233">
    <p class='ocr_par' dir='ltr' id='par_1_49' title="bbox 2211 2150 3805 2233">
     <span class='ocr_line' id='line_1_49' title="bbox 2211 2150 3805 2233; baseline -0.003 -15"><span class='ocrx_word' id='word_1_379' title='bbox 2211 2158 2649 2219; x_wconf 85' lang='lat' dir='ltr'><strong>clementissimis</strong></span> <span class='ocrx_word' id='word_1_380' title='bbox 2701 2158 3051 2233; x_wconf 87' lang='lat' dir='ltr'><strong>principibus.</strong></span> <span class='ocrx_word' id='word_1_381' title='bbox 3087 2182 3106 2215; x_wconf 74' lang='grc' dir='ltr'><strong>ι</strong></span> <span class='ocrx_word' id='word_1_382' title='bbox 3133 2154 3404 2217; x_wconf 81' lang='lat' dir='ltr'><strong>Fecerunt</strong></span> <span class='ocrx_word' id='word_1_383' title='bbox 3432 2150 3593 2216; x_wconf 85' lang='lat' dir='ltr'><strong>ambo</strong></span> <span class='ocrx_word' id='word_1_384' title='bbox 3620 2160 3805 2225; x_wconf 91' lang='lat' dir='ltr'><strong>simul,</strong></span> 
     </span>
    </p>
   </div>
   <div class='ocr_carea' id='block_1_50' title="bbox 2211 2253 3810 2318">
    <p class='ocr_par' dir='ltr' id='par_1_50' title="bbox 2211 2253 3810 2318">
     <span class='ocr_line' id='line_1_50' title="bbox 2211 2253 3810 2318; baseline -0.001 -7"><span class='ocrx_word' id='word_1_385' title='bbox 2211 2256 2351 2311; x_wconf 84' lang='lat' dir='ltr'><strong>sicut</strong></span> <span class='ocrx_word' id='word_1_386' title='bbox 2379 2256 2591 2311; x_wconf 78' lang='lat' dir='ltr'><strong>dixerat</strong></span> <span class='ocrx_word' id='word_1_387' title='bbox 2623 2254 2892 2318; x_wconf 90' lang='lat' dir='ltr'><strong>Urbanus,</strong></span> <span class='ocrx_word' id='word_1_388' title='bbox 2926 2265 2981 2311; x_wconf 91' lang='lat' dir='ltr'><strong>et</strong></span> <span class='ocrx_word' id='word_1_389' title='bbox 3009 2254 3292 2310; x_wconf 88' lang='lat' dir='ltr'><strong>venientes</strong></span> <span class='ocrx_word' id='word_1_390' title='bbox 3317 2254 3383 2309; x_wconf 92' lang='lat' dir='ltr'><strong>ad</strong></span> <span class='ocrx_word' id='word_1_391' title='bbox 3412 2253 3810 2309; x_wconf 89' lang='lat' dir='ltr'><strong>sacratissimos</strong></span> 
     </span>
    </p>
   </div>
   <div class='ocr_carea' id='block_1_51' title="bbox 2210 2345 3809 2418">
    <p class='ocr_par' dir='ltr' id='par_1_51' title="bbox 2210 2345 3809 2418">
     <span class='ocr_line' id='line_1_51' title="bbox 2210 2345 3809 2418; baseline 0 -17"><span class='ocrx_word' id='word_1_392' title='bbox 2210 2347 2482 2418; x_wconf 90' lang='lat' dir='ltr'><strong>principes</strong></span> <span class='ocrx_word' id='word_1_393' title='bbox 2531 2346 2829 2402; x_wconf 79' lang='lat' dir='ltr'><strong>otl‘erebant</strong></span> <span class='ocrx_word' id='word_1_394' title='bbox 2874 2349 2973 2402; x_wconf 88' lang='lat' dir='ltr'><strong>eis.</strong></span> <span class='ocrx_word' id='word_1_395' title='bbox 3028 2346 3377 2403; x_wconf 83' lang='lat' dir='ltr'><strong>Marcellinus</strong></span> <span class='ocrx_word' id='word_1_396' title='bbox 3427 2346 3631 2417; x_wconf 89' lang='lat' dir='ltr'><strong>itaque,</strong></span> <span class='ocrx_word' id='word_1_397' title='bbox 3660 2345 3809 2401; x_wconf 87' lang='lat' dir='ltr'><strong>urbis</strong></span> 
     </span>
    </p>
   </div>
   <div class='ocr_carea' id='block_1_52' title="bbox 2210 2438 3805 2511">
    <p class='ocr_par' dir='ltr' id='par_1_52' title="bbox 2210 2438 3805 2511">
     <span class='ocr_line' id='line_1_52' title="bbox 2210 2438 3805 2511; baseline 0 -18"><span class='ocrx_word' id='word_1_398' title='bbox 2210 2439 2398 2495; x_wconf 84' lang='lat' dir='ltr'><strong>Romae</strong></span> <span class='ocrx_word' id='word_1_399' title='bbox 2415 2442 2724 2511; x_wconf 88' lang='lat' dir='ltr'><strong>episc0pus,</strong></span> <span class='ocrx_word' id='word_1_400' title='bbox 2746 2439 2905 2496; x_wconf 85' lang='lat' dir='ltr'><strong>fidem</strong></span> <span class='ocrx_word' id='word_1_401' title='bbox 2922 2454 3169 2508; x_wconf 80' lang='lat' dir='ltr'><strong>servans,</strong></span> <span class='ocrx_word' id='word_1_402' title='bbox 3184 2439 3463 2499; x_wconf 84' lang='lat' dir='ltr'><strong>Christum</strong></span> <span class='ocrx_word' id='word_1_403' title='bbox 3486 2438 3805 2511; x_wconf 75' lang='lat' dir='ltr'><strong>praedicans,</strong></span> 
     </span>
    </p>
   </div>
   <div class='ocr_carea' id='block_1_53' title="bbox 2209 2532 3807 2604">
    <p class='ocr_par' dir='ltr' id='par_1_53' title="bbox 2209 2532 3807 2604">
     <span class='ocr_line' id='line_1_53' title="bbox 2209 2532 3807 2604; baseline 0.002 -17"><span class='ocrx_word' id='word_1_404' title='bbox 2209 2532 2339 2587; x_wconf 90' lang='lat' dir='ltr'><strong>dicit</strong></span> <span class='ocrx_word' id='word_1_405' title='bbox 2384 2533 2450 2586; x_wconf 92' lang='lat' dir='ltr'><strong>ad</strong></span> <span class='ocrx_word' id='word_1_406' title='bbox 2506 2534 2819 2603; x_wconf 90' lang='lat' dir='ltr'><strong>principes:</strong></span> <span class='ocrx_word' id='word_1_407' title='bbox 2857 2551 2876 2585; x_wconf 85' lang='grc'><strong>‹</strong></span> <span class='ocrx_word' id='word_1_408' title='bbox 2905 2532 3043 2600; x_wconf 83' lang='lat' dir='ltr'><strong>Quid</strong></span> <span class='ocrx_word' id='word_1_409' title='bbox 3094 2532 3225 2587; x_wconf 90' lang='lat' dir='ltr'><strong>mihi</strong></span> <span class='ocrx_word' id='word_1_410' title='bbox 3250 2541 3304 2588; x_wconf 89' lang='lat' dir='ltr'><strong>et</strong></span> <span class='ocrx_word' id='word_1_411' title='bbox 3333 2532 3505 2599; x_wconf 90' lang='lat' dir='ltr'><strong>vobis,</strong></span> <span class='ocrx_word' id='word_1_412' title='bbox 3538 2533 3807 2604; x_wconf 88' lang='lat' dir='ltr'><strong>principes</strong></span> 
     </span>
    </p>
   </div>
   <div class='ocr_carea' id='block_1_54' title="bbox 2209 2624 3807 2698">
    <p class='ocr_par' dir='ltr' id='par_1_54' title="bbox 2209 2624 3807 2698">
     <span class='ocr_line' id='line_1_54' title="bbox 2209 2624 3807 2698; baseline 0.003 -21"><span class='ocrx_word' id='word_1_413' title='bbox 2209 2624 2483 2680; x_wconf 78' lang='lat' dir='ltr'><strong>terribiles</strong></span> <span class='ocrx_word' id='word_1_414' title='bbox 2512 2626 2769 2680; x_wconf 86' lang='lat' dir='ltr'><strong>universo</strong></span> <span class='ocrx_word' id='word_1_415' title='bbox 2796 2625 3020 2692; x_wconf 92' lang='lat' dir='ltr'><strong>mundo,</strong></span> <span class='ocrx_word' id='word_1_416' title='bbox 3052 2627 3304 2698; x_wconf 81' lang='lat' dir='ltr'><strong>quoniam</strong></span> <span class='ocrx_word' id='word_1_417' title='bbox 3333 2640 3469 2683; x_wconf 86' lang='lat' dir='ltr'><strong>vana</strong></span> <span class='ocrx_word' id='word_1_418' title='bbox 3510 2635 3595 2682; x_wconf 86' lang='lat' dir='ltr'><strong>est</strong></span> <span class='ocrx_word' id='word_1_419' title='bbox 3618 2641 3807 2697; x_wconf 85' lang='lat' dir='ltr'><strong>super-</strong></span> 
     </span>
    </p>
   </div>
   <div class='ocr_carea' id='block_1_55' title="bbox 2206 2715 3809 2776">
    <p class='ocr_par' dir='ltr' id='par_1_55' title="bbox 2206 2715 3809 2776">
     <span class='ocr_line' id='line_1_55' title="bbox 2206 2715 3809 2776; baseline 0.002 -6"><span class='ocrx_word' id='word_1_420' title='bbox 2206 2715 2353 2771; x_wconf 85' lang='lat' dir='ltr'><strong>stitio</strong></span> <span class='ocrx_word' id='word_1_421' title='bbox 2384 2716 2773 2773; x_wconf 79' lang='lat' dir='ltr'><strong>tlturilicandi?</strong></span> <span class='ocrx_word' id='word_1_422' title='bbox 2804 2737 2824 2771; x_wconf 72' lang='grc' dir='ltr'><strong>ι</strong></span> <span class='ocrx_word' id='word_1_423' title='bbox 2860 2717 3018 2773; x_wconf 87' lang='lat' dir='ltr'><strong>Dicit</strong></span> <span class='ocrx_word' id='word_1_424' title='bbox 3073 2727 3251 2775; x_wconf 87' lang='lat' dir='ltr'><strong>autem</strong></span> <span class='ocrx_word' id='word_1_425' title='bbox 3301 2717 3554 2776; x_wconf 79' lang='lat' dir='ltr'><strong>Urbanus</strong></span> <span class='ocrx_word' id='word_1_426' title='bbox 3588 2736 3603 2774; x_wconf 89' lang='lat'><strong>:</strong></span> <span class='ocrx_word' id='word_1_427' title='bbox 3647 2737 3667 2773; x_wconf 76' lang='grc' dir='ltr'><strong>ι</strong></span> <span class='ocrx_word' id='word_1_428' title='bbox 3700 2718 3809 2775; x_wconf 90' lang='lat' dir='ltr'><strong>Lo-</strong></span> 
     </span>
    </p>
   </div>
   <div class='ocr_carea' id='block_1_56' title="bbox 2206 2808 3806 2880">
    <p class='ocr_par' dir='ltr' id='par_1_56' title="bbox 2206 2808 3806 2880">
     <span class='ocr_line' id='line_1_56' title="bbox 2206 2808 3806 2880; baseline 0.003 -18"><span class='ocrx_word' id='word_1_429' title='bbox 2206 2822 2373 2879; x_wconf 86' lang='lat' dir='ltr'><strong>quere</strong></span> <span class='ocrx_word' id='word_1_430' title='bbox 2426 2808 2494 2864; x_wconf 86' lang='lat' dir='ltr'><strong>ad</strong></span> <span class='ocrx_word' id='word_1_431' title='bbox 2553 2824 2655 2865; x_wconf 88' lang='lat' dir='ltr'><strong>nos</strong></span> <span class='ocrx_word' id='word_1_432' title='bbox 2709 2825 2772 2864; x_wconf 87' lang='lat' dir='ltr'><strong>ac</strong></span> <span class='ocrx_word' id='word_1_433' title='bbox 2825 2817 3013 2865; x_wconf 83' lang='lat' dir='ltr'><strong>contra</strong></span> <span class='ocrx_word' id='word_1_434' title='bbox 3066 2810 3349 2880; x_wconf 85' lang='lat' dir='ltr'><strong>pontifices</strong></span> <span class='ocrx_word' id='word_1_435' title='bbox 3399 2808 3806 2869; x_wconf 80' lang='lat' dir='ltr'><strong>clementissimi</strong></span> 
     </span>
    </p>
   </div>
   <div class='ocr_carea' id='block_1_57' title="bbox 2211 2899 3808 2974">
    <p class='ocr_par' dir='ltr' id='par_1_57' title="bbox 2211 2899 3808 2974">
     <span class='ocr_line' id='line_1_57' title="bbox 2211 2899 3808 2974; baseline 0.003 -21"><span class='ocrx_word' id='word_1_436' title='bbox 2211 2911 2374 2970; x_wconf 84' lang='lat' dir='ltr'><strong>atque</strong></span> <span class='ocrx_word' id='word_1_437' title='bbox 2417 2899 2756 2961; x_wconf 77' lang='lat' dir='ltr'><strong>invictissimi</strong></span> <span class='ocrx_word' id='word_1_438' title='bbox 2783 2902 3264 2972; x_wconf 83' lang='lat' dir='ltr'><strong>(clementissimos</strong></span> <span class='ocrx_word' id='word_1_439' title='bbox 3317 2912 3481 2974; x_wconf 86' lang='lat' dir='ltr'><strong>atque</strong></span> <span class='ocrx_word' id='word_1_440' title='bbox 3521 2902 3808 2959; x_wconf 85' lang='lat' dir='ltr'><strong>invictissi-</strong></span> 
     </span>
    </p>
   </div>
   <div class='ocr_carea' id='block_1_58' title="bbox 2206 2992 3808 3066">
    <p class='ocr_par' dir='ltr' id='par_1_58' title="bbox 2206 2992 3808 3066">
     <span class='ocr_line' id='line_1_58' title="bbox 2206 2992 3808 3066; baseline 0.002 -19"><span class='ocrx_word' id='word_1_441' title='bbox 2206 2992 2346 3065; x_wconf 89' lang='lat' dir='ltr'><strong>mos)</strong></span> <span class='ocrx_word' id='word_1_442' title='bbox 2379 2992 2671 3064; x_wconf 85' lang='lat' dir='ltr'><strong>principes,</strong></span> <span class='ocrx_word' id='word_1_443' title='bbox 2720 2995 2973 3066; x_wconf 84' lang='lat' dir='ltr'><strong>quoniam</strong></span> <span class='ocrx_word' id='word_1_444' title='bbox 3023 2996 3184 3053; x_wconf 91' lang='lat' dir='ltr'><strong>deum</strong></span> <span class='ocrx_word' id='word_1_445' title='bbox 3228 2996 3414 3055; x_wconf 80' lang='lat' dir='ltr'><strong>Jovem</strong></span> <span class='ocrx_word' id='word_1_446' title='bbox 3450 3004 3506 3052; x_wconf 90' lang='lat' dir='ltr'><strong>et</strong></span> <span class='ocrx_word' id='word_1_447' title='bbox 3549 2994 3808 3051; x_wconf 87' lang='lat' dir='ltr'><strong>invictum</strong></span> 
     </span>
    </p>
   </div>
   <div class='ocr_carea' id='block_1_59' title="bbox 2204 3083 3805 3162">
    <p class='ocr_par' dir='ltr' id='par_1_59' title="bbox 2204 3083 3805 3162">
     <span class='ocr_line' id='line_1_59' title="bbox 2204 3083 3805 3162; baseline 0.004 -22"><span class='ocrx_word' id='word_1_448' title='bbox 2204 3083 2500 3143; x_wconf 78' lang='lat' dir='ltr'><strong>Herculem</strong></span> <span class='ocrx_word' id='word_1_449' title='bbox 2554 3090 2805 3159; x_wconf 80' lang='lat' dir='ltr'><strong>corporei</strong></span> <span class='ocrx_word' id='word_1_450' title='bbox 2833 3089 3187 3158; x_wconf 87' lang='lat' dir='ltr'><strong>fabricantur,</strong></span> <span class='ocrx_word' id='word_1_451' title='bbox 3219 3102 3276 3147; x_wconf 86' lang='lat' dir='ltr'><strong>et</strong></span> <span class='ocrx_word' id='word_1_452' title='bbox 3308 3090 3496 3153; x_wconf 83' lang='lat' dir='ltr'><strong>Jovem</strong></span> <span class='ocrx_word' id='word_1_453' title='bbox 3533 3106 3694 3162; x_wconf 79' lang='lat' dir='ltr'><strong>quem</strong></span> <span class='ocrx_word' id='word_1_454' title='bbox 3717 3090 3805 3146; x_wconf 91' lang='lat' dir='ltr'><strong>di-</strong></span> 
     </span>
    </p>
   </div>
   <div class='ocr_carea' id='block_1_60' title="bbox 502 3177 3806 3257">
    <p class='ocr_par' dir='ltr' id='par_1_60' title="bbox 502 3177 3806 3257">
     <span class='ocr_line' id='line_1_60' title="bbox 502 3177 3806 3257; baseline 0.001 -19"><span class='ocrx_word' id='word_1_455' title='bbox 502 3182 605 3238; x_wconf 87' lang='lat' dir='ltr'><strong>aiia</strong></span> <span class='ocrx_word' id='word_1_456' title='bbox 628 3179 937 3251; x_wconf 80' lang='lat' dir='ltr'><strong>bujusmodi</strong></span> <span class='ocrx_word' id='word_1_457' title='bbox 969 3194 1127 3249; x_wconf 89' lang='lat' dir='ltr'><strong>quam</strong></span> <span class='ocrx_word' id='word_1_458' title='bbox 1157 3178 1306 3249; x_wconf 89' lang='lat' dir='ltr'><strong>plura</strong></span> <span class='ocrx_word' id='word_1_459' title='bbox 1336 3192 1553 3235; x_wconf 90' lang='lat' dir='ltr'><strong>omnem</strong></span> <span class='ocrx_word' id='word_1_460' title='bbox 1586 3178 1831 3237; x_wconf 88' lang='lat' dir='ltr'><strong>adimunt</strong></span> <span class='ocrx_word' id='word_1_461' title='bbox 1857 3180 2097 3241; x_wconf 84' lang='lat' dir='ltr'><strong>auctori-</strong></span> <span class='ocrx_word' id='word_1_462' title='bbox 2126 3177 2171 3240; x_wconf 92' lang='lat' dir='ltr'><strong>C</strong></span> <span class='ocrx_word' id='word_1_463' title='bbox 2205 3181 2377 3236; x_wconf 83' lang='lat' dir='ltr'><strong>cimus</strong></span> <span class='ocrx_word' id='word_1_464' title='bbox 2429 3183 2649 3251; x_wconf 73' lang='lat' dir='ltr'><strong>cretum,</strong></span> <span class='ocrx_word' id='word_1_465' title='bbox 2683 3193 2882 3241; x_wconf 89' lang='lat' dir='ltr'><strong>terram</strong></span> <span class='ocrx_word' id='word_1_466' title='bbox 2914 3201 3171 3257; x_wconf 89' lang='lat' dir='ltr'><strong>mareque</strong></span> <span class='ocrx_word' id='word_1_467' title='bbox 3196 3185 3356 3241; x_wconf 87' lang='lat' dir='ltr'><strong>simul</strong></span> <span class='ocrx_word' id='word_1_468' title='bbox 3396 3198 3520 3245; x_wconf 79' lang='lat' dir='ltr'><strong>cum</strong></span> <span class='ocrx_word' id='word_1_469' title='bbox 3571 3184 3806 3241; x_wconf 84' lang='lat' dir='ltr'><strong>Saturno</strong></span> 
     </span>
    </p>
   </div>
   <div class='ocr_carea' id='block_1_61' title="bbox 505 3270 2104 3344">
    <p class='ocr_par' dir='ltr' id='par_1_61' title="bbox 505 3270 2104 3344">
     <span class='ocr_line' id='line_1_61' title="bbox 505 3270 2104 3344; baseline -0.003 -14"><span class='ocrx_word' id='word_1_470' title='bbox 505 3284 692 3333; x_wconf 83' lang='lat' dir='ltr'><strong>tatem.</strong></span> <span class='ocrx_word' id='word_1_471' title='bbox 736 3271 909 3342; x_wconf 80' lang='lat' dir='ltr'><strong>Hujus</strong></span> <span class='ocrx_word' id='word_1_472' title='bbox 953 3281 1129 3326; x_wconf 89' lang='lat' dir='ltr'><strong>tamen</strong></span> <span class='ocrx_word' id='word_1_473' title='bbox 1174 3270 1385 3326; x_wconf 89' lang='lat' dir='ltr'><strong>concilii</strong></span> <span class='ocrx_word' id='word_1_474' title='bbox 1417 3280 1569 3334; x_wconf 89' lang='lat' dir='ltr'><strong>acta,</strong></span> <span class='ocrx_word' id='word_1_475' title='bbox 1615 3287 1734 3341; x_wconf 77' lang='lat' dir='ltr'><strong>qua:</strong></span> <span class='ocrx_word' id='word_1_476' title='bbox 1755 3286 1876 3329; x_wconf 88' lang='lat' dir='ltr'><strong>cum</strong></span> <span class='ocrx_word' id='word_1_477' title='bbox 1905 3286 2104 3344; x_wconf 86' lang='lat' dir='ltr'><strong>suppo-</strong></span> 
     </span>
    </p>
   </div>
   <div class='ocr_carea' id='block_1_62' title="bbox 503 3363 2101 3436">
    <p class='ocr_par' dir='ltr' id='par_1_62' title="bbox 503 3363 2101 3436">
     <span class='ocr_line' id='line_1_62' title="bbox 503 3363 2101 3436; baseline -0.003 -12"><span class='ocrx_word' id='word_1_478' title='bbox 503 3368 685 3431; x_wconf 82' lang='lat' dir='ltr'><strong>sititiis</strong></span> <span class='ocrx_word' id='word_1_479' title='bbox 712 3366 959 3425; x_wconf 89' lang='lat' dir='ltr'><strong>Silvestri</strong></span> <span class='ocrx_word' id='word_1_480' title='bbox 988 3374 1041 3421; x_wconf 89' lang='lat' dir='ltr'><strong>et</strong></span> <span class='ocrx_word' id='word_1_481' title='bbox 1066 3363 1217 3434; x_wconf 78' lang='lat' dir='ltr'><strong>Xysti</strong></span> <span class='ocrx_word' id='word_1_482' title='bbox 1238 3364 1405 3435; x_wconf 87' lang='lat' dir='ltr'><strong>gestis</strong></span> <span class='ocrx_word' id='word_1_483' title='bbox 1436 3364 1617 3423; x_wconf 90' lang='lat' dir='ltr'><strong>inuno</strong></span> <span class='ocrx_word' id='word_1_484' title='bbox 1642 3364 1945 3436; x_wconf 85' lang='lat' dir='ltr'><strong>eodemque</strong></span> <span class='ocrx_word' id='word_1_485' title='bbox 1972 3381 2101 3436; x_wconf 81' lang='lat' dir='ltr'><strong>per-</strong></span> 
     </span>
    </p>
   </div>
   <div class='ocr_carea' id='block_1_63' title="bbox 500 3455 2102 3534">
    <p class='ocr_par' dir='ltr' id='par_1_63' title="bbox 500 3455 2102 3534">
     <span class='ocr_line' id='line_1_63' title="bbox 500 3455 2102 3534; baseline -0.004 -17"><span class='ocrx_word' id='word_1_486' title='bbox 500 3461 723 3534; x_wconf 84' lang='lat' dir='ltr'><strong>antiquo</strong></span> <span class='ocrx_word' id='word_1_487' title='bbox 783 3458 970 3515; x_wconf 86' lang='lat' dir='ltr'><strong>codice</strong></span> <span class='ocrx_word' id='word_1_488' title='bbox 1034 3456 1346 3511; x_wconf 84' lang='lat' dir='ltr'><strong>Cutbertino</strong></span> <span class='ocrx_word' id='word_1_489' title='bbox 1421 3455 1838 3526; x_wconf 87' lang='lat' dir='ltr'><strong>Langobardicis</strong></span> <span class='ocrx_word' id='word_1_490' title='bbox 1910 3456 2102 3515; x_wconf 83' lang='lat' dir='ltr'><strong>litteris</strong></span> 
     </span>
    </p>
   </div>
   <div class='ocr_carea' id='block_1_64' title="bbox 502 3546 2099 3621">
    <p class='ocr_par' dir='ltr' id='par_1_64' title="bbox 502 3546 2099 3621">
     <span class='ocr_line' id='line_1_64' title="bbox 502 3546 2099 3621; baseline -0.004 -10"><span class='ocrx_word' id='word_1_491' title='bbox 502 3564 723 3612; x_wconf 87' lang='lat' dir='ltr'><strong>exarato</strong></span> <span class='ocrx_word' id='word_1_492' title='bbox 750 3552 1092 3616; x_wconf 87' lang='lat' dir='ltr'><strong>exhibentur,</strong></span> <span class='ocrx_word' id='word_1_493' title='bbox 1131 3559 1205 3616; x_wconf 91' lang='lat' dir='ltr'><strong>et,</strong></span> <span class='ocrx_word' id='word_1_494' title='bbox 1239 3557 1296 3604; x_wconf 89' lang='lat' dir='ltr'><strong>ut</strong></span> <span class='ocrx_word' id='word_1_495' title='bbox 1321 3563 1390 3605; x_wconf 89' lang='lat' dir='ltr'><strong>ex</strong></span> <span class='ocrx_word' id='word_1_496' title='bbox 1411 3546 1729 3619; x_wconf 80' lang='lat' dir='ltr'><strong>cognatione</strong></span> <span class='ocrx_word' id='word_1_497' title='bbox 1770 3558 1932 3621; x_wconf 87' lang='lat' dir='ltr'><strong>atque</strong></span> <span class='ocrx_word' id='word_1_498' title='bbox 1960 3566 2099 3605; x_wconf 86' lang='lat' dir='ltr'><strong>con-</strong></span> 
     </span>
    </p>
   </div>
   <div class='ocr_carea' id='block_1_65' title="bbox 504 3639 2158 3718">
    <p class='ocr_par' dir='ltr' id='par_1_65' title="bbox 504 3639 2158 3718">
     <span class='ocr_line' id='line_1_65' title="bbox 504 3639 2158 3718; baseline -0.005 -12"><span class='ocrx_word' id='word_1_499' title='bbox 504 3649 760 3709; x_wconf 79' lang='lat' dir='ltr'><strong>sensione</strong></span> <span class='ocrx_word' id='word_1_500' title='bbox 788 3645 913 3718; x_wconf 81' lang='lat' dir='ltr'><strong>styli</strong></span> <span class='ocrx_word' id='word_1_501' title='bbox 936 3641 1183 3714; x_wconf 87' lang='lat' dir='ltr'><strong>judicare</strong></span> <span class='ocrx_word' id='word_1_502' title='bbox 1225 3640 1370 3708; x_wconf 88' lang='lat' dir='ltr'><strong>licet,</strong></span> <span class='ocrx_word' id='word_1_503' title='bbox 1413 3640 1663 3697; x_wconf 88' lang='lat' dir='ltr'><strong>eumdem</strong></span> <span class='ocrx_word' id='word_1_504' title='bbox 1694 3639 1892 3699; x_wconf 88' lang='lat' dir='ltr'><strong>habere</strong></span> <span class='ocrx_word' id='word_1_505' title='bbox 1914 3642 2100 3700; x_wconf 81' lang='lat' dir='ltr'><strong>viden-</strong></span> <span class='ocrx_word' id='word_1_506' title='bbox 2154 3672 2158 3681; x_wconf 90' lang='lat'><strong><em>-</em></strong></span> 
     </span>
    </p>
   </div>
   <div class='ocr_carea' id='block_1_66' title="bbox 507 3732 2105 3810">
    <p class='ocr_par' dir='ltr' id='par_1_66' title="bbox 507 3732 2105 3810">
     <span class='ocr_line' id='line_1_66' title="bbox 507 3732 2105 3810; baseline -0.006 -14"><span class='ocrx_word' id='word_1_507' title='bbox 507 3752 594 3801; x_wconf 88' lang='lat' dir='ltr'><strong>tur</strong></span> <span class='ocrx_word' id='word_1_508' title='bbox 615 3747 917 3810; x_wconf 85' lang='lat' dir='ltr'><strong>parentem,</strong></span> <span class='ocrx_word' id='word_1_509' title='bbox 949 3733 1017 3788; x_wconf 90' lang='lat' dir='ltr'><strong>ad</strong></span> <span class='ocrx_word' id='word_1_510' title='bbox 1054 3743 1297 3788; x_wconf 88' lang='lat' dir='ltr'><strong>veterum</strong></span> <span class='ocrx_word' id='word_1_511' title='bbox 1332 3733 1724 3802; x_wconf 83' lang='lat' dir='ltr'><strong>exemplarium</strong></span> <span class='ocrx_word' id='word_1_512' title='bbox 1767 3732 1950 3801; x_wconf 78' lang='lat' dir='ltr'><strong>fidem,</strong></span> <span class='ocrx_word' id='word_1_513' title='bbox 1986 3751 2105 3806; x_wconf 75' lang='lat' dir='ltr'><strong>qum</strong></span> 
     </span>
    </p>
   </div>
   <div class='ocr_carea' id='block_1_67' title="bbox 508 3824 2106 3891">
    <p class='ocr_par' dir='ltr' id='par_1_67' title="bbox 508 3824 2106 3891">
     <span class='ocr_line' id='line_1_67' title="bbox 508 3824 2106 3891; baseline -0.009 -4"><span class='ocrx_word' id='word_1_514' title='bbox 508 3835 562 3888; x_wconf 90' lang='lat' dir='ltr'><strong>in</strong></span> <span class='ocrx_word' id='word_1_515' title='bbox 583 3829 894 3891; x_wconf 87' lang='lat' dir='ltr'><strong>novissimis</strong></span> <span class='ocrx_word' id='word_1_516' title='bbox 910 3824 1265 3882; x_wconf 88' lang='lat' dir='ltr'><strong>conciliorum</strong></span> <span class='ocrx_word' id='word_1_517' title='bbox 1289 3824 1619 3881; x_wconf 90' lang='lat' dir='ltr'><strong>editionibus</strong></span> <span class='ocrx_word' id='word_1_518' title='bbox 1645 3825 1867 3885; x_wconf 88' lang='lat' dir='ltr'><strong>minime</strong></span> <span class='ocrx_word' id='word_1_519' title='bbox 1892 3835 2106 3882; x_wconf 78' lang='lat' dir='ltr'><strong>servata</strong></span> 
     </span>
    </p>
   </div>
   <div class='ocr_carea' id='block_1_68' title="bbox 504 3920 2107 3996">
    <p class='ocr_par' dir='ltr' id='par_1_68' title="bbox 504 3920 2107 3996">
     <span class='ocr_line' id='line_1_68' title="bbox 504 3920 2107 3996; baseline -0.004 -12"><span class='ocrx_word' id='word_1_520' title='bbox 504 3937 611 3996; x_wconf 86' lang='lat' dir='ltr'><strong>est,</strong></span> <span class='ocrx_word' id='word_1_521' title='bbox 639 3924 775 3983; x_wconf 88' lang='lat' dir='ltr'><strong>infra</strong></span> <span class='ocrx_word' id='word_1_522' title='bbox 806 3922 1151 3985; x_wconf 86' lang='lat' dir='ltr'><strong>recudemus,</strong></span> <span class='ocrx_word' id='word_1_523' title='bbox 1183 3934 1392 3976; x_wconf 89' lang='lat' dir='ltr'><strong>necnon</strong></span> <span class='ocrx_word' id='word_1_524' title='bbox 1420 3928 1476 3975; x_wconf 91' lang='lat' dir='ltr'><strong>et</strong></span> <span class='ocrx_word' id='word_1_525' title='bbox 1498 3920 1634 3975; x_wconf 86' lang='lat' dir='ltr'><strong>duas</strong></span> <span class='ocrx_word' id='word_1_526' title='bbox 1660 3920 1941 3991; x_wconf 85' lang='lat' dir='ltr'><strong>epistolas,</strong></span> <span class='ocrx_word' id='word_1_527' title='bbox 1974 3935 2107 3993; x_wconf 86' lang='lat' dir='ltr'><strong>quas</strong></span> 
     </span>
    </p>
   </div>
   <div class='ocr_carea' id='block_1_69' title="bbox 506 4011 1720 4084">
    <p class='ocr_par' dir='ltr' id='par_1_69' title="bbox 506 4011 1720 4084">
     <span class='ocr_line' id='line_1_69' title="bbox 506 4011 1720 4084; baseline -0.008 -7"><span class='ocrx_word' id='word_1_528' title='bbox 506 4019 746 4081; x_wconf 85' lang='lat' dir='ltr'><strong>lsidorus</strong></span> <span class='ocrx_word' id='word_1_529' title='bbox 776 4015 1040 4073; x_wconf 79' lang='lat' dir='ltr'><strong>Mercator</strong></span> <span class='ocrx_word' id='word_1_530' title='bbox 1065 4011 1382 4071; x_wconf 81' lang='lat' dir='ltr'><strong>Marcellino</strong></span> <span class='ocrx_word' id='word_1_531' title='bbox 1412 4012 1720 4084; x_wconf 85' lang='lat' dir='ltr'><strong>supposuit.</strong></span> 
     </span>
    </p>
   </div>
   <div class='ocr_carea' id='block_1_70' title="bbox 513 4146 2101 4227">
    <p class='ocr_par' dir='ltr' id='par_1_70' title="bbox 513 4146 2101 4227">
     <span class='ocr_line' id='line_1_70' title="bbox 513 4146 2101 4227; baseline -0.006 -17"><span class='ocrx_word' id='word_1_532' title='bbox 513 4152 542 4227; x_wconf 59' lang='grc' dir='ltr'>ᾗ</span> <span class='ocrx_word' id='word_1_533' title='bbox 574 4151 662 4210; x_wconf 79' lang='lat' dir='ltr'><strong>lii.</strong></span> <span class='ocrx_word' id='word_1_534' title='bbox 694 4180 766 4194; x_wconf 91' lang='lat'><strong>——-</strong></span> <span class='ocrx_word' id='word_1_535' title='bbox 807 4148 1039 4221; x_wconf 70' lang='lat' dir='ltr'><strong>Vulgum</strong></span> <span class='ocrx_word' id='word_1_536' title='bbox 1070 4146 1255 4217; x_wconf 82' lang='lat' dir='ltr'><strong>synodi</strong></span> <span class='ocrx_word' id='word_1_537' title='bbox 1287 4146 1561 4201; x_wconf 61' lang='lat' dir='ltr'><strong>Suessana?</strong></span> <span class='ocrx_word' id='word_1_538' title='bbox 1577 4163 1666 4202; x_wconf 81' lang='lat' dir='ltr'><strong>seu</strong></span> <span class='ocrx_word' id='word_1_539' title='bbox 1688 4146 2017 4203; x_wconf 66' lang='lat' dir='ltr'><strong>Sinuessanis</strong></span> <span class='ocrx_word' id='word_1_540' title='bbox 2038 4148 2101 4201; x_wconf 78' lang='lat' dir='ltr'><strong>de</strong></span> 
     </span>
    </p>
   </div>
   <div class='ocr_carea' id='block_1_71' title="bbox 976 4236 1635 4311">
    <p class='ocr_par' dir='ltr' id='par_1_71' title="bbox 976 4236 1635 4311">
     <span class='ocr_line' id='line_1_71' title="bbox 976 4236 1635 4311; baseline 0 -18"><span class='ocrx_word' id='word_1_541' title='bbox 976 4236 1282 4294; x_wconf 77' lang='lat' dir='ltr'><strong>Marcellino</strong></span> <span class='ocrx_word' id='word_1_542' title='bbox 1312 4252 1447 4311; x_wconf 83' lang='lat' dir='ltr'><strong>papa</strong></span> <span class='ocrx_word' id='word_1_543' title='bbox 1475 4248 1635 4310; x_wconf 81' lang='lat' dir='ltr'><strong>gesta.</strong></span> 
     </span>
    </p>
   </div>
   <div class='ocr_carea' id='block_1_72' title="bbox 578 4374 2109 4443">
    <p class='ocr_par' dir='ltr' id='par_1_72' title="bbox 578 4374 2109 4443">
     <span class='ocr_line' id='line_1_72' title="bbox 578 4374 2109 4443; baseline -0.005 -4"><span class='ocrx_word' id='word_1_544' title='bbox 578 4384 621 4443; x_wconf 86' lang='grc' dir='ltr'><strong>Ι.</strong></span> <span class='ocrx_word' id='word_1_545' title='bbox 648 4379 846 4441; x_wconf 79' lang='lat' dir='ltr'><strong>Urbani</strong></span> <span class='ocrx_word' id='word_1_546' title='bbox 872 4387 919 4434; x_wconf 85' lang='lat' dir='ltr'><strong>et</strong></span> <span class='ocrx_word' id='word_1_547' title='bbox 951 4375 1245 4431; x_wconf 79' lang='lat' dir='ltr'><strong>Marcellini</strong></span> <span class='ocrx_word' id='word_1_548' title='bbox 1275 4374 1562 4430; x_wconf 83' lang='lat' dir='ltr'><strong>altercatio.</strong></span> <span class='ocrx_word' id='word_1_549' title='bbox 1588 4406 1658 4417; x_wconf 89' lang='lat'><strong>—</strong></span> <span class='ocrx_word' id='word_1_550' title='bbox 1685 4376 1737 4431; x_wconf 78' lang='lat' dir='ltr'><strong>i.</strong></span> <span class='ocrx_word' id='word_1_551' title='bbox 1773 4374 2109 4431; x_wconf 88' lang='lat' dir='ltr'><strong>Diocletiano</strong></span> 
     </span>
    </p>
   </div>
   <div class='ocr_carea' id='block_1_73' title="bbox 513 4466 2110 4539">
    <p class='ocr_par' dir='ltr' id='par_1_73' title="bbox 513 4466 2110 4539">
     <span class='ocr_line' id='line_1_73' title="bbox 513 4466 2110 4539; baseline -0.006 -6"><span class='ocrx_word' id='word_1_552' title='bbox 513 4484 580 4537; x_wconf 85' lang='lat' dir='ltr'><strong>et.</strong></span> <span class='ocrx_word' id='word_1_553' title='bbox 597 4473 921 4535; x_wconf 82' lang='lat' dir='ltr'><strong>Maximiano</strong></span> <span class='ocrx_word' id='word_1_554' title='bbox 952 4469 1230 4539; x_wconf 83' lang='lat' dir='ltr'><strong>Augustis,</strong></span> <span class='ocrx_word' id='word_1_555' title='bbox 1253 4482 1374 4522; x_wconf 92' lang='lat' dir='ltr'><strong>cum</strong></span> <span class='ocrx_word' id='word_1_556' title='bbox 1405 4466 1556 4521; x_wconf 90' lang='lat' dir='ltr'><strong>multi</strong></span> <span class='ocrx_word' id='word_1_557' title='bbox 1582 4466 1637 4525; x_wconf 88' lang='lat' dir='ltr'><strong>in</strong></span> <span class='ocrx_word' id='word_1_558' title='bbox 1666 4468 1770 4522; x_wconf 91' lang='lat' dir='ltr'><strong>vita</strong></span> <span class='ocrx_word' id='word_1_559' title='bbox 1792 4482 1885 4522; x_wconf 91' lang='lat' dir='ltr'><strong>sua</strong></span> <span class='ocrx_word' id='word_1_560' title='bbox 1914 4469 2110 4524; x_wconf 91' lang='lat' dir='ltr'><strong>mentis</strong></span> 
     </span>
    </p>
   </div>
   <div class='ocr_carea' id='block_1_74' title="bbox 511 4556 2107 4636">
    <p class='ocr_par' dir='ltr' id='par_1_74' title="bbox 511 4556 2107 4636">
     <span class='ocr_line' id='line_1_74' title="bbox 511 4556 2107 4636; baseline -0.006 -12"><span class='ocrx_word' id='word_1_561' title='bbox 511 4582 621 4627; x_wconf 63' lang='lat' dir='ltr'><strong>suae</strong></span> <span class='ocrx_word' id='word_1_562' title='bbox 651 4578 874 4636; x_wconf 78' lang='lat' dir='ltr'><strong>aSpersu</strong></span> <span class='ocrx_word' id='word_1_563' title='bbox 908 4561 1200 4618; x_wconf 85' lang='lat' dir='ltr'><strong>vacillitate</strong></span> <span class='ocrx_word' id='word_1_564' title='bbox 1248 4558 1650 4614; x_wconf 90' lang='lat' dir='ltr'><strong>mentiebantur</strong></span> <span class='ocrx_word' id='word_1_565' title='bbox 1675 4558 1882 4630; x_wconf 83' lang='lat' dir='ltr'><strong>origine</strong></span> <span class='ocrx_word' id='word_1_566' title='bbox 1920 4556 2107 4615; x_wconf 88' lang='lat' dir='ltr'><strong>dicen-</strong></span> 
     </span>
    </p>
   </div>
   <div class='ocr_carea' id='block_1_75' title="bbox 514 4622 2185 4729">
    <p class='ocr_par' dir='ltr' id='par_1_75' title="bbox 514 4622 2185 4729">
     <span class='ocr_line' id='line_1_75' title="bbox 514 4622 2185 4729; baseline -0.004 -15"><span class='ocrx_word' id='word_1_567' title='bbox 514 4669 616 4725; x_wconf 87' lang='lat' dir='ltr'><strong>tes,</strong></span> <span class='ocrx_word' id='word_1_568' title='bbox 669 4622 814 4729; x_wconf 75' lang='lat' dir='ltr'><strong>quod</strong></span> <span class='ocrx_word' id='word_1_569' title='bbox 858 4653 1085 4709; x_wconf 90' lang='lat' dir='ltr'><strong>deorum</strong></span> <span class='ocrx_word' id='word_1_570' title='bbox 1143 4651 1456 4722; x_wconf 91' lang='lat' dir='ltr'><strong>superstitio</strong></span> <span class='ocrx_word' id='word_1_571' title='bbox 1510 4652 1759 4707; x_wconf 90' lang='lat' dir='ltr'><strong>vanitatis</strong></span> <span class='ocrx_word' id='word_1_572' title='bbox 1804 4668 1966 4723; x_wconf 89' lang='lat' dir='ltr'><strong>super</strong></span> <span class='ocrx_word' id='word_1_573' title='bbox 2012 4622 2185 4710; x_wconf 80' lang='lat' dir='ltr'><strong>sexD</strong></span> 
     </span>
    </p>
   </div>
   <div class='ocr_carea' id='block_1_76' title="bbox 510 4742 2112 4819">
    <p class='ocr_par' dir='ltr' id='par_1_76' title="bbox 510 4742 2112 4819">
     <span class='ocr_line' id='line_1_76' title="bbox 510 4742 2112 4819; baseline -0.004 -10"><span class='ocrx_word' id='word_1_574' title='bbox 510 4752 797 4819; x_wconf 84' lang='lat' dir='ltr'><strong>sentirent,</strong></span> <span class='ocrx_word' id='word_1_575' title='bbox 820 4761 874 4805; x_wconf 88' lang='lat' dir='ltr'><strong>et</strong></span> <span class='ocrx_word' id='word_1_576' title='bbox 905 4746 972 4802; x_wconf 88' lang='lat' dir='ltr'><strong>ad</strong></span> <span class='ocrx_word' id='word_1_577' title='bbox 1004 4742 1417 4802; x_wconf 88' lang='lat' dir='ltr'><strong>sacrificandum</strong></span> <span class='ocrx_word' id='word_1_578' title='bbox 1443 4743 1658 4799; x_wconf 88' lang='lat' dir='ltr'><strong>‘eodem</strong></span> <span class='ocrx_word' id='word_1_579' title='bbox 1688 4754 1935 4817; x_wconf 87' lang='lat' dir='ltr'><strong>tempore</strong></span> <span class='ocrx_word' id='word_1_580' title='bbox 1956 4747 2112 4803; x_wconf 91' lang='lat' dir='ltr'><strong>multi</strong></span> 
     </span>
    </p>
   </div>
   <div class='ocr_carea' id='block_1_77' title="bbox 511 4837 2110 4913">
    <p class='ocr_par' dir='ltr' id='par_1_77' title="bbox 511 4837 2110 4913">
     <span class='ocr_line' id='line_1_77' title="bbox 511 4837 2110 4913; baseline -0.006 -8"><span class='ocrx_word' id='word_1_581' title='bbox 511 4848 897 4908; x_wconf 88' lang='lat' dir='ltr'><strong>inducerentur</strong></span> <span class='ocrx_word' id='word_1_582' title='bbox 950 4858 1044 4913; x_wconf 88' lang='lat' dir='ltr'><strong>per</strong></span> <span class='ocrx_word' id='word_1_583' title='bbox 1097 4839 1399 4913; x_wconf 89' lang='lat' dir='ltr'><strong>pecuniam.</strong></span> <span class='ocrx_word' id='word_1_584' title='bbox 1445 4847 1502 4892; x_wconf 90' lang='lat' dir='ltr'><strong>ut</strong></span> <span class='ocrx_word' id='word_1_585' title='bbox 1549 4837 1920 4901; x_wconf 87' lang='lat' dir='ltr'><strong>thurilicarent</strong></span> <span class='ocrx_word' id='word_1_586' title='bbox 1967 4840 2110 4902; x_wconf 89' lang='lat' dir='ltr'><strong>diis:</strong></span> 
     </span>
    </p>
   </div>
   <div class='ocr_carea' id='block_1_78' title="bbox 513 4929 2114 5008">
    <p class='ocr_par' dir='ltr' id='par_1_78' title="bbox 513 4929 2114 5008">
     <span class='ocr_line' id='line_1_78' title="bbox 513 4929 2114 5008; baseline -0.006 -8"><span class='ocrx_word' id='word_1_587' title='bbox 513 4940 823 5000; x_wconf 80' lang='lat' dir='ltr'><strong>Marcellino</strong></span> <span class='ocrx_word' id='word_1_588' title='bbox 848 4937 1029 5008; x_wconf 90' lang='lat' dir='ltr'><strong>itaque</strong></span> <span class='ocrx_word' id='word_1_589' title='bbox 1050 4933 1198 4989; x_wconf 86' lang='lat' dir='ltr'><strong>urbis</strong></span> <span class='ocrx_word' id='word_1_590' title='bbox 1226 4930 1412 4989; x_wconf 67' lang='lat' dir='ltr'><strong>Romae</strong></span> <span class='ocrx_word' id='word_1_591' title='bbox 1438 4929 1695 5003; x_wconf 88' lang='lat' dir='ltr'><strong>episcopo</strong></span> <span class='ocrx_word' id='word_1_592' title='bbox 1720 4931 1869 4993; x_wconf 87' lang='lat' dir='ltr'><strong>venit</strong></span> <span class='ocrx_word' id='word_1_593' title='bbox 1895 4934 2114 5005; x_wconf 88' lang='lat' dir='ltr'><strong>quidam</strong></span> 
     </span>
    </p>
   </div>
   <div class='ocr_carea' id='block_1_79' title="bbox 2207 3275 3805 3349">
    <p class='ocr_par' dir='ltr' id='par_1_79' title="bbox 2207 3275 3805 3349">
     <span class='ocr_line' id='line_1_79' title="bbox 2207 3275 3805 3349; baseline 0.001 -21"><span class='ocrx_word' id='word_1_594' title='bbox 2207 3283 2643 3331; x_wconf 86' lang='lat' dir='ltr'><strong>menstruantem</strong></span> <span class='ocrx_word' id='word_1_595' title='bbox 2676 3277 2699 3331; x_wconf 71' lang='grc' dir='ltr'><strong>’ἲ</strong></span> <span class='ocrx_word' id='word_1_596' title='bbox 2726 3278 2904 3345; x_wconf 86' lang='lat' dir='ltr'><strong>Quare</strong></span> <span class='ocrx_word' id='word_1_597' title='bbox 2945 3294 3076 3349; x_wconf 84' lang='lat' dir='ltr'><strong>ergo</strong></span> <span class='ocrx_word' id='word_1_598' title='bbox 3123 3276 3227 3333; x_wconf 90' lang='lat' dir='ltr'><strong>hoc</strong></span> <span class='ocrx_word' id='word_1_599' title='bbox 3255 3275 3601 3333; x_wconf 78' lang='lat' dir='ltr'><strong>Marcellinus</strong></span> <span class='ocrx_word' id='word_1_600' title='bbox 3626 3275 3805 3345; x_wconf 88' lang='lat' dir='ltr'><strong>ponti-</strong></span> 
     </span>
    </p>
   </div>
   <div class='ocr_carea' id='block_1_80' title="bbox 2208 3366 3810 3441">
    <p class='ocr_par' dir='ltr' id='par_1_80' title="bbox 2208 3366 3810 3441">
     <span class='ocr_line' id='line_1_80' title="bbox 2208 3366 3810 3441; baseline 0.001 -20"><span class='ocrx_word' id='word_1_601' title='bbox 2208 3366 2294 3423; x_wconf 86' lang='lat' dir='ltr'><strong>fex</strong></span> <span class='ocrx_word' id='word_1_602' title='bbox 2343 3369 2484 3423; x_wconf 83' lang='lat' dir='ltr'><strong>sicut</strong></span> <span class='ocrx_word' id='word_1_603' title='bbox 2521 3379 2577 3425; x_wconf 87' lang='lat' dir='ltr'><strong>et</strong></span> <span class='ocrx_word' id='word_1_604' title='bbox 2598 3386 2701 3441; x_wconf 84' lang='lat' dir='ltr'><strong>ego</strong></span> <span class='ocrx_word' id='word_1_605' title='bbox 2728 3386 2834 3427; x_wconf 86' lang='lat' dir='ltr'><strong>non</strong></span> <span class='ocrx_word' id='word_1_606' title='bbox 2866 3370 3138 3426; x_wconf 88' lang='lat' dir='ltr'><strong>thurilieat</strong></span> <span class='ocrx_word' id='word_1_607' title='bbox 3167 3369 3578 3441; x_wconf 75' lang='lat' dir='ltr'><strong>majestatibusi</strong></span> <span class='ocrx_word' id='word_1_608' title='bbox 3614 3387 3635 3422; x_wconf 72' lang='grc' dir='ltr'><strong>ι</strong></span> <span class='ocrx_word' id='word_1_609' title='bbox 3671 3367 3810 3425; x_wconf 87' lang='lat' dir='ltr'><strong>Dicit</strong></span> 
     </span>
    </p>
   </div>
   <div class='ocr_carea' id='block_1_81' title="bbox 2206 3458 3808 3530">
    <p class='ocr_par' dir='ltr' id='par_1_81' title="bbox 2206 3458 3808 3530">
     <span class='ocr_line' id='line_1_81' title="bbox 2206 3458 3808 3530; baseline 0.002 -17"><span class='ocrx_word' id='word_1_610' title='bbox 2206 3458 2386 3530; x_wconf 83' lang='lat' dir='ltr'><strong>itaque</strong></span> <span class='ocrx_word' id='word_1_611' title='bbox 2457 3460 2817 3517; x_wconf 83' lang='lat' dir='ltr'><strong>Diocletianus</strong></span> <span class='ocrx_word' id='word_1_612' title='bbox 2866 3479 2881 3514; x_wconf 91' lang='lat'><strong>:</strong></span> <span class='ocrx_word' id='word_1_613' title='bbox 2942 3479 2962 3514; x_wconf 82' lang='lat' dir='ltr'><strong>t</strong></span> <span class='ocrx_word' id='word_1_614' title='bbox 3036 3461 3152 3518; x_wconf 83' lang='lat' dir='ltr'><strong>Non</strong></span> <span class='ocrx_word' id='word_1_615' title='bbox 3217 3475 3503 3519; x_wconf 73' lang='lat' dir='ltr'><strong>exsecraris</strong></span> <span class='ocrx_word' id='word_1_616' title='bbox 3531 3460 3808 3521; x_wconf 82' lang='lat' dir='ltr'><strong>hominem</strong></span> 
     </span>
    </p>
   </div>
   <div class='ocr_carea' id='block_1_82' title="bbox 2211 3552 3809 3625">
    <p class='ocr_par' dir='ltr' id='par_1_82' title="bbox 2211 3552 3809 3625">
     <span class='ocr_line' id='line_1_82' title="bbox 2211 3552 3809 3625; baseline 0.001 -18"><span class='ocrx_word' id='word_1_617' title='bbox 2211 3552 2370 3617; x_wconf 86' lang='lat' dir='ltr'><strong>hunc,</strong></span> <span class='ocrx_word' id='word_1_618' title='bbox 2403 3555 2660 3625; x_wconf 85' lang='lat' dir='ltr'><strong>quoniam</strong></span> <span class='ocrx_word' id='word_1_619' title='bbox 2692 3565 2891 3611; x_wconf 74' lang='lat' dir='ltr'><strong>nostra:</strong></span> <span class='ocrx_word' id='word_1_620' title='bbox 2920 3555 3226 3611; x_wconf 70' lang='lat' dir='ltr'><strong>clementia:</strong></span> <span class='ocrx_word' id='word_1_621' title='bbox 3246 3570 3354 3610; x_wconf 88' lang='lat' dir='ltr'><strong>non</strong></span> <span class='ocrx_word' id='word_1_622' title='bbox 3385 3552 3692 3620; x_wconf 70' lang='lat' dir='ltr'><strong>difﬁcultat,</strong></span> <span class='ocrx_word' id='word_1_623' title='bbox 3715 3569 3809 3610; x_wconf 83' lang='lat' dir='ltr'><strong>ex-</strong></span> 
     </span>
    </p>
   </div>
   <div class='ocr_carea' id='block_1_83' title="bbox 2210 3644 3811 3719">
    <p class='ocr_par' dir='ltr' id='par_1_83' title="bbox 2210 3644 3811 3719">
     <span class='ocr_line' id='line_1_83' title="bbox 2210 3644 3811 3719; baseline 0.002 -20"><span class='ocrx_word' id='word_1_624' title='bbox 2210 3644 2359 3701; x_wconf 84' lang='lat' dir='ltr'><strong>hibet</strong></span> <span class='ocrx_word' id='word_1_625' title='bbox 2403 3645 2725 3703; x_wconf 81' lang='lat' dir='ltr'><strong>inﬂammari</strong></span> <span class='ocrx_word' id='word_1_626' title='bbox 2769 3665 2785 3714; x_wconf 86' lang='lat'><strong>;</strong></span> <span class='ocrx_word' id='word_1_627' title='bbox 2827 3647 2921 3704; x_wconf 84' lang='lat' dir='ltr'><strong>sed</strong></span> <span class='ocrx_word' id='word_1_628' title='bbox 2983 3648 3101 3719; x_wconf 85' lang='lat' dir='ltr'><strong>ejus</strong></span> <span class='ocrx_word' id='word_1_629' title='bbox 3146 3649 3429 3717; x_wconf 79' lang='lat' dir='ltr'><strong>consilium</strong></span> <span class='ocrx_word' id='word_1_630' title='bbox 3482 3648 3811 3718; x_wconf 86' lang='lat' dir='ltr'><strong>accipiamus</strong></span> 
     </span>
    </p>
   </div>
   <div class='ocr_carea' id='block_1_84' title="bbox 2211 3739 3809 3812">
    <p class='ocr_par' dir='ltr' id='par_1_84' title="bbox 2211 3739 3809 3812">
     <span class='ocr_line' id='line_1_84' title="bbox 2211 3739 3809 3812; baseline 0.003 -20"><span class='ocrx_word' id='word_1_631' title='bbox 2211 3748 2499 3809; x_wconf 84' lang='lat' dir='ltr'><strong>utrumque</strong></span> <span class='ocrx_word' id='word_1_632' title='bbox 2530 3739 2830 3811; x_wconf 69' lang='lat' dir='ltr'><strong>(uterque),</strong></span> <span class='ocrx_word' id='word_1_633' title='bbox 2862 3741 3120 3811; x_wconf 86' lang='lat' dir='ltr'><strong>quoniam</strong></span> <span class='ocrx_word' id='word_1_634' title='bbox 3172 3757 3278 3798; x_wconf 91' lang='lat' dir='ltr'><strong>non</strong></span> <span class='ocrx_word' id='word_1_635' title='bbox 3322 3742 3670 3812; x_wconf 77' lang='lat' dir='ltr'><strong>probavimus</strong></span> <span class='ocrx_word' id='word_1_636' title='bbox 3711 3755 3809 3796; x_wconf 84' lang='lat' dir='ltr'><strong>no—</strong></span> 
     </span>
    </p>
   </div>
   <div class='ocr_carea' id='block_1_85' title="bbox 2210 3831 3808 3899">
    <p class='ocr_par' dir='ltr' id='par_1_85' title="bbox 2210 3831 3808 3899">
     <span class='ocr_line' id='line_1_85' title="bbox 2210 3831 3808 3899; baseline 0.003 -17"><span class='ocrx_word' id='word_1_637' title='bbox 2210 3838 2336 3883; x_wconf 77' lang='lat' dir='ltr'><strong>strm</strong></span> <span class='ocrx_word' id='word_1_638' title='bbox 2362 3831 2646 3886; x_wconf 88' lang='lat' dir='ltr'><strong>serenitati</strong></span> <span class='ocrx_word' id='word_1_639' title='bbox 2693 3846 2817 3887; x_wconf 87' lang='lat' dir='ltr'><strong>esse</strong></span> <span class='ocrx_word' id='word_1_640' title='bbox 2840 3832 3154 3899; x_wconf 80' lang='lat' dir='ltr'><strong>obscurum,</strong></span> <span class='ocrx_word' id='word_1_641' title='bbox 3189 3848 3288 3889; x_wconf 87' lang='lat' dir='ltr'><strong>nec</strong></span> <span class='ocrx_word' id='word_1_642' title='bbox 3313 3842 3501 3891; x_wconf 86' lang='lat' dir='ltr'><strong>contra</strong></span> <span class='ocrx_word' id='word_1_643' title='bbox 3526 3833 3665 3893; x_wconf 82' lang='lat' dir='ltr'><strong>deos</strong></span> <span class='ocrx_word' id='word_1_644' title='bbox 3703 3833 3808 3887; x_wconf 82' lang='lat' dir='ltr'><strong>im-</strong></span> 
     </span>
    </p>
   </div>
   <div class='ocr_carea' id='block_1_86' title="bbox 2209 3920 3810 3997">
    <p class='ocr_par' dir='ltr' id='par_1_86' title="bbox 2209 3920 3810 3997">
     <span class='ocr_line' id='line_1_86' title="bbox 2209 3920 3810 3997; baseline 0.006 -23"><span class='ocrx_word' id='word_1_645' title='bbox 2209 3920 2469 3976; x_wconf 89' lang='lat' dir='ltr'><strong>mortales</strong></span> <span class='ocrx_word' id='word_1_646' title='bbox 2537 3922 2665 3976; x_wconf 89' lang='lat' dir='ltr'><strong>dare</strong></span> <span class='ocrx_word' id='word_1_647' title='bbox 2712 3924 3057 3978; x_wconf 89' lang='lat' dir='ltr'><strong>sententiam.</strong></span> <span class='ocrx_word' id='word_1_648' title='bbox 3116 3942 3135 3975; x_wconf 84' lang='grc'><strong><em>›</em></strong></span> <span class='ocrx_word' id='word_1_649' title='bbox 3191 3925 3469 3983; x_wconf 84' lang='lat' dir='ltr'><strong>Romanus</strong></span> <span class='ocrx_word' id='word_1_650' title='bbox 3537 3926 3717 3997; x_wconf 84' lang='lat' dir='ltr'><strong>itaque</strong></span> <span class='ocrx_word' id='word_1_651' title='bbox 3754 3934 3810 3982; x_wconf 87' lang='lat' dir='ltr'><strong>et</strong></span> 
     </span>
    </p>
   </div>
   <div class='ocr_carea' id='block_1_87' title="bbox 2210 4013 3805 4088">
    <p class='ocr_par' dir='ltr' id='par_1_87' title="bbox 2210 4013 3805 4088">
     <span class='ocr_line' id='line_1_87' title="bbox 2210 4013 3805 4088; baseline 0.004 -19"><span class='ocrx_word' id='word_1_652' title='bbox 2210 4013 2516 4070; x_wconf 80' lang='lat' dir='ltr'><strong>Alexander</strong></span> <span class='ocrx_word' id='word_1_653' title='bbox 2544 4023 2757 4070; x_wconf 89' lang='lat' dir='ltr'><strong>secreto</strong></span> <span class='ocrx_word' id='word_1_654' title='bbox 2802 4016 3057 4073; x_wconf 77' lang='lat' dir='ltr'><strong>dixerunt</strong></span> <span class='ocrx_word' id='word_1_655' title='bbox 3099 4017 3429 4075; x_wconf 90' lang='lat' dir='ltr'><strong>Diocletiano</strong></span> <span class='ocrx_word' id='word_1_656' title='bbox 3458 4036 3470 4071; x_wconf 92' lang='lat'><strong>:</strong></span> <span class='ocrx_word' id='word_1_657' title='bbox 3502 4038 3520 4070; x_wconf 75' lang='grc' dir='ltr'><strong>ι</strong></span> <span class='ocrx_word' id='word_1_658' title='bbox 3556 4018 3611 4076; x_wconf 92' lang='lat' dir='ltr'><strong>Si</strong></span> <span class='ocrx_word' id='word_1_659' title='bbox 3642 4019 3805 4088; x_wconf 89' lang='lat' dir='ltr'><strong>hunc,</strong></span> 
     </span>
    </p>
   </div>
   <div class='ocr_carea' id='block_1_88' title="bbox 2209 4106 3810 4183">
    <p class='ocr_par' dir='ltr' id='par_1_88' title="bbox 2209 4106 3810 4183">
     <span class='ocr_line' id='line_1_88' title="bbox 2209 4106 3810 4183; baseline 0.007 -21"><span class='ocrx_word' id='word_1_660' title='bbox 2209 4106 2431 4165; x_wconf 89' lang='lat' dir='ltr'><strong>domine</strong></span> <span class='ocrx_word' id='word_1_661' title='bbox 2459 4118 2621 4178; x_wconf 84' lang='lat' dir='ltr'><strong>atque</strong></span> <span class='ocrx_word' id='word_1_662' title='bbox 2644 4109 3001 4169; x_wconf 82' lang='lat' dir='ltr'><strong>invictissime</strong></span> <span class='ocrx_word' id='word_1_663' title='bbox 3019 4112 3291 4183; x_wconf 83' lang='lat' dir='ltr'><strong>princeps,</strong></span> <span class='ocrx_word' id='word_1_664' title='bbox 3312 4113 3543 4175; x_wconf 86' lang='lat' dir='ltr'><strong>consilio</strong></span> <span class='ocrx_word' id='word_1_665' title='bbox 3573 4115 3810 4175; x_wconf 87' lang='lat' dir='ltr'><strong>tenueris</strong></span> 
     </span>
    </p>
   </div>
   <div class='ocr_carea' id='block_1_89' title="bbox 2211 4198 3810 4284">
    <p class='ocr_par' dir='ltr' id='par_1_89' title="bbox 2211 4198 3810 4284">
     <span class='ocr_line' id='line_1_89' title="bbox 2211 4198 3810 4284; baseline 0.006 -30"><span class='ocrx_word' id='word_1_666' title='bbox 2211 4198 2596 4255; x_wconf 86' lang='lat' dir='ltr'><strong>blandimentis</strong></span> <span class='ocrx_word' id='word_1_667' title='bbox 2620 4242 2635 4266; x_wconf 97' lang='lat'><strong>,</strong></span> <span class='ocrx_word' id='word_1_668' title='bbox 2683 4217 2898 4257; x_wconf 90' lang='lat' dir='ltr'><strong>omnem</strong></span> <span class='ocrx_word' id='word_1_669' title='bbox 2954 4204 3219 4261; x_wconf 88' lang='lat' dir='ltr'><strong>urbanam</strong></span> <span class='ocrx_word' id='word_1_670' title='bbox 3251 4206 3461 4284; x_wconf 89' lang='lat' dir='ltr'><strong>plebem</strong></span> <span class='ocrx_word' id='word_1_671' title='bbox 3489 4205 3715 4263; x_wconf 86' lang='lat' dir='ltr'><strong>habebis</strong></span> <span class='ocrx_word' id='word_1_672' title='bbox 3755 4209 3810 4264; x_wconf 91' lang='lat' dir='ltr'><strong>in</strong></span> 
     </span>
    </p>
   </div>
   <div class='ocr_carea' id='block_1_90' title="bbox 2213 4291 3811 4368">
    <p class='ocr_par' dir='ltr' id='par_1_90' title="bbox 2213 4291 3811 4368">
     <span class='ocr_line' id='line_1_90' title="bbox 2213 4291 3811 4368; baseline 0.008 -24"><span class='ocrx_word' id='word_1_673' title='bbox 2213 4291 2416 4345; x_wconf 88' lang='lat' dir='ltr'><strong>unitate</strong></span> <span class='ocrx_word' id='word_1_674' title='bbox 2463 4307 2809 4361; x_wconf 86' lang='lat' dir='ltr'><strong>conservare,</strong></span> <span class='ocrx_word' id='word_1_675' title='bbox 2844 4306 2899 4351; x_wconf 91' lang='lat' dir='ltr'><strong>et</strong></span> <span class='ocrx_word' id='word_1_676' title='bbox 2927 4306 3117 4366; x_wconf 85' lang='lat' dir='ltr'><strong>gentes</strong></span> <span class='ocrx_word' id='word_1_677' title='bbox 3166 4313 3266 4368; x_wconf 89' lang='lat' dir='ltr'><strong>per</strong></span> <span class='ocrx_word' id='word_1_678' title='bbox 3291 4298 3558 4355; x_wconf 85' lang='lat' dir='ltr'><strong>sacrificia</strong></span> <span class='ocrx_word' id='word_1_679' title='bbox 3612 4294 3811 4357; x_wconf 83' lang='lat' dir='ltr'><strong>ﬁdelis-</strong></span> 
     </span>
    </p>
   </div>
   <div class='ocr_carea' id='block_1_91' title="bbox 2213 4382 2739 4455">
    <p class='ocr_par' dir='ltr' id='par_1_91' title="bbox 2213 4382 2739 4455">
     <span class='ocr_line' id='line_1_91' title="bbox 2213 4382 2739 4455; baseline 0.004 -18"><span class='ocrx_word' id='word_1_680' title='bbox 2213 4382 2346 4438; x_wconf 88' lang='lat' dir='ltr'><strong>sima</strong></span> <span class='ocrx_word' id='word_1_681' title='bbox 2383 4383 2688 4455; x_wconf 73' lang='lat' dir='ltr'><strong>obiurgare.</strong></span> <span class='ocrx_word' id='word_1_682' title='bbox 2720 4406 2739 4439; x_wconf 74' lang='grc' dir='ltr'><strong>ι</strong></span> 
     </span>
    </p>
   </div>
   <div class='ocr_carea' id='block_1_92' title="bbox 2284 4476 3809 4550">
    <p class='ocr_par' dir='ltr' id='par_1_92' title="bbox 2284 4476 3809 4550">
     <span class='ocr_line' id='line_1_92' title="bbox 2284 4476 3809 4550; baseline 0.007 -19"><span class='ocrx_word' id='word_1_683' title='bbox 2284 4476 2351 4532; x_wconf 90' lang='lat' dir='ltr'><strong>ii.</strong></span> <span class='ocrx_word' id='word_1_684' title='bbox 2383 4478 2457 4534; x_wconf 89' lang='lat' dir='ltr'><strong>De</strong></span> <span class='ocrx_word' id='word_1_685' title='bbox 2501 4479 2879 4550; x_wconf 82' lang='lat' dir='ltr'><strong>thuriﬁcatione</strong></span> <span class='ocrx_word' id='word_1_686' title='bbox 2919 4480 3233 4539; x_wconf 80' lang='lat' dir='ltr'><strong>Marcellini.</strong></span> <span class='ocrx_word' id='word_1_687' title='bbox 3259 4514 3333 4525; x_wconf 90' lang='lat'><strong><em>—</em></strong></span> <span class='ocrx_word' id='word_1_688' title='bbox 3356 4486 3411 4541; x_wconf 82' lang='grc'><strong>5.</strong></span> <span class='ocrx_word' id='word_1_689' title='bbox 3446 4478 3584 4542; x_wconf 84' lang='lat' dir='ltr'><strong>Dicit</strong></span> <span class='ocrx_word' id='word_1_690' title='bbox 3628 4495 3809 4542; x_wconf 90' lang='lat' dir='ltr'><strong>autem</strong></span> 
     </span>
    </p>
   </div>
   <div class='ocr_carea' id='block_1_93' title="bbox 2215 4571 3806 4651">
    <p class='ocr_par' dir='ltr' id='par_1_93' title="bbox 2215 4571 3806 4651">
     <span class='ocr_line' id='line_1_93' title="bbox 2215 4571 3806 4651; baseline 0.001 -20"><span class='ocrx_word' id='word_1_691' title='bbox 2215 4571 2581 4631; x_wconf 85' lang='lat' dir='ltr'><strong>Diocletianus</strong></span> <span class='ocrx_word' id='word_1_692' title='bbox 2597 4574 2662 4630; x_wconf 89' lang='lat' dir='ltr'><strong>ad</strong></span> <span class='ocrx_word' id='word_1_693' title='bbox 2680 4574 3075 4647; x_wconf 86' lang='lat' dir='ltr'><strong>Marcellinum,</strong></span> <span class='ocrx_word' id='word_1_694' title='bbox 3092 4576 3406 4651; x_wconf 87' lang='lat' dir='ltr'><strong>episcopum</strong></span> <span class='ocrx_word' id='word_1_695' title='bbox 3429 4580 3578 4635; x_wconf 87' lang='lat' dir='ltr'><strong>urbis</strong></span> <span class='ocrx_word' id='word_1_696' title='bbox 3602 4579 3806 4635; x_wconf 82' lang='lat' dir='ltr'><strong>Romae:</strong></span> 
     </span>
    </p>
   </div>
   <div class='ocr_carea' id='block_1_94' title="bbox 2219 4665 3812 4744">
    <p class='ocr_par' dir='ltr' id='par_1_94' title="bbox 2219 4665 3812 4744">
     <span class='ocr_line' id='line_1_94' title="bbox 2219 4665 3812 4744; baseline 0.008 -27"><span class='ocrx_word' id='word_1_697' title='bbox 2219 4684 2237 4717; x_wconf 80' lang='grc' dir='ltr'><strong>ι</strong></span> <span class='ocrx_word' id='word_1_698' title='bbox 2274 4665 2443 4721; x_wconf 81' lang='lat' dir='ltr'><strong>Video</strong></span> <span class='ocrx_word' id='word_1_699' title='bbox 2474 4668 2812 4739; x_wconf 89' lang='lat' dir='ltr'><strong>prudentiam</strong></span> <span class='ocrx_word' id='word_1_700' title='bbox 2868 4680 3038 4739; x_wconf 90' lang='lat' dir='ltr'><strong>tuam,</strong></span> <span class='ocrx_word' id='word_1_701' title='bbox 3098 4672 3353 4744; x_wconf 88' lang='lat' dir='ltr'><strong>quoniam</strong></span> <span class='ocrx_word' id='word_1_702' title='bbox 3386 4688 3576 4742; x_wconf 86' lang='lat' dir='ltr'><strong>magna</strong></span> <span class='ocrx_word' id='word_1_703' title='bbox 3616 4683 3718 4740; x_wconf 89' lang='lat' dir='ltr'><strong>est,</strong></span> <span class='ocrx_word' id='word_1_704' title='bbox 3753 4682 3812 4732; x_wconf 90' lang='lat' dir='ltr'><strong>ut</strong></span> 
     </span>
    </p>
   </div>
   <div class='ocr_carea' id='block_1_95' title="bbox 2214 4761 3812 4835">
    <p class='ocr_par' dir='ltr' id='par_1_95' title="bbox 2214 4761 3812 4835">
     <span class='ocr_line' id='line_1_95' title="bbox 2214 4761 3812 4835; baseline 0.01 -24"><span class='ocrx_word' id='word_1_705' title='bbox 2214 4768 2398 4813; x_wconf 89' lang='lat' dir='ltr'><strong>nostra</strong></span> <span class='ocrx_word' id='word_1_706' title='bbox 2445 4762 2515 4819; x_wconf 86' lang='lat' dir='ltr'><strong>sit</strong></span> <span class='ocrx_word' id='word_1_707' title='bbox 2543 4761 2801 4830; x_wconf 85' lang='lat' dir='ltr'><strong>amicitia,</strong></span> <span class='ocrx_word' id='word_1_708' title='bbox 2832 4779 2953 4835; x_wconf 88' lang='lat' dir='ltr'><strong>quae</strong></span> <span class='ocrx_word' id='word_1_709' title='bbox 2980 4761 3085 4820; x_wconf 89' lang='lat' dir='ltr'><strong>diis</strong></span> <span class='ocrx_word' id='word_1_710' title='bbox 3122 4775 3179 4821; x_wconf 89' lang='lat' dir='ltr'><strong>ct</strong></span> <span class='ocrx_word' id='word_1_711' title='bbox 3224 4768 3475 4823; x_wconf 89' lang='lat' dir='ltr'><strong>universo</strong></span> <span class='ocrx_word' id='word_1_712' title='bbox 3519 4764 3721 4825; x_wconf 90' lang='lat' dir='ltr'><strong>mundo</strong></span> <span class='ocrx_word' id='word_1_713' title='bbox 3742 4766 3812 4827; x_wconf 88' lang='lat' dir='ltr'><strong>sit</strong></span> 
     </span>
    </p>
   </div>
   <div class='ocr_carea' id='block_1_96' title="bbox 2216 4848 3811 4933">
    <p class='ocr_par' dir='ltr' id='par_1_96' title="bbox 2216 4848 3811 4933">
     <span class='ocr_line' id='line_1_96' title="bbox 2216 4848 3811 4933; baseline 0.008 -28"><span class='ocrx_word' id='word_1_714' title='bbox 2216 4848 2373 4924; x_wconf 78' lang='lat' dir='ltr'><strong>(forte</strong></span> <span class='ocrx_word' id='word_1_715' title='bbox 2416 4853 2533 4925; x_wconf 90' lang='lat' dir='ltr'><strong>fuit)</strong></span> <span class='ocrx_word' id='word_1_716' title='bbox 2564 4854 2799 4915; x_wconf 88' lang='lat' dir='ltr'><strong>inimica.</strong></span> <span class='ocrx_word' id='word_1_717' title='bbox 2833 4854 2967 4913; x_wconf 76' lang='lat' dir='ltr'><strong>Veni</strong></span> <span class='ocrx_word' id='word_1_718' title='bbox 2991 4856 3191 4933; x_wconf 89' lang='lat' dir='ltr'><strong>itaque,</strong></span> <span class='ocrx_word' id='word_1_719' title='bbox 3225 4869 3280 4915; x_wconf 90' lang='lat' dir='ltr'><strong>et</strong></span> <span class='ocrx_word' id='word_1_720' title='bbox 3308 4858 3637 4933; x_wconf 87' lang='lat' dir='ltr'><strong>loquentiam</strong></span> <span class='ocrx_word' id='word_1_721' title='bbox 3666 4871 3811 4917; x_wconf 90' lang='lat' dir='ltr'><strong>tuam</strong></span> 
     </span>
    </p>
   </div>
   <div class='ocr_carea' id='block_1_97' title="bbox 2216 4942 3811 5013">
    <p class='ocr_par' dir='ltr' id='par_1_97' title="bbox 2216 4942 3811 5013">
     <span class='ocr_line' id='line_1_97' title="bbox 2216 4942 3811 5013; baseline 0.009 -16"><span class='ocrx_word' id='word_1_722' title='bbox 2216 4953 2404 5005; x_wconf 88' lang='lat' dir='ltr'><strong>nostro</strong></span> <span class='ocrx_word' id='word_1_723' title='bbox 2446 4942 2610 5001; x_wconf 87' lang='lat' dir='ltr'><strong>facias</strong></span> <span class='ocrx_word' id='word_1_724' title='bbox 2643 4942 3035 5011; x_wconf 89' lang='lat' dir='ltr'><strong>incrementum</strong></span> <span class='ocrx_word' id='word_1_725' title='bbox 3085 4950 3272 5007; x_wconf 82' lang='lat' dir='ltr'><strong>favori.</strong></span> <span class='ocrx_word' id='word_1_726' title='bbox 3311 4970 3330 5003; x_wconf 76' lang='grc' dir='ltr'><strong>ι</strong></span> <span class='ocrx_word' id='word_1_727' title='bbox 3367 4946 3604 5013; x_wconf 78' lang='lat' dir='ltr'><strong>Veniens</strong></span> <span class='ocrx_word' id='word_1_728' title='bbox 3629 4956 3811 5011; x_wconf 87' lang='lat' dir='ltr'><strong>autem</strong></span> 
     </span>
    </p>
   </div>
   <div class='ocr_carea' id='block_1_98' title="bbox 1870 5072 2422 5139">
    <p class='ocr_par' dir='ltr' id='par_1_98' title="bbox 1870 5072 2422 5139">
     <span class='ocr_line' id='line_1_98' title="bbox 1870 5072 2422 5139; baseline 0.022 -11"><span class='ocrx_word' id='word_1_729' title='bbox 1870 5072 2422 5139; x_wconf 72' lang='lat' dir='ltr'><strong>ANNUTATIONES.</strong></span> 
     </span>
    </p>
   </div>
   <div class='ocr_carea' id='block_1_99' title="bbox 582 5203 2107 5281">
    <p class='ocr_par' dir='ltr' id='par_1_99' title="bbox 582 5203 2107 5281">
     <span class='ocr_line' id='line_1_99' title="bbox 582 5203 2107 5281; baseline -0.005 -7"><span class='ocrx_word' id='word_1_730' title='bbox 582 5214 878 5281; x_wconf 84' lang='lat' dir='ltr'><strong>l.-—Super</strong></span> <span class='ocrx_word' id='word_1_731' title='bbox 890 5226 979 5265; x_wconf 78' lang='lat' dir='ltr'><strong>sea:</strong></span> <span class='ocrx_word' id='word_1_732' title='bbox 994 5208 1256 5281; x_wconf 81' lang='lat' dir='ltr'><strong>sentirent.</strong></span> <span class='ocrx_word' id='word_1_733' title='bbox 1273 5203 1424 5262; x_wconf 90' lang='lat' dir='ltr'><strong>Unus</strong></span> <span class='ocrx_word' id='word_1_734' title='bbox 1446 5221 1475 5260; x_wconf 90' lang='lat' dir='ltr'><strong>e</strong></span> <span class='ocrx_word' id='word_1_735' title='bbox 1495 5222 1621 5281; x_wconf 88' lang='lat' dir='ltr'><strong>mss.</strong></span> <span class='ocrx_word' id='word_1_736' title='bbox 1636 5248 1650 5275; x_wconf 90' lang='lat'><strong>,</strong></span> <span class='ocrx_word' id='word_1_737' title='bbox 1670 5207 1911 5280; x_wconf 74' lang='lat' dir='ltr'><strong>Adspersi</strong></span> <span class='ocrx_word' id='word_1_738' title='bbox 1926 5214 2107 5268; x_wconf 89' lang='lat' dir='ltr'><strong>mentis</strong></span> 
     </span>
    </p>
   </div>
   <div class='ocr_carea' id='block_1_100' title="bbox 515 5277 2108 5351">
    <p class='ocr_par' dir='ltr' id='par_1_100' title="bbox 515 5277 2108 5351">
     <span class='ocr_line' id='line_1_100' title="bbox 515 5277 2108 5351; baseline -0.007 -3"><span class='ocrx_word' id='word_1_739' title='bbox 515 5305 623 5348; x_wconf 70' lang='lat' dir='ltr'><strong>sua:</strong></span> <span class='ocrx_word' id='word_1_740' title='bbox 666 5277 940 5340; x_wconf 63' lang='lat' dir='ltr'><strong>t&#39;acillitate</strong></span> <span class='ocrx_word' id='word_1_741' title='bbox 988 5277 1383 5351; x_wconf 78' lang='lat' dir='ltr'><strong>mentiebantur,</strong></span> <span class='ocrx_word' id='word_1_742' title='bbox 1440 5279 1635 5350; x_wconf 83' lang='lat' dir='ltr'><strong>origine</strong></span> <span class='ocrx_word' id='word_1_743' title='bbox 1683 5277 1925 5351; x_wconf 80' lang='lat' dir='ltr'><strong>dicentes,</strong></span> <span class='ocrx_word' id='word_1_744' title='bbox 1972 5285 2108 5351; x_wconf 86' lang='lat' dir='ltr'><strong>quod</strong></span> 
     </span>
    </p>
   </div>
   <div class='ocr_carea' id='block_1_101' title="bbox 518 5350 2107 5423">
    <p class='ocr_par' dir='ltr' id='par_1_101' title="bbox 518 5350 2107 5423">
     <span class='ocr_line' id='line_1_101' title="bbox 518 5350 2107 5423; baseline -0.008 -7"><span class='ocrx_word' id='word_1_745' title='bbox 518 5365 726 5416; x_wconf 85' lang='lat' dir='ltr'><strong>deorum</strong></span> <span class='ocrx_word' id='word_1_746' title='bbox 755 5352 1049 5423; x_wconf 82' lang='lat' dir='ltr'><strong>superstitio</strong></span> <span class='ocrx_word' id='word_1_747' title='bbox 1081 5350 1320 5404; x_wconf 67' lang='lat' dir='ltr'><strong>virilitatis</strong></span> <span class='ocrx_word' id='word_1_748' title='bbox 1345 5366 1585 5423; x_wconf 60' lang='lat' dir='ltr'><strong>superscr</strong></span> <span class='ocrx_word' id='word_1_749' title='bbox 1606 5353 1865 5407; x_wconf 77' lang='lat' dir='ltr'><strong>sentirent.</strong></span> <span class='ocrx_word' id='word_1_750' title='bbox 1904 5350 2107 5410; x_wconf 82' lang='lat' dir='ltr'><strong>Horum</strong></span> 
     </span>
    </p>
   </div>
   <div class='ocr_carea' id='block_1_102' title="bbox 515 5420 2111 5496">
    <p class='ocr_par' dir='ltr' id='par_1_102' title="bbox 515 5420 2111 5496">
     <span class='ocr_line' id='line_1_102' title="bbox 515 5420 2111 5496; baseline -0.007 -6"><span class='ocrx_word' id='word_1_751' title='bbox 515 5439 695 5486; x_wconf 72' lang='lat' dir='ltr'><strong>autem</strong></span> <span class='ocrx_word' id='word_1_752' title='bbox 719 5420 991 5496; x_wconf 66' lang='grc' dir='ltr'><strong>καεὶοτυει]</strong></span> <span class='ocrx_word' id='word_1_753' title='bbox 1037 5434 1312 5496; x_wconf 71' lang='lat' dir='ltr'><strong>corrector</strong></span> <span class='ocrx_word' id='word_1_754' title='bbox 1328 5420 1486 5496; x_wconf 72' lang='lat' dir='ltr'><strong>illinc</strong></span> <span class='ocrx_word' id='word_1_755' title='bbox 1511 5421 1683 5477; x_wconf 86' lang='lat' dir='ltr'><strong>locum</strong></span> <span class='ocrx_word' id='word_1_756' title='bbox 1716 5424 1795 5496; x_wconf 86' lang='lat' dir='ltr'><strong>sic</strong></span> <span class='ocrx_word' id='word_1_757' title='bbox 1820 5425 2111 5482; x_wconf 82' lang='lat' dir='ltr'><strong>emendare</strong></span> 
     </span>
    </p>
   </div>
   <div class='ocr_carea' id='block_1_103' title="bbox 516 5491 2113 5565">
    <p class='ocr_par' dir='ltr' id='par_1_103' title="bbox 516 5491 2113 5565">
     <span class='ocr_line' id='line_1_103' title="bbox 516 5491 2113 5565; baseline -0.011 -7"><span class='ocrx_word' id='word_1_758' title='bbox 516 5491 747 5559; x_wconf 72' lang='lat' dir='ltr'><strong>conatus</strong></span> <span class='ocrx_word' id='word_1_759' title='bbox 771 5506 850 5549; x_wconf 82' lang='lat' dir='ltr'><strong>est</strong></span> <span class='ocrx_word' id='word_1_760' title='bbox 881 5512 893 5549; x_wconf 89' lang='lat'><strong>:</strong></span> <span class='ocrx_word' id='word_1_761' title='bbox 933 5491 1118 5547; x_wconf 74' lang='lat' dir='ltr'><strong>Mentis</strong></span> <span class='ocrx_word' id='word_1_762' title='bbox 1172 5509 1278 5565; x_wconf 63' lang='lat' dir='ltr'><strong>sua:</strong></span> <span class='ocrx_word' id='word_1_763' title='bbox 1312 5492 1559 5565; x_wconf 75' lang='lat' dir='ltr'><strong>facilitate</strong></span> <span class='ocrx_word' id='word_1_764' title='bbox 1602 5494 1797 5563; x_wconf 80' lang='lat' dir='ltr'><strong>aspersi</strong></span> <span class='ocrx_word' id='word_1_765' title='bbox 1825 5539 1837 5561; x_wconf 92' lang='lat'><strong>,</strong></span> <span class='ocrx_word' id='word_1_766' title='bbox 1902 5496 2113 5551; x_wconf 76' lang='lat' dir='ltr'><strong>deorum</strong></span> 
     </span>
    </p>
   </div>
   <div class='ocr_carea' id='block_1_104' title="bbox 519 5563 2115 5634">
    <p class='ocr_par' dir='ltr' id='par_1_104' title="bbox 519 5563 2115 5634">
     <span class='ocr_line' id='line_1_104' title="bbox 519 5563 2115 5634; baseline -0.004 -7"><span class='ocrx_word' id='word_1_767' title='bbox 519 5569 885 5627; x_wconf 86' lang='lat' dir='ltr'><strong>mentiebantur</strong></span> <span class='ocrx_word' id='word_1_768' title='bbox 932 5565 1197 5629; x_wconf 80' lang='lat' dir='ltr'><strong>ariginem,</strong></span> <span class='ocrx_word' id='word_1_769' title='bbox 1247 5563 1647 5634; x_wconf 13' lang='lat' dir='ltr'><strong>dieentesrquod</strong></span> <span class='ocrx_word' id='word_1_770' title='bbox 1696 5568 1759 5618; x_wconf 85' lang='lat' dir='ltr'><strong>de</strong></span> <span class='ocrx_word' id='word_1_771' title='bbox 1811 5583 1986 5620; x_wconf 81' lang='lat' dir='ltr'><strong>eorum</strong></span> <span class='ocrx_word' id='word_1_772' title='bbox 2026 5585 2115 5622; x_wconf 85' lang='lat' dir='ltr'><strong>sn-</strong></span> 
     </span>
    </p>
   </div>
   <div class='ocr_carea' id='block_1_105' title="bbox 520 5633 2105 5716">
    <p class='ocr_par' dir='ltr' id='par_1_105' title="bbox 520 5633 2105 5716">
     <span class='ocr_line' id='line_1_105' title="bbox 520 5633 2105 5716; baseline -0.004 -17"><span class='ocrx_word' id='word_1_773' title='bbox 520 5643 814 5716; x_wconf 76' lang='lat' dir='ltr'><strong>perstitione</strong></span> <span class='ocrx_word' id='word_1_774' title='bbox 840 5636 1115 5716; x_wconf 69' lang='lat' dir='ltr'><strong>vanissima</strong></span> <span class='ocrx_word' id='word_1_775' title='bbox 1166 5637 1426 5715; x_wconf 50' lang='lat' dir='ltr'><strong>sentirent:</strong></span> <span class='ocrx_word' id='word_1_776' title='bbox 1457 5633 1646 5716; x_wconf 56' lang='lat' dir='ltr'><strong>ﬁerine</strong></span> <span class='ocrx_word' id='word_1_777' title='bbox 1674 5637 1779 5716; x_wconf 76' lang='lat' dir='ltr'><strong>legi</strong></span> <span class='ocrx_word' id='word_1_778' title='bbox 1804 5648 2105 5716; x_wconf 58' lang='lat' dir='ltr'><strong>posset&quot;...</strong></span> 
     </span>
    </p>
   </div>
   <div class='ocr_carea' id='block_1_106' title="bbox 520 5707 2107 5781">
    <p class='ocr_par' dir='ltr' id='par_1_106' title="bbox 520 5707 2107 5781">
     <span class='ocr_line' id='line_1_106' title="bbox 520 5707 2107 5781; baseline -0.003 -12"><span class='ocrx_word' id='word_1_779' title='bbox 520 5707 742 5771; x_wconf 65' lang='lat' dir='ltr'><strong>dicentes</strong></span> <span class='ocrx_word' id='word_1_780' title='bbox 768 5708 903 5781; x_wconf 75' lang='lat' dir='ltr'><strong>quod</strong></span> <span class='ocrx_word' id='word_1_781' title='bbox 960 5707 1169 5781; x_wconf 61' lang='lat' dir='ltr'><strong>deorum</strong></span> <span class='ocrx_word' id='word_1_782' title='bbox 1211 5707 1618 5777; x_wconf 78' lang='lat' dir='ltr'><strong>superstitionem</strong></span> <span class='ocrx_word' id='word_1_783' title='bbox 1663 5708 1900 5763; x_wconf 83' lang='lat' dir='ltr'><strong>vanitatis</strong></span> <span class='ocrx_word' id='word_1_784' title='bbox 1927 5726 2107 5780; x_wconf 71' lang='lat' dir='ltr'><strong>casper-</strong></span> 
     </span>
    </p>
   </div>
   <div class='ocr_carea' id='block_1_107' title="bbox 520 5777 1067 5845">
    <p class='ocr_par' dir='ltr' id='par_1_107' title="bbox 520 5777 1067 5845">
     <span class='ocr_line' id='line_1_107' title="bbox 520 5777 1067 5845; baseline -0.031 1"><span class='ocrx_word' id='word_1_785' title='bbox 520 5799 618 5845; x_wconf 81' lang='lat' dir='ltr'><strong>tem</strong></span> <span class='ocrx_word' id='word_1_786' title='bbox 646 5798 753 5844; x_wconf 83' lang='lat' dir='ltr'><strong>esse</strong></span> <span class='ocrx_word' id='word_1_787' title='bbox 776 5777 1015 5837; x_wconf 77' lang='lat' dir='ltr'><strong>sentirent</strong></span> <span class='ocrx_word' id='word_1_788' title='bbox 1043 5777 1067 5830; x_wconf 73' lang='lat'><strong>.7</strong></span> 
     </span>
    </p>
   </div>
   <div class='ocr_carea' id='block_1_108' title="bbox 2283 5220 3810 5297">
    <p class='ocr_par' dir='ltr' id='par_1_108' title="bbox 2283 5220 3810 5297">
     <span class='ocr_line' id='line_1_108' title="bbox 2283 5220 3810 5297; baseline 0.01 -25"><span class='ocrx_word' id='word_1_789' title='bbox 2283 5220 2572 5297; x_wconf 79' lang='lat' dir='ltr'><strong>Adstentus.</strong></span> <span class='ocrx_word' id='word_1_790' title='bbox 2622 5222 2923 5297; x_wconf 79' lang='lat' dir='ltr'><strong>Notandum</strong></span> <span class='ocrx_word' id='word_1_791' title='bbox 2978 5222 3131 5292; x_wconf 91' lang='lat' dir='ltr'><strong>illud,</strong></span> <span class='ocrx_word' id='word_1_792' title='bbox 3178 5241 3285 5297; x_wconf 92' lang='lat' dir='ltr'><strong>quo</strong></span> <span class='ocrx_word' id='word_1_793' title='bbox 3314 5227 3681 5291; x_wconf 89' lang='lat' dir='ltr'><strong>altercationis</strong></span> <span class='ocrx_word' id='word_1_794' title='bbox 3706 5229 3810 5287; x_wconf 90' lang='lat' dir='ltr'><strong>Ur-</strong></span> 
     </span>
    </p>
   </div>
   <div class='ocr_carea' id='block_1_109' title="bbox 2216 5290 3811 5373">
    <p class='ocr_par' dir='ltr' id='par_1_109' title="bbox 2216 5290 3811 5373">
     <span class='ocr_line' id='line_1_109' title="bbox 2216 5290 3811 5373; baseline 0.01 -31"><span class='ocrx_word' id='word_1_795' title='bbox 2216 5290 2413 5373; x_wconf 75' lang='lat' dir='ltr'><strong>banum</strong></span> <span class='ocrx_word' id='word_1_796' title='bbox 2446 5293 2588 5373; x_wconf 80' lang='lat' dir='ltr'><strong>inter</strong></span> <span class='ocrx_word' id='word_1_797' title='bbox 2627 5306 2679 5350; x_wconf 90' lang='lat' dir='ltr'><strong>et</strong></span> <span class='ocrx_word' id='word_1_798' title='bbox 2706 5294 3078 5373; x_wconf 65' lang='lat' dir='ltr'><strong>Marcellinum</strong></span> <span class='ocrx_word' id='word_1_799' title='bbox 3120 5290 3279 5355; x_wconf 69' lang='lat' dir='ltr'><strong>inita:</strong></span> <span class='ocrx_word' id='word_1_800' title='bbox 3324 5302 3511 5357; x_wconf 86' lang='lat' dir='ltr'><strong>arbitri</strong></span> <span class='ocrx_word' id='word_1_801' title='bbox 3565 5302 3811 5373; x_wconf 86' lang='lat' dir='ltr'><strong>deligun-</strong></span> 
     </span>
    </p>
   </div>
   <div class='ocr_carea' id='block_1_110' title="bbox 2215 5365 3184 5430">
    <p class='ocr_par' dir='ltr' id='par_1_110' title="bbox 2215 5365 3184 5430">
     <span class='ocr_line' id='line_1_110' title="bbox 2215 5365 3184 5430; baseline 0.007 -14"><span class='ocrx_word' id='word_1_802' title='bbox 2215 5372 2304 5416; x_wconf 87' lang='lat' dir='ltr'><strong>tur</strong></span> <span class='ocrx_word' id='word_1_803' title='bbox 2337 5365 2698 5422; x_wconf 81' lang='lat' dir='ltr'><strong>Diocletianus</strong></span> <span class='ocrx_word' id='word_1_804' title='bbox 2723 5375 2780 5421; x_wconf 80' lang='lat' dir='ltr'><strong>et</strong></span> <span class='ocrx_word' id='word_1_805' title='bbox 2807 5367 3184 5430; x_wconf 69' lang='lat' dir='ltr'><strong>Maximianus.</strong></span> 
     </span>
    </p>
   </div>
   <div class='ocr_carea' id='block_1_111' title="bbox 2290 5432 3841 5523">
    <p class='ocr_par' dir='ltr' id='par_1_111' title="bbox 2290 5432 3841 5523">
     <span class='ocr_line' id='line_1_111' title="bbox 2290 5432 3841 5523; baseline 0.006 -33"><span class='ocrx_word' id='word_1_806' title='bbox 2290 5432 2589 5523; x_wconf 64' lang='lat' dir='ltr'><strong>Dinieuttqt.</strong></span> <span class='ocrx_word' id='word_1_807' title='bbox 2623 5437 2736 5497; x_wconf 89' lang='lat' dir='ltr'><strong>Hoc</strong></span> <span class='ocrx_word' id='word_1_808' title='bbox 2781 5451 2888 5523; x_wconf 82' lang='lat' dir='ltr'><strong>est,</strong></span> <span class='ocrx_word' id='word_1_809' title='bbox 2922 5454 3028 5494; x_wconf 92' lang='lat' dir='ltr'><strong>non</strong></span> <span class='ocrx_word' id='word_1_810' title='bbox 3079 5442 3841 5523; x_wconf 41' lang='lat' dir='ltr'><strong>resistit,_dedecet.cxcau—.</strong></span> 
     </span>
    </p>
   </div>
   <div class='ocr_carea' id='block_1_112' title="bbox 2218 5504 3815 5587">
    <p class='ocr_par' dir='ltr' id='par_1_112' title="bbox 2218 5504 3815 5587">
     <span class='ocr_line' id='line_1_112' title="bbox 2218 5504 3815 5587; baseline 0.006 -28"><span class='ocrx_word' id='word_1_811' title='bbox 2218 5504 2442 5587; x_wconf 58' lang='lat' dir='ltr'><strong>demere</strong></span> <span class='ocrx_word' id='word_1_812' title='bbox 2467 5526 2498 5587; x_wconf 40' lang='grc' dir='ltr'><strong>ἐ-</strong></span> <span class='ocrx_word' id='word_1_813' title='bbox 2523 5507 2712 5587; x_wconf 74' lang='lat' dir='ltr'><strong>borum</strong></span> <span class='ocrx_word' id='word_1_814' title='bbox 2751 5504 2940 5587; x_wconf 58' lang='lat' dir='ltr'><strong>autem</strong></span> <span class='ocrx_word' id='word_1_815' title='bbox 2984 5523 3261 5587; x_wconf 71' lang='lat' dir='ltr'><strong>corrector</strong></span> <span class='ocrx_word' id='word_1_816' title='bbox 3286 5504 3363 5569; x_wconf 74' lang='lat' dir='ltr'><strong>sic</strong></span> <span class='ocrx_word' id='word_1_817' title='bbox 3387 5504 3656 5587; x_wconf 52' lang='lat' dir='ltr'><strong>restituit:</strong></span> <span class='ocrx_word' id='word_1_818' title='bbox 3688 5532 3815 5587; x_wconf 84' lang='lat' dir='ltr'><strong>quo-</strong></span> 
     </span>
    </p>
   </div>
   <div class='ocr_carea' id='block_1_113' title="bbox 2221 5576 3810 5659">
    <p class='ocr_par' dir='ltr' id='par_1_113' title="bbox 2221 5576 3810 5659">
     <span class='ocr_line' id='line_1_113' title="bbox 2221 5576 3810 5659; baseline 0.008 -30"><span class='ocrx_word' id='word_1_819' title='bbox 2221 5576 2357 5630; x_wconf 87' lang='lat' dir='ltr'><strong>niam</strong></span> <span class='ocrx_word' id='word_1_820' title='bbox 2385 5577 2581 5632; x_wconf 84' lang='lat' dir='ltr'><strong>nullam</strong></span> <span class='ocrx_word' id='word_1_821' title='bbox 2596 5580 2737 5659; x_wconf 73' lang='lat' dir='ltr'><strong>nobis</strong></span> <span class='ocrx_word' id='word_1_822' title='bbox 2748 5580 3095 5659; x_wconf 63' lang='lat' dir='ltr'><strong>_d_iﬁi_cultaten_t</strong></span> <span class='ocrx_word' id='word_1_823' title='bbox 3122 5584 3317 5638; x_wconf 79' lang='lat' dir='ltr'><strong>exhibet</strong></span> <span class='ocrx_word' id='word_1_824' title='bbox 3339 5598 3442 5659; x_wconf 84' lang='lat' dir='ltr'><strong>qua</strong></span> <span class='ocrx_word' id='word_1_825' title='bbox 3452 5576 3810 5659; x_wconf 54' lang='lat' dir='ltr'><strong>ciendaniur:</strong></span> 
     </span>
    </p>
   </div>
   <div class='ocr_carea' id='block_1_114' title="bbox 2218 5652 3814 5734">
    <p class='ocr_par' dir='ltr' id='par_1_114' title="bbox 2218 5652 3814 5734">
     <span class='ocr_line' id='line_1_114' title="bbox 2218 5652 3814 5734; baseline 0.01 -35"><span class='ocrx_word' id='word_1_826' title='bbox 2218 5663 2284 5734; x_wconf 81' lang='lat' dir='ltr'><strong>cx</strong></span> <span class='ocrx_word' id='word_1_827' title='bbox 2313 5663 2421 5731; x_wconf 74' lang='lat' dir='ltr'><strong>quo</strong></span> <span class='ocrx_word' id='word_1_828' title='bbox 2448 5661 2646 5734; x_wconf 68' lang='lat' dir='ltr'><strong>quanta</strong></span> <span class='ocrx_word' id='word_1_829' title='bbox 2694 5652 2799 5734; x_wconf 77' lang='lat' dir='ltr'><strong>sibi</strong></span> <span class='ocrx_word' id='word_1_830' title='bbox 2842 5654 2900 5707; x_wconf 79' lang='lat' dir='ltr'><strong>in</strong></span> <span class='ocrx_word' id='word_1_831' title='bbox 2932 5654 3115 5711; x_wconf 87' lang='lat' dir='ltr'><strong>verbis</strong></span> <span class='ocrx_word' id='word_1_832' title='bbox 3142 5670 3206 5710; x_wconf 79' lang='lat' dir='ltr'><strong>ac</strong></span> <span class='ocrx_word' id='word_1_833' title='bbox 3232 5652 3517 5711; x_wconf 72' lang='lat' dir='ltr'><strong>sententiis</strong></span> <span class='ocrx_word' id='word_1_834' title='bbox 3541 5656 3814 5715; x_wconf 80' lang='lat' dir='ltr'><strong>mutandis</strong></span> 
     </span>
    </p>
   </div>
   <div class='ocr_carea' id='block_1_115' title="bbox 2221 5731 3007 5794">
    <p class='ocr_par' dir='ltr' id='par_1_115' title="bbox 2221 5731 3007 5794">
     <span class='ocr_line' id='line_1_115' title="bbox 2221 5731 3007 5794; baseline 0.008 -20"><span class='ocrx_word' id='word_1_835' title='bbox 2221 5731 2545 5790; x_wconf 82' lang='lat' dir='ltr'><strong>permiserit,</strong></span> <span class='ocrx_word' id='word_1_836' title='bbox 2573 5731 2880 5794; x_wconf 85' lang='lat' dir='ltr'><strong>perspicere</strong></span> <span class='ocrx_word' id='word_1_837' title='bbox 2906 5736 3007 5782; x_wconf 75' lang='lat' dir='ltr'><strong>eet.</strong></span> 
     </span>
    </p>
   </div>
  </div>
