4172 6202
480 314 549 372 15
882 366 887 369 .
1616 312 1869 375 SYNODI
1904 313 2058 372 BINU
2070 307 2354 372 ESSANE
2393 316 2637 375 GESTA.
2903 323 2913 333 '
3724 331 3790 389 η

474 429 545 484 ad
579 428 837 498 templum
866 426 1179 483 Vcsdanum
1216 437 1268 484 et
1292 429 1357 485 ad
1391 428 1605 497 isidem,
1636 429 1929 486 introduxit
1961 429 2079 499 epi-
2106 429 2156 490 Α
2188 431 2508 498 praesentiae.
2528 431 2660 486 illud
2689 446 2819 488 vero
2846 432 2970 487 dum
3000 435 3219 490 veneris
3245 434 3311 491 ad
3333 434 3596 509 judiciln
3611 447 3783 510 tuum,

475 537 723 594 scopum.
753 521 857 590 Qui
894 521 1020 577 dutn
1052 523 1386 591 introissent,
1410 532 1565 580 erant
1589 540 1711 579 cum
1741 540 1807 581 co
1835 524 1942 580 duo
1963 523 2079 578 dia-
2186 537 2247 575 ex
2281 530 2333 577 te
2361 523 2730 589 damnaberis,
2763 533 2817 578 ct
2843 540 2907 579 ex
2933 535 2984 581 te
3007 525 3389 596 justificaberis
3413 546 3428 595 ;
3448 539 3505 585 tu
3535 532 3677 587 enim
3700 533 3792 603 ju-

474 616 599 671 coni
628 613 794 672 Caius
821 625 876 671 et
917 614 1264 671 Innocentius
1290 658 1304 681 ,
1334 624 1389 673 et
1438 624 1551 673 tres
1578 617 1877 690 presbyteri
1910 617 2079 674 Urba~
2183 614 2310 676 dex,
2364 626 2418 670 tu
2476 631 2619 672 reus.
2651 617 2954 689 Presbyteri
3012 629 3190 673 autem
3227 620 3312 675 vel
3342 621 3618 691 diaconos,
3645 638 3785 693 quo-

476 723 601 775 nus,
628 707 917 765 Castorius
965 718 1018 764 et
1045 707 1340 765 Iuvenalis.
1372 708 1506 765 Dum
1538 710 1799 767 vidissent
1841 725 1963 766 eum
1999 711 2081 765 in-
2181 708 2323 762 niam
2357 708 2665 779 pontificem
2696 711 2786 780 qui
2821 725 2916 766 eos
2945 712 3149 767 creavit
3170 712 3224 767 in
3251 714 3441 768 ordine
3461 715 3783 787 presbyterii

471 808 811 868 troeuntem,
836 815 944 855 non
1000 810 1179 856 tamen
1224 801 1530 857 mittentem
1575 810 1631 857 et
1661 801 2073 869 thuriiicantem,
2181 798 2266 854 vel
2299 800 2614 856 diaconatus
2645 803 2874 868 honore,
2902 812 2959 859 et
3001 803 3322 861 dimiserunt
3343 821 3548 873 aream,
3580 815 3783 866 eleva-

471 893 724 966 fugerunt
747 894 804 949 iii
835 908 1028 950 omnes
1052 894 1120 950 ad
1152 895 1645 968 comprcsbyteros,
1669 905 1724 951 et
1754 896 2078 951 invenerunt
2178 904 2473 951 cttaverunt
2523 893 2801 959 horreum,
2825 896 2892 951 ad
2922 896 3283 966 probandum,
3317 900 3519 955 amisso
3564 902 3774 968 ordine,

468 1000 568 1042 eos
594 986 648 1041 in
684 985 944 1042 Vaticano
974 985 1161 1056 palatii
1207 985 1522 1051 Neroniani,
1555 995 1610 1042 et
1658 986 1917 1042 dixerunt
1959 1001 2075 1040 rem
2179 986 2381 1042 intrent
2428 1002 2688 1055 examen,
2746 991 2998 1058 quoniam
3051 1002 3448 1048 evacuaverunt
3501 993 3784 1051 horreum;

467 1093 627 1149 quam
655 1090 859 1149 gestam
904 1078 1189 1135 vidissent.
1236 1077 1442 1134 Euntes
1491 1087 1671 1134 autem
1720 1078 1871 1134 multi
1911 1076 2071 1133 Chri-
2180 1076 2370 1133 Debuit
2401 1079 2544 1133 enim
2574 1080 2819 1149 pontifex
2846 1082 2985 1137 mori
3014 1097 3135 1138 cum
3168 1084 3404 1154 quinque
3434 1084 3655 1157 (supple,
3683 1103 3781 1157 po-

463 1170 629 1226 stiani
658 1185 828 1241 penus
859 1169 1108 1227 veritatis
1152 1170 1461 1240 exemplum
1515 1170 1783 1235 abierunt,
1815 1178 1869 1224 et
1923 1168 2071 1224 vide—
2176 1168 2302 1240 tius)
2326 1185 2488 1241 quam
2530 1172 2674 1227 vivat
2702 1188 2803 1228 suo
2824 1173 3031 1244 judicio
3060 1175 3505 1231 coudemnatnsa
3535 1178 3780 1236 introivit

462 1273 594 1318 runt
616 1278 739 1319 eum
760 1263 1066 1319 mittentem
1096 1270 1153 1319 et
1180 1261 1601 1330 tburilicantem,
1630 1271 1685 1318 et
1712 1261 1909 1317 factum
1934 1260 2070 1315 ami—
2171 1269 2348 1317 autem
2402 1263 2690 1321 universus
2718 1266 2963 1338 synodus
2991 1268 3041 1321 in
3069 1276 3255 1340 crypta
3285 1269 3694 1340 Cleopatriense
3721 1274 3775 1329 in

460 1369 585 1410 cum
636 1356 964 1426 principum.
995 1355 1097 1422 Qui
1125 1354 1375 1410 abierunt
1404 1355 1472 1410 ab
1500 1370 1588 1419 eo,
1617 1362 1675 1409 ut
1700 1352 2068 1410 testimonium
2168 1353 2387 1410 civitate
2414 1354 2683 1411 Sessuana
2714 1356 2833 1430 (ms.
2857 1358 3194 1430 Sensuana),
3224 1370 3279 1416 et
3304 1363 3429 1432 quia
3454 1378 3560 1418 non
3589 1365 3774 1420 multi-

464 1447 715 1503 veritatis
743 1446 1103 1512 exhiberem,
1148 1447 1233 1501 isti
1282 1457 1450 1502 sunt:
1484 1447 1750 1512 Bonosus,
1781 1446 2064 1509 Maximus,
2168 1444 2301 1501 tudo
2352 1447 2687 1505 referebatur
2734 1450 2790 1506 in
2821 1458 3032 1523 crypta,
3064 1451 3258 1525 synodi
3303 1454 3665 1528 quinquageni
3695 1458 3774 1514 itt-

455 1536 719 1610 Carpilio,
767 1539 1096 1611 Cyprianus,
1151 1538 1454 1611 Olympius,
1508 1538 1749 1607 Priscus,
1782 1538 2061 1607 Hercules,
2167 1540 2423 1597 troibant.

453 1630 877 1703 Androphemtts
908 1673 923 1697 ,
980 1631 1309 1700 Bcnenatus,
1362 1631 1721 1703 Epiphanius,
1760 1631 2059 1704 Crispinus,
2236 1631 2324 1687 IV.
2384 1631 2711 1690 Damnantur
2785 1634 3064 1703 Urbanus,
3124 1636 3390 1695 Castorius
3438 1657 3500 1695 ac
3527 1642 3771 1697 socii.—

453 1723 667 1791 Victor,
691 1724 1023 1793 Theodotus,
1072 1724 1402 1793 Alexander,
1462 1727 1758 1790 Romanus,
1815 1727 2057 1799 Bajuius,
2164 1724 2219 1779 5.
2244 1722 2423 1780 Prima
2454 1734 2633 1781 autem
2666 1726 2755 1783 die
2785 1728 2978 1798 synodi
3004 1728 3327 1787 introierunt
3357 1731 3410 1787 bi
3451 1731 3772 1791 datnnantcs

453 1815 759 1885 Quiriscus,
814 1816 1148 1884 Theodoius,
1204 1816 1505 1887 Carltosus,
1534 1818 1818 1886 Omitazio,
1877 1819 2057 1875 liono-
2083 1822 2131 1883 B
2161 1815 2456 1885 Urbanum,
2500 1819 2806 1877 Castorium
2845 1831 2899 1878 et
2949 1824 3267 1881 iuvenalem
3320 1826 3691 1900 presbyteros,
3717 1837 3773 1884 et

447 1918 623 1976 ratus,
655 1910 1294 1977 CrescentioJiaximus,
1318 1911 1608 1980 Probinus,
1637 1911 1885 1978 Urbicus,
1908 1911 2051 1968 Con-
2160 1910 2423 1969 diaconos
2451 1911 2647 1968 Gaium
2672 1923 2727 1969 et
2754 1914 3149 1972 Innocentium.
3185 1917 3247 1971 Hi
3275 1929 3402 1973 sunt
3428 1920 3518 1989 qui
3548 1920 3769 1975 introie-

444 2003 688 2068 cordius,
720 2000 1014 2073 Neapolus,
1042 2003 1400 2075 Refrigerius,
1423 2004 1794 2074 Sebastianus,
1829 2006 2054 2077 Caipnr-
2157 2013 2283 2058 runt
2313 2005 2572 2075 episcopi,
2607 2004 2910 2074 audientes,
2941 2024 3045 2063 non
3078 2018 3255 2065 tamen
3301 2010 3608 2080 iudicantes
3632 2028 3764 2082 pon-

445 2095 593 2163 nius,
647 2094 918 2164 Julianus,
947 2096 1278 2168 Epiphorus,
1327 2097 1660 2169 Crispianus,
1692 2099 2047 2166 Habeideum,
2157 2096 2376 2163 tiliccm,
2428 2097 2653 2164 Petrus,
2714 2098 3013 2166 Castorius,
3067 2100 3425 2169 liabetdeum,
3473 2103 3752 2173 Castinus,

440 2186 729 2255 Crescens,
782 2187 1012 2260 Rapuia,
1067 2191 1409 2262 Cyprianus,
1452 2190 1732 2259 Abeulius,
1780 2192 2045 2264 Exquiro,
2158 2187 2363 2254 Victor,
2395 2189 2728 2257 Felicianus,
2772 2191 3070 2261 Parterius,
3118 2192 3439 2264 Majorinus,
3468 2196 3760 2267 Castalius,

444 2281 1029 2354 0rpbitus,Venerius,
1059 2282 1437 2354 Carpuiianus,
1469 2283 2046 2351 Constantius,Ursus,
2162 2280 2509 2349 Laurentius,
2540 2283 2760 2349 Paulus,
2792 2284 3062 2353 Bonosus,
3093 2286 3269 2354 Felix,
3303 2287 3599 2357 Firminus,
3631 2292 3764 2364 Spe-
3852 2356 3855 2359 ,

442 2374 1162 2446 Valentinianus,.Priscus,
1195 2378 1452 2443 Severus,
1486 2380 1736 2446 Probius,
1789 2380 2043 2448 Faustus,
2150 2375 2361 2441 sindeo,
2398 2376 2828 2448 Tranquillinus,
2869 2381 3207 2445 Anastasius,
3236 2381 3514 2451 Castinus,
3547 2385 3755 2456 Victor,

439 2469 734 2537 Antonius,
759 2470 1047 2539 Quirinus,
1082 2472 1325 2538 Albulus,
1357 2473 1639 2539 Pttlsanor,
1674 2474 2042 2541 Hotnobonus,
2150 2467 2600 2525 Benescrvandus
2630 2512 2645 2537 ,
2688 2470 2947 2539 Joannes,
3009 2472 3346 2543 Epiphanius
3370 2516 3386 2540 ,
3418 2474 3628 2543 Castus,
3659 2477 3762 2533 Ya-

441 2560 932 2635 Caritto,‘l'espias,
961 2565 1219 2634 Marinus,
1250 2564 1469 2635 Fabius,
1494 2566 1886 2641 Crispinianus,
1919 2569 2011 2626 iiet

2146 2561 2387 2629 cinthus,
2445 2562 2800 2628 Herculanus,
2859 2565 3113 2632 Sabinus,
3159 2564 3751 2639 0rlitus,Gaudiosus,

435 2656 731 2723 culentius,
762 2659 981 2727 Petrus,
1031 2660 1341 2730 Nonnosus,
1374 2661 1701 2719 Honestuius
1726 2706 1739 2729 ,
1776 2663 2039 2719 Auriciia-
2146 2651 2471 2724 Repetam.
2500 2656 2818 2725 Amplexus,
2859 2655 3092 2727 CYP'USs
3120 2657 3476 2729 Ῡοτῑυηθιυε,
3505 2662 3751 2729 Quadra-

444 2765 567 2815 nus,
599 2750 917 2822 impeditus,
949 2752 1207 2818 Furlnus,
1243 2754 1601 2821 Domitianus,
1634 2754 1918 2826 Agapiius,
1950 2755 2040 2810 lli.
2149 2746 2347 2811 tianus,
2373 2746 2747 2814 Sebastianus,
2779 2745 3102 2819 Cyprianus,
3134 2750 3442 2821 Paseasius,
3465 2753 3755 2823 lnnocens,

435 2845 642 2913 multis,
668 2844 987 2917 capillatus,
1024 2846 1369 2917 Nepotianus,
1414 2847 1770 2917 οοηοοιιάίυε,
1817 2848 2036 2907 Bonna.
2144 2837 2413 2904 Valerius,
2448 2838 2730 2903 Servulus,
2787 2840 3138 2907 Cerasianus,
3171 2843 3548 2913 Constantius,
3581 2847 3753 2916 Quin-

430 2937 577 3006 cius,
636 2937 941 3009 Reparatus
968 2982 984 3007 ,
1025 2939 1388 3011 Jugundinus,
1428 2942 1752 3011 Auxentius,
1785 2942 2010 3014 Cyprius

2142 2930 2379 2995 tilianus,
2417 2929 2726 2998 Montanus,
2785 2933 3043 3000 Catellus,
3104 2933 3457 3007 Polycarpus,
3506 2939 3746 2995 Athana-

432 3031 809 3104 Bonushomo,
835 3034 1171 3106 saporatis,
1203 3034 1516 3102 Sallustius,
1546 3035 1835 3108 origanus,
1861 3018 2037 3095 vene-
2137 3020 2272 3087 sius,
2307 3021 2576 3091 Hertnias,
2623 3022 2976 3093 Nepotianus,
3034 3024 3246 3092 Petrus,
3276 3026 3657 3087 Aristonicius.
3680 3031 3747 3088 ili

432 3139 618 3194 rosus,
653 3126 954 3194 Abundius,
1008 3127 1255 3197 Tinulus,
1311 3127 1498 3199 Major.
1551 3126 1619 3184 lii
1661 3142 1850 3185 omnes
1876 3128 2011 3185 elect

2138 3114 2475 3170 introeuntes
2528 3114 2582 3170 in
2637 3124 2826 3187 crypta
2859 3125 3082 3188 propter
3123 3128 3325 3177 metum
3369 3134 3745 3193 augustorum,

433 3229 563 3274 sunt
610 3217 715 3273 viri
746 3218 882 3274 libra
929 3220 1177 3287 occidua,
1209 3220 1300 3291 qui
1332 3221 1697 3277 testimonium
1751 3222 2043 3294 perhibent
2069 3215 2115 3279 C
2147 3220 2257 3261 ιιηο
2288 3221 2384 3262 ore
2410 3208 2562 3275 quasi
2588 3208 2801 3274 triceni.
2833 3225 2940 3265 ιιηο
2965 3209 3055 3266 die
3086 3211 3204 3281 eius
3242 3215 3475 3271 consilio
3500 3216 3748 3287 iudica".

426 3310 683 3367 videntes
702 3325 825 3366 eum
850 3311 1221 3368 Marcellinum
1247 3311 1605 3369 thuriiicasse.

498 3402 586 3459 Ill.
619 3402 699 3458 De
739 3403 936 3475 synodo
988 3406 1044 3458 in
1094 3416 1197 3474 qua
1244 3403 1578 3459 Marcellinus
1630 3405 1947 3473 thuriﬁcasse
1978 3422 2032 3461 se

424 3495 733 3565 aegon—4.
761 3494 959 3551 Factus
988 3495 1173 3566 itaque
1192 3494 1450 3567 synodus,
1480 3510 1587 3551 non
1610 3503 1791 3551 tamen
1819 3497 2029 3552 collecti

426 3600 565 3643 sunt
602 3588 657 3642 in
684 3588 896 3660 integro
933 3586 1268 3655 sacerdotes,
1300 3588 1426 3659 quia
1465 3589 1764 3646 curriculus
1795 3589 2023 3661 urgeba-

427 3686 521 3735 tur
549 3679 960 3749 persecutionis.
990 3677 1228 3739 Veniens
1271 3691 1451 3737 autem
1475 3684 1763 3753 cpiscopus
1789 3681 2018 3737 Marcel-

426 3772 591 3839 linus,
640 3774 874 3847 negabat
925 3788 986 3830 se
1043 3774 1401 3831 thuriiicasse.
1460 3773 1590 3828 Nam
1630 3774 1765 3829 dixit
1815 3774 2021 3845 ethoc,

424 3866 756 3921 sententiam
788 3866 1091 3936 proposuit,
1122 3866 1248 3937 quia
1287 3864 1611 3920 dimiserunt
1636 3880 1757 3921 eum
1782 3865 1872 3936 qui
1901 3880 2021 3921 cunt

415 3971 492 4014 eo
535 3972 664 4015 esse
706 3959 1029 4016 videbantur
1056 3961 1113 4014 in
1152 3959 1346 4016 eodem
1376 3960 1495 4015 ioco
1525 3961 1825 4032 presbyteri
1853 3959 2024 4017 Urba-

423 4049 851 4119 nus,Castorius
878 4061 934 4107 et
961 4051 1259 4121 iuvenalis,
1288 4060 1340 4107 et
1381 4051 1635 4109 diacones
1664 4051 1829 4109 Galus
1858 4062 1912 4109 et
1938 4053 2023 4111 in-

415 4142 729 4205 nocentius.
777 4142 1027 4217 Synodus
1060 4153 1241 4203 autem
1293 4142 1574 4203 universus
1617 4142 1723 4202 hoc
1771 4144 2022 4201 dixerunt

414 4246 619 4295 cuncto
663 4238 907 4308 judicio:
940 4257 963 4292 ί
996 4238 1076 4294 Tu
1123 4239 1267 4296 enim
1311 4237 1421 4295 eris
1463 4238 1627 4309 judex
1654 4256 1667 4305 ;
1700 4252 1766 4295 ex
1798 4248 1853 4295 te
1874 4240 2018 4295 enim

412 4328 782 4402 damnaberis,
814 4336 873 4389 et
919 4346 986 4389 ex
1039 4341 1092 4389 te
1131 4330 1520 4405 justiiicaberis
1552 4348 1564 4385 :
1597 4316 1777 4388 tainen
1819 4344 2020 4389 nostrae

2143 3305 2249 3366 tes,
2273 3308 2329 3354 et
2354 3298 2750 3355 damnaverunt
2778 3301 3076 3368 Urbanum,
3098 3302 3402 3361 Castorium
3431 3315 3487 3362 ct
3510 3307 3749 3365 Juvena-

2139 3389 2244 3444 lem
2278 3390 2641 3462 presbyteros,
2678 3400 2733 3448 et
2756 3393 3017 3450 diaconos
3045 3393 3239 3451 Gaium
3259 3406 3314 3453 et
3343 3398 3740 3469 Innocentium,

2136 3485 2228 3556 qui
2276 3497 2677 3542 evacuaverunt
2722 3487 2977 3544 horreum
3008 3528 3022 3553 ,
3077 3498 3132 3544 et
3176 3490 3504 3548 dimiserunt
3560 3509 3741 3551 aream

2133 3589 2395 3648 apertam,
2421 3589 2480 3635 ut
2508 3581 2759 3635 introiret
2807 3581 3140 3650 immundus,
3198 3594 3255 3640 et
3301 3586 3615 3645 contederet
3645 3591 3743 3646 tri.-

2133 3672 2319 3728 ticutn.
2348 3673 2496 3743 Ipsos
2527 3674 2688 3729 etiam
2712 3673 3129 3732 damnaverunt.

2204 3764 2255 3819 6.
2288 3764 2354 3825 Et
2394 3764 2728 3835 judicabant,
2762 3782 2869 3821 non
2929 3776 3107 3823 tamen
3147 3768 3461 3839 judicabant
3510 3774 3735 3844 pontiﬁ-

2111 3873 2247 3915 'cem
2280 3876 2291 3911 :
2316 3858 2438 3929 quia
2469 3860 2570 3914 hoc
2587 3876 2651 3914 ex
2684 3876 2793 3915 uno
2821 3875 2918 3916 ore
2940 3870 3094 3916 erant
3120 3864 3490 3934 conroborati,
3512 3867 3727 3923 utintra

2132 3952 2231 4009 hos
2271 3968 2413 4008 Lxxtt
2456 3953 2763 4029 testimonia
2811 3953 2925 4024 ipse
2946 3953 3133 4023 iudex,
3159 3956 3275 4026 ipse
3324 3972 3473 4026 reus,
3502 3960 3616 4029 ipse
3642 3975 3732 4017 se-

2132 4045 2419 4118 metipsum
2466 4060 2527 4102 ea
2554 4047 2620 4117 (Ῑ.
2656 4021 2743 4119 in),
2758 4048 3044 4117 praesentia
3077 4062 3266 4104 eorum
3296 4049 3640 4109 innocentem
3670 4069 3731 4110 se

2128 4150 2370 4198 servaret
2398 4181 2411 4204 ,
2466 4151 2521 4196 et
2566 4139 2840 4197 infidelem
2894 4155 2953 4196 se
3001 4141 3322 4209 damnaret;
3370 4146 3625 4215 quoniam
3673 4147 3730 4203 in

2130 4247 2273 4288 Lxxtt
2327 4233 2461 4287 libra
2507 4232 2730 4287 occidua
2778 4233 3174 4301 reparationem
3245 4238 3482 4308 resurgit
3528 4253 3725 4295 annus.

2128 4328 2279 4387 lianc
2305 4331 2487 4401 itaque
2518 4338 2669 4401 gesta
2713 4329 3055 4398 miraculum,
3104 4337 3162 4386 ut
3205 4328 3457 4388 introiret
3481 4332 3548 4389 de
3577 4335 3732 4391 testi-

1800 4471 2350 4531 ANNOTATIONES.

487 4610 552 4668 ll.
579 4609 982 4683 -—(Vestianu_m
1012 4622 1059 4669 et
1097 4615 1165 4671 ad
1184 4612 1398 4669 Isidem.
1425 4612 1499 4669 ita
1545 4628 1677 4670 mss.
1716 4611 1873 4669 Coib.
1906 4628 2012 4667 non
2041 4614 2094 4674 D
2120 4626 2278 4683 quam
2324 4609 2837 4683 subeantexamen,
2888 4609 3077 4664 muisso
3110 4609 3309 4683 ordine,
3338 4609 3589 4667 dicuntur
3616 4611 3717 4669 bo-

412 4693 597 4738 antem
634 4682 800 4739 Vesta:
828 4693 875 4740 et
905 4681 1083 4740 Isidis.

495 4753 686 4810 Penus.
718 4755 812 4812 Sic
840 4771 942 4809 ms.
974 4755 1126 4814 Coib.
1165 4755 1269 4811 Alii
1295 4770 1426 4812 vero
1452 4771 1605 4827 penes
1634 4752 1714 4812 vel
1743 4771 1851 4827 per.
1885 4754 2011 4827 illai-

411 4824 593 4897 !etnus
660 4827 883 4896 spectari
924 4842 1021 4882 ceu
1096 4829 1373 4897 spectaturi
1417 4824 1644 4883 veritatis
1698 4824 2004 4894 eieiitplum.

411 4895 615 4971 Horum
645 4895 766 4954 icco
794 4899 1070 4954 substituit
1105 4895 1403 4967 corrector,
1427 4909 1635 4971 propter
1663 4899 1920 4955 veritatem
1943 4897 2011 4951 ad

406 4969 878 5125 fml‘aetus
892 5042 1062 5110 itaque
1089 5042 1331 5125 synodus.
1357 5040 1553 5125 Contra
1582 5040 1724 5098 hanc
1741 5041 2006 5125 synodum

408 5109 675 5182 obiectari
720 5114 881 5180 solet,
934 5109 1226 5182 quomodo,
1274 5118 1651 5181 persecutione
1703 5109 1999 5168 saivissima

408 5179 689 5255 ﬂagrante,
718 5179 1210 5253 trecenti'episcOpi
1237 5179 1549 5255 congregari
1598 5184 1893 5253 potuerint,
1940 5198 2004 5238 ac

406 5252 682 5310 modicum
706 5255 987 5325 oppidum,
1016 5256 1071 5311 in
1117 5252 1225 5324 quo
1264 5252 1382 5310 fieri
1428 5252 1534 5309 non
1581 5252 1811 5325 poterat,
1838 5262 1896 5309 ut
1927 5264 2003 5309 tot

400 5325 622 5396 estetsi
648 5327 916 5392 laterent,
943 5325 1289 5394 delegerint?
1324 5326 1506 5394 Quaeri
1548 5336 1604 5380 ct
1628 5326 1757 5380 illud
1802 5336 1998 5396 potest,

450 5395 529 5473 uis
561 5406 643 5452 tet
685 5398 972 5473 episcopos
1002 5398 1225 5473 vocarit,
1254 5398 1407 5473 cujus
1442 5397 1609 5473 jussu
1657 5395 2000 5473 Marcellinus

438 5466 731 5552 iinltessam
759 5466 1024 5552 adductus
1070 5471 1159 5552 sit,
1195 5466 1331 5541 quis
1364 5466 1490 5552 huic
1532 5469 1994 5552 synodoprmlue-

404 5538 480 5612 x_'it
506 5538 532 5591 ?
559 5538 714 5612 Sane
744 5541 1036 5612 episcopis,
1063 5538 1152 5611 qui
1195 5538 1340 5601 anno
1386 5539 1494 5596 502
1532 5538 1717 5596 Rerum
1752 5538 1805 5596 in
1837 5555 1996 5612 causa

404 5605 717 5687 _5ymm§_chi
749 5605 899 5687 papa:
934 5605 1347 5687 easy-eneruat,
1403 5613 1637 5687 ignotam
1679 5612 1843 5667 luisse
1889 5611 1995 5667 hu-

394 5677 640 5767 Ῐᾳδφθῶ
689 5677 954 5767 sibilum
983 5725 996 5747 .
1019 5699 1110 5767 fex
1162 5682 1232 5745 iis
1275 5698 1395 5753 qua:
1423 5677 1537 5743 tum
1568 5681 1709 5741 dicta
1738 5692 1998 5753 gestaque

400 5759 554 5817 Sunt,
587 5758 925 5813 manifestum
949 5766 1053 5813 est.

474 5822 679 5879 Amisso
704 5825 902 5882 ordine.
930 5826 1069 5896 Quid
1090 5836 1170 5884 est
1217 5824 1361 5899 quod
1392 5825 1692 5902 presbyteri
1726 5826 1821 5895 illi,
1855 5824 1999 5898 prius

2119 4680 2251 4737 tiore
2305 4681 2597 4736 destituti?
2650 4680 2932 4748 Quodnam
2979 4695 3167 4736 eorum
3212 4682 3457 4743 crimen,
3511 4692 3571 4739 ttt
3618 4686 3719 4741 hac

2119 4766 2275 4825 pmna
2332 4754 2636 4825 plectantur
2661 4752 2867 4825 ‘thNihil
2922 4751 3073 4825 aliud
3127 4752 3206 4807 eis
3242 4752 3578 4825 Aobjectatur,
3614 4756 3717 4811 nisi

2114 4822 2283 4899 quod,
2309 4823 2644 4899 Marcellino
2669 4823 2913 4899 dimisso.
2956 4838 2985 4877 a
3038 4822 3192 4879 thure
3221 4822 3631 4899 diisoﬂ‘ercndo
3656 4843 3717 4883 se

2118 4894 2504 4952 continuerint.
2541 4894 2646 4951 Sed
2691 4895 2881 4949 borum
2911 4904 3187 4965 gestorum
3234 4894 3449 4963 artifex,
3482 4898 3573 4966 qui
3600 4899 3713 4953 cie-

2117 4967 2230 5024 rico
2270 4984 2413 5035 eum,
2443 4983 2473 5021 a
2521 4982 2627 5036 quo
2657 4966 2935 5021 ordinatus
2980 4974 3081 5028 est,
3124 4981 3378 5021 accusare
3407 4967 3626 5023 minimc
3653 4971 3713 5023 li-

2117 5055 2241 5095 cere
2269 5039 2453 5101 voluit,
2491 5047 2545 5092 ttt
2590 5038 2643 5091 in
2674 5038 2794 5091 aliis
2824 5037 2957 5092 actis
2997 5052 3061 5091 ex
3092 5036 3207 5105 ejus
3234 5038 3444 5091 officina
3487 5040 3709 5105 prolatis

2112 5111 2430 5171 videbimus,
2470 5109 2567 5163 hac
2617 5109 2751 5163 forte
2780 5123 2938 5181 paena
2987 5123 3081 5163 eos
3106 5109 3297 5181 dignos
3325 5110 3553 5172 censuit,
3583 5112 3707 5181 quia

2110 5181 2407 5238 Marcellini
2436 5183 2696 5238 creatoris
2743 5179 2825 5234 sui
2880 5179 3170 5234 accusandi
3202 5181 3542 5236 occasionem
3566 5179 3706 5252 prac-

2109 5252 2357 5311 buerant.

2180 5322 2503 5380 lV.——Libra
2533 5322 2767 5377 occidua.
2800 5320 3026 5375 Additur
3058 5320 3143 5375 hic
3170 5321 3384 5375 occidua
3410 5322 3476 5377 ad
3509 5321 3704 5380 discri-

2107 5411 2231 5452 men
2254 5393 2550 5459 orientalis,
2581 5409 2701 5467 qua}
2734 5392 2803 5448 Ἠ
2829 5392 3016 5467 solidis
3043 5392 3345 5467 constabat.
3376 5393 3449 5449 De
3472 5394 3605 5450 libra
3637 5397 3705 5451 72

2139 5468 2309 5522 olidos
2335 5461 2648 5521 cnntinenie
2679 5465 2737 5518 lit
2779 5465 2982 5520 mentio
3004 5463 3128 5518 cod.
3161 5461 3292 5531 Th.,
3326 5464 3365 5520 l.
3395 5481 3491 5533 xtt,
3518 5468 3600 5521 tit.
3624 5484 3697 5536 vr,

2124 5554 2206 5594 ea.
2234 5538 2320 5594 l5.

2154 5554 2572 5679 gfiggtrntioncm
2728 5606 2885 5661 dedit.
2936 5606 3061 5679 11ωο
3091 5605 3504 5679 itaemendare
3549 5610 3700 5666 nisus

2106 5687 2190 5743 est
2241 5675 2578 5751 corrector:
2637 5676 2721 5751 In,
2757 5676 3190 5751 reparationem'(
3221 5675 3696 5751 forte__legendttm

2104 5753 2432 5821 reparatione
2472 5749 2684 5806 sublato
2709 5747 2788 5821 in)
2816 5746 3051 5822 'tjesurgt't
3108 5746 3292 5804 annus.
3321 5746 3698 5822 [Ioc'quoque

2109 5817 2303 5895 factum
2331 5831 2401 5878 est
2447 5821 2580 5888 novi,
2610 5830 2663 5875 ut
2712 5817 2942 5875 introiret
2973 5817 3103 5875 unus
3130 5821 3191 5874 de
3219 5817 3443 5885 testibus,
3475 5817 3562 5891 qui
3583 5817 3700 5877 cum
