4172 6202
443 315 514 370 15
1820 295 1907 355 DE
1946 291 2103 354 ΜΛΝ

2204 293 2385 353 .Lixo
2507 364 2514 371 _
3686 283 3758 344 is

447 425 627 482 monia
654 422 778 490 alis
825 420 984 477 unius
1025 416 1230 486 uxoris,
1282 415 1423 472 filios
1451 413 1676 481 habens,
1708 413 1846 470 sicut
1873 422 1928 469 et
1957 415 2044 469 hic
2069 421 2124 481 Α
2147 422 2327 468 autem
2404 408 2656 466 Castinus
2680 448 2695 476 ,
2752 406 2934 464 Bonus
2957 445 2972 473 ,
3029 404 3314 474 Quiriacus
3346 444 3362 472 ,
3415 401 3754 472 Dominieus,

447 519 542 588 qui
573 516 733 572 habet
763 527 984 569 uxorent
1011 519 1065 566 et
1085 509 1248 574 filios,
1277 509 1602 564 adulteravit
1617 520 1783 576 super
1803 521 2053 572 uxorem,

451 621 508 666 et
557 607 709 664 dedit
744 606 899 661 uxori
931 603 1238 674 repudium.
1269 601 1339 656 Et
1391 599 1714 656 introierunt
1742 597 1831 652 alii
1868 596 2057 652 decem

454 710 510 757 et
536 701 627 756 alii
684 707 795 754 tres
825 696 1072 752 dicentes
1107 713 1119 749 :
1155 712 1174 747 ι
1203 693 1316 749 Nos
1362 700 1418 748 te
1465 690 1700 746 vidimus
1755 690 2058 744 mittentem

457 804 514 850 et
559 790 956 848 thurificantem
1008 785 1230 842 Herculi
1260 828 1275 853 ,
1308 784 1428 841 Ιονὶ
1455 793 1510 839 et
1557 781 1833 837 Patusino.
1875 799 1895 833 ι
1926 780 2063 834 Dicit

459 894 642 939 autem
699 879 1080 936 Marcellinus:
1117 894 1136 928 ι
1172 876 1292 944 Quo
1345 875 1476 930 die?
1524 892 1543 926 ›
1580 872 1873 942 Respondit
1926 886 2064 926 unus

461 991 672 1042 eorum,
707 985 763 1029 et
817 971 952 1027 dixit
984 987 997 1023 :
1036 987 1055 1022 ι
1089 969 1208 1036 Quo
1252 967 1341 1024 die
1378 965 1626 1022 excidisti
1669 963 1911 1033 (exuisti)
1940 977 2066 1033 pur-

463 1087 674 1144 puram,
724 1077 780 1126 et
830 1065 1053 1122 induisti
1104 1078 1362 1130 coccum,
1415 1069 1471 1116 et
1515 1058 1782 1132 gaudebat
1829 1072 1991 1126 super
2015 1065 2068 1110 te

465 1165 856 1229 Diocletianus,
906 1171 974 1216 eo
1002 1158 1147 1230 quod
1191 1157 1323 1213 satis
1375 1154 1536 1225 paulo
1567 1162 1692 1208 ante
1725 1151 1984 1223 negabas,
2014 1159 2070 1204 et

465 1272 596 1317 ante
634 1258 753 1328 ejus
779 1253 1010 1311 tribunal
1056 1249 1420 1308 thurilicabas.
1464 1266 1484 1300 s
1516 1245 1841 1302 Athanasius
1863 1244 2071 1313 episco-

464 1371 562 1426 pus
612 1353 790 1408 dixit:
829 1369 846 1400 ι
899 1349 975 1403 Ita
1007 1356 1134 1402 sunt
1164 1360 1284 1416 quze
1329 1352 1598 1400 testantur
1648 1341 1778 1397 isti?
1814 1359 1832 1391 ι
1867 1339 1936 1394 Ει
1986 1354 2073 1394 τοι·

470 1444 691 1516 spondit
723 1443 918 1499 Petrus
972 1440 1260 1509 episcopus
1287 1479 1302 1504 ,
1355 1445 1410 1492 et
1453 1435 1626 1490 dixit:
1667 1453 1685 1486 ι
1723 1433 1969 1503 Loquere
2020 1440 2076 1487 et

473 1535 715 1607 pontifex
763 1533 826 1605 (f.
861 1540 914 1586 tn
943 1527 1227 1602 pontifex),
1258 1537 1313 1583 et
1348 1527 1529 1598 judica
1577 1540 1795 1580 causam
1841 1535 2004 1579 tuam.
2049 1541 2067 1574 ι

475 1631 544 1684 Et
587 1627 1026 1695 subscripserunt
1069 1620 1456 1692 quinquaginta
1496 1617 1734 1689 episcopi
1765 1616 1855 1687 qui
1884 1631 2074 1686 supra-

477 1720 611 1776 dicti
665 1729 790 1773 sunt
835 1717 887 1771 in
943 1712 1348 1785 quatuordecim
1381 1711 1562 1776 viros,
1608 1709 1698 1779 qui
1728 1724 1795 1764 ex
1845 1723 1953 1763 uno
1980 1722 2078 1762 ore

2159 507 2502 574 Alexander,
2560 506 2867 560 Venerosus
2896 545 2913 571 ,
2965 503 3156 568 Felix,
3209 503 3466 568 Joannes,
3512 500 3758 573 Crispus,

2162 601 2472 668 Deusdedit,
2505 599 2853 664 llonestatus,
2883 596 3235 667 Majorianus,
3280 595 3424 661 Vita,
3470 592 3764 664 Carpuria-

2162 711 2285 762 nns,
2319 693 2663 758 Anastasius,
2696 692 2910 758 Petrus,
2944 680 3281 756 Crescentio,
3315 689 3633 754 Domninus,
3661 687 3765 744 Ur-

2163 804 2277 857 sus,
2309 788 2540 859 Agatho,
2590 787 2940 852 llonestatus,
2984 784 3215 848 Marcus,
3263 782 3537 848 Urbanus,
3570 781 3768 837 Valen-

2166 882 2332 947 tinus,
2365 879 2652 936 Sallustius
2677 920 2692 944 ,
2743 878 3008 934 Crescens
3035 918 3050 943 ,
3106 877 3400 941 Firminus,
3459 875 3766 945 Spectator,

2169 973 2536 1042 Sebastianus,
2589 972 2785 1039 Ultius,
2836 972 3160 1038 Beneuatus,
3206 971 3492 1036 Tristator,
3547 967 3769 1035 Servus,

2167 1066 2396 1133 Marcus,
2445 1066 2749 1130 Montanus,
2801 1065 3068 1130 Asterius,
3119 1062 3430 1126 Anthimus,
3465 1062 3772 1118 Placentia-

2170 1175 2293 1226 nus,
2323 1158 2664 1225 Ambrosius,
2689 1157 2970 1228 Quirillus,
3024 1156 3292 1224 Andreas,
3323 1156 3627 1226 Philippus,
3655 1155 3770 1210 Ma-

2170 1267 2327 1322 gnus,
2359 1250 2808 1322 Exsuperantius,
2855 1251 3146 1317 Adrianus,
3199 1249 3416 1317 Petrus,
3446 1249 3773 1322 Gorgonius,

2173 1345 2440 1415 Simplex,
2475 1344 2662 1401 Victor
2695 1390 2708 1411 ,
2761 1345 3097 1401 Venerosus.
3150 1344 3450 1400 lntroibant
3491 1354 3674 1400 autem
3721 1343 3777 1400 in

2177 1448 2387 1510 crypta.

2247 1531 2333 1586 Vl.
2369 1531 2478 1587 Suo
2510 1548 2622 1587 eum
2659 1533 2855 1603 iudicio
2906 1533 3248 1604 permittunt,
3281 1542 3331 1589 et
3370 1534 3590 1604 quinque
3629 1533 3782 1588 cleri-

2176 1640 2352 1679 corum
2380 1623 2764 1678 damnationem
2791 1626 3104 1695 approbant.
3134 1655 3206 1667 -—
3233 1624 3289 1680 9.
3317 1625 3616 1696 Respondit
3640 1628 3786 1682 Ana-

2177 1716 2374 1769 stasius
2400 1724 2454 1770 et
2477 1715 2764 1770 Anthimus
2781 1715 3043 1786 episcopi,
3073 1725 3127 1770 et
3154 1715 3409 1770 dixerunt
3443 1734 3456 1769 :
3487 1733 3508 1767 ι
3542 1715 3660 1771 Tuo
3689 1730 3787 1774 ore

473 1813 831 1884 loquebantur
856 1810 925 1889 de.
946 1809 1052 1863 duo
1067 1817 1121 1862 et
1148 1805 1505 1877 septuaginta,
1539 1810 1596 1859 et
1621 1801 1908 1857 firmabant
1934 1801 2080 1872 judi-
2110 1807 2159 1868 B
2183 1807 2363 1878 judica
2411 1823 2627 1864 causam
2647 1850 2663 1876 ,
2697 1823 2805 1864 non
2838 1817 3026 1864 nostro
3070 1809 3276 1878 judicio
3302 1827 3315 1877 ;
3345 1810 3497 1866 solve
3522 1810 3793 1867 conditio-

483 1923 646 1961 crum.

553 1998 612 2052 V.
649 1994 944 2066 Presbyteri
993 1993 1142 2047 Rom.
1186 1989 1568 2045 damnationem
1599 1986 1819 2042 Castorii
1847 1996 1892 2041 et
1913 1986 2083 2040 socio-

481 2110 598 2148 rum
637 2101 803 2145 ratam
851 2089 1053 2142 habent.
1091 2085 1384 2140 Marcellini
1435 2099 1644 2138 causam
1687 2081 1968 2136 discutiunt
1993 2080 2087 2134 alii

479 2185 853 2256 quinquaginta
880 2180 1126 2250 episcopi.
1157 2179 1281 2232 —7.
1311 2176 1431 2232 Alia
1461 2185 1640 2230 autem
1686 2174 1774 2228 die
1822 2181 2087 2229 venerunt

490 2291 600 2334 tros
639 2288 694 2333 et
743 2274 930 2344 viginti
987 2270 1286 2343 presbyteri
1317 2268 1464 2324 urbis
1503 2268 1713 2333 Romae,
1738 2274 1794 2322 et
1823 2267 1875 2321 in
1898 2281 2085 2321 eorum

479 2372 687 2444 judicio
715 2368 942 2432 Urbani,
964 2365 1196 2421 Castorii
1220 2373 1277 2420 et
1299 2363 1570 2419 iuvenalis
1619 2362 2084 2433 presbyterorum,

496 2475 549 2521 et
571 2465 687 2522 Gaii
710 2471 764 2518 et
792 2458 1087 2516 lnnocentii
1111 2457 1464 2512 diaconorum
1510 2454 1910 2509 damnationem
1955 2453 2090 2508 inte-

489 2580 640 2635 gram
687 2565 1100 2632 perspexerant,
1126 2555 1224 2625 ipsi
1257 2553 1326 2609 de
1372 2568 1471 2608 suo
1491 2551 1683 2607 ordine
1727 2549 1991 2621 justitiam
2021 2559 2092 2604 te-

491 2665 731 2713 nuerunt
775 2653 1018 2708 dicentes
1050 2663 1065 2701 :
1125 2666 1143 2699 ι
1179 2645 1396 2702 Amisso
1423 2643 1616 2701 ordine
1662 2651 1860 2714 negent
1880 2656 1940 2697 se
1969 2655 2092 2697 esse

495 2750 800 2818 horumque
821 2744 954 2801 socii
976 2741 1258 2798 Ecclesiae.
1293 2758 1312 2792 ι

565 2841 619 2895 8.
673 2835 964 2893 Venientes
1016 2840 1195 2888 autem
1251 2838 1374 2901 post
1421 2827 1718 2885 secundum
1771 2826 1914 2882 diem
1973 2835 2094 2896 post

498 2931 901 2989 damnationem
975 2925 1423 2996 presbyterorum
1460 2921 1709 2988 Urbani,
1764 2919 1995 2975 Castorii
2042 2928 2097 2974 et

493 3021 791 3087 iuvenalis,
815 3019 934 3075 Gaii
974 3026 1028 3073 et
1077 3013 1381 3071 Innocentii
1429 3012 1802 3079 diaconorum,
1827 3019 2097 3067 venerunt

497 3117 588 3172 alii
638 3110 1026 3184 quinquaginta
1061 3106 1322 3178 episcopi,
1351 3114 1407 3160 et
1432 3105 1757 3160 introierunt
1784 3104 1837 3158 in
1885 3111 2093 3174 crypta,

2186 1918 2331 1957 nem.
2368 1921 2386 1954 ι
2435 1901 2792 1972 Respondeas
2861 1911 3040 1958 autem
3102 1903 3456 1958 Sebastianus
3506 1904 3794 1974 episcopus

2186 1994 2318 2050 dixit
2355 2012 2366 2047 :
2398 2013 2418 2046 r
2447 1994 2567 2050 Noli
2615 1996 2670 2050 in
2720 2003 2906 2052 nostro
2944 1995 3172 2066 judicio,
3203 1996 3297 2052 sed
3336 1997 3532 2069 collige
3585 1999 3638 2052 in
3669 1999 3796 2053 sinu

2189 2097 2280 2142 tuo
2306 2102 2522 2144 causam
2557 2095 2725 2152 tuam,
2757 2096 2814 2143 et
2868 2088 3121 2144 introduc
3172 2096 3360 2154 testes,
3395 2097 3454 2143 ut
3503 2087 3798 2146 testiﬁcan-

2189 2189 2277 2234 tur
2307 2179 2586 2236 veritatem
2623 2181 2916 2250 :quoniam
2961 2196 3029 2237 ex
3081 2190 3133 2237 te
3175 2181 3582 2252 justilicaberis,
3627 2191 3684 2238 et
3727 2197 3799 2238 ex

2189 2285 2284 2326 ore
2315 2281 2405 2326 tuo
2430 2270 2884 2328 condemnaberis
2917 2289 2933 2338 ;
2981 2273 3232 2343 quoniam
3263 2283 3410 2330 recte
3439 2274 3800 2342 anticipantes

2191 2366 2363 2422 nostri
2393 2375 2449 2423 et
2468 2368 2778 2438 coepiscopi
2805 2367 3219 2435 damnaverunt,
3245 2369 3386 2424 sicut
3401 2377 3458 2424 et
3477 2377 3665 2424 nostro
3695 2382 3799 2424 ore

2192 2461 2424 2530 petimus
2471 2477 2579 2517 uno
2627 2463 2867 2519 consorti
2928 2462 3131 2533 judicio
3181 2462 3450 2529 damnari,
3494 2462 3802 2530 Urbanum,

2190 2552 2495 2608 Castorium
2525 2563 2578 2609 et
2616 2553 2931 2610 Juvenalem
2968 2554 3336 2626 presbyteros,
3394 2553 3593 2610 Gaium
3628 2563 3686 2609 et
3714 2554 3806 2609 ln-

2193 2643 2504 2699 nocentinm
2548 2643 2808 2700 diaconos
2859 2645 3034 2716 :quia
3088 2646 3209 2701 heri
3264 2661 3330 2702 ex
3380 2645 3638 2714 spelunca
3687 2643 3806 2701 fre-

2195 2745 2394 2804 gerunt
2447 2734 2792 2808 (fugerunt),
2844 2745 2901 2793 et
2955 2737 3280 2808 tepefactum
3352 2737 3409 2792 hi
3454 2738 3808 2805 dimiserunt,

2194 2826 2396 2881 amisso
2452 2827 2643 2884 ordine
2671 2870 2687 2896 ,
2741 2829 2946 2885 intrent
2996 2845 3225 2887 examen
3259 2847 3273 2885 :
3304 2831 3560 2900 quoniam
3610 2846 3810 2888 omnes

2197 2921 2414 2990 tegulae,
2442 2920 2575 2977 dicit
2624 2923 2817 2979 Petrus
2873 2924 3182 2996 episcopus,
3229 2925 3357 2981 dum
3410 2926 3560 2980 tulta:
3587 2924 3814 2981 fuerunt

2197 3013 2266 3069 de
2315 3014 2572 3084 fornace,
2615 3017 2728 3085 jam
2777 3026 2948 3074 coctae
2993 3019 3190 3075 iterum
3235 3029 3542 3092 coquuntur
3583 3020 3724 3089 sole,
3753 3029 3815 3078 et

2198 3106 2394 3177 pluviae
2417 3107 2469 3163 in
2498 3107 2691 3166 eodem
2716 3111 3032 3181 probantur,
3067 3120 3124 3167 ut
3149 3111 3256 3168 sint
3282 3128 3448 3184 super
3472 3112 3811 3171 habitaculis

499 3219 557 3265 ut
582 3208 739 3264 tertia
793 3219 918 3275 pars
949 3200 1140 3273 synodi
1175 3198 1562 3269 compleretur.
1612 3196 1682 3252 Et
1708 3196 1835 3253 dum
1865 3197 2168 3272 ingressio
2201 3201 2504 3259 hominum.

501 3302 727 3357 fuissent
757 3298 809 3352 in
836 3305 1021 3366 crypta
1043 3302 1267 3365 propter
1294 3299 1669 3362 tempestatem
1713 3292 1989 3360 temporis,
2012 3291 2098 3346 in-

504 3394 686 3449 troivit
713 3401 769 3447 et
792 3387 1132 3445 Marcellinus
1153 3384 1303 3440 urbis
1324 3383 1765 3454 episcopus,cum
1791 3383 1968 3439 adhuc
1997 3384 2099 3439 ita-

504 3502 609 3558 que
635 3498 835 3540 nomen
885 3489 1077 3536 tenens
1101 3478 1463 3549 episcopatus,
1493 3475 1725 3531 nondum
1756 3477 1899 3532 enim
1928 3476 2105 3533 fuerat

423 3576 444 3598 ·’
507 3581 818 3642 damnatus,
846 3574 951 3629 nisi
982 3586 1242 3628 numerus
1293 3569 1588 3624 secundum
1620 3568 1864 3625 ordinem
1911 3570 2104 3641 synodi

507 3672 663 3728 librae
689 3667 860 3739 (Colb.
891 3682 986 3720 ms.
1023 3661 1182 3735 libra)
1209 3661 1466 3732 probaret
1489 3655 1813 3731 exemplum.
1863 3661 2110 3719 introivit

2279 3296 2388 3352 VII.
2465 3295 2828 3353 Marcellinum
2906 3300 3229 3370 thuri/icasse
3295 3301 3558 3370 probatur.
3613 3301 3816 3373 Super-

2207 3390 2522 3444 inducuntur
2571 3401 2793 3461 quatuor
2839 3400 2886 3447 et
2925 3392 3267 3465 quadraginta
3307 3394 3425 3447 novi
3469 3391 3661 3447 Testes.
3689 3392 3820 3463 Ipse

2208 3499 2263 3536 se
2313 3483 2522 3538 damnat
2575 3484 2932 3541 Marcellinus.
2983 3517 3054 3527 —
3091 3487 3178 3542 10.
3211 3486 3358 3544 Mora
3383 3497 3566 3543 autem
3594 3501 3702 3542 non
3732 3485 3819 3542 fa-

2211 3575 2392 3630 ciente
2441 3576 2506 3647 (f.
2555 3577 2857 3649 patiente),
2886 3588 2945 3634 ut
2974 3579 3027 3634 in
3058 3579 3462 3636 damnationem
3505 3595 3692 3636 eorum
3735 3579 3822 3635 in-

2215 3670 2572 3728 terdictorum
2603 3673 3010 3731 subscriberent
3039 3674 3094 3731 hi
3119 3675 3507 3747 quinquaginta
3541 3673 3782 3745 episcOpi
3801 3713 3822 3744 ,

1893 3801 2443 3866 ANNOTATIONES.

515 3958 560 4004 et
586 3960 795 4002 uxorem
818 3939 1020 3995 haberet
1053 3943 1099 3992 et
1131 3935 1265 4004 ﬁlios
1292 3949 1353 3990 ea:
1379 3950 1457 4002 ea,
1485 3933 1601 4004 ipse
1612 3939 1786 4004 tamen
1813 3933 1890 3986 illi
1927 3945 2112 4004 spreta:

517 4003 804 4074 adulteram
855 4003 1208 4080 superinduxit
1233 4049 1248 4072 ,
1279 4015 1348 4080 _et
1379 4005 1538 4080 dedit.
1586 4003 1902 4080 Hujusmodi
1933 4003 2112 4064 lectio-

523 4107 643 4146 nem
681 4105 706 4140 ιι
735 4073 976 4140 veterum
1005 4079 1257 4150 codicum
1279 4077 1458 4134 littera
1480 4075 1560 4150 sic
1573 4073 1956 4150 abhorrentem
1987 4081 2110 4150 quis

521 4161 748 4230 accipiat
773 4154 954 4230 irquis
1007 4150 1187 4208 ferat?
1216 4147 1399 4218 Neque
1427 4163 1459 4230 a
1491 4147 1666 4230 littera
1706 4146 1912 4230 solum,
1935 4146 2112 4230 sedet

524 4235 591 4286 ah
619 4218 864 4286 a'uctoris'
901 4233 1081 4279 mente
1107 4235 1224 4276 eam
1272 4219 1456 4289 procul
1486 4218 1677 4273 abesse
1707 4233 1874 4287 prepe
1902 4219 2114 4276 indubi-

525 4313 691 4358 tatmn
713 4309 814 4356 est.
844 4296 961 4352 Non
989 4295 1133 4350 enim
1165 4294 1209 4345 is
1235 4290 1334 4344 fuit
1365 4291 1554 4343 horum
1583 4297 1858 4358 gestorum
1891 4290 2107 4360 artifex,

527 4376 616 4445 qui
674 4374 724 4427 in
752 4367 1070 4445 gravissima
1115 4377 1297 4445 causa,
1328 4360 1393 4414 ad
1414 4375 1572 4442 quam
1604 4359 1740 4414 duos
1768 4370 1847 4445 ’et
1892 4373 2113 4445 septua-

2214 3941 2302 4010 qui
2352 3957 2458 4022 nec.
2471 3945 2541 3998 ad
2593 3945 2970 4022 accusationem
3018 3947 3222 4004 admitti
3275 3951 3521 4022 prtecepti
3545 3951 3686 4008 sunt.
3711 3951 3827 4012 Nos

2218 4027 2346 4068 vero
2394 4013 2460 4068 ad
2504 4017 3026 4090 commendationem
3057 4023 3238 4090 potius
3275 4013 3582 4078 'testirnonii
3613 4023 3825 4081 dictum

2219 4087 2663 4166 putamus,__quod
2695 4090 2904 4166 primus
2932 4090 3025 4146 ille
3056 4087 3210 4166 testis
3226 4102 3281 4148 et
3309 4095 3466 4166 unius
3493 4095 3680 4151 uxoris
3709 4097 3828 4152 fue—

2220 4158 2308 4220 rit,
2341 4166 2394 4211 et
2445 4158 2586 4212 lilios
2632 4159 2917 4217 habuerit:
2953 4162 3188 4219 maxime
3227 4179 3349 4220 cum
3382 4165 3450 4219 ab
3506 4166 3698 4222 eodem
3729 4183 3830 4222 au-

2220 4237 2370 4303 ctore
2400 4228 2455 4281 in
2482 4230 2779 4303 constituto
2803 4230 3074 4301 Silvestri,
3106 4250 3158 4288 η.
3220 4236 3280 4303 6,-
3327 4235 3563 4292 audituri
3614 4239 3826 4295 simus:

2223 4296 2346 4378 {Van
2388 4301 2809 4378 condemnabitur
2855 4296 3516 4378 subdiaconus,racolytus,
3544 4311 3828 4377 exorcista,

2225 4371 2404 4437 lector,
2427 4372 2528 4425 nisi
2557 4373 2826 4445 iniseptem
2869 4377 3158 4431 testimonia
3188 4377 3325 4445 filios
3349 4371 3399 4432 ei
3423 4371 3609 4435 uxores
3634 4371 3830 4435 haben-'-

530 4430 674 4515 g'inta
725 4430 889 4522 testes
911 4430 2118 4522 Δ(1(εείεξσξιῖεξ1,εεὲηξιριξτξῐῇιξῐῖξ,ιδ-ιζοΑῖιᾴςξἹΞξεξιιιεειῐι
2145 4431 2202 4491 Ι)
2227 4449 2337 4522 tes,
2390 4430 2443 4494 et
2487 4430 2701 4522 omnino.
2731 4430 3400 4522 _Cltristunrprtedicantes.

530 4502 653 4570 cum
677 4509 883 4572 szL‘culi,
909 4518 1018 4561 tum
1035 4505 1313 4569 Ecclesia),
1337 4502 1482 4572 leges
1511 4515 1539 4554 a
1564 4503 1872 4555 testimonio
1897 4503 2125 4561 dicendo

533 4595 737 4640 arcent.
785 4581 1044 4641 Anianus,
1073 4575 1285 4646 codicis
1321 4572 1526 4646 Theod.
1555 4572 1926 4646 interpres,rin
1955 4575 2125 4646 legem

538 4656 628 4717 12.
663 4656 744 4707 tit.
772 4668 811 4717 ι,
842 4650 878 4703 l.
912 4664 992 4713 rx,
1017 4646 1218 4700 edicit:
1250 4642 1552 4697 Periculosa
1575 4652 1671 4717 est,
1696 4655 1743 4697 et
1789 4645 1994 4700 admitti
2009 4642 2126 4702 'non

539 4716 678 4782 debet
732 4716 805 4777 rei
855 4721 1097 4773 adversus
1147 4730 1507 4784 quemcumque
1550 4716 1845 4784 professio;
1893 4719 2024 4772 etin
2053 4719 2130 4775 lc-

539 4814 660 4868 gcm
686 4795 752 4850 19
783 4811 798 4868 ς
825 4789 857 4845 J
866 4805 955 4868 ure
985 4799 1027 4842 et
1065 4786 1259 4858 legibus
1305 4786 1633 4868 constitutum
1663 4795 1749 4868 ‘est
1778 4827 1794 4852 ,
1833 4796 1888 4839 ut
1918 4800 2126 4868 sponta-

539 4856 636 4922 ἦρα
671 4863 982 4936 professione
1019 4856 1134 4936 reus
1180 4873 1322 4936 reum
1371 4872 1470 4936 non
1519 4856 1710 4926 faciat,
1762 4856 2042 4936 neque-illi
2068 4863 2132 4914 de

542 4928 702 4992 altero
731 4928 986 4995 credatur,
1015 4929 1100 4999 qui
1151 4944 1206 4984 se
1243 4928 1572 4999 criminosum
1615 4942 1721 4980 esse
1745 4929 2006 4998 confessus
2035 4942 2127 4986 est.

545 5009 809 5064 Prmdieat
850 5013 905 5059 et
942 4997 1272 5071 Augustinus
1319 4999 1385 5071 in
1419 4997 1552 5071 psal.
1581 5013 1764 5071 xxth,
1803 5014 1957 5054 conc.
1985 5018 2042 5068 ll,
2074 5020 2129 5058 η.

543 5081 652 5136 22:
687 5079 819 5133 Reus
862 5091 1001 5128 reum
1032 5067 1141 5125 non
1173 5070 1314 5137 facit.
1361 5067 1600 5122 Africani
1647 5084 1860 5138 quoque
1896 5067 2134 5130 canones

543 5150 678 5206 Cod.
704 5149 836 5204 eccl.
869 5145 1008 5208 Afr.,
1038 5157 1086 5196 c.
1118 5141 1238 5206 l29,
1261 5139 1576 5210 pra-cipiunt
1609 5156 1619 5190 :
1655 5138 1734 5192 Ad
1763 5144 2136 5200 accusationem

545 5239 648 5276 non
686 5219 1023 5274 admittuntur
1051 5229 1220 5266 omnes
1240 5227 1364 5280 quos
1389 5212 1457 5263 ad
1485 5211 1774 5267 accusanda
1807 5212 2008 5281 publica
2030 5217 2136 5270 cri-

547 5295 686 5346 mina
738 5291 870 5356 leges
922 5284 1138 5356 publica:
1167 5299 1266 5356 non
1310 5281 1632 5356 admittunt;
1680 5291 1744 5356 et
1777 5297 1893 5353 cap.
1929 5288 1983 5349 8,
2008 5301 2137 5341 san-

546 5367 695 5418 ciunt
720 5380 731 5412 :
770 5347 836 5414 Ut
856 5347 1000 5422 isqui
1028 5353 1285 5424 aliquibus
1311 5351 1580 5424 sceleribus
1607 5353 1829 5406 irretitus
1843 5347 1938 5421 cst,
1970 5347 2139 5412 uocem

547 5435 790 5487 adversus
814 5421 1057 5496 majorem
1085 5421 1208 5478 natu
1223 5440 1324 5478 non
1341 5421 1522 5496 habeat
1547 5425 1856 5489 accusandi;
1886 5437 2012 5481 etc.
2049 5429 2137 5494 19,

549 5505 734 5558 volunt
766 5518 780 5557 :
817 5494 971 5554 lit—si
1019 5497 1173 5566 fuerit
1228 5494 1538 5566 accusatoris
1585 5511 1800 5566 persona
1843 5496 2139 5566 culpabilis,

550 5576 618 5628 ad
641 5572 963 5644 urguendum
976 5563 1075 5620 non
1089 5567 1409 5644 admittatur.
1433 5563 1648 5644 Nequis
1668 5576 1844 5644 tamen
1867 5563 2010 5644 dicat
2027 5563 2142 5627 huic

553 5647 620 5700 de
649 5635 1072 5707 accusatoribus,
1101 5651 1226 5707 non
1259 5636 1326 5691 de
1359 5635 1583 5707 testibus
1624 5638 1903 5704 constitui,
1935 5656 2143 5698 memo-

553 5717 778 5771 randum
807 5721 890 5767 est
915 5705 1064 5781 quod
1078 5705 1320 5778 ejusdem
1350 5705 1550 5781 codicis
1576 5708 1754 5777 capite
1777 5708 1871 5781 l5l
1901 5752 1914 5774 ,
1954 5711 2145 5768 decer-

556 5790 736 5848 nitur:
772 5778 946 5845 Testes
985 5789 1154 5836 autem
1176 5781 1244 5833 ad
1286 5778 1624 5835 testimonium
1654 5794 1755 5833 non
1780 5780 2141 5852 admittendos,

2231 4520 2410 4567 textus
2437 4517 2605 4570 nostri
2633 4516 2796 4571 verba
2826 4517 3091 4575 resarcire
3122 4523 3324 4576 rectius
3367 4521 3432 4574 ad
3465 4516 3699 4576 mentem
3730 4537 3837 4576 au-

2231 4584 2399 4661 ctoris
2426 4585 2506 4661 sic
2537 4586 2728 4661 liceret
2751 4605 2763 4640 :
2794 4586 2921 4661 Ηωε
2942 4590 3115 4661 itaque
3141 4603 3282 4661 gesta
3303 4592 3553 4646 miraculo
3577 4594 3696 4661 (seu
3724 4609 3834 4648 non

2231 4655 2341 4732 sine
2367 4654 2755 4732 miraculo),Aut
2799 4654 3162 4732 introiretvrde'
3192 4663 3488 4717 testimoniis
3517 4654 3634 4732 (seu
3666 4664 3732 4718 de
3761 4673 3836 4718 te-

2232 4724 2416 4806 stibus)
2450 4727 2568 4806 talis
2596 4724 2749 4806 unius
2770 4732 2967 4806 uxoris,
2998 4731 3261 4806 adeoque,
3291 4744 3447 4803 aptus
3485 4724 3552 4806 ad
3581 4748 3704 4790 eum
3737 4751 3840 4806 pu-

2233 4795 2365 4872 dore
2396 4795 2782 4872 ’aflieiendum,
2824 4803 2916 4872 qui
2947 4795 3007 4858 se
3037 4795 3266 4872 spiritali
3295 4795 3562 4860 adulterio
3589 4795 3836 4862 comma-

2233 4866 2445 4922 culasse
2471 4869 2686 4926 dicitur.

2311 4959 2530 5034 Herculi
2549 4971 2644 5034 etc.
2679 4961 2813 5019 Cum
2857 4965 3245 5034 superiorilms,
3284 4967 3374 5022 ubi
3407 4967 3756 5025 Marcellinus
3782 4970 3840 5028 in

2238 5029 2414 5086 Vestze
2436 5043 2490 5114 et
2517 5032 2671 5114 Isidis
2691 5029 2948 5114 templum
2971 5037 3218 5114 inductus
3234 5029 3588 5114 praedicatur,
3616 5043 3720 5097 hoc
3739 5058 3841 5114 pu-

2237 5117 2404 5171 gnare
2433 5102 2698 5178 Baronius
2724 5102 3009 5178 observat;
3039 5124 3161 5163 cum
3194 5102 3486 5178 in'templis
3516 5102 3756 5167 tleorurn'
3778 5114 3843 5168 iis

2239 5183 2458 5247 tantum
2492 5175 2616 5242 diis,
2677 5177 2871 5246 quibus
2917 5178 3091 5232 dicata
3141 5191 3346 5247 essent,
3386 5175 3693 5238 sacrificare
3723 5199 3843 5240 mos

2241 5245 3068 5321 esset._Qu_ocircaMarcellinus
3101 5251 3224 5307 Isidi
3253 5264 3308 5307 et
3332 5245 3529 5321 Vestte,
3556 5272 3660 5309 non
3708 5256 3842 5310 Her-

2241 5316 2370 5378 culi,
2402 5315 2521 5371 Jovi
2562 5326 2617 5373 et
2655 5318 2913 5375 Patusino
2943 5335 3157 5376 sacrum
3190 5323 3386 5380 fecisse
3412 5315 3674 5380 dicendus
3699 5332 3839 5380 erat.

2316 5407 2480 5462 VL—
2499 5408 2683 5466 Tultce.
2719 5411 3054 5468 Emendator
3071 5408 3346 5471 substituit
3368 5418 3536 5472 cultae.
3584 5416 3844 5472 Retinen-

2244 5479 2371 5534 dum
2387 5480 2574 5558 tultwa
2595 5483 2926 5558 verbotollo,
2959 5487 3076 5558 tuli,
3102 5490 3287 5542 tultum
3311 5506 3330 5541 :
3353 5503 3452 5542 nec
3479 5488 3670 5542 desunt
3697 5487 3842 5558 apud

2245 5551 2512 5628 sequioris
2539 5554 2641 5608 iuvi
2669 5551 2961 5628 scriptores
3003 5555 3228 5628 hujusce
3254 5573 3379 5613 usus
3406 5559 3691 5628 exempla.
3735 5551 3843 5614 Sed

2247 5637 2423 5696 neque
2454 5623 2627 5696 placet
2653 5625 2793 5695 quod
2825 5626 2966 5682 idem
2996 5623 3270 5685 corrector
3298 5627 3458 5696 paulo
3494 5623 3620 5685 ante
3655 5629 3844 5685 maluit

2246 5694 2568 5777 swpefatum,
2596 5694 2715 5752 loco
2742 5703 3073 5771 tepefactum.
3102 5715 3229 5777 cum
3250 5694 3353 5754 hcc
3374 5699 3596 5757 verbum
3625 5701 3839 5773 tegulis,

2248 5779 2368 5834 qua:
2397 5771 2591 5822 iterum
2617 5777 2942 5841 coquuntur,
2977 5771 3147 5842 magis
3174 5779 3453 5848 congruat.
