4172 6202
409 314 484 373 17
563 302 566 305 ’
1518 327 1766 385 SYNODI
1805 327 2256 389 SlNUESSANIE
2295 334 2547 397 GESTA.
3649 358 3718 414 18

409 436 720 536 ιη’-δωὶδεθ
750 436 964 504 ordine.
999 440 1288 536 ίηξτοίτθηι
1332 444 1386 499 in
1430 446 1696 519 synodum
1718 491 1734 515 .
1767 463 1896 505 ecce
1935 449 2017 506 ίη-
2041 455 2099 516 Α
2121 467 2176 513 et
2218 475 2282 516 ex
2326 458 2570 514 manibus
2601 459 2734 525 luis,
2763 459 3043 518 involvere
3084 464 3137 519 in
3171 477 3392 535 peccato
3420 429 3542 536 tuo,
3579 473 3720 527 Mar-

409 530 678 586 troierunt
724 539 778 585 et
821 534 1228 602 quatuordecim
1272 545 1472 606 testes,
1521 542 1611 609 qui
1654 541 1904 597 dicebant
1955 558 2016 599 se

410 621 786 678 Marcellinum
838 623 1040 680 vidisse
1093 626 1507 684 thurificantem.
1541 632 1837 703 Respondit
1877 649 2016 690 unus

410 719 700 790 episc0pus
728 720 947 774 nomine
979 721 1265 779 Sallustius
1297 743 1309 778 :
1351 743 1370 776 ι
1408 727 1577 783 Dicite
1606 743 1787 784 coram
1821 729 2017 785 verita-

411 822 540 868 tem.
581 831 599 864 ι
633 811 940 882 Respondit
983 814 1210 882 Petrus,
1257 826 1313 872 et
1355 818 1486 874 dixit
1533 820 1598 875 ad
1647 822 2016 878 Marcellinum

411 905 724 976 episcopum
758 922 772 959 :
812 923 831 957 ι
862 905 981 960 Jam
1011 907 1165 973 audi,
1193 910 1432 978 pontifex
1453 910 1472 976 ,'
1492 921 1547 967 et
1591 912 1768 983 judica
1798 928 2014 970 causam

411 1005 561 1052 tuam
592 1013 606 1051 :
635 997 887 1068 quoniam
915 1012 984 1054 ex
1015 1013 1108 1054 ore
1139 1008 1230 1056 tuo
1266 1002 1646 1071 justificaberis
1666 1048 1680 1071 ,
1714 1016 1766 1061 et
1812 1022 1881 1061 ex
1924 1021 2019 1062 ore

414 1098 510 1145 tuo
555 1079 1048 1146 condemnaberis:
1082 1095 1335 1163 quoniam
1382 1097 1560 1151 omnia
1608 1098 1846 1152 membra
1889 1113 2018 1154 sana

413 1201 540 1242 esse
589 1203 693 1242 non
745 1196 1000 1257 possunt,
1041 1189 1087 1243 si
1133 1199 1295 1260 caput
1337 1194 1622 1247 mrestavit.
1666 1215 1684 1247 ›
1723 1195 2022 1264 Respondit

414 1278 776 1346 Marcellinus,
805 1289 860 1335 et
889 1281 1024 1336 dixit
1057 1297 1190 1338 voce
1215 1284 1362 1340 clara
1395 1304 1407 1340 :
1445 1306 1463 1339 σ
1502 1287 1621 1344 Non
1665 1289 1768 1344 diis
1805 1290 2015 1345 sacrifi-

417 1373 555 1437 cavi,
585 1372 681 1428 sed
713 1381 920 1428 tantum
950 1390 1114 1444 grana
1140 1377 1333 1433 levatis
1371 1380 1621 1436 manibus
1657 1398 1831 1453 pruna
1871 1399 2020 1440 com-

418 1466 589 1522 bussi.
626 1485 645 1519 ι
677 1466 1023 1524 Levaverunt
1053 1484 1112 1524 se
1133 1486 1325 1526 omnes
1352 1473 1733 1546 quinquaginta
1764 1479 2021 1547 prmsulcs

416 1561 695 1630 episcopi,
758 1561 1001 1617 dicentes
1054 1563 1121 1617 ad
1188 1565 1596 1635 quatuordecim
1670 1570 2020 1626 testimonia:

424 1672 444 1705 ι
475 1652 615 1722 Quid
638 1652 845 1708 vidistis
875 1653 1017 1710 hunc
1046 1653 1368 1712 facientem?
1392 1657 1535 1728 quod
1565 1675 1632 1714 ex
1661 1674 1758 1715 ore
1805 1677 1905 1716 suo
1943 1670 2024 1717 te-

421 1753 599 1800 statur
636 1745 788 1816 quasi
831 1760 937 1799 uno
979 1761 1075 1801 ore
1118 1746 1382 1804 dicentes.
1417 1768 1436 1801 ι
1486 1749 1555 1804 Ει
1589 1751 2027 1824 subscripserunt

423 1853 616 1895 omnes
656 1839 1041 1910 quinquaginta
1082 1839 1135 1894 in
1167 1840 1403 1912 quinque
1433 1842 1741 1899 testimonia
1768 1853 2021 1914 quatuor-
2062 1849 2110 1908 B

421 1933 599 1990 decim
628 1933 867 1987 virorum
902 1948 918 1988 :
947 1932 1018 1986 ita
1051 1942 1109 1987 ut
1135 1943 1259 1988 octo
1304 1944 1358 1989 et
1405 1934 1590 2005 viginti
1627 1936 2029 2008 complerentur

422 2041 546 2082 cum
583 2023 910 2095 anticipatis.
947 2023 1099 2081 Unus
1140 2034 1316 2081 autem
1360 2026 1429 2082 de
1470 2027 1773 2098 episcopis,
1809 2031 2029 2085 nomine

424 2119 701 2187 Quirinus,
730 2117 907 2172 dixit:
945 2136 963 2168 ε
999 2116 1242 2172 lnfudisti
1269 2132 1364 2172 cor
1395 2129 1563 2184 tuum,
1595 2119 1855 2189 pontifex,
1879 2121 2029 2175 mali-

425 2213 522 2280 tia,
550 2209 695 2282 quod
724 2209 913 2265 decem
944 2218 1000 2266 et
1024 2218 1148 2265 octo
1178 2211 1334 2265 annis
1370 2210 1448 2266 sic
1483 2226 1704 2267 caveras
1752 2212 2028 2278 castitate;

427 2305 625 2378 praesul
672 2303 970 2358 vulnerasti
1016 2304 1267 2358 universa
1308 2301 1548 2360 membra
1590 2315 1717 2362 tua:
1748 2315 2033 2377 propterea

429 2413 530 2471 ego
555 2414 663 2454 non
691 2397 944 2454 recedam
973 2395 1042 2453 de
1063 2397 1211 2452 omni
1229 2396 1454 2454 introitu
1476 2398 1667 2471 synodi
1695 2417 1708 2454 :
1727 2414 1887 2456 omne
1907 2415 2034 2471 pur-

431 2509 657 2565 pureum
685 2507 781 2548 COl‘
808 2502 980 2547 tuum.
1020 2512 1038 2544 ι

515 2589 600 2642 ti.
621 2586 736 2642 Alia
765 2595 948 2641 autem
972 2584 1062 2641 die
1086 2585 1484 2641 constituerunt
1507 2585 1562 2639 hi
1583 2585 1799 2641 ducenti
1824 2586 2036 2657 episco-

432 2681 512 2753 pi,
544 2689 602 2736 ut
629 2681 784 2750 quasi
811 2686 868 2735 et
893 2679 995 2750 ipsi
1039 2679 1325 2734 introirent
1368 2679 1728 2750 quinquageni
1771 2681 1823 2735 in
1875 2694 2036 2752 syno-

439 2773 584 2829 dum.
614 2771 686 2826 Et
707 2771 844 2827 facta
867 2771 1226 2827 collocutione
1254 2772 1305 2826 iu
1333 2787 1440 2826 uno
1465 2787 1587 2826 cum
1619 2772 1716 2826 hos
1745 2772 2040 2843 anticipan-

438 2873 521 2920 tes
549 2873 766 2920 centum
795 2863 1050 2919 sederunt
1079 2863 1130 2917 in
1163 2862 1350 2918 eadem
1381 2862 1599 2918 civitate
1619 2878 1808 2919 omnes
1837 2879 1901 2918 ex
1929 2879 2040 2920 uno

437 2972 666 3013 examen
694 2955 946 3022 trecenti,
970 2963 1026 3010 et
1044 2955 1404 3026 alligaverunt
1421 2964 1475 3010 et
1498 2955 1890 3012 damnaverunt
1917 2956 2038 3026 hos,

439 3049 759 3116 Urbanum,
809 3047 1112 3104 Castorium
1173 3058 1228 3104 et
1290 3047 1605 3104 Juvenalem
1655 3048 2038 3120 presbyteros,

438 3144 632 3203 Gaium
689 3153 744 3200 et
797 3145 1165 3201 Innocentium
1195 3145 1476 3201 diaconos.
1531 3146 1831 3217 Respondit
1871 3145 2042 3202 Seba-

439 3240 651 3296 stianus
671 3239 959 3308 episcopus
1003 3255 1017 3293 :

438 3343 627 3389 nostro
684 3331 1068 3404 chirographo,
1133 3341 1318 3389 nostro
1367 3334 1608 3406 eloquio,
1673 3343 1862 3389 nostro
1890 3331 2040 3388 auxi-

441 3427 539 3492 lio,
573 3435 757 3481 nostra
787 3425 1089 3480 constantia
1140 3434 1194 3481 et
1238 3427 1465 3482 veritate
1518 3427 1624 3481 fixa
1673 3435 1728 3482 et
1782 3428 2043 3496 prazclara

443 3517 794 3588 dispositione
821 3517 1113 3574 auditionis
1130 3519 1448 3574 exhibemus
1472 3520 1737 3591 legamen.
1761 3520 1876 3574 Non
1895 3521 2039 3575 enim

442 3624 636 3669 nostro
660 3629 751 3668 ore
775 3612 1175 3684 justiﬁeaberis,
1197 3623 1288 3667 aut
1311 3623 1494 3668 nostro
1519 3629 1614 3670 ore
1640 3613 2040 3669 condemnabe-

444 3710 556 3773 ris,
589 3706 840 3776 quoniam
869 3721 967 3763 sue
995 3708 1227 3762 tunicam
1262 3717 1405 3762 tuam
1450 3709 1501 3761 in
1551 3717 1634 3773 te,
1679 3723 1836 3778 quam
1882 3707 2042 3777 paulo

443 3815 554 3859 non
579 3800 843 3860 induebas
869 3808 1063 3870 sutam,
1095 3800 1257 3857 modo
1279 3801 1520 3858 excisam
1548 3815 1643 3858 sue
1669 3817 1736 3858 ex
1764 3800 1929 3858 corde
1952 3810 2042 3857 tuo

2117 551 2340 616 celline,
2369 550 2682 622 expontifex
2713 551 2918 608 Romae.
2955 573 2973 606 ι
3002 555 3305 626 Respondit
3329 558 3583 618 Urbanus
3609 565 3724 634 cpi-

2119 659 2315 716 scopus
2343 645 2408 700 ad
2438 645 2817 702 Sebastianum
2848 649 3162 719 episcopum
3203 663 3257 708 et
3283 654 3419 710 dixit
3447 675 3460 710 :
3498 677 3516 709 ‹
3552 659 3727 714 Intro-

2119 735 2384 791 ducautur
2406 747 2571 792 testes
2597 737 2702 792 viri
2728 738 2956 794 viriliter
2979 758 3205 798 numero
3229 756 3460 815 quatuor
3497 758 3552 804 et
3592 767 3725 818 qua-

2120 828 2367 899 draginta
2408 838 2466 883 ut
2505 828 2641 884 libra
2670 830 2892 885 occidua
2924 834 3258 903 compleatur
3282 853 3312 892 a
3345 839 3550 908 multis,
3580 844 3724 910 quod

2119 935 2148 974 a
2178 920 2360 976 multis
2389 921 2702 977 fabricatum
2735 933 2836 977 est.
2874 943 2893 976 ι
2922 923 2989 979 Ει
3015 925 3335 984 introierunt
3363 940 3525 986 testes
3556 933 3727 988 Tran-

2120 1013 2394 1082 quillinus,
2412 1013 2649 1083 Priscus,
2666 1017 2866 1084 Bonus,
2884 1018 3160 1086 Servulus,
3176 1022 3497 1094 Cyprianus,
3513 1027 3705 1082 Petrus
3720 1075 3734 1095 ,

2120 1104 2540 1172 Quadratianus,
2574 1108 2787 1174 Aresto,
2822 1109 3070 1180 TeSpius,
3099 1113 3366 1181 Quadrus,
3402 1117 3728 1188 Epiphorus,

2122 1195 3066 1270 Maximus,Gordianus,Gaudiosus,
3091 1205 3432 1276 Saturninus,
3458 1210 3731 1276 Urbanus,

2123 1285 2446 1356 Reparatus,
2476 1289 2694 1345 Priscus
2720 1333 2734 1356 ,
2771 1291 3101 1360 Venerosus,
3135 1297 3442 1368 Romanus,
3477 1301 3728 1372 Exsupe-

2125 1378 2258 1440 rius,
2287 1377 2622 1450 Crispianus,
2656 1382 2947 1450 Barbarus,
2979 1385 3109 1454 Leo,
3136 1387 3432 1456 Forianus,
3463 1391 3730 1459 Bacauda,

2129 1469 2472 1538 Ambrosius,
2502 1472 2719 1540 Terula,
2750 1475 3049 1545 Juhanncs,
3084 1479 3372 1538 lubentius
3394 1525 3408 1549 ,
3443 1485 3731 1553 Proculus,

2127 1562 2471 1632 Octavianus,
2496 1565 2794 1634 Romanus,
2830 1569 3078 1627 Valerius
3099 1617 3112 1640 ,
3147 1573 3451 1642 lacinthus,
3481 1577 3737 1633 Mellicia-

2129 1673 2251 1726 nus,
2288 1659 2497 1728 Petrus,
2532 1659 2812 1729 Claudius,
2835 1663 3038 1734 Exper,
3069 1666 3297 1734 Probus,
3327 1667 3575 1740 Nicorus,
3603 1670 3736 1726 Pro-

2132 1750 2398 1819 batianns,
2434 1750 2687 1818 Ursinus,
2719 1752 3067 1811 Urbatianus.

2211 1842 2295 1896 12.
2341 1843 2577 1915 Singulis
2606 1854 2787 1900 autem
2817 1846 3156 1904 adstantibus
3187 1852 3239 1904 in
3275 1853 3480 1921 gremio
3521 1862 3736 1908 trecen-

2134 1944 2310 1990 torum
2338 1939 2714 2007 epiSCOporum
2738 1947 2794 1993 et
2821 1939 3036 2009 triginta
3069 1942 3511 2013 presbyterorum
3540 1944 3740 1999 Roma-

2132 2041 2358 2091 norum,
2406 2037 2462 2082 et
2513 2029 2696 2098 viginti
2723 2037 2847 2084 octo
2891 2032 3182 2100 supradicti
3241 2042 3443 2101 testes,
3497 2044 3554 2090 ut
3601 2036 3739 2090 libra

2133 2118 2497 2187 compleretur
2522 2137 2536 2173 :
2565 2120 2816 2189 quoniam
2847 2121 3131 2177 duodecim
3159 2125 3331 2180 unciae
3362 2105 3414 2180 in
3443 2126 3579 2182 libra
3608 2142 3738 2197 pro-

2136 2210 2347 2266 babitur
2375 2226 2584 2277 sensus,
2619 2222 2674 2268 et
2700 2213 2754 2268 in
2784 2214 3118 2287 septuaginta
3148 2217 3357 2273 duobus
3396 2233 3739 2290 comparatus

2136 2301 2479 2358 damnabitur
2515 2305 2732 2374 pracsul.
2770 2305 3066 2376 Respondit
3104 2307 3385 2376 Quiriacus
3415 2311 3700 2381 episcopus
3722 2354 3738 2379 ,

2139 2404 2194 2450 et
2220 2395 2352 2451 dixit
2386 2396 2451 2451 ad
2481 2396 2847 2453 Marcellinum
2877 2416 2891 2453 :
2927 2417 2945 2450 ι
2976 2399 3095 2455 Non
3124 2403 3407 2472 cognoscis
3427 2405 3738 2461 universum

2137 2490 2380 2546 velamen
2401 2492 2580 2547 cordis
2607 2493 2678 2547 tui
2706 2491 2854 2563 (Vid.
2886 2504 3000 2548 acta
3031 2496 3094 2549 de
3114 2498 3437 2567 purgatione,
3466 2497 3620 2570 Xyst.
3640 2498 3734 2564 Ill,

2141 2600 2192 2636 n.
2223 2584 2292 2654 4)
2323 2602 2334 2638 :
2365 2585 2542 2654 judica
2575 2586 2718 2641 enim
2750 2601 2965 2642 causam
2999 2597 3164 2654 tuam,
3193 2599 3247 2644 et
3289 2591 3486 2658 lacera,
3531 2607 3742 2648 macerat

2143 2678 2558 2732 tuacerationem
2608 2688 2774 2733 tuam.
2817 2679 2933 2734 Non
2965 2695 3030 2735 ex
3070 2680 3223 2736 nobis
3249 2682 3578 2750 judicaberis
3608 2701 3621 2737 :
3651 2693 3743 2738 tuo

2141 2771 2284 2826 enim
2313 2771 2587 2840 pontificio
2623 2772 3071 2829 condemnaberis
3091 2815 3104 2838 ,
3135 2783 3189 2829 et
3216 2783 3401 2830 nostro
3437 2777 3743 2831 testimonio

2143 2865 2492 2934 explicaveris
2523 2870 2993 2936 metas:quoniam
3025 2883 3122 2923 nos
3153 2869 3205 2922 iu
3233 2869 3738 2925 condemnationem

2145 2959 2273 3014 nihil
2297 2959 2618 3029 opponimus
2639 2960 2874 3024 causale,
2899 2960 3032 3014 nihil
3058 2960 3397 3017 defendimus
3426 2981 3439 3017 :
3473 2963 3567 3019 sed
3591 2964 3741 3018 dam-

2146 3069 2334 3108 namus
2366 3053 2484 3116 hos,
2505 3054 2594 3124 qui
2616 3064 3016 3110 evacuaverunt
3043 3055 3320 3125 templum,
3344 3065 3399 3112 et
3420 3055 3744 3111 dimiserunt

2146 3145 2403 3200 fabricam
2446 3160 2604 3200 manu
2648 3145 2715 3200 de
2756 3161 2919 3215 super
2957 3155 3346 3214 constructam,
3378 3157 3435 3202 ut
3460 3147 3748 3203 introirent

1068 3257 1087 3290 ‹
1136 3237 1250 3293 Hoc
1289 3239 1523 3294 tribunal
1552 3249 1736 3294 nostro
1761 3253 2034 3305 sermone,
2064 3236 2108 3298 C
2145 3238 2275 3310 lupi,
2311 3247 2364 3294 et
2395 3239 2633 3294 facerent
2655 3239 2937 3309 speluncas
2958 3281 2973 3307 ,
2998 3248 3050 3295 et
3075 3238 3426 3296 comederent
3451 3255 3620 3310 agnos
3645 3240 3739 3295 im-

2145 3333 2440 3389 maculatos
2461 3375 2477 3401 ,
2505 3341 2560 3388 et
2583 3346 2678 3388 eos
2698 3333 2789 3402 qui
2817 3348 2883 3388 ex
2911 3343 3094 3388 vetere
3120 3331 3186 3388 ad
3217 3348 3412 3387 novum
3444 3341 3741 3396 venerant,

2143 3427 2529 3482 inveterarent.
2566 3425 2641 3480 Te
2667 3426 2810 3480 enim
2852 3440 2958 3480 non
2998 3424 3421 3480 condemnamus
3447 3467 3462 3491 ,
3488 3423 3740 3494 quoniam

2144 3537 2214 3577 ex
2242 3535 2336 3576 ore
2368 3519 2495 3592 [tuo
2519 3517 2922 3589 justifieaberis,
2956 3527 3011 3573 et
3036 3533 3103 3574 ex
3145 3533 3240 3572 ore
3281 3527 3372 3572 tuo
3411 3516 3741 3573 condemna-

2144 3615 2308 3671 beris.
2346 3633 2364 3666 ι
2392 3613 2732 3668 Marcellinus
2767 3621 2946 3667 autem
2985 3611 3038 3666 in
3078 3619 3372 3681 conspectu
3403 3607 3744 3682 synodi]ce-

2147 3707 2277 3762 cidit
2295 3707 2348 3762 in
2371 3716 2536 3763 terra.
2556 3706 2634 3762 Ibi
2657 3716 2835 3761 autem
2849 3708 3058 3777 iacens,
3075 3715 3130 3761 et
3154 3705 3224 3760 ibi
3241 3720 3307 3761 eo
3324 3720 3472 3760 mora
3491 3704 3740 3770 faciente,

2149 3801 2560 3859 damnaverunt.
2591 3799 2843 3874 Synodus
2877 3808 3056 3857 autem
3099 3809 3154 3870 et
3192 3798 3493 3873 presbyteri
3525 3799 3743 3870 triginta

1819 3933 2378 3993 ANNOTATIONES.

515 4080 629 4136 VII.
659 4108 732 4120 —
761 4077 885 4132 Non
917 4076 1272 4143 sacriﬁcavi...
1306 4075 1579 4130 combussi.
1609 4074 1921 4130 Pontiﬁcem
1940 4074 2039 4130 de-

442 4154 600 4209 decet
628 4152 768 4205 fatua
799 4149 916 4204 haec
957 4157 1012 4204 et
1051 4147 1253 4202 insulsa
1306 4146 1533 4216 negandi
1583 4147 1748 4217 ratio,
1800 4146 1952 4217 quasi
1991 4146 2042 4217 ei

445 4227 701 4295 ignorare,
726 4223 802 4295 fas
832 4219 1040 4295 fuisset,
1069 4234 1189 4273 eum
1213 4217 1422 4295 censeri
1440 4217 1542 4271 diis
1561 4216 1921 4295 sacrificasse,
1947 4216 2040 4288 qui

447 4289 633 4352 c'oram
654 4293 812 4348 idolis
841 4292 1009 4345 thuris
1034 4305 1196 4360 grana
1223 4289 1408 4359 prunis
1435 4289 1839 4344 combussisset.

521 4387 904 4456 Quinquaginta
934 4385 984 4438 in
1015 4383 1253 4456 quinque.
1283 4382 1428 4456 Editi
1468 4383 1518 4436 in
1546 4381 1716 4456 tribus
1743 4381 2038 4456 columnis,

445 4453 812 4529 quinquaginta
857 4456 1107 4529 quinque,
1135 4453 1232 4529 vel
1279 4454 1645 4529 quinquaginta
1699 4462 1754 4529 et
1796 4453 2036 4529 quinque.

2149 4075 2376 4144 vulgatis
2417 4085 2620 4131 notato.
2654 4076 2731 4131 Ex
2771 4091 2877 4146 quo
2918 4076 3200 4132 manifesta
3251 4085 3334 4132 est
3382 4077 3434 4130 in
3481 4075 3565 4129 Itis
3609 4075 3747 4146 actis

2151 4161 2353 4216 pugna,
2395 4156 2578 4219 utpote
2621 4149 2676 4201 in
2719 4147 3196 4219 quibushepiscopi
3228 4162 3331 4219 non
3364 4161 3462 4202 suo
3489 4161 3582 4200 ore
3607 4145 3748 4200 Mar-

2150 4218 2424 4283 cellinum,
2440 4217 2533 4272 sed
2550 4217 2830 4288 ipsiusmet
2845 4217 3049 4288 judicio
3063 4217 3425 4272 damnandum
3446 4226 3744 4282 recantaut,

2147 4299 2203 4344 et
2229 4300 2405 4343 tamen
2437 4289 2523 4344 hic
2549 4291 2890 4361 eat-pontifex,
2919 4298 3203 4361 antequam
3227 4305 3286 4342 se
3305 4289 3746 4361 ipsedantnave-

2148 4361 2238 4422 rit,
2269 4358 2873 4431 vocatur.fQuamqu'am
2906 4376 3045 4416 unus
3067 4358 3245 4416 icodex
3273 4358 3592 4430 simpliciter
3613 4374 3745 4429 pon-

2149 4433 2276 4503 tifea:
2296 4446 2406 4500 pra:
2429 4446 2488 4487 se
2512 4430 2654 4487 ferre
2680 4430 2917 4488 natatur.

448 4522 827 4603 Rectius'ms.‘
858 4522 1012 4603 Colb.
1059 4526 1461 4603 quinquaginta,
1509 4522 1626 4603 scil.
1673 4522 1948 4603 episcopi,
1986 4525 2040 4577 in
2067 4544 2122 4603 Ι)
2227 4526 2421 4603 Viginti
2442 4535 2628 4603 octo":
2639 4525 3143 4603 _te_s_tes.Correct.ot_-,
3164 4533 3209 4603 et
3226 4522 3745 4603 vigintiocto‘testium

443 4605 668 4672 quinque
715 4599 1036 4672 testimonia,
1073 4594 1209 4672 quia
1262 4595 1469 4650 scilicet
1516 4595 1567 4649 in
1613 4595 1825 4649 actione
1871 4594 2042 4672 prima

449 4665 623 4743 primo
650 4685 789 4726 unus
815 4670 992 4735 solus,
1025 4665 1136 4743 tum
1168 4666 1389 4743 decem,_
1415 4676 1598 4743 postea
1628 4675 1738 4743 tres
1764 4665 1931 4743 semel
1951 4665 2044 4743 ,.i_n

453 4735 558 4798 hac
597 4752 771 4798 autem
809 4743 974 4796 altera
1008 4739 1095 4792 alii
1127 4735 1533 4807 quatuordecim
1565 4736 1931 4807 testimonium
1963 4736 2045 4790 bis

455 4815 768 4884 interrogati
797 4813 1082 4884 dixerunt;
1101 4806 1166 4864 ex
1184 4824 1290 4877 quo
1311 4809 1544 4884 quinque
1565 4806 1698 4861 fiunt
1717 4807 2042 4884 testimonia.

525 4885 652 4941 Cum
666 4878 1000 4944 'anticipatis.
1031 4880 1181 4936 Unus
1207 4895 1307 4933 ms.
1341 4879 1678 4944 anticipantes
1698 4919 1713 4942 ,
1742 4879 1879 4932 alter
1909 4878 2046 4931 anti-

454 4957 760 5027 ripantibus.
806 4955 1011 5027 Horum
1049 4959 1324 5027 corrector
1353 4948 1796 5027 participantibus.
1832 4949 1909 5027 Ex
1941 4963 2044 5027 ms.

455 5019 608 5084 Golb.
642 5030 695 5081 in
724 5041 831 5095 quo
859 5023 1208 5092 anticipautis,
1241 5021 1574 5077 restituitnus
1599 5020 1916 5090 anticipatis,
1947 5019 2050 5074 hoc

457 5110 562 5164 est,
587 5100 732 5169 prius
756 5096 1089 5152 memoratis.

530 5189 656 5244 Cum
695 5190 785 5243 hos
823 5187 1181 5256 anticipantes.
1214 5182 1365 5256 Unus
1392 5198 1422 5237 e
1450 5195 1579 5237 mss.
1615 5197 1732 5256 cunt
1759 5181 1839 5234 his
1867 5181 2050 5234 antici-

456 5261 710 5333 pantibus.
754 5253 1073 5338 Corrector,
1125 5271 1239 5308 cum
1285 5254 1364 5308 his
1406 5253 1754 5324 prtescrtptis;
1793 5260 1849 5307 et
1891 5267 2046 5319 mox,

451 5349 723 5401 omnesque
748 5346 850 5384 υηθ
873 5343 1122 5383 επαηηηε.

530 5426 700 5493 Quam
740 5423 916 5490 paulo.
946 5419 1164 5489 Supple,
1189 5428 1328 5493 ante.
1359 5417 1584 5486 Subjicit
1621 5426 1808 5493 auctor
1845 5425 2049 5480 noster,

455 5487 829 5554 non'induebas
859 5501 1026 5547 satam
1053 5487 1073 5544 ἑ
1100 5491 1240 5558 quod
1281 5490 1350 5545 de
1388 5499 1633 5560 tempore
1679 5487 1879 5542 dictum
1902 5532 1917 5556 ,
1946 5502 2053 5556 quo

461 5568 799 5624 Marcellinus
830 5565 1118 5620 scissuram
1149 5562 1343 5616 tuuicze
1372 5560 1664 5615 nesciebat.
1703 5560 1784 5613 Ab
1809 5560 1924 5629 ejus
1951 5573 2051 5612 au-

461 5653 572 5695 tem
592 5648 769 5693 mente
785 5637 1000 5690 aberrat
1021 5641 1292 5687 corrector
1310 5633 1450 5687 hunc
1473 5632 1648 5685 locum
1665 5632 1742 5685 sic
1761 5630 2050 5685 exhibens:

461 5710 791 5778 Quapropter
819 5721 1006 5761 consue
1035 5704 1258 5778 tunicam
1284 5712 1443 5762 tuam,
1479 5712 1524 5757 et
1553 5718 1704 5774 quam
1742 5700 1897 5773 paulo
1937 5711 2055 5756 ante

458 5776 708 5838 induebas
732 5789 920 5836 sutam.
954 5776 1262 5831 conscissam
1290 5786 1490 5828 consue.
1887 5827 1894 5837 ,

537 5850 882 5922 Fit-pontifex
928 5846 1118 5900 Romm.
1153 5845 1225 5899 l:a
1279 5861 1378 5900 ms.
1426 5843 1575 5901 Colb.
1619 5858 1738 5900 cum
1785 5844 1954 5900 altero
1998 5845 2051 5900 in

2148 4592 2579 4666 supradictorum.
2608 4595 2890 4651 Mallemus
2930 4605 2978 4649 et
3018 4595 3198 4664 viginti
3244 4603 3358 4666 octo
3408 4592 3616 4666 testibus
3658 4608 3748 4645 su-

2150 4664 2426 4738 pradictis,
2479 4667 2599 4738 scil.
2646 4666 2986 4721 adstantibus.
3029 4665 3183 4721 Unde
3202 4665 3426 4738 tandem
3474 4664 3744 4738 sublatum

2149 4733 2230 4795 est
2255 4737 2652 4793 incommodum
2677 4781 2691 4803 ,
2720 4754 2826 4808 quo
2855 4737 3092 4807 episeOpi
3131 4737 3337 4808 primo,
3382 4750 3450 4789 ne
3491 4733 3650 4808 simul
3691 4737 3746 4788 in

2151 4827 2314 4864 unum
2342 4807 3173 4880 convenirent,prohibebantur
3201 4825 3212 4859 :
3242 4807 3375 4860 adeo
3421 4816 3476 4858 ut
3521 4807 3598 4859 sic
3639 4811 3746 4858 tre-

2151 4883 2291 4936 centi
2321 4882 2581 4952 episcopi,
2615 4882 2910 4951 presbyteri
2946 4879 3160 4951 triginta
3205 4887 3260 4933 et
3297 4886 3462 4933 testes
3493 4883 3747 4947 quatuor-

2152 4953 2325 5008 decim
2355 4951 2460 5006 uno
2482 4953 2535 5006 in
2559 4953 2677 5007 loco
2702 4951 2862 5006 simul
2891 4952 3113 5006 essent?

2230 5043 2407 5099 [Incite
2432 5044 2486 5096 in
2517 5042 2717 5097 libra...
2746 5058 2943 5096 sensus.
2975 5029 3151 5096 Minus
3185 5040 3437 5108 displicet
3461 5037 3594 5093 illud
3621 5050 3745 5092 cor-

2155 5115 2400 5181 rectoris,
2433 5115 2597 5168 unciis
2627 5114 2771 5168 librae
2801 5113 3099 5184 probabitur
3119 5128 3315 5166 census.

2226 5207 2296 5260 Et
2328 5208 2567 5261 lacera...
2595 5205 2856 5276 quoniam.
2883 5203 3118 5276 Longius
3147 5211 3203 5258 et
3231 5201 3320 5276 h_ic
3352 5201 3419 5276 ab
3433 5198 3752 5276 archetypis

2155 5271 2653 5333 receditcorrector
2688 5278 2739 5330 in
2769 5276 2910 5330 hunc
2945 5271 3160 5329 modum
3196 5291 3208 5324 :
3243 5271 3308 5325 Et
3343 5271 3606 5341 disjectam
3649 5279 3750 5324 ate

2155 5349 2423 5404 maceriam
2454 5358 2591 5402 tuam
2614 5348 2723 5418 ipse
2750 5357 2996 5400 scrutare.
3027 5343 3150 5398 Non
3171 5344 3302 5397 enim
3324 5351 3518 5402 nostro,
3547 5341 3637 5418 sed
3661 5350 3750 5418 tuo

2155 5422 2317 5488 ipsius
2350 5419 2551 5488 judicio
2582 5412 3030 5482 condemnaberis,
3057 5424 3232 5488 nostr‘o
3261 5426 3430 5488 autem
3461 5412 3752 5488 testimonio

2156 5481 2494 5546 excusaberis.
2527 5488 2680 5544 Nihil
2705 5491 2822 5543 time
2851 5505 2868 5542 :
2895 5481 3154 5555 quoniam.
3175 5485 3337 5540 Certe
3361 5487 3411 5538 in
3439 5485 3565 5538 totis
3583 5481 3752 5555 gestis

2158 5563 2291 5618 nihil
2319 5571 2420 5628 est,
2453 5577 2560 5632 quo
2589 5561 2954 5616 Marcellinum
2974 5565 3290 5614 excusatum
3311 5556 3495 5611 velint.

2230 5658 2295 5713 In
2319 5667 2659 5727 conspectu...
2692 5659 2746 5711 in
2775 5666 2930 5711 terra.
2972 5656 3123 5712 Colb.
3167 5669 3419 5727 ms.cum
3459 5653 3657 5727 altero,
3686 5665 3749 5702 ea:

2158 5748 2243 5786 ore
2275 5719 2456 5801 synodi
2499 5730 2677 5783 cecidit
2713 5731 2766 5784 in
2797 5738 2949 5786 terra.
2979 5727 3133 5786 Alius
3153 5769 3167 5798 ,
3202 5726 3438 5782 exltorres
3462 5719 3746 5792 synodum,

2157 5799 2378 5860 cecidisti
2409 5804 2460 5858 in
2491 5811 2696 5858 terram.
