4172 6202
424 277 491 335 19
1802 271 1887 329 DE
1927 269 2295 329 MARCELLO
3654 273 3726 328 ρο

423 406 555 449 voce
572 391 715 447 clara
736 389 1150 462 chirographum
1173 388 1521 443 ﬁrmaverunt
1544 401 1703 457 super
1722 385 2015 453 Urbanum,
2046 386 2098 446 Α
2124 394 2365 455 tempore
2393 383 2533 455 quod
2560 383 2805 455 exigebat
2833 382 2988 450 ordo,
3017 383 3114 441 sed
3138 383 3300 442 etiam
3325 384 3487 441 futuri
3515 392 3722 459 tempo-

422 484 722 541 Castorium
768 491 823 539 et
860 479 1174 537 Iuvenalem
1217 478 1564 550 presbyteros
1592 472 1681 532 hi:
1708 472 2018 543 Humanus,

361 595 364 598 ’
417 576 729 648 Capuanus,
760 571 1065 636 Castorius,
1094 570 1468 637 Innocentius,
1491 568 1680 626 Audax
1699 613 1714 638 ,
1744 564 2018 626 Homolio-

421 686 544 738 nus,
568 670 783 735 Petrus,
810 666 1113 736 Quiriacus,
1146 664 1501 731 Herculanus,
1527 660 1784 741 Serenus,
1813 661 2016 719 Johan-

420 782 520 822 nes
536 807 552 833 ,
579 762 908 836 Nepotianus
929 803 943 825 ,
975 758 1276 832 Cyprianus
1296 802 1311 827 ,
1335 757 1698 828 Corporanus,
1729 754 2017 823 Eusebius,

418 856 689 924 Castinus,
711 852 915 920 Victor,
946 848 1247 916 Matthazus,
1286 849 1606 920 Spesindeo,
1652 844 1832 913 Virus,
1884 842 2012 903 Vin.

418 948 681 1015 comalus,
713 945 1075 1013 Collecticius,
1107 942 1455 1010 Valentinus,
1491 940 1860 999 Priscillianus
1880 984 1892 1005 ,
1919 940 2017 998 Ju-

417 1043 616 1108 lianus,
646 1040 933 1108 Lucianus,
960 1038 1267 1104 Castorius;
1292 1028 1611 1091 etdiacones
1631 1035 1715 1090 isti
1735 1052 1747 1088 :
1768 1034 2014 1103 Ilcrmes,

415 1134 642 1207 Xystus,
665 1130 877 1188 Petrus.
911 1126 1361 1200 Subscripserunt
1393 1136 1569 1183 autem
1618 1128 1670 1181 in
1714 1125 2012 1183 damnatio.

415 1240 539 1282 nem
581 1224 774 1281 horum
819 1222 1056 1294 quinque
1099 1219 1330 1286 Urbani,
1374 1216 1606 1275 Castorii
1644 1227 1700 1275 et
1740 1214 2016 1273 Juvenalis

413 1318 875 1390 presbyterorum,
905 1323 959 1371 et
988 1313 1105 1369 Gaii
1137 1323 1192 1371 et
1223 1312 1519 1369 Innocentii
1548 1310 1919 1367 diaconorum.

489 1410 576 1466 15.
604 1409 663 1465 In
694 1410 816 1465 sinu
841 1418 1020 1464 autem
1054 1415 1417 1463 trecentorum
1446 1407 1823 1478 episcoporum
1854 1415 2016 1476 caput

414 1504 597 1559 cinere
634 1501 955 1558 convolutus
998 1497 1343 1555 Marcellinus
1383 1496 1670 1571 episcopus
1696 1488 1854 1552 Urbis
1880 1512 2014 1553 voce

413 1596 558 1652 clara
588 1593 826 1650 clamans
856 1592 1069 1648 dicebat
1098 1610 1108 1645 :
1134 1588 1357 1647 Peccavi
1385 1605 1565 1646 coram
1603 1589 1755 1646 vobis
1774 1630 1790 1657 ,
1821 1598 1876 1645 et
1905 1594 2011 1645 non

410 1701 633 1758 possum
667 1685 718 1740 in
749 1682 939 1741 ordine
978 1698 1100 1739 esse
1129 1682 1467 1738 sacerdotum
1497 1702 1508 1735 :
1539 1670 1788 1753 quoniam
1820 1690 2012 1738 arat-us

2124 479 2217 533 ris.
2239 475 2569 549 Quodetiam
2595 486 2650 534 et
2673 477 2788 548 ipse
2814 492 2944 534 voce
2970 478 3115 534 clara
3141 477 3383 539 dicebat:
3410 499 3427 539 ι
3457 478 3608 537 Iuste
3628 496 3725 538 ore

2122 585 2221 626 suo
2244 569 2636 627 condemnatus
2661 580 2772 637 est,
2805 580 2857 627 et
2887 584 2983 626 ore
3022 584 3121 627 suo
3162 571 3446 626 anathema
3489 574 3730 642 suscepit

2123 674 2430 721 maranata:
2463 665 2716 736 quoniam
2742 679 2838 720 ore
2864 679 2963 719 suo
2993 664 3388 721 condemnatus
3415 674 3520 723 est.
3553 664 3723 723 Nemo

2122 756 2264 812 enim
2299 772 2549 828 umquam
2591 755 2851 826 judicavit
2893 755 3199 827 pontiﬁcem
3221 796 3236 821 ,
3267 771 3366 811 nec
3410 758 3603 829 praesul
3635 773 3724 812 sa-

2122 847 2397 903 cerdotem
2428 863 2586 903 suum
2613 864 2626 901 :
2658 846 2913 918 quoniam
2944 846 3114 918 prima
3146 846 3302 902 sedes
3327 862 3433 902 non
3461 846 3725 918 judicabi-

2124 952 2269 997 tura
2298 958 2589 1014 quoquam.
2632 960 2651 994 ι
2690 940 2802 997 Hoc
2841 949 3020 997 autem
3059 940 3276 1007 audito,
3326 940 3720 1008 Diocletianus,

2122 1034 2247 1089 dum
2278 1044 2423 1091 esset
2464 1035 2516 1089 in
2564 1033 2704 1089 bello
2735 1033 3043 1100 Persarum,
3074 1031 3278 1089 audivit
3314 1032 3457 1102 quod
3496 1036 3719 1091 trecenti

2120 1127 2359 1199 episcopi
2383 1135 2443 1203 et
2462 1127 2676 1198 triginta
2708 1125 3008 1197 presbyteri
3031 1133 3082 1181 et
3107 1133 3215 1180 tres
3235 1124 3490 1183 diacones
3518 1128 3569 1182 in
3594 1142 3721 1184 con-

2120 1219 2522 1275 demnationem
2554 1218 2923 1275 convenirent.
2958 1215 3091 1272 Dum
3124 1215 3569 1290 subscripsissent
3606 1234 3720 1275 om-

2120 1326 2238 1379 nes,
2272 1308 2385 1380 ipse
2413 1310 2654 1366 omnium
2686 1310 2891 1381 primus
2924 1324 3084 1367 manu
3114 1324 3209 1363 sua
3242 1309 3456 1381 propria
3487 1309 3716 1369 Mareel-

2118 1403 2260 1458 linus
2298 1402 2563 1458 conclusit
2604 1398 2658 1456 in
2689 1417 2844 1457 suum
2877 1400 3162 1456 anathema
3189 1443 3204 1469 ,
3235 1399 3563 1459 anathemati
3594 1402 3718 1458 sub-

2117 1494 2380 1552 scribens.
2447 1492 2620 1552 Iratus
2683 1505 2861 1551 autem
2927 1492 3288 1550 Diocletianus
3354 1486 3405 1551 in
3471 1495 3715 1552 eamdem

2117 1589 2389 1646 civitatem
2444 1589 2619 1653 misit,
2674 1599 2728 1643 et
2780 1587 2979 1643 multos
3028 1589 3312 1658 episcopos
3355 1586 3420 1643 ad
3477 1588 3720 1662 martyrii

2116 1699 2372 1739 coronam
2413 1683 2593 1739 traxit.
2626 1680 2846 1737 Factum
2887 1690 2967 1737 est
3008 1690 3186 1736 autem
3221 1676 3355 1736 nihil
3384 1678 3524 1736 aliud
3547 1724 3562 1749 ,
3592 1680 3717 1736 dum

410 1793 501 1833 me
539 1781 781 1849 corrupit
824 1774 1114 1848 (corrupi)
1149 1791 1301 1847 auro.
1350 1772 1791 1846 Subscripserunt
1833 1785 2010 1831 autem
2043 1785 2092 1845 Β
2116 1776 2290 1847 primo
2309 1774 2545 1832 damnati
2569 1773 2793 1830 fuissent
2820 1782 2928 1830 tres
2953 1772 3251 1846 presbyteri
3272 1772 3447 1828 ctduo
3466 1772 3720 1829 diacones

409 1871 465 1926 in
496 1871 612 1941 ejus
636 1870 1035 1925 damnationem
1055 1911 1068 1935 ,
1101 1877 1156 1923 et
1183 1866 1575 1923 damnaverunt
1603 1883 1725 1923 cum
1754 1878 1906 1923 extra
1932 1869 2009 1923 ci-

411 1962 652 2037 vitatem.
685 1961 952 2017 Sacerdos
990 1961 1207 2015 nomine
1247 1957 1514 2015 Helciadis
1555 1960 1840 2030 episcopus
1883 1959 2010 2014 sub-

408 2055 624 2128 scripsit
671 2054 875 2127 primus
919 2052 972 2109 in
1018 2052 1136 2123 ejus
1177 2050 1616 2121 damnationem,
1648 2067 1754 2111 non
1804 2058 2009 2107 tantum

2119 1870 2376 1926 damnati.
2410 1870 2704 1924 Damnatus
2744 1878 2923 1924 autem
2965 1877 3019 1922 et
3061 1860 3404 1923 Marcellinus
3436 1867 3720 1937 episcopus

2117 1977 2215 2016 suo
2242 1956 2443 2032 judicio
2473 1979 2505 2016 ι
2549 1958 2818 2016 Kalendas
2859 1957 3196 2031 Septembris
3242 1958 3577 2015 Diocletiano
3605 1956 3717 2014 VIII

2119 2064 2172 2110 et
2197 2052 2519 2109 Maximiano
2540 2051 2651 2108 VII.

1765 2191 2316 2251 ANNOTATIONES.

480 2332 891 2406 Chirograpltnm
918 2331 1270 2406 ﬁrmaverunt.
1298 2330 1564 2406 Duomss.
1599 2330 1996 2406 chirographum

406 2408 613 2477 firmum
638 2400 658 2460 Ξ
687 2400 879 2477 deinde
906 2417 972 2457 ex
1017 2400 1080 2457 iis
1122 2406 1295 2477 unus‘,
1333 2400 1957 2477 Urbanum,__Castoriu_i_n
1978 2445 1992 2470 ,

404 2470 702 2532 Iuvenalem
743 2474 1148 2546 presbyterorum
1192 2475 1400 2538 harum,
1441 2474 1597 2540 alter,
1634 2470 1862 2536 Urbani,
1892 2472 1994 2527 Ca-

405 2549 571 2612 storii,
604 2556 709 2602 etc.
1124 2608 1127 2611 Α

483 2616 673 2672 Futuri
725 2617 984 2685 temporis.
1018 2614 1235 2672 Addidit
1268 2625 1565 2681 corrector,
1592 2616 1644 2668 iu
1668 2616 2001 2685 exemplum:

407 2690 550 2761 quod
591 2689 722 2743 satis
769 2684 991 2761 arridet.
1047 2685 1327 2761 observat
1358 2688 1436 2742 vir
1489 2685 1765 2751 eruditos,
1812 2684 2000 2761 saltem

405 2757 689 2833 postquam
715 2774 772 2814 se
802 2760 915 2833 ipse
938 2758 1276 2833 Marcellinus
1299 2759 1630 2833 damnasset,
1660 2757 1850 2829 synodi
1884 2771 1997 2833 [ηαδ

406 2828 563 2889 ἱιθιεὶέ
577 2831 757 2898 fuisse,
779 2828 834 2883 ut
856 2830 1111 2901 Romana:
1128 2829 1393 2901 ecclesiae,
1415 2844 1480 2883 ne
1496 2828 1697 2901 diutius
1718 2828 2000 2901 sacerdote

406 2903 813 2965 destitueretur,
846 2902 1197 2971 prospiceret.
1218 2900 1370 2971 Nihil
1398 2912 1574 2955 tamen
1606 2899 1674 2955 de
1700 2900 1808 2954 alio
1843 2899 1895 2954 in
1924 2900 1998 2954 lo-

407 2990 527 3029 cum
578 2970 869 3027 Marcellini
920 2970 1263 3042 subrogando
1307 2978 1485 3026 actum
1532 2989 1544 3024 :
1592 2986 1653 3024 ac
1701 2971 1905 3025 nullum
1951 2971 1999 3025 ei

406 3045 751 3114 subrogatum
779 3056 903 3098 esse
929 3051 1162 3114 constat.

475 3116 543 3171 In
569 3113 1060 3171 condemnationem.
1090 3113 1235 3170 Unus
1258 3129 1358 3170 ms.
1379 3117 1432 3169 in
1461 3114 1688 3169 eamdem
1715 3114 1999 3168 damnatio-

2100 2350 2232 2387 nem.
2258 2332 2443 2400 Alter,
2473 2335 2526 2387 in
2551 2334 2662 2399 eius
2688 2333 3090 2400 damnationem.
3122 2332 3274 2388 Colb.
3309 2334 3361 2387 in
3404 2349 3462 2386 eo
3499 2334 3716 2387 damna-

2102 2406 2289 2458 tionem
2318 2422 2334 2459 :
2368 2398 2509 2460 unde
2537 2401 2929 2459 restituendum
2961 2398 3213 2458 duximus
3244 2404 3296 2458 in
3320 2403 3715 2458 condemnatio-

2101 2492 2237 2528 nem.
2267 2476 2558 2545 Superiora
2582 2488 2758 2530 autem
2790 2476 2975 2541 verba,
3005 2476 3127 2528 dum
3155 2485 3284 2529 esset
3313 2476 3365 2528 in
3410 2475 3544 2529 bella
3588 2474 3725 2531 Per~

2101 2563 2299 2613 sarum,
2329 2554 2477 2601 notat
2508 2546 2772 2600 Baronius
2805 2546 2936 2601 falsa
2971 2562 3126 2611 esse.
3158 2562 3279 2601 cum
3315 2552 3417 2601 hoc
3456 2561 3600 2602 anno
3644 2564 3716 2602 xx

2102 2618 2313 2687 imperii
2353 2618 2432 2671 sui
2474 2616 2837 2688 Diocletianus
2868 2632 2928 2671 se
2960 2618 3189 2688 imperio
3219 2612 3480 2688 abdicarit
3505 2659 3518 2682 ,
3555 2629 3717 2686 atque

2102 2678 2226 2743 ante
2264 2689 2537 2741 biennium
2582 2687 2648 2741 de
2692 2684 2871 2742 Persis
2915 2678 3187 2754 superatis
3239 2678 3424 2742 Romae
3454 2678 3558 2741 una
3590 2678 3713 2743 cum

2105 2759 2428 2814 Maximiano
2449 2759 2656 2827 collega
2685 2774 2781 2811 suo
2810 2759 3141 2827 triumphum
3174 2760 3395 2829 egisset.
3431 2759 3588 2813 Putat
3620 2761 3718 2829 igi-

2107 2839 2194 2885 tur
2222 2832 2337 2885 h:ec
2363 2840 2419 2886 et
2448 2846 2567 2898 qua:
2593 2838 2889 2900 sequuntur
2924 2846 3031 2884 non
3070 2846 3192 2886 esse
3213 2828 3280 2885 ex
3309 2830 3444 2885 actis
3465 2828 3712 2895 concilii,

2107 2902 2201 2955 sed
2225 2901 2303 2955 eis
2326 2901 2662 2972 postmodum
2689 2902 2741 2955 in
2764 2916 2967 2956 morem
2997 2901 3308 2970 appendicis
3322 2916 3455 2972 esse
3480 2900 3710 2969 adjecta.

2113 2964 2532 3027 Vernm'omnes
2563 2972 2799 3031 codices.
2820 2973 2910 3042 qui
2935 2964 3212 3040 superiora
3243 2964 3524 3033 exhibent,
3548 2964 3711 3025 cxiii-

2110 3043 2238 3097 bent
2271 3053 2325 3097 et
2354 3045 2471 3095 ista.
2510 3043 2696 3112 Neque
2724 3043 2916 3097 mirum
2949 3054 3031 3097 est
3059 3050 3365 3109 auctorem,
3399 3043 3487 3112 qui
3531 3043 3582 3096 in
3636 3049 3716 3097 tot

2110 3114 2233 3169 aliis
2259 3117 2507 3183 cespitat,
2538 3116 2700 3169 etiam
2733 3115 2831 3169 hac
2862 3115 2915 3169 in
2949 3130 3008 3168 re
3035 3114 3159 3170 labi.

642 3546 649 3555 .
734 3422 1561 3545 seuerus
1639 3388 2733 3541 maneamus
2806 3420 3389 3543 PAPA.

1576 3688 2144 3734 -ῳοςε
2162 3693 2526 3725 μ-

699 3924 787 3997 §I.
813 3950 883 3963 -ν-
907 3919 1123 3988 Quando
1148 3927 1194 3971 et
1222 3914 1467 3988 quamdiu
1488 3911 1690 3968 sederit.

483 4063 616 4118 Post
641 4056 932 4114 Marcellini
961 4054 1188 4120 obitum,
1217 4061 1274 4106 ut
1310 4050 1360 4105 ei
1409 4061 1691 4104 successor
1734 4046 2000 4114 deligere-

404 4167 491 4214 tur
538 4149 926 4227 persecutionis
958 4154 1253 4218 tempestas
1276 4152 1381 4197 non
1415 4138 1680 4211 permisit.
1716 4139 1766 4192 in
1787 4136 1998 4210 Buche-

401 4250 558 4306 riano
583 4245 828 4312 catalogo
853 4236 1097 4298 Romana
1126 4236 1282 4293 sedes
1311 4244 1420 4289 tum
1452 4228 1896 4310 vacasse‘dicitur
1928 4241 1998 4280 vu

401 4343 580 4406 annis,
609 4338 883 4395 mensibus
900 4350 975 4402 vn,
1003 4330 1193 4389 diebus
1212 4344 1341 4384 xxv.
1369 4324 1475 4381 Sed
1493 4323 1691 4394 ibiqaro
1713 4321 1870 4399 annis
1902 4336 1993 4389 vn,

400 4433 700 4491 Bucherius
727 4430 1010 4501 legendum
1039 4442 1163 4483 esse
1201 4425 1457 4495 opinatur
1480 4422 1638 4477 annis
1660 4421 1730 4485 lii,
1771 4426 1999 4485 eamque

401 4527 794 4587 correctionem
826 4522 1135 4579 necessario
1177 4519 1449 4590 postulant
1493 4514 1749 4571 consules
1802 4506 1999 4582 quibus

399 4618 687 4677 Marcellus
736 4612 1103 4688 pontificatum
1151 4608 1336 4665 iniisse
1402 4608 1453 4662 in
1508 4605 1698 4661 eodem
1753 4599 1998 4670 catalogo

400 4723 637 4768 notatur.
674 4709 740 4764 Et
766 4707 922 4763 facile
952 4705 1171 4777 quidem
1205 4717 1301 4772 pro
1326 4701 1478 4771 apice
1505 4716 1543 4764 ι,
1567 4706 1693 4753 uota
1724 4694 1995 4750 numerica

400 4824 436 4861 v
488 4786 723 4875 irrepsit.
782 4799 938 4858 Unde
979 4799 1242 4869 sequitur,
1294 4802 1352 4849 ut
1380 4791 1666 4875 Marcellus
1694 4802 1836 4843 anno
1865 4786 1992 4853 508,

399 4899 524 4955 Maii
554 4912 648 4952 xix
674 4896 782 4959 die,
812 4908 933 4964 quae
980 4891 1032 4945 in
1077 4886 1265 4946 feriam
1314 4896 1519 4943 sextam
1564 4878 1810 4947 cadebat,
1839 4878 1998 4933 fuerit

399 4991 699 5047 ordinatus.
729 4985 967 5055 Tempus
995 4996 1148 5047 vero,
1186 4994 1292 5051 quo
1324 4979 1367 5033 is
1399 4991 1534 5048 papa
1564 4968 1863 5029 Ecclesiam
1896 4967 1995 5023 ad-

401 5080 746 5147 ministravit,
763 5078 1013 5133 laudatus
1029 5074 1308 5143 catalogus
1333 5073 1411 5128 sic
1429 5068 1676 5140 designat
1697 5084 1711 5120 :
1731 5085 1750 5119 ι
1774 5058 1995 5121 Marcel-

399 5174 486 5229 lus
512 5189 654 5228 anno
676 5185 806 5237 uno,
831 5168 1109 5225 mensibus
1136 5180 1227 5232 vn,
1252 5165 1441 5231 diebus
1468 5178 1563 5230 xx,
1585 5177 1615 5215 a
1642 5157 1924 5215 consulatu
1959 5171 1992 5210 ι

399 5264 616 5335 (supple
648 5260 908 5331 Herculii)
937 5269 992 5315 et
1026 5257 1352 5313 Maximiano
1381 5255 1508 5326 (leg.
1537 5249 1841 5307 Maximiani
1869 5247 1990 5317 vn),

2105 3880 2494 3953 Marlyt‘ologio
2536 3884 2622 3938 die
2666 3900 2734 3936 vn
2783 3884 3019 3938 octobris
3046 3883 3304 3951 offendit;
3360 3903 3379 3938 ι
3412 3886 3596 3942 Roma:
3626 3889 3712 3944 via

2027 3985 2072 4049 ρ
2109 3974 2277 4045 Appia
2311 3975 2575 4043 depositio
2606 3975 2842 4029 Marcelli
2884 3986 2938 4029 et
2982 3974 3141 4029 Marci
3192 3975 3453 4048 episcopi,
3495 3997 3514 4030 ι
3552 3978 3709 4036 illum

2104 4078 2246 4120 anno
2284 4066 2408 4128 509,
2453 4066 2702 4121 Octobris
2734 4080 2803 4119 vn
2845 4066 2934 4120 die
2978 4065 3042 4119 ad
3087 4065 3284 4120 coelum
3322 4062 3582 4139 migrasse
3611 4085 3712 4139 pro

2104 4171 2255 4215 certo
2289 4159 2453 4228 ponit.
2491 4157 2596 4215 Sed
2627 4156 2937 4215 Marcellum
2970 4177 2988 4209 ‹
3017 4159 3099 4212 via
3126 4150 3355 4221 Salaria,
3383 4179 3399 4211 ι
3435 4177 3539 4215 non
3564 4181 3580 4213 ι
3619 4165 3709 4218 via

2105 4251 2275 4321 Appia
2309 4272 2325 4302 ι
2384 4251 2687 4320 depositum
2719 4267 2814 4306 seu
2862 4251 3131 4322 sepultum
3174 4267 3297 4307 esse
3339 4256 3541 4307 certius
3599 4265 3708 4311 est.

2104 4344 2249 4399 Sane
2267 4343 2523 4398 ineodem
2542 4343 2928 4415 Martyrologlo
2972 4344 3038 4398 ad
3064 4345 3205 4399 diem
3232 4360 3323 4400 xvn
3349 4345 3589 4401 Januarii
3609 4363 3710 4403 ex-

2103 4446 2229 4501 stat,
2259 4454 2279 4488 ‹
2310 4437 2497 4492 Romae
2527 4439 2609 4491 via
2631 4438 2835 4492 Salaria
2886 4438 2939 4492 in
2968 4441 3286 4494 cocinetcrio
3316 4439 3576 4495 Priscillae
3604 4442 3708 4497 ile-

2104 4528 2302 4598 positio
2324 4522 2566 4583 Marcelli
2597 4529 2836 4597 episcOpi
2863 4537 2917 4583 et
2943 4527 3296 4584 confessoris.
3336 4549 3352 4581 ι
3401 4528 3536 4585 Iluic
3568 4547 3706 4587 con-

2102 4622 2233 4677 cinit
2255 4621 2584 4678 Pontilicalis
2603 4621 2738 4677 liber
2767 4622 3153 4679 Bollandianus
3183 4639 3247 4678 ex
3281 4621 3471 4679 codice
3500 4624 3707 4695 regina:

2104 4715 2397 4769 Succorum
2427 4712 2753 4782 descriptus,
2788 4713 2843 4767 in
2888 4729 2997 4782 quo
3034 4715 3104 4768 de
3133 4714 3389 4769 Marcello
3420 4714 3704 4783 scribitur,

2108 4822 2127 4855 ι
2159 4801 2413 4873 Sepultus
2467 4810 2552 4857 est
2598 4802 2650 4856 in
2693 4803 3010 4858 ctemeterio
3048 4798 3311 4859 Priscillae
3353 4804 3436 4857 via
3464 4805 3702 4874 Salaria,

2099 4912 2189 4951 1m
2223 4893 2489 4951 Kalendas
2521 4894 2822 4951 Februarii.
2859 4915 2878 4949 ο
2915 4895 2991 4952 lbi
3010 4897 3154 4950 enim
3187 4892 3446 4951 mendose
3473 4913 3534 4952 ac
3557 4895 3705 4957 forte

2102 4987 2309 5042 librarii
2364 4988 2516 5057 lapsu
2549 5003 2636 5041 xvi
2684 5004 2779 5057 pro
2819 5003 2931 5043 xvn
2963 4987 3152 5045 haberi
3179 4988 3485 5059 colligimus
3514 5006 3580 5046 ex
3612 4994 3702 5049 al-

2103 5087 2219 5133 tero
2248 5078 2490 5147 ejusdem
2537 5077 2659 5132 libri
2703 5079 2999 5149 exemplari
3031 5078 3159 5132 olitu
3190 5078 3523 5149 Fossatensl,
3553 5098 3705 5142 nunc

2098 5170 2436 5234 tioibertino,
2469 5169 2522 5223 in
2563 5184 2670 5239 quo
2706 5186 2722 5222 t
2763 5182 2869 5223 xvu
2910 5160 3182 5225 Kalendas
3211 5172 3498 5241 felirtiarii,
3532 5188 3550 5226 ι
3587 5190 3701 5233 non

2098 5279 2209 5330 xvr,
2245 5263 2489 5333 legimus.
2535 5263 2702 5317 Immo
2754 5262 2988 5319 Marcelli
3035 5263 3432 5334 depositionem
3482 5266 3569 5323 die
3622 5285 3695 5325 xv

399 5370 571 5426 usque
599 5363 720 5426 post
767 5350 1106 5410 consulatum
1162 5366 1195 5407 x
1240 5360 1293 5408 ει
1327 5366 1418 5419 VH,
1458 5370 1477 5406 ι
1507 5349 1611 5407 hoc
1640 5356 1723 5407 εει
1748 5364 1918 5421 usque
1941 5348 1991 5403 ίιι
2017 5375 2072 5435 Ι)
2098 5356 2335 5412 Januarii
2363 5365 2511 5412 notat
2544 5357 2914 5413 Bucherianus
2938 5356 3292 5428 depositionis
3323 5360 3696 5418 Romanorum

399 5461 599 5502 annum
632 5455 974 5517 sequentem,
1007 5447 1099 5516 qui
1129 5456 1251 5517 post
1276 5447 1615 5503 consulatum
1642 5464 1673 5502 ι
1704 5448 1993 5524 (Herculii)

399 5547 455 5595 et
483 5539 770 5609 septimum
813 5537 1169 5611 (Maximiani)
1214 5540 1521 5595 notabatur.
1569 5541 1677 5597 Sed
1717 5558 1895 5612 neque
1925 5558 1989 5599 ex

399 5629 486 5686 his
511 5644 617 5701 quo
656 5629 744 5685 die
770 5630 987 5698 abierit,
1040 5629 1233 5686 conllci
1257 5643 1407 5688 certo
1456 5633 1894 5705 potest-Pagius,
1923 5634 1991 5690 ad

398 5720 709 5781 Marcellum
750 5736 943 5795 papam
988 5723 1229 5780 referens
1272 5723 1513 5795 quodin
1570 5723 1989 5798 Hieronymiano

2095 5450 2475 5518 episcoporum
2510 5448 2854 5525 indiculusin
2885 5449 3029 5505 hunc
3063 5451 3324 5507 modum:
3361 5471 3381 5504 ι
3416 5468 3544 5507 avni
3575 5452 3695 5510 Ka-

2094 5540 2282 5595 lendas
2312 5539 2569 5595 februarii
2594 5539 2890 5596 Marcellini
2918 5540 2971 5596 in
2990 5542 3273 5597 Priscillae.
3304 5560 3323 5594 ι
3352 5541 3466 5596 lluc
3482 5544 3700 5617 quippe

2092 5630 2382 5689 Marcellini
2414 5644 2607 5689 nomen
2633 5631 2753 5689 loco
2773 5633 3010 5691 Marcelli
3037 5634 3319 5704 irrepsisse
3340 5634 3696 5695 manifestum

2093 5734 2193 5782 est.
2244 5726 2426 5797 Neque
2455 5742 2587 5781 vero
2633 5726 2876 5783 insolens
2920 5736 3003 5784 est
3028 5726 3256 5784 duorum
3289 5726 3503 5786 illorum
3529 5745 3699 5789 voca-
