4172 6202
380 307 446 362 2t
1526 310 1929 371 DlSClPLlN/E
1971 310 2414 373 SERVATORE.
3619 313 3690 366 εξ

381 422 633 479 bulorum
663 421 935 479 confusio.
978 422 1110 479 inde
1140 424 1285 479 enim
1323 424 1616 497 contigisse
1657 426 1891 493 videtur,
1922 435 1980 485 ιιι
2007 427 2059 489 Α
2085 425 2409 481 Maxentium
2438 426 2741 493 tyrannidis
2770 434 3003 497 arreptae
3048 427 3316 498 principio
3344 425 3465 483 fidei
3489 433 3691 481 nostra:

379 514 649 571 Eusebius
679 512 920 571 Marcelli
948 529 1212 586 nusquam
1236 517 1572 584 meminerit,
1596 528 1649 573 et
1673 519 1723 573 in
1752 516 1983 574 Chroni-

379 623 449 664 co
489 592 789 665 Eusebium
843 622 1061 680 papam,
1110 608 1276 664 veluti
1326 612 1633 680 proximum
1679 612 1981 667 Marcellini

379 713 753 756 successorem
774 700 1112 756 memorarit.
1133 699 1396 768 Quocirca
1415 702 1675 759 standum
1698 718 1985 760 censemus

380 809 568 851 eorum
590 794 902 850 auctoritati
926 794 1404 862 monimentorum,
1432 812 1554 866 qua:
1578 796 1812 854 Marcelli
1836 813 1983 853 mor-

382 901 493 947 tem
523 905 712 947 mense
739 889 997 944 Januario
1037 889 1383 960 consignant.
1438 891 1573 947 Cum
1607 892 1708 948 hac
1757 894 1981 964 quidem

382 985 582 1042 mortis
626 983 865 1041 Marcelli
918 982 1126 1055 epoeha
1184 985 1437 1055 componi
1492 1000 1717 1056 prorsus
1758 986 1979 1057 nequit,

381 1077 530 1150 quod
581 1076 920 1132 Bucheriano
966 1076 1020 1131 in
1058 1076 1301 1146 catalogo
1341 1076 1409 1131 de
1468 1086 1716 1149 tempore
1746 1093 1855 1148 quo
1881 1078 1984 1134 iste

381 1187 525 1249 papa
552 1171 695 1227 rexit
738 1169 1042 1225 Ecelesiam
1074 1151 1325 1232 habetur,
1357 1168 1464 1224 Sed
1493 1178 1617 1239 apte
1637 1169 1987 1241 quadrabunt

380 1266 592 1330 omnia,
620 1264 666 1319 si
693 1263 747 1317 in
775 1262 968 1318 eodem
994 1262 1242 1332 catalogo
1264 1262 1334 1317 ita
1356 1261 1683 1331 legerimus:
1714 1280 1733 1314 ι
1753 1262 1980 1318 Marcel-

377 1357 464 1414 lus
510 1371 656 1413 anno
688 1368 819 1420 uno,
862 1353 1139 1409 mensibus
1166 1369 1260 1418 vn,
1298 1351 1491 1410 diebus
1511 1369 1691 1422 xxvn,
1732 1369 1763 1409 a
1790 1368 1985 1410 consu-

376 1450 491 1506 latu
515 1464 549 1503 x
588 1446 824 1504 Herculii
876 1454 931 1501 et
962 1444 1266 1500 Maximiani
1317 1461 1416 1511 vn,
1457 1462 1628 1517 usque
1665 1463 1701 1502 ιι
1756 1445 1987 1519 (scilicet

375 1536 546 1609 anno)
574 1545 700 1609 post
718 1536 1058 1592 consulatum
1082 1551 1115 1590 x
1140 1542 1196 1591 et
1219 1550 1314 1591 vn.
1349 1553 1368 1588 ι
1406 1535 1472 1591 Et
1498 1535 1733 1592 Marcelli
1761 1537 1981 1608 quidem

378 1629 750 1701 pontificatum
801 1626 868 1681 ad
913 1624 1216 1682 secundum
1270 1642 1472 1683 annum
1531 1638 1652 1698 post
1710 1628 1984 1689 decimum

375 1724 619 1781 Herculii
648 1722 1013 1786 consulatum.
1045 1722 1147 1776 hoc
1177 1732 1261 1778 est
1292 1721 1359 1777 ad
1381 1738 1584 1780 annum
1612 1723 1813 1781 Christi
1850 1727 1980 1795 510,

2089 516 2483 588 professionem
2512 518 2817 574 simulasse.
2846 517 2952 573 Sed
2971 532 3094 573 cum
3113 515 3362 573 simulata
3382 514 3692 589 huiusmodi

2089 612 2423 683 professione
2442 613 2513 667 nil
2536 621 2796 683 repugnat
2816 609 3042 667 duorum
3067 606 3384 680 pontificum
3408 606 3687 680 relegatio.

2085 704 2219 759 Cum
2248 704 2392 759 enim
2419 703 2539 759 ideo
2565 703 2725 758 fidem
2762 713 3002 759 nostram
3030 701 3272 776 proﬁteri
3300 717 3359 759 se
3390 703 3692 770 simularet,

2088 805 2143 850 ut
2196 795 2429 865 placeret
2467 795 2907 866 blandireturque
2959 794 3160 867 ptpuio
3208 794 3491 863 Romano,
3537 794 3695 851 facile

2086 887 2350 943 adductus
2381 898 2463 943 est
2489 898 2546 943 ut
2575 904 2642 943 ex
2669 886 2811 943 Urbe
2829 889 2964 943 duos
2991 890 3216 957 pelleret
3244 887 3502 958 prmsules
3523 929 3537 952 ,
3570 903 3695 944 cum

2088 980 2190 1034 hoc
2241 980 2436 1051 populo
2464 991 2675 1050 gratum
2701 988 2756 1034 et
2790 989 3071 1049 acceptum
3114 977 3225 1034 fore
3247 1021 3262 1046 ,
3296 977 3545 1033 Heraclio
3572 992 3695 1049 per-

2086 1074 2382 1141 suadente,
2437 1073 2809 1144 comperisset.
2864 1072 3049 1143 Neque
3097 1088 3225 1127 vero
3269 1071 3334 1126 ad
3380 1088 3475 1128 eos
3503 1086 3694 1143 perse-

2088 1167 2332 1236 quendos
2382 1175 2491 1222 tum
2540 1166 2659 1220 fidei
2690 1181 2881 1233 causa,
2918 1165 3015 1221 sed
3052 1166 3316 1220 severitas
3349 1165 3545 1231 nimia,
3575 1181 3696 1235 qua:

2088 1259 2413 1315 seditionum
2473 1258 2625 1331 origo
2668 1269 2854 1325 esset,
2914 1255 3492 1328 pnetexehaturJliuc
3526 1255 3696 1311 Hera-

2089 1353 2251 1408 clium
2303 1352 2441 1425 apud
2503 1352 2827 1407 Maxentium
2883 1351 3051 1422 gratia
3104 1348 3392 1421 plurimum
3455 1349 3697 1420 potuisse

2088 1447 2401 1519 conjecmra
2432 1455 2537 1512 cst,
2558 1462 2623 1501 ex
2649 1460 2821 1516 eoque
2845 1443 3117 1500 exstitisse
3138 1457 3299 1514 grege
3313 1441 3699 1497 semichristia-

2090 1554 2313 1604 norum,
2364 1537 2559 1608 quibus
2610 1536 2883 1592 abundant
2956 1536 3256 1607 principum
3321 1535 3549 1601 domus,
3608 1533 3698 1605 qui

2090 1632 2386 1688 christiano
2435 1645 2557 1686 cum
2610 1629 2827 1685 nomine
2874 1628 3057 1683 smculi
3101 1626 3323 1684 delicias
3364 1640 3696 1698 componere

2091 1733 2295 1790 amant;
2317 1732 2371 1777 et
2395 1738 2515 1778 cum
2550 1736 2776 1792 peccare
2805 1736 2913 1777 non
2946 1722 3190 1788 timeant,
3221 1719 3445 1776 horrent
3471 1733 3697 1793 prorsus

377 1815 982 1888 prorogarinecessario
1004 1816 1239 1884 postulat
1265 1815 1317 1872 id
1338 1816 1480 1887 quod
1520 1818 1661 1873 idem
1688 1819 1974 1877 Bucheria-
2014 1818 2065 1878 B
2093 1815 2424 1889 paenitentiae
2479 1815 2728 1883 labores,
2781 1830 2983 1886 eosque
3029 1829 3058 1868 a
3107 1829 3166 1870 se
3213 1810 3400 1884 procul
3428 1811 3698 1871 eliminari

373 1923 481 1967 nus
512 1906 792 1983 catalogus
820 1905 890 1961 de
932 1906 1092 1974 hujus
1121 1921 1275 1978 papa:
1304 1909 1709 1966 successoribus
1736 1911 1973 1983 subjicit.

384 2024 415 2096 9
446 2024 512 2081 ll.
539 2053 614 2067 —
639 2022 719 2079 De
744 2026 1030 2079 constantia
1057 2022 1300 2079 Marcelli
1322 2026 1375 2079 in
1398 2028 1648 2082 servanda
1668 2029 1982 2098 minutias

1021 2115 1318 2185 disciplina.

443 2235 499 2289 l.
528 2233 720 2289 Exstat
747 2232 818 2288 de
837 2231 896 2288 S.
930 2230 1185 2287 Marcello
1233 2231 1444 2287 Damasi
1490 2246 1646 2303 papae
1674 2246 1891 2290 carmen
1944 2247 1977 2289 a

376 2327 612 2383 Darenio
640 2325 707 2381 ad
734 2336 935 2380 annum
968 2324 1095 2390 309,
1140 2340 1195 2379 n.
1244 2325 1297 2390 7,
1354 2324 1583 2391 editum,
1625 2334 1677 2380 et
1706 2327 1850 2381 inter
1871 2327 1977 2380 alia

376 2418 593 2475 Damasi
623 2431 813 2488 opera,
856 2416 1101 2482 Parisiis,
1154 2429 1301 2470 anno
1331 2414 1494 2483 ιδῃ,
1528 2417 1666 2487 typis
1695 2417 1834 2472 Lud.
1862 2416 1977 2471 Bil-

374 2511 547 2577 laine,
576 2525 696 2564 cum
735 2509 882 2563 notis
910 2507 980 2563 Μ.
1031 2506 1221 2562 Milesii
1269 2507 1601 2575 Sarrazauii,
1642 2522 1761 2580 pag.
1790 2509 1895 2563 175
1922 2518 1979 2563 et

375 2602 511 2659 alibi
541 2616 808 2667 recusem,
862 2600 1084 2670 dignum
1125 2616 1258 2656 sane
1283 2601 1427 2672 quod
1466 2611 1521 2655 et
1552 2600 1641 2656 hic
1670 2602 1848 2656 locum
1879 2599 1975 2655 ba-

375 2697 533 2761 beat;
563 2694 795 2748 maxime
844 2707 965 2748 cum
996 2707 1061 2747 ex
1088 2707 1155 2748 eo
1196 2693 1316 2763 quis
1346 2692 1582 2748 Marcelli
1622 2693 1767 2747 circa
1803 2692 1978 2762 pumi-

377 2786 599 2843 tentiam
624 2786 838 2840 animus
871 2783 1060 2849 fuerit,
1093 2784 1437 2855 perspicuum
1466 2785 1556 2841 sit.
1590 2785 1667 2841 ita
1705 2794 1765 2841 se
1788 2784 1972 2842 habet.

571 2895 659 2952 DE
703 2893 973 2953 SANCTO
1020 2894 1390 2953 MARCELLO
1443 2894 1779 2952 MARTYRE

852 3006 1045 3045 DAMAS!
1072 3004 1223 3046 PAPE
1254 3006 1486 3046 CARMEN.

464 3082 729 3132 Verldleus
749 3086 916 3132 rector
936 3120 949 3144 ,
974 3081 1142 3145 lapsus
1163 3084 1275 3145 quia
1300 3082 1500 3132 erimina
1521 3082 1648 3131 flere

464 3145 704 3206 Praedixit
722 3145 937 3206 miseris,
964 3143 1054 3194 fuit
1077 3143 1304 3196 omnibus
1329 3145 1485 3195 hostis
1508 3157 1721 3195 amarus.

463 3204 593 3256 Hinc
609 3204 760 3265 furor,
784 3207 898 3256 hinc
921 3204 1084 3256 odium
1107 3208 1349 3268 Sequitur,
1372 3206 1632 3266 discordia,
1654 3206 1787 3268 lites,

464 3269 678 3327 Seditio,
700 3267 891 3331 caedes:
915 3268 1173 3331 solvuntur
1188 3267 1385 3318 ’fmdera
1411 3270 1555 3331 pacis.

464 3331 665 3382 Crimen
687 3332 750 3380 ob
776 3330 980 3391 alterius
1003 3329 1247 3381 Christum
1269 3333 1351 3391 qui
1368 3329 1421 3391 in
1444 3344 1563 3391 pace
1587 3332 1819 3391 negavit,

464 3345 665 3382 lmen
687 3345 750 3380 ou
776 3345 980 3381 alterius
1003 3345 1247 3381 curiatum
1306 3346 1351 3380 ιιι
1373 3345 1421 3380 ιιι
1462 3345 1563 3380 »πθ
1587 3345 1787 3391 negavit
1803 3364 1819 3391 ,

464 3390 673 3444 Finibus
694 3390 931 3457 expulsus
949 3394 1117 3458 patria:
1144 3399 1221 3443 est
1246 3345 1392 3458 (gcif.
1413 3346 1694 3458 Marcellus)
1718 3392 1914 3445 feritate

1362 3455 1574 3518 [tyranni
1607 3453 1904 3519 (Maxentii).

464 3516 586 3581 Meae
604 3517 830 3581 breviter
852 3515 1093 3581 Damasus
1119 3516 1270 3566 voluit
1291 3515 1539 3581 comperta
1565 3516 1787 3578 referre,

469 3577 687 3629 Marcelli
703 3587 759 3630 ut
777 3578 985 3644 pepulus
1008 3581 1239 3629 meritum
1262 3577 1566 3642 cogndscere
1591 3582 1778 3644 posset.

442 3687 501 3742 2.
554 3686 738 3743 Virum
793 3687 982 3752 illum,
1029 3687 1185 3757 cujus
1231 3689 1301 3741 ob
1360 3687 1567 3741 crimen
1607 3685 1890 3741 Marcellus
1921 3686 1973 3740 in

370 3781 594 3838 exilium
642 3770 953 3851 deportatus
994 3780 1224 3846 dicitur,
1267 3780 1542 3851 probabile
1587 3788 1670 3835 est
1722 3778 1975 3834 eumdem

369 3888 515 3940 esse,
543 3873 699 3943 cujus
719 3871 950 3929 factione
974 3873 1136 3927 etiam
1167 3872 1400 3926 Marcelli
1432 3885 1714 3925 successor
1735 3911 1751 3938 ,
1797 3869 1972 3925 Euse-

367 3969 510 4036 bius,
534 3966 724 4023 eadem
754 3980 912 4037 pinna
943 3966 1234 4021 mulctatus
1266 3975 1385 4030 est,
1418 3964 1617 4033 quique
1657 3965 1708 4017 in
1731 3963 1974 4021 carmine

368 4061 438 4117 de
488 4074 613 4115 mox
658 4058 803 4115 dicto
881 4067 1067 4114 saneto
1131 4057 1359 4126 praesule
1426 4054 1562 4110 infra
1613 4055 1973 4112 exscribenda

368 4151 653 4207 Heraclius
691 4157 1046 4219 nuncupatur.
1106 4146 1444 4203 Pmnitentiae
1494 4146 1742 4203 videlicet
1790 4162 1969 4203 reme-

368 4246 519 4301 dium
558 4243 660 4299 etsi
713 4242 1074 4297 neccssarium
1127 4241 1331 4310 lapsis,
1382 4240 1636 4295 acerbum
1692 4250 1872 4295 tamen
1915 4249 1972 4297 et

367 4352 611 4394 amarum
651 4344 736 4391 est
768 4353 781 4390 :
813 4335 1042 4406 ideoque
1073 4349 1287 4403 semper
1319 4333 1527 4402 aliquos
1562 4330 1781 4387 offendit
1807 4374 1821 4399 ,
1873 4336 1967 4403 qui

367 4440 425 4487 et
450 4430 580 4485 illud
611 4437 927 4499 respuerent
949 4469 962 4493 ,
987 4437 1041 4483 et
1066 4428 1189 4497 pios
1216 4437 1461 4497 pastores
1485 4464 1498 4486 ,
1525 4440 1553 4478 a
1584 4424 1779 4496 quibus
1826 4424 1966 4480 nihil

367 4522 470 4577 sibi
501 4528 783 4591 sperarent
811 4518 1194 4573 remittendum
1214 4557 1229 4583 ,
1264 4517 1411 4573 velut
1435 4518 1694 4574 molestos
1727 4524 1784 4573 et
1804 4515 1968 4573 infes~

2088 1910 2297 1966 volunt.

2090 2005 2118 2076 §
2152 2003 2239 2060 lli.
2264 2031 2334 2042 -—
2359 2001 2437 2058 De
2465 2001 2662 2056 decreto
2688 1998 2823 2070 quod
2853 1996 3101 2055 Marcello
3130 1998 3467 2065 adscribitur,
3505 1996 3591 2052 ubi
3630 1997 3695 2053 de

2158 2113 2254 2152 usu
2290 2112 2389 2165 quo
2416 2110 2599 2165 pueros
2629 2092 2949 2149 monasteriis
2979 2103 3212 2164 parentes
3252 2090 3558 2161 oﬂ‘ereba‘nt,
3590 2091 3697 2147 dis-

2160 2190 2365 2244 seritur.
2888 2174 2903 2185 ’

2160 2283 2213 2336 1.
2244 2277 2395 2350 Apud
2426 2278 2737 2335 Gratianum
2757 2318 2772 2342 ,
2795 2275 2898 2344 20,
2927 2286 3119 2348 qumst.
3152 2292 3192 2343 ι,
3214 2292 3264 2334 c.
3294 2274 3362 2332 10
3383 2318 3398 2343 ,
3429 2285 3484 2332 et
3502 2274 3699 2334 exinde

2082 2376 2141 2432 in
2179 2358 2504 2431 editionibus
2527 2369 2915 2438 Conciliorum,
2940 2369 3174 2426 Marcelli
3204 2371 3422 2427 nomine
3464 2368 3694 2441 insigni-

2089 2481 2199 2525 tum
2231 2478 2312 2524 est
2340 2467 2441 2521 hoc
2454 2466 2732 2521 decretum
2760 2482 2773 2520 :
2801 2484 2820 2517 r
2851 2464 2982 2519 Illud
3005 2474 3184 2519 autem
3211 2462 3553 2519 statuendum
3576 2478 3698 2527 esse

2086 2578 2409 2628 censemus,
2440 2571 2498 2616 ut
2526 2561 2571 2615 si
2599 2560 2795 2615 minori
2825 2567 2984 2615 aetate
3010 2560 3103 2614 lilii
3149 2558 3480 2614 monasterio
3528 2557 3697 2614 oblati

2087 2657 2284 2712 fuerint
2310 2697 2324 2721 ,
2369 2653 2452 2710 vel
2481 2668 2690 2709 sacram
2719 2662 2992 2708 tonsuram
3022 2651 3104 2707 vel
3134 2651 3399 2707 velamina
3434 2666 3693 2722 suscepe-

2087 2749 2220 2813 rint,
2248 2746 2469 2817 dignum
2491 2744 2710 2815 quidem
2724 2743 2996 2808 duximus,
3016 2752 3071 2797 ut
3092 2742 3523 2812 decimo-quinto
3545 2756 3693 2798 anno

2086 2855 2118 2894 a
2150 2838 2386 2910 praelatis
2414 2838 2632 2904 moniti,
2664 2837 2844 2893 verbis
2869 2836 3245 2907 inquirantur,
3277 2844 3457 2892 utrum
3486 2836 3538 2890 in
3572 2836 3691 2907 ipso

2087 2930 2272 2985 habitu
2297 2944 2614 3000 permanere
2643 2929 2882 3000 cupiant,
2907 2944 3123 2984 annon.
3150 2927 3205 2985 Si
3225 2944 3353 2985 vero
3372 2944 3694 3000 permanere

2087 3023 2317 3095 professi
2337 3022 2553 3090 fuerint,
2573 3022 2798 3101 ulterius
2820 3023 3113 3093 pmniteudi
3135 3041 3153 3074 ι
3180 3021 3315 3094 (Hoc
3330 3034 3433 3092 est,
3452 3024 3691 3080 habitum

2085 3116 2329 3173 mutandi
2357 3125 2413 3172 et
2439 3116 2505 3172 ad
2527 3115 2783 3172 smculum
2815 3116 3145 3186 revertendi)
3168 3158 3183 3184 ,
3221 3136 3240 3168 ι
3269 3117 3443 3172 locum
3470 3118 3692 3177 minime

2010 3207 2058 3271 C.
2088 3209 2344 3280 amplecti
2396 3219 2641 3279 possunt.
2694 3207 2749 3263 Si
2804 3217 2932 3263 vero
2987 3207 3051 3262 ad
3087 3207 3398 3265 saecularem
3449 3206 3691 3267 habitum

2090 3305 2286 3359 reverti
2316 3301 2604 3367 voluerint,
2636 3299 2897 3356 redeundi
2924 3300 3140 3356 licentia
3168 3299 3315 3355 nullo
3339 3300 3501 3355 modo
3528 3298 3693 3356 deue-

2085 3406 2242 3467 getur
2299 3412 2312 3449 :
2362 3394 2485 3465 quia
2538 3394 2670 3450 satis
2721 3393 2911 3449 inutile
2960 3403 3078 3459 est,
3133 3402 3190 3448 ut
3235 3402 3420 3447 coacta
3468 3392 3689 3451 servitia

2088 3488 2317 3543 Domino
2348 3495 2691 3557 praestentur.
2725 3506 2744 3539 ι
2771 3486 3017 3542 Labbeus
3040 3502 3167 3541 vero
3200 3496 3366 3553 notat,
3384 3487 3452 3542 ab
3470 3498 3691 3543 auctore

2004 3592 2009 3601 ‘
2083 3581 2291 3637 Glossa:
2315 3580 2456 3651 apud
2478 3582 2791 3636 Gratianum
2824 3579 3054 3635 Martino
3086 3580 3278 3646 tribui,
3302 3580 3526 3651 ejusque
3552 3590 3690 3635 lem-

2085 3672 2307 3743 porihus
2330 3672 2498 3742 magis
2528 3672 2839 3727 convenire.
3628 3738 3631 3739 ν

2152 3762 2207 3817 2.
2254 3762 2557 3820 Obscurum
2607 3774 2757 3820 certe
2790 3779 2898 3820 non
2928 3775 3011 3819 est
3056 3764 3159 3819 hoc
3199 3764 3475 3821 decretum
3509 3768 3575 3821 ad
3623 3780 3687 3823 ca

2081 3859 2356 3929 pertinere
2385 3866 2653 3928 tempora,
2682 3857 2877 3928 quibus
2902 3856 2968 3913 de
2997 3857 3089 3919 illo
3118 3874 3218 3914 usu
3232 3856 3479 3928 derogari
3501 3859 3686 3930 cmpit,

2080 3951 2172 4022 qui
2195 3950 2305 4021 jam
2337 3950 2545 4020 pridem
2573 3949 2881 4013 obtinebat,
2907 3949 3155 4005 videlicet
3186 3960 3241 4005 ut
3272 3951 3453 4020 pueris
3480 3992 3494 4017 ,
3542 3960 3692 4021 post-

2079 4058 2241 4114 quam
2269 4041 2613 4097 monasteriis
2633 4056 2661 4093 a
2696 4040 3009 4111 parentibus
3038 4042 3264 4096 fuissent
3284 4041 3470 4107 oblati,
3492 4056 3691 4113 propo~

2078 4135 2239 4190 situm
2270 4133 2562 4200 deserere,
2604 4142 2659 4188 et
2708 4132 2774 4187 ad
2815 4133 3071 4188 sreculum
3103 4131 3312 4204 regredi
3338 4131 3491 4189 nefas
3520 4143 3687 4189 esset.

2076 4229 2233 4284 Hunc
2268 4236 2448 4283 autem
2470 4241 2627 4283 usunt
2654 4223 2793 4294 apud
2819 4225 3038 4282 Grmcos
3069 4241 3361 4297 numquam
3407 4237 3689 4298 receptum

2075 4340 2198 4380 esse
2246 4321 2515 4393 colligitur
2544 4330 2658 4377 tum
2708 4337 2773 4378 ex
2826 4320 2911 4377 bis
2940 4320 3252 4387 Theodori,
3280 4319 3688 4377 Cantuariensis

2073 4413 2459 4485 archiepiscopi
2479 4411 2714 4485 (Spicit.,
2732 4422 2802 4466 to.
2821 4427 2896 4478 ix,
2921 4429 2973 4481 p.
2992 4411 3116 4484 62):
3139 4429 3157 4462 ι
3181 4410 3411 4467 Basilius
3424 4408 3692 4482 judicavi‘

2075 4508 2257 4578 pueris
2278 4505 2549 4560 licentiam
2575 4504 2699 4575 (leg.
2716 4502 2903 4573 licere)
2925 4504 3128 4558 nubere
3149 4513 3276 4557 ante
3298 4503 3569 4560 sexdecim
3584 4519 3684 4559 an-

368 4622 453 4670 ιοε
500 4586 688 4667 Hostes
738 4610 1022 4666 habere").
1076 4611 1279 4666 Horum
1333 4610 1728 4679 importunam“
1762 4609 1967 4680 pridem
1992 4586 2048 4649 D
2076 4613 2195 4663 nos,
2220 4598 2264 4652 si
2285 4596 2556 4651 abstinere
2573 4610 2678 4649 non
2699 4595 2993 4665 potuerint,
3018 4594 3264 4666 quamvis
3283 4595 3529 4652 monachi
3550 4596 3685 4653 fuis-

364 4704 549 4759 clerus
575 4702 849 4757 Romanus
881 4711 1001 4772 post
1030 4702 1259 4757 Fabiani
1285 4712 1510 4757 mortem
1527 4702 1748 4756 minime
1772 4702 1972 4758 ceden-

362 4796 504 4851 dum
531 4802 676 4849 ratus
697 4805 798 4850 est.
829 4794 1024 4850 Iisdem
1053 4794 1265 4850 fortiter
1285 4802 1339 4849 et
1362 4803 1675 4851 constanter
1700 4792 1973 4849 resistenti

361 4886 677 4959 Cypriane,
719 4902 788 4943 ne
826 4895 933 4942 tam
963 4886 1266 4943 necessaria
1304 4885 1584 4956 disciplina
1616 4884 1972 4941 labefactare—

367 4989 496 5043 tur,
534 4979 699 5035 multa
737 4996 768 5035 a
821 4979 1057 5035 factiosis
1110 4978 1326 5035 fuerunt
1357 4979 1694 5035 sustinenda.
1730 4979 1972 5035 Tandem

366 5073 658 5128 Marcellus
686 5075 865 5130 omnia
894 5073 1128 5143 caperiri
1149 5116 1164 5141 ,
1188 5090 1347 5145 quam
1377 5082 1581 5130 tantum
1615 5074 1814 5129 malum
1845 5088 1973 5141 per-

366 5165 595 5220 mittere
655 5166 861 5221 maluit.
912 5165 1098 5236 Neque
1148 5166 1264 5237 ejus
1315 5166 1479 5221 exilio
1535 5166 1827 5221 deterritus
1889 5172 1974 5221 est

367 5257 658 5323 Eusebius,
690 5260 977 5331 quominus
1000 5274 1158 5329 quam
1188 5259 1444 5316 decessor
1464 5258 1776 5316 defenderat
1801 5264 1970 5332 1»ωηὶ-

366 5350 559 5407 tentia:
591 5365 807 5406 causam
836 5366 899 5407 ac
935 5352 1275 5423 disciplinam
1296 5393 1311 5419 ,
1342 5352 1541 5409 invicto
1568 5353 1752 5409 animo
1779 5372 1977 5429 propu-

367 5453 582 5516 gnaret.
643 5443 879 5515 Uterque
907 5445 1102 5501 merito
1144 5445 1447 5517 appelletur
1475 5455 1681 5518 martyr
1703 5447 1931 5519 justitia:
1956 5490 1972 5516 ,

368 5551 535 5605 quam
563 5535 815 5592 videlicet
844 5537 955 5593 Deo
982 5546 1213 5606 negant,
1235 5537 1331 5609 qui
1358 5548 1641 5609 postquam
1673 5538 1821 5594 illum
1850 5555 1975 5610 pee-

369 5626 551 5681 cando
572 5627 942 5695 offenderunt,
978 5629 1025 5684 ei
1053 5628 1210 5700 digne
1262 5644 1355 5701 per
1401 5629 1772 5702 paenitentiam
1817 5632 1975 5689 satis-

369 5719 555 5774 facere
584 5718 904 5779 detrectant.

444 5812 498 5871 5.
562 5810 748 5871 Tradit
789 5810 1006 5888 quidem
1056 5812 1323 5885 Eusebius
1373 5813 1467 5873 lib.
1518 5829 1645 5887 vin,
1697 5826 1815 5890 cap.
1864 5814 1972 5893 id,

2074 4697 2215 4759 sent,
2249 4696 2359 4744 tum
2395 4701 2460 4743 ex
2507 4685 2636 4757 ipsis
2665 4684 2847 4741 Basilii
2872 4684 3051 4740 verbis
3072 4684 3347 4757 inBegttlis
3375 4686 3541 4743 fusius
3569 4687 3685 4743 dis-

2077 4780 2297 4852 putatis,
2315 4779 2569 4849 interrog.
2594 4778 2682 4844 15,
2703 4787 2757 4833 et
2772 4778 2826 4832 in
2839 4776 3203 4835 Brevioribus.

2149 4874 2202 4930 5.
2237 4878 2306 4927 At
2328 4886 2481 4926 usum
2508 4870 2659 4925 illum
2695 4870 2746 4924 in
2778 4868 3069 4926 Occidente
3098 4870 3294 4927 asserit
3331 4870 3685 4931 Benedictina

2080 4966 2308 5038 Regula,
2342 4979 2461 5035 cap.
2489 4962 2579 5030 59,
2605 4977 2833 5034 eamque
2860 4962 3080 5018 firmant
3109 4977 3216 5019 non
3248 4963 3410 5020 modo
3450 4964 3638 5022 lsidori
3662 5008 3681 5036 ,

2081 5058 2343 5129 Magistri,
2373 5068 2429 5112 et
2467 5056 2699 5111 aliorum
2728 5054 2970 5126 Regulaa,
3022 5054 3119 5110 sed
3148 5064 3203 5110 et
3241 5055 3472 5125 plurium
3499 5057 3683 5113 conci-

2080 5154 2278 5209 liorum
2311 5160 2421 5207 tum
2450 5152 2504 5207 in
2533 5150 2707 5208 Gallia
2732 5188 2749 5217 ,
2774 5161 2885 5205 tum
2914 5150 2967 5205 in
2996 5149 3251 5227 iiispania
3269 5159 3362 5207 aut
3389 5152 3682 5209 Germania

2077 5244 2421 5310 habitorum,
2445 5259 2509 5299 ac
2547 5256 2884 5299 summorum
2936 5241 3251 5314 pontificum
3305 5243 3541 5300 decreta.
3582 5244 3682 5305 liis

2079 5339 2367 5409 prmiverat
2392 5336 2651 5393 Ecclesiae
2677 5350 2834 5404 mos,
2880 5335 3057 5392 Siricii
3101 5335 3410 5408 Zosimique
3447 5337 3683 5397 decretis

2079 5432 2377 5495 stabilitas,
2420 5445 2527 5502 quo
2575 5430 2714 5485 ﬁlios
2752 5429 2821 5486 ab
2861 5427 3087 5485 infantia
3114 5444 3285 5486 sacra:
3311 5430 3446 5488 cieri
3474 5432 3683 5490 militias

2080 5540 2434 5593 consecrare,
2486 5534 2541 5581 et
2582 5524 2847 5580 lectorum
2896 5521 3075 5578 officio
3127 5520 3310 5578 dicare
3376 5520 3460 5579 fas
3522 5534 3679 5597 erat,

2081 5634 2293 5675 necnon
2316 5633 2443 5675 usus
2472 5616 2563 5688 qui
2593 5617 2662 5674 ab
2695 5614 3038 5672 incunabulis
3077 5614 3342 5672 Ecclesia:
3367 5625 3680 5674 constanter

2080 5710 2350 5778 obtinuit,
2404 5719 2463 5766 ut
2507 5708 2762 5766 nimirum
2789 5708 3194 5779 baptizarentur
3219 5706 3485 5776 infantes,
3516 5714 3678 5777 atque

2078 5805 2277 5863 exinde
2313 5804 2625 5866 christianis
2650 5804 2858 5879 legibus
2910 5803 2984 5862 ita
3028 5810 3377 5869 tenerentur,
3412 5818 3432 5853 ι
3466 5806 3525 5856 ιιι
3564 5811 3676 5865 non
