4172 6202
470 352 543 406 23
1366 339 1454 395 DE
1494 334 1868 394 MARCELLO
1909 328 2305 391 DlSClPLlN/E
2344 323 2781 384 SERVATORE.
3694 313 3765 367 ‘14

471 468 687 538 impune
740 465 1051 518 desererent
1100 455 1332 527 majores
1366 474 1383 505 ι
1419 455 1627 528 (verba
1683 460 1808 506 sunt
1854 449 2066 505 concilii
2094 451 2146 509 Α
2172 460 2234 501 ac
2260 444 2533 515 proprium
2564 441 2664 496 sibi
2700 436 2827 493 facit
2856 432 3128 491 laudatum
3157 428 3402 486 Toletani
3446 442 3499 484 tv
3551 426 3765 484 concilii

466 559 716 617 Toletani
740 573 851 622 vtu,
877 570 994 610 can.
1029 553 1059 606 7
1092 554 1145 619 ),
1184 568 1204 602 ι
1245 547 1390 621 quod
1422 546 1627 617 parvuli
1662 545 1746 599 vel
1772 541 2067 599 nesciendo

467 654 558 710 vel
583 650 816 709 nolendo
844 651 1218 719 perceperant.
1259 661 1277 693 ι
1317 640 1383 695 Et
1426 639 1530 695 hoc
1551 638 1770 709 quidem
1813 633 2068 704 exemplo

468 760 596 800 mox
621 743 819 797 dictum
849 738 1139 794 concilium
1159 732 1357 789 evincit
1378 746 1505 796 eos,
1540 730 1650 799 qui,
1684 747 1703 780 ι
1739 738 1829 781 aut
1869 734 2066 781 eventu

469 833 852 892 necessitatum
898 836 990 883 aut
1034 834 1180 882 metu
1246 822 1606 894 periculorum
1650 818 1825 888 adepti
1859 817 2073 872 fuerant

471 925 960 985 ecclesiasticarum
991 918 1166 973 ofﬁcia
1196 914 1533 986 dignitatum.
1576 932 1594 965 ι
1622 911 1825 967 Horum
1858 908 2069 964 ofﬁcio-

471 1037 595 1076 rttm
612 1017 815 1088 legibus
827 1012 1239 1084 obligari,licett
1259 1024 1380 1064 cum
1398 1007 1502 1063 illis
1516 1006 1631 1061 haec
1644 1006 2071 1075 imponerentur,

477 1112 532 1168 id
555 1111 655 1165 sibi
688 1109 801 1162 ﬁeri
821 1106 1060 1161 noluisse
1083 1108 1432 1158 testarentur.
1462 1118 1480 1151 ι
1505 1098 1765 1165 Quocirca
1784 1095 2073 1152 concilium

474 1204 866 1261 Aurelianense
887 1217 939 1263 v,
965 1212 1107 1253 anno
1134 1195 1238 1251 549
1267 1193 1671 1256 habitum,can.
1701 1191 1788 1257 19,
1818 1198 1874 1245 et
1894 1187 2078 1243 Matis-

477 1312 713 1354 conense
742 1312 778 1361 t,
809 1308 949 1347 anno
979 1290 1106 1355 581,
1135 1304 1256 1343 can.
1290 1287 1380 1351 l2,
1417 1284 1647 1355 puellas,
1678 1302 1696 1334 ι
1731 1298 1826 1339 seu
1860 1278 2076 1351 propria

471 1392 754 1446 voluntate
790 1384 1172 1441 monasterium
1200 1388 1453 1450 expetant
1479 1421 1494 1445 ,
1533 1396 1552 1429 ι
1581 1392 1678 1431 seu
1707 1392 1736 1429 ιι
1765 1372 2078 1445 parentibus

477 1482 809 1545 offerantur,
850 1500 868 1532 ι
905 1482 946 1534 si
983 1498 1000 1531 ι
1039 1486 1131 1531 aut
1169 1473 1473 1530 voluntarie
1517 1480 1610 1526 aut
1632 1468 1946 1540 parentibus
1967 1466 2080 1522 suis

476 1575 795 1647 rogantibus
839 1570 1159 1641 religionem
1201 1564 1461 1637 professa:
1510 1562 1593 1618 vel
1647 1559 2078 1616 benedictionem

478 1678 805 1731 consecutte,
825 1676 1007 1737 postea
1023 1662 1086 1717 ad
1110 1660 1417 1731 conjugium
1436 1668 1527 1711 aut
1542 1655 1827 1710 illecebras
1850 1651 2031 1709 Steculi
2055 1670 2074 1704 ι

479 1760 816 1827 transierint,
840 1755 1224 1812 communione
1246 1752 1477 1823 privant.
1504 1752 1661 1804 Anno
1691 1748 1815 1812 655,
1848 1761 1967 1803 can.
1987 1745 2078 1812 49,

2171 545 2428 593 statutum
2451 577 2466 600 ,
2493 531 2634 604 quod
2666 532 2745 586 sic
2771 527 2929 586 eﬂ'ert
2956 545 2970 582 :
3011 545 3029 578 ‹
3058 522 3378 579 Monachum
3404 534 3533 589 ergo
3561 530 3651 575 aut
3674 534 3768 591 pa-

2173 638 2324 684 terna
2372 625 2591 682 devotio
2633 631 2726 678 aut
2773 619 2994 693 propria
3040 615 3256 672 devotio
3301 613 3448 668 facit.
3496 610 3770 682 Quidquid

2174 722 2365 778 horum
2416 719 2612 781 fuerit,
2660 716 2936 786 alligatum
2982 709 3210 766 tenebit.
3263 705 3498 762 Proinde
3541 704 3668 760 huic
3702 704 3771 759 ad

2174 811 2433 867 mundum
2488 808 2685 865 reverti
2732 801 3143 860 iutercludimus
3194 797 3434 863 aditum,
3490 804 3545 849 et
3583 807 3774 850 omnes

2174 906 2242 961 ad
2269 904 2523 961 steculum
2546 899 2920 956 interdicimus
2939 907 3240 966 regressus.
3281 910 3300 943 ι

2247 998 2301 1053 4.
2373 993 2734 1064 Quamobrem
2791 1004 2913 1045 cum
2984 985 3295 1056 Capitulare
3344 981 3777 1052 Aquisgranense

2176 1090 2299 1144 anni
2329 1088 2454 1155 817,
2489 1102 2539 1141 c.
2571 1083 2665 1151 56,
2695 1081 2909 1143 statuit,
2946 1100 2964 1131 ε
3005 1078 3075 1134 Ut
3103 1090 3326 1147 puerum
3348 1080 3501 1145 pater
3521 1081 3578 1128 et
3605 1080 3777 1127 mater

2179 1191 2419 1250 tempore
2453 1176 2742 1233 oblationis
2792 1171 3019 1228 offerant
3048 1169 3112 1225 ad
3142 1169 3313 1223 altare
3337 1209 3353 1234 ,
3380 1176 3433 1221 et
3465 1163 3778 1235 petitionem

2181 1289 2277 1345 pro
2319 1287 2387 1329 eo
2428 1286 2608 1328 coram
2639 1270 2788 1324 laicis
2836 1266 3062 1322 testibus
3092 1263 3310 1330 faciant,
3340 1275 3498 1332 quam
3535 1269 3780 1330 tempore

2180 1364 2501 1437 intelligibili
2542 1363 2657 1433 ipse
2686 1359 3008 1420 conﬁrmet,
3042 1376 3060 1409 ι
3088 1356 3202 1410 haec
3241 1365 3513 1424 posuema
3539 1350 3779 1406 clausula

2181 1457 2403 1527 majoris
2450 1454 2715 1510 cautionis
2764 1467 2893 1523 ergo
2945 1448 3125 1504 addita
3175 1444 3443 1502 censenda
3498 1452 3619 1509 est,
3670 1457 3779 1497 non

2182 1550 2334 1621 quasi
2365 1562 2534 1619 puero
2565 1543 2844 1601 maturiori
2869 1551 3026 1598 astate
3046 1541 3155 1611 jam
3175 1540 3313 1593 facto
3330 1545 3609 1608 parentum
3633 1534 3783 1591 obla-

2184 1644 2386 1698 tionem
2441 1640 2648 1695 irritam
2706 1638 2883 1693 facere
2931 1635 3158 1690 liberum
3215 1640 3381 1688 esset.
3439 1630 3515 1685 Eo
3567 1627 3785 1700 quidem

2185 1736 2385 1792 saeculo
2406 1732 2843 1799 Gotthescalcus,
2870 1741 2929 1784 ut
2954 1745 3020 1785 ex
3042 1727 3302 1798 opusculo
3327 1723 3530 1779 Rabani
3549 1737 3579 1777 a
3595 1720 3786 1777 Mabil-

479 1816 815 1909 Toletatrtmr
860 1864 912 1903 tv
934 1890 950 1913 ,
1005 1816 1289 1902 concilium
1322 1841 1496 1897 edixit
1525 1857 1539 1893 :
1578 1857 1595 1889 ι
1623 1836 1942 1893 Monachum
1982 1844 2075 1890 aut
2103 1837 2150 1897 B
2178 1830 2325 1888 lonio
2350 1838 2536 1884 nostro
2565 1869 2580 1893 ,
2613 1837 2689 1882 to.
2722 1842 2757 1881 ιι
2788 1824 2986 1881 Annal.
3016 1819 3243 1885 Bened.,
3277 1833 3395 1889 pag.
3423 1816 3530 1871 726
3550 1825 3605 1872 et
3629 1831 3782 1886 seqq.

482 1953 707 2016 paterna
737 1941 988 2005 devotio,
1017 1949 1109 1992 aut
1151 1935 1369 2007 propria
1420 1930 1685 2003 professio
1720 1929 1866 1985 facit.
1917 1928 2085 1996 Quid-

481 2037 611 2109 quid
665 2041 855 2091 bmum
908 2032 1098 2093 fuerit,
1159 2028 1433 2098 alligatum
1478 2024 1699 2080 tenebit.
1746 2021 1981 2077 Proinde
2004 2020 2088 2078 bis

482 2128 552 2183 ad
579 2126 835 2181 mundum
867 2122 1060 2178 reverti
1093 2117 1497 2174 intercludimus
1524 2113 1751 2179 aditum,
1785 2122 1840 2167 et
1868 2126 2083 2166 omnem

486 2221 555 2277 ad
576 2219 832 2275 sarculum
850 2215 1219 2271 interdicimus
1241 2224 1570 2282 regressum.
1601 2227 1621 2261 ι
1643 2206 1788 2262 Idem
1805 2206 2084 2262 decretum

488 2312 744 2380 ﬁrmavit,
768 2324 911 2364 anno
932 2307 1061 2371 656,
1089 2305 1408 2360 Toletanum
1434 2317 1466 2355 κ
1506 2299 1796 2356 concilium
1816 2341 1830 2364 ,
1877 2312 1998 2351 can.
2027 2297 2082 2364 6,

488 2413 650 2473 atque
686 2400 970 2456 illustravit
1012 2397 1094 2451 his
1123 2395 1337 2450 verbis:
1375 2411 1393 2443 ι
1430 2391 1486 2447 Si
1526 2392 1577 2445 in
1616 2389 1855 2461 qualibet
1893 2388 2085 2443 minori

488 2504 667 2561 aetate,
711 2493 798 2548 vel
835 2490 1111 2561 religionis
1159 2498 1467 2549 tonsuram,
1519 2484 1599 2538 vel
1646 2482 1891 2553 religioni
1930 2480 2085 2535 debi-

489 2602 602 2646 tam
661 2596 865 2644 vestem
921 2585 974 2640 in
1031 2593 1257 2651 utroque
1309 2595 1441 2634 sexu
1494 2577 1619 2632 ﬁliis
1672 2584 1764 2631 aut
1818 2589 1958 2629 unus
1996 2583 2088 2629 aut

493 2681 656 2736 ambo
706 2688 959 2749 parentes
1012 2674 1281 2737 dederint,
1348 2680 1496 2726 certe
1542 2679 1633 2723 aut
1664 2666 1969 2723 nolentibus
2001 2665 2085 2721 vel

492 2772 862 2830 nescientibus
900 2785 959 2824 se
987 2775 1323 2835 susceptam,
1367 2777 1470 2818 non
1509 2776 1632 2816 mox
1668 2762 1835 2815 visam
1867 2760 1920 2813 in
1966 2757 2089 2813 ﬁliis

492 2866 895 2930 abdicaverint,
950 2862 1044 2917 sed
1102 2862 1183 2914 vel
1239 2874 1420 2915 coram
1469 2871 1548 2923 se,
1580 2854 1660 2910 vel
1691 2868 1874 2909 coram
1908 2852 2085 2907 eccle-

492 2961 610 3028 sia,
660 2960 944 3030 palamque
991 2957 1042 3011 in
1099 2963 1368 3010 conventu
1412 2950 1630 3006 eosdem
1662 2949 1798 3003 ﬁlios
1836 2948 1958 3001 talia
1991 2945 2088 2999 ha-

492 3056 629 3113 bere
670 3052 1049 3123 permiserint,
1092 3048 1159 3103 ad
1220 3047 1537 3103 saecularem
1601 3042 1797 3098 reverti
1852 3040 2090 3095 habitum

494 3150 630 3219 ipsis
660 3146 783 3203 filiis
813 3145 1134 3216 quandoque
1156 3141 1368 3211 penitus
1397 3154 1501 3193 non
1521 3136 1724 3192 licebit.
1756 3153 1774 3186 ι
1800 3132 2092 3204 Gregorius

2190 1924 2337 1980 edito
2394 1922 2696 1993 colligitur,
2756 1927 3067 1990 parentum,
3117 1931 3148 1968 a
3194 1911 3388 1982 quibus
3415 1925 3547 1980 puer
3575 1907 3789 1963 oblatus

2189 2013 2520 2070 monasterio
2569 2010 2780 2077 fuerat,
2832 2018 2956 2063 voto
2999 2004 3299 2076 refragatus
3318 2010 3650 2058 estzverum
3677 2014 3788 2055 non

2188 2122 2253 2163 ea
2281 2106 2531 2161 utebatur
2553 2104 2784 2169 ratione,
2816 2102 2940 2173 quia
2968 2114 3104 2170 puer
3135 2108 3245 2152 tum
3274 2105 3328 2151 et
3353 2095 3526 2165 impos
3542 2093 3627 2149 sui
3647 2104 3786 2161 erat,

2188 2203 2284 2260 sed
2322 2200 2444 2273 quia
2498 2204 2600 2257 hoc
2658 2207 2908 2271 parentes
2953 2198 3073 2269 ejus
3114 2210 3299 2251 coram
3328 2193 3536 2249 idoneis
3562 2192 3791 2249 testibus

2190 2296 2412 2350 minime
2428 2294 2811 2363 praestiterant,
2835 2303 2890 2348 et
2917 2307 3039 2347 cum
3070 2291 3223 2361 ipsis,
3242 2295 3431 2358 utpote
3458 2284 3789 2353 Saxonibus,

2188 2390 2331 2444 avita
2348 2388 2467 2461 lege
2488 2408 2506 2439 ι
2538 2388 2639 2444 nisi
2667 2387 2733 2443 de
2750 2387 2965 2457 prepria
2987 2399 3083 2440 sua
3099 2397 3222 2440 esse
3238 2366 3398 2454 gente
3412 2380 3563 2436 testis
3584 2387 3791 2450 posset,

2190 2486 2396 2540 alienos
2424 2484 2801 2539 adhibuerant.
2838 2501 2856 2534 ι

2259 2578 2314 2631 5.
2365 2575 2518 2631 Circa
2568 2575 2706 2630 idem
2759 2584 3005 2645 tempus,
3041 2582 3098 2628 ut
3128 2573 3179 2627 in
3225 2571 3450 2641 epistola
3492 2569 3696 2626 Nicolai
3727 2568 3789 2635 1,

2188 2668 2329 2737 apud
2350 2667 2686 2733 Gratianum,
2713 2666 2784 2722 ‘20
2808 2708 2824 2733 ,
2856 2675 3047 2737 quaest.
3081 2667 3145 2733 3,
3190 2680 3311 2734 cap.
3345 2664 3408 2725 4,
3449 2672 3503 2718 et
3529 2662 3750 2717 lvouetn
3775 2701 3791 2726 ,

2189 2775 2244 2832 p.
2277 2760 2311 2814 6
2332 2802 2346 2822 ,
2373 2775 2424 2815 c.
2454 2760 2592 2827 556,
2626 2760 2821 2830 legitur
2843 2800 2859 2825 ,
2890 2759 3206 2815 Latnbertus
3233 2757 3449 2831 quidam
3475 2756 3543 2811 ab
3573 2754 3796 2810 Athone

2191 2858 2343 2920 patre
2364 2866 2462 2905 suo
2490 2851 2628 2906 inter
2656 2859 2905 2905 octavum
2933 2858 2988 2905 et
3011 2849 3355 2905 undecimum
3384 2862 3585 2903 annum
3612 2846 3796 2901 cucul.

2191 2948 2296 3002 lam
2320 2947 2573 3011 indutus,
2606 2963 2636 3002 a
2665 2946 2920 3019 prmtlicto
2951 2945 3225 3017 pontiﬁce,
3254 2954 3311 3000 ut
3339 2954 3443 3001 eta
3474 2942 3795 2998 tnouastica:

2194 3041 2316 3095 vita:
2344 3039 2601 3111 degenda:
2626 3040 2953 3111 obligatione
2980 3040 3372 3104 absolveretur,
3397 3049 3451 3093 et
3478 3036 3543 3093 ne
3569 3044 3794 3107 paterna

2194 3131 2280 3186 vel
2327 3141 2571 3188 materna
2612 3131 2929 3188 haereditate
2958 3130 3298 3187 fraudaretur
3316 3169 3333 3197 ,
3358 3137 3547 3198 petens
3566 3169 3582 3195 ,
3606 3142 3715 3183 non
3743 3126 3797 3183 id

492 3241 541 3298 ll
564 3284 577 3307 ,
611 3255 754 3296 anno
797 3237 932 3300 726,
987 3250 1017 3289 a
1055 3231 1327 3289 Bonifacio
1368 3229 1676 3300 Moguntino
1697 3228 2087 3297 interrogatus:
2118 3226 2163 3288 C
2195 3234 2447 3279 causatus
2474 3233 2594 3280 est:
2621 3224 2744 3294 quia
2777 3234 3005 3294 paterna
3038 3223 3310 3278 oblatione
3340 3221 3508 3276 teneri
3530 3224 3634 3275 non
3665 3233 3798 3291 pos-

501 3350 521 3386 t
557 3332 615 3389 Si
646 3339 796 3401 pater
824 3328 907 3384 vel
930 3335 1100 3381 mater
1127 3324 1293 3378 ﬁlium
1325 3322 1408 3377 vel
1442 3321 1602 3374 tiliam
1628 3320 1765 3374 intra
1787 3325 1937 3387 septa
1970 3330 2090 3370 mo-

497 3422 719 3481 nasterii
770 3420 824 3474 in
879 3417 1113 3473 infantiae
1164 3414 1321 3468 annis
1366 3411 1467 3466 sub
1516 3409 1745 3480 regulari
1776 3406 2093 3462 tradiderint

496 3515 821 3586 disciplina,
882 3521 1060 3565 utrum
1107 3509 1265 3563 liccat
1326 3507 1404 3561 eis
1459 3514 1741 3575 postquam
1799 3500 2093 3572 pubertatis

494 3607 837 3678 impleveriut
870 3618 1063 3669 annos,
1087 3599 1267 3671 egredi
1304 3608 1357 3652 et
1386 3595 1727 3651 matrimonio
1757 3594 1996 3665 copulari
2023 3632 2039 3658 ,
2068 3612 2086 3644 ι

499 3697 644 3754 haud
673 3696 869 3751 dubius
911 3691 1200 3761 respondet
1243 3709 1256 3744 :
1294 3708 1311 3741 ι
1357 3688 1469 3743 Hoc
1506 3689 1729 3743 omnino
1758 3686 2091 3751 devitamus,

499 3792 627 3864 quia
655 3787 808 3845 nefas
829 3798 944 3852 est,
968 3795 1026 3840 ttt
1055 3783 1249 3839 oblatis
1286 3798 1315 3835 a
1359 3780 1670 3851 parentibus
1699 3780 1809 3833 Deo
1848 3778 1970 3833 ﬁliis
1995 3794 2093 3831 vo-

498 3880 719 3952 luptatis
741 3880 891 3934 frena
922 3877 1185 3931 laxentur.
1222 3893 1239 3925 ι
1273 3872 1473 3928 Verum
1500 3886 1566 3925 ex
1594 3872 1692 3923 bac
1736 3866 1990 3922 Bonifacii
2014 3867 2099 3921 in-

497 3972 863 4043 terrogatione
906 3968 1164 4023 discimus
1187 4007 1200 4028 ,
1246 3964 1437 4020 saltem
1466 3961 1741 4017 nonnullis
1767 3959 1956 4015 duram
1983 3960 2095 4030 jam

496 4067 671 4124 videri
700 4064 931 4135 cmpisse
958 4063 1102 4117 illam
1130 4062 1324 4131 legem.
1364 4057 1544 4112 Nihilo
1568 4066 1745 4111 tamen
1773 4056 1954 4109 minus
1977 4069 2096 4109 eam

500 4160 558 4215 in
579 4157 868 4215 Germania
888 4157 953 4209 ad
976 4168 1175 4208 annum
1208 4152 1314 4207 868
1343 4150 1578 4219 viguisse
1602 4148 1774 4218 liquet
1795 4161 1862 4202 ex
1886 4145 2101 4217 Mogun-

500 4251 757 4308 tiaeensis
784 4248 1019 4312 concilii,
1049 4248 1154 4302 hoc
1174 4256 1317 4301 anno
1348 4244 1603 4299 Ludovici
1633 4243 1704 4313 pii
1727 4242 1877 4313 jussu
1910 4240 2099 4306 habiti,

500 4360 713 4400 canone
737 4343 827 4407 2‘2,
854 4357 961 4413 quo
982 4342 1223 4396 sancitur
1252 4359 1266 4393 :
1297 4358 1314 4390 ι
1341 4338 1396 4394 Si
1441 4346 1591 4407 pater
1639 4344 1694 4390 et
1741 4345 1913 4389 mater
1934 4333 2098 4387 ﬁlium

503 4436 778 4505 filiamque
827 4435 965 4488 intra
1014 4442 1167 4500 septa
1219 4430 1532 4485 monasterii
1579 4430 1631 4482 in
1675 4425 1911 4481 infantia:
1949 4424 2102 4479 annis

503 4528 607 4584 sub
657 4525 887 4595 regulari
946 4525 1260 4580 tradiderint
1306 4521 1622 4591 disciplina;
1659 4534 1763 4574 non
1796 4517 1955 4571 liceat
1984 4515 2098 4579 eis,

2198 3326 2302 3382 set,
2335 3318 2429 3373 sed
2458 3335 2472 3371 :
2500 3317 2625 3388 quia
2655 3336 2674 3369 ι
2723 3317 2927 3388 absque
2958 3316 3123 3386 patris
3160 3315 3432 3369 oblatione
3459 3314 3543 3367 vel
3583 3313 3798 3367 abbatis

2199 3418 2450 3479 percepta
2471 3407 2844 3463 benedictione
2859 3406 3157 3461 monastico
3176 3405 3359 3460 habitu
3384 3404 3600 3459 indutus
3629 3423 3649 3456 ι
3672 3401 3795 3458 fue-

2199 3510 2314 3566 rat;
2346 3500 2401 3555 id
2428 3501 2627 3570 pariter
2647 3509 2878 3556 testante
2895 3499 3063 3569 ipsius
3084 3497 3393 3568 patre,quia
3421 3520 3439 3549 ι
3462 3497 3644 3567 Neque
3670 3510 3792 3566 ego,

2203 3594 2501 3664 paterejus,
2530 3594 2668 3664 palla
2690 3594 2899 3660 altaris,
2921 3610 2941 3645 ι
2977 3603 3035 3647 ιιι
3059 3591 3403 3646 Benedictina
3436 3590 3635 3660 llegula
3665 3604 3800 3658 pra:-

2199 3688 2350 3758 cipit,
2389 3705 2407 3737 ι
2442 3686 2687 3743 indutunt
2721 3686 2873 3741 illum
2909 3685 3097 3751 obtuli,
3128 3695 3699 3753 nequeaquocumque
3714 3695 3805 3734 sa-

2200 3780 2419 3835 cerdote
2446 3780 2527 3835 vel
2547 3780 2759 3845 abbate,
2788 3792 2844 3834 ut
2872 3794 2989 3834 mos
3008 3777 3271 3847 deposcit,
3294 3775 3665 3830 benedictione
3683 3788 3806 3842 per-

2198 3882 2376 3943 cepta,
2409 3876 2608 3943 regula:
2635 3887 2884 3941 umquam
2917 3871 3169 3925 subactus
3196 3877 3306 3922 est:
3333 3886 3353 3918 ι
3372 3867 3610 3935 adeoque
3627 3881 3804 3935 neque

2200 3964 2413 4019 oblatus
2453 3962 2559 4018 dici
2598 3973 2692 4018 aut
2736 3962 3030 4018 existimari
3079 3959 3285 4015 debuit.
3339 3958 3539 4014 Eadem
3593 3958 3807 4013 ratione

2205 4058 2263 4115 S.
2307 4057 2646 4122 Bernardus,
2699 4054 2858 4125 epist.
2891 4070 2944 4118 ι,
2974 4053 3041 4108 ad
3066 4053 3363 4108 Robertum
3403 4061 3687 4121 nepotem,
3714 4054 3805 4121 qui

2204 4149 2345 4204 inter
2369 4149 2612 4203 diversas
2633 4163 2744 4201 sua:
2775 4161 2805 4200 a
2832 4144 3283 4201 Cisterciensibus
3320 4144 3385 4199 ad
3426 4144 3808 4199 Cluniacenses

2204 4238 2522 4295 defectionis
2548 4252 2736 4291 causas
2756 4277 2771 4303 ,
2808 4236 2945 4291 hanc
2972 4234 3230 4290 afferebat
3260 4252 3274 4289 :
3304 4235 3445 4305 quod
3480 4233 3808 4288 Cluniacen-

2205 4332 2356 4387 sibus
2413 4346 2443 4384 a
2504 4329 2815 4400 parentibus
2863 4329 2977 4382 suis
3014 4327 3227 4381 oblatus
3249 4327 3457 4390 fuerat,
3487 4339 3616 4380 usus
3643 4334 3730 4380 est
3755 4326 3806 4379 itt

2207 4422 2351 4478 hunc
2374 4421 2622 4477 modum:
2644 4439 2662 4473 ‹
2688 4419 3257 4489 Quamquamdubium
3273 4436 3378 4474 non
3398 4419 3468 4472 sit
3486 4420 3809 4487 promissum

2208 4516 2358 4571 illum
2391 4515 2557 4571 fuisse
2578 4556 2594 4582 ,
2626 4530 2731 4568 uou
2758 4513 3048 4577 donatum;
3082 4526 3180 4567 nec
3209 4513 3353 4567 enim
3386 4511 3603 4581 petitio,
3647 4524 3808 4579 quam

502 4630 793 4691 postquam
824 4616 892 4671 ad
922 4615 1218 4686 pubertatis
1249 4613 1591 4682 pervenerint
1616 4623 1787 4666 annos
1806 4651 1820 4673 ,
1848 4604 2031 4676 egr’edi
2052 4614 2103 4659 et
2128 4613 2182 4672 1)
2207 4605 2412 4676 Regula
2439 4605 2721 4675 praecipit,
2752 4618 2852 4674 pro
2886 4617 2951 4657 eo
2984 4603 3119 4656 facta
3150 4601 3296 4655 l'uita
3328 4599 3641 4670 parentibus
3663 4641 3677 4663 ,
3711 4612 3812 4654 uec

505 4710 852 4767 matrimonio
925 4707 1184 4778 c0pulari.
1232 4725 1251 4758 ι
1287 4703 1419 4772 Qua:
1442 4703 1603 4758 verba
1649 4701 1717 4756 ad
1772 4697 2102 4770 propositam

503 4803 767 4861 Bouifaeii
823 4802 1178 4873 qumstionem
1229 4797 1450 4850 omnino
1497 4801 1625 4848 sunt
1677 4787 2100 4846 accommodata.

504 4896 858 4967 Prosequitur
876 4892 1073 4949 exinde
1093 4889 1379 4946 concilium
1415 4905 1428 4941 :
1462 4905 1481 4937 ι
1513 4886 1678 4955 Igitur
1703 4896 1809 4937 non
1838 4881 1995 4936 liceat
2027 4880 2108 4934 eis

503 5000 816 5060 susceptum
858 4986 1096 5040 habitum
1127 4995 1379 5051 umquam
1410 4979 1664 5033 deserere
1695 4992 1708 5028 :
1748 4973 1843 5030 sed
1874 4972 2106 5027 convicti

504 5080 648 5152 quod
706 5088 985 5134 tonsuram
1035 5086 1126 5129 aut
1177 5070 1487 5141 religiosam
1542 5076 1747 5123 vestem
1814 5063 2106 5134 aliquando

494 5174 826 5239 habuerint,
863 5171 929 5235 in
974 5167 1252 5237 religionis
1273 5164 1420 5219 cultu
1447 5162 1742 5231 habituque
1763 5201 1777 5225 ,
1811 5157 1975 5213 velint
2006 5170 2105 5210 no-

504 5268 627 5333 lint,
659 5276 979 5335 permanere
1003 5269 1287 5330 erigantur.
1322 5277 1340 5309 ι
1368 5257 1435 5312 Ει
1458 5257 1574 5309 lucc
1604 5268 1819 5308 rursum
1850 5262 2105 5320 expressa

504 5369 631 5414 sunt
680 5370 750 5410 ex
804 5367 1012 5408 canone
1063 5350 1097 5407 6
1143 5349 1389 5405 Toletani
1448 5364 1480 5401 Χ
1512 5346 1992 5408 concilii,tautum
2025 5340 2110 5395 his

504 5448 685 5504 verbis
706 5445 951 5510 canonis,
986 5463 1006 5495 ‹
1043 5443 1110 5497 ad
1137 5440 1414 5511 religionis
1428 5438 1631 5494 cultum
1650 5436 1999 5503 habitumque
2017 5447 2106 5485 re-

501 5549 796 5601 vocentur,
846 5544 901 5591 et
945 5535 1044 5590 sub
1090 5544 1291 5589 (eterna
1333 5529 1453 5604 (seu
1501 5527 1728 5599 strenua)
1770 5525 2110 5581 districtione

500 5628 812 5700 hujusmodi
830 5626 1189 5683 observantia:
1210 5624 1472 5678 inservire
1485 5628 1768 5691 cogantur,
1806 5636 1825 5669 ι
1862 5613 2109 5671 nonnihil

508 5723 728 5778 mutatis
748 5762 764 5784 ,
794 5731 851 5773 ut
878 5716 1117 5773 mutandi
1147 5715 1360 5770 habitus
1384 5720 1623 5784 potestas
1648 5710 1859 5765 sublata
1896 5706 2109 5777 planius

497 5816 889 5874 enuntiaretur.
914 5808 1053 5866 Tum
1084 5808 1229 5865 idem
1254 5798 1566 5871 concilium,
1596 5816 1719 5881 can.
1747 5802 1842 5868 25,
1876 5806 2107 5857 renovat

2212 4712 2405 4754 manus
2433 4698 2574 4751 illius
2599 4710 2723 4751 cum
2753 4697 2865 4765 ipsa
2889 4693 3147 4768 petitione
3170 4693 3404 4748 involuta
3432 4692 3571 4763 palla
3598 4691 3809 4759 altaris,

2216 4790 2366 4845 utsic
2392 4788 2680 4845 offerretur
2706 4803 2888 4843 coram
2925 4787 3172 4842 testibus.
3200 4805 3217 4837 ι
3237 4785 3491 4853 Quamvis
3516 4793 3695 4839 autem
3718 4783 3813 4838 Ni-

2214 4883 2399 4938 colaus
2427 4882 2479 4949 Ι,
2525 4884 2576 4937 iu
2614 4883 2817 4952 judicio
2854 4882 2923 4937 de
2958 4881 3228 4936 Lamberti
3257 4894 3418 4934 causa
3440 4877 3652 4948 prolato
3677 4919 3691 4945 ,
3720 4891 3815 4932 ne-

2217 4992 2483 5048 quaquam
2505 4976 2819 5032 existimare
2836 4990 2896 5030 se
2921 4973 3233 5038 rescribam
3257 4971 3600 5026 Latnbertum
3614 4969 3817 5026 debere

2212 5074 2316 5130 sub
2343 5074 2433 5128 tali
2454 5072 2706 5128 violentia
2732 5070 2848 5126 fieri
2879 5068 3225 5130 monachum,
3257 5086 3275 5119 υ
3306 5065 3431 5134 quia
3464 5085 3483 5118 ι
3517 5064 3661 5135 quod
3695 5063 3815 5134 quis

2212 5181 2321 5221 non
2349 5165 2531 5235 elegit,
2561 5178 2658 5219 nec
2671 5173 2839 5233 optat,
2871 5159 3112 5232 profecto
3138 5175 3246 5215 non
3262 5158 3452 5229 diligit;
3471 5157 3613 5229 quod
3636 5166 3812 5212 autem

2212 5271 2319 5312 ιιοιι
2334 5234 2522 5327 diligit,
2549 5253 2702 5310 facile
2716 5254 3037 5308 contemnit:
3063 5270 3082 5304 ι
3104 5261 3279 5305 tamen
3298 5250 3570 5321 aliquanto
3586 5260 3703 5320 post
3718 5234 3816 5303 Ra-

2212 5352 2381 5407 banus
2411 5350 2635 5404 istarum
2666 5348 2996 5404 oblationum
3028 5360 3231 5401 morem
3260 5345 3519 5415 opusculo
3549 5343 3688 5411 apud
3707 5339 3816 5395 Ma-

2212 5444 2510 5508 billonium,
2537 5453 2595 5497 ut
2619 5443 2865 5512 superius
2891 5441 3091 5496 dictum
3113 5449 3212 5503 est,
3235 5441 3287 5495 in
3318 5440 3489 5493 lucem
3516 5435 3662 5491 edito
3677 5431 3814 5487 acri-

2214 5549 2295 5595 ter
2344 5537 2717 5607 propugnavit.
2748 5535 2816 5590 Et
2849 5533 3099 5604 quidem,
3155 5549 3297 5588 anno
3343 5531 3481 5596 895,
3533 5526 3815 5583 concilium

2212 5632 2560 5688 Triburiense
2585 5672 2599 5695 ,
2632 5644 2753 5684 can.
2788 5628 2890 5695 l6,
2922 5629 3198 5684 constituit
3246 5644 3259 5679 :
3308 5644 3327 5676 ‹
3366 5624 3533 5691 Quem
3568 5620 3813 5693 progeni-

2215 5734 2360 5779 tores
2381 5722 2449 5777 ad
2477 5721 2862 5776 monasterium
2893 5719 3265 5782 tradiderunt,
3293 5725 3347 5770 et
3377 5716 3428 5770 in
3458 5714 3681 5771 ecclesia
3704 5722 3811 5767 etB3

2214 5816 2352 5889 perit
2377 5823 2595 5873 cantare
2621 5813 2888 5881 etlegere,
2917 5823 3017 5865 nec
3035 5823 3255 5864 uxorem
3273 5807 3489 5873 ducere,
3514 5814 3805 5865 noemona—
