4172 6202
452 296 525 352 25
1487 300 1826 361 EUSEBIUS
1863 303 2043 360 PAPA
2081 304 2364 375 QUANDO
2401 307 2712 365 SEDERIT.
3090 258 3094 265 ‘
3686 314 3755 370 26

449 415 676 472 sterium
723 415 979 473 deserere
1018 418 1229 486 poterit.
1259 418 1364 476 Sed
1385 433 1429 474 ει
1450 418 1799 486 discesserit”,
1833 420 2057 476 reduca-
2084 427 2136 486 Α
2161 425 2236 480 cit
2265 443 2280 479 :
2314 445 2332 477 ι
2367 426 2559 482 Postea
2598 426 2838 483 induitur
2884 424 3327 500 (puer)‘euculla,
3356 436 3413 484 et
3447 428 3516 485 de
3561 437 3760 486 caetero

449 519 581 576 tur;
608 510 654 565 si
681 518 956 566 tonsuram
987 510 1283 581 dimiserit,
1304 518 1534 568 'rursum
1567 513 1885 582 tondeatur;
1935 530 2059 571 uxo-

448 619 566 661 rem
589 605 635 659 si
659 605 1022 675 usurpaverit,
1044 605 1314 663 dimittere
1340 608 1717 677 compellatur.
1755 627 1775 661 ι

525 697 579 751 6.
634 696 899 751 Eumdem
951 712 1156 753 morem
1222 699 1287 752 ad
1333 692 1589 755 saeculum
1637 716 1748 764 ιιι,
1801 715 2057 770 perseve-

449 805 624 855 rasse,
658 805 781 845 cum
805 806 871 846 ex
900 792 1129 861 cpistola
1174 808 1189 847 ι
1219 792 1478 848 Bernardi
1522 793 1766 863 superius
1818 794 2053 859 laudata,

452 892 570 940 tum
594 898 660 939 ex
692 884 919 954 epistola
950 885 1149 940 Siberti
1198 878 1266 940 ad
1294 886 1582 941 Rodull‘um
1608 887 1856 942 abbatem
1887 889 2057 943 sancti

451 974 745 1043 Trudonis,
801 976 891 1045 qui
949 976 1052 1031 hoc
1077 980 1278 1034 sarculo
1331 978 1583 1046 ﬂorebat,
1640 994 1851 1034 necnon
1891 996 1956 1034 ex
1993 995 2056 1035 ea

416 1087 423 1093 ο
452 1082 614 1139 quam
642 1067 783 1123 idem
812 1068 979 1124 abbas
1006 1070 1311 1139 rescripsit,
1342 1072 1684 1141 perspicuum
1715 1082 1797 1127 est
1829 1072 2053 1141 (Decret.

453 1161 689 1233 Gregorii
714 1160 821 1230 IX,
851 1164 940 1216 lib.
972 1179 1050 1227 tu,
1084 1166 1162 1218 tit.
1194 1165 1285 1232 5|,
1317 1181 1431 1233 cap.
1464 1166 1523 1221 ll
1560 1176 1605 1220 et
1630 1164 1737 1237 l2).
1764 1166 1867 1236 ipsi
1892 1167 2053 1222 etiam

451 1255 655 1310 sarculo
681 1255 778 1309 illo
814 1254 1101 1310 desinente
1130 1255 1536 1325 obsequendum
1564 1271 1689 1312 esse
1726 1266 2057 1312 censuerunt

449 1346 760 1404 Alexander
804 1347 870 1403 ΙΙΙ
912 1357 967 1404 et
993 1346 1246 1406 Clemens
1282 1349 1371 1404 Ill.
1410 1348 1650 1407 Tandem
1692 1351 1884 1405 borum
1927 1367 2052 1407 suc-

452 1457 638 1499 eessor
665 1440 1012 1510 C(elestinus,
1046 1444 1114 1499 de
1144 1458 1311 1514 puero
1336 1460 1498 1515 quem
1546 1455 1673 1501 ante
1711 1445 2055 1501 discretionis

448 1550 624 1593 annos
681 1546 837 1607 pater
885 1551 1018 1592 suus
1086 1536 1291 1593 fecerat
1338 1538 1601 1597 ,babitum
1678 1539 2052 1593 monachalem

448 1633 752 1698 suscipere,
799 1630 1182 1701 interrogatus,
1229 1630 1523 1700 respondet
1572 1630 1760 1704 (Ibid.,
1788 1648 1835 1685 c.
1890 1632 1955 1688 14
1985 1630 2049 1701 ):

459 1739 478 1773 ι
510 1719 566 1777 Si
598 1720 771 1776 dictus
797 1737 931 1792 puer
955 1721 1022 1777 ad
1051 1737 1222 1777 annos
1244 1722 1588 1779 discretionis
1615 1724 1948 1794 pervenerit,
1996 1733 2052 1780 et

454 1812 693 1868 habitum
719 1813 955 1869 retinere
982 1813 1217 1870 uoluerit
1244 1812 1637 1879 monachalem,
1670 1815 1714 1870 si
1737 1818 1805 1870 ad
1834 1816 1936 1871 hoc
1960 1814 2044 1870 in-

2162 517 2465 574 beuedictio
2487 519 2605 589 ejus
2628 519 2875 575 dill'ertur
2902 534 3073 590 usque
3108 519 3174 574 ad
3196 519 3486 591 legitimam
3523 529 3762 590 aetatem,

2162 611 2216 666 id
2248 622 2350 676 est,
2381 613 2425 667 si
2452 630 2557 668 non
2586 615 2837 684 amplius,
2855 613 2938 670 vel
2966 628 3134 685 usque
3150 613 3215 669 ad
3232 630 3515 678 οωιωεοιιι
3533 630 3717 671 annos.
3732 633 3754 669 ι

2161 705 2652 761 Eumdcmmorem
2681 708 2907 762 innuere
2929 707 3143 761 videtur
3172 717 3225 762 et
3249 705 3503 763 Clemens
3523 708 3609 775 III,
3634 709 3754 764 loco

2154 798 2266 869 jam
2314 799 2499 865 citato,
2544 799 2630 856 ubi
2676 800 2890 869 puellae,
2936 810 3062 855 ante
3102 800 3448 856 discretionis
3501 815 3676 856 annos
3731 817 3763 856 a

2163 891 2476 961 parentibus
2508 893 2844 946 monasterio
2872 891 3089 946 traditze‘
3107 892 3173 947 ad
3196 892 3453 947 sacculum
3481 901 3764 947 reverten-

2158 985 2211 1038 di
2243 985 2443 1039 aditum
2478 987 2688 1055 penitus
2718 985 3069 1051 interdicens,
3093 987 3251 1041 istam
3289 986 3563 1041 interdicti
3592 985 3755 1057 hujus

2159 1076 2422 1131 rationem
2456 1076 2640 1146 adjicit
2677 1094 2690 1130 :
2725 1096 2743 1128 ‹
2779 1076 2895 1131 Non
2933 1079 3077 1131 enim
3124 1076 3336 1133 videtur
3363 1077 3451 1133 illa
3478 1080 3756 1148 .monasti-

2156 1183 2232 1223 ca:
2262 1169 2612 1239 professionis
2640 1185 2668 1222 a
2693 1186 2751 1225 se
2782 1185 2941 1240 posse
2967 1172 3154 1241 jugum
3178 1180 3453 1236 excutere,
3472 1187 3598 1228 cum
3627 1188 3750 1229 eam

2158 1277 2264 1316 non
2288 1271 2500 1317 constet
2530 1262 2807 1318 evidenter
2826 1264 3240 1331 contradixisse,
3272 1279 3396 1319 cum
3421 1263 3754 1321 benedictio-

2157 1370 2278 1410 nem
2308 1357 2534 1425 accepit,
2582 1371 2741 1426 quam
2776 1355 2990 1410 nonnisi
3023 1356 3074 1409 in
3100 1342 3259 1411 aetate
3284 1355 3623 1411 discretionis
3666 1370 3751 1412 re-

2159 1434 2373 1517 cipiunt
2417 1464 2539 1518 qua:
2596 1448 2872 1515 velantur,
2932 1447 3227 1518 prmsertim
3279 1447 3323 1501 si
3379 1446 3755 1504 ratibabitione

2154 1550 2357 1605 secuta,
2392 1540 2494 1595 etsi
2514 1556 2630 1596 eam
2662 1540 2984 1611 quandoque
3013 1539 3403 1595 contradixisse
3419 1539 3747 1605 constiterit,

2153 1636 2454 1690 roboratur.
2498 1635 2661 1689 )Tl‘ia
2700 1635 2899 1703 quippe
2932 1633 3309 1703 complectitur
3337 1633 3453 1688 lucc
3490 1632 3630 1688 ratio
3656 1633 3754 1688 :10

2154 1725 2360 1795 puellas
2404 1725 2649 1781 benedici
2676 1741 2783 1780 non
2816 1726 3183 1789 consuevisse,
3204 1726 3439 1779 nisicum
3459 1724 3524 1779 ad
3544 1733 3758 1780 aetatem

2155 1816 2502 1873 discretionis
2530 1817 2935 1887 pervenissent;
2969 1816 3186 1882 deinde,
3217 1817 3296 1871 eis
3324 1825 3450 1871 tunc
3492 1815 3753 1872 benedic-

450 1904 577 1961 duci
630 1906 957 1975 nequiverit,
1017 1922 1124 1961 non
1152 1914 1238 1962 est
1281 1906 1556 1961 ullatenus
1600 1907 2046 1976 compellendus;
2081 1887 2129 1945 Β
2158 1911 2287 1965 tioni
2341 1911 2651 1979 ltujusntodi
2690 1911 3100 1966 eontradiceudi
3168 1919 3495 1979 potestatem
3547 1909 3756 1977 fuisse;

448 1998 576 2070 quia
623 2009 735 2053 tum
787 1998 1021 2054 liberum
1072 2000 1173 2055 sibi
1214 2000 1319 2054 erit
1340 2016 1463 2054 eum
1495 2001 1792 2066 dimittere,
1826 2010 1880 2055 et
1910 2000 2049 2054 bona

449 2101 699 2162 paterna,
732 2106 853 2162 qua:
881 2092 985 2147 sibi
1013 2108 1079 2148 ex
1106 2093 1450 2149 successione
1491 2094 1836 2163 proveniunt,
1868 2102 2053 2163 postu-

444 2183 584 2240 lare.
614 2204 635 2237 ι
1534 2184 1547 2193 ’

445 2304 449 2309 ·
523 2277 576 2334 7.
633 2277 712 2334 Ea
771 2289 950 2336 tamen
996 2280 1078 2336 lex
1098 2280 1209 2350 jam
1241 2291 1400 2336 antea
1425 2281 1763 2337 nonnullisiu
1793 2282 1924 2337 locis
1950 2296 2049 2335 an-

451 2374 646 2443 tiquari
674 2385 933 2444 coeperat.
970 2375 1038 2431 Et
1065 2375 1287 2432 Nicolao
1315 2376 1530 2447 quidem
1555 2377 1595 2443 Ι,
1629 2385 1685 2430 ιιι
1709 2391 1870 2445 supra
1895 2376 2046 2431 audi-

450 2466 646 2532 vimus,
680 2467 868 2523 durior
896 2468 1009 2523 visa
1037 2478 1172 2535 erat,
1217 2480 1271 2523 et
1320 2469 1645 2536 libertatem,
1673 2484 1831 2538 quam
1864 2468 2048 2538 hujus-

454 2560 802 2617 modistatus
826 2562 1021 2617 electio
1045 2561 1340 2629 desiderat,
1392 2562 1609 2617 laedere.
1675 2561 1783 2617 Nec
1826 2562 1929 2616 alia
1980 2563 2049 2617 de

451 2670 615 2711 causa
639 2655 945 2711 Bonifacius
960 2657 1319 2727 .Mogtmtinus
1347 2667 1503 2711 antea
1532 2656 1852 2725 Gregorium
1877 2656 1917 2710 ll
1943 2656 2047 2711 sibi

453 2748 526 2804 de
552 2747 640 2802 illa
669 2749 1063 2805 consulendum
1090 2750 1337 2805 duxerat.
1369 2750 1720 2804 Postmodum
1768 2765 1898 2805 vero
1923 2748 2049 2803 Clu-

455 2839 747 2897 niacenses
773 2841 1044 2911 quoddam
1071 2842 1122 2896 ei
1147 2850 1639 2912 temperamentum
1666 2840 1919 2896 videntur
1949 2841 2047 2894 ad-

444 2932 713 2989 hibuisse.
745 2932 948 2988 Horum
972 2933 1171 3005 quippe
1195 2934 1617 2989 consuetudines
1656 2944 1781 2988 ante
1810 2934 2045 2989 medium

444 3026 711 3083 saeculum
738 3042 771 3081 x
808 3025 1120 3082 describens
1156 3027 1214 3082 S.
1262 3025 1543 3083 Udalricus
1567 3027 1660 3082 lib.
1696 3042 1771 3091 ut,
1796 3041 1847 3082 c.
1877 3025 1930 3091 8,
1964 3041 2049 3079 re-

446 3120 558 3176 lata
584 3134 876 3192 puerorum
906 3121 1179 3177 oblatione
1203 3120 1429 3192 ejusque
1449 3121 1577 3186 ritu,
1604 3120 1854 3191 proxime
1870 3118 2042 3191 subji-

2154 2013 2452 2075 postremo,
2482 2003 2981 2058 contradicentibus
3002 2002 3206 2057 aditum
3234 2001 3300 2057 ad
3328 2002 3513 2057 saeculi
3540 2016 3755 2074 regres-

2158 2110 2279 2151 sum
2311 2094 2566 2164 patuisse.

2226 2187 2281 2243 8.
2334 2186 2504 2241 Porro
2553 2201 2619 2241 ex
2672 2186 2923 2241 omnibus
2968 2186 3291 2241 testimoniis
3342 2202 3463 2256 quae
3496 2186 3755 2259 colligere

2154 2292 2246 2336 aut
2271 2281 2457 2337 videre
2480 2281 2639 2336 nobis
2671 2281 2769 2335 bac
2790 2281 2858 2335 de
2894 2296 2954 2336 re
3004 2281 3177 2349 licuit,
3218 2282 3431 2355 nullum
3456 2290 3561 2349 est,
3610 2281 3755 2351 quod

2156 2389 2278 2430 cum
2307 2372 2527 2429 decreto
2559 2382 2745 2429 nostro
2774 2374 2944 2442 magis
2971 2372 3293 2438 consentiat,
3327 2388 3486 2443 quam
3518 2370 3661 2443 quod
3681 2387 3750 2428 ex

2157 2468 2641 2524 consuetudinibus
2695 2466 3132 2522 Cluniacensium
3185 2466 3525 2537 protulimus.
3578 2466 3756 2534 Quare

2157 2562 2284 2617 illud
2334 2562 2398 2616 ad
2425 2561 2624 2616 exitum
2656 2562 2839 2615 saeculi
2870 2561 2996 2615 noni
3038 2568 3132 2614 aut
3176 2560 3388 2615 initium
3432 2560 3629 2615 decimi
3664 2575 3753 2615 re-

2156 2655 2301 2711 ferre
2330 2656 2475 2710 licet.
2508 2655 2612 2708 Aut
2638 2654 2800 2709 etiam
2828 2654 3004 2708 serius
3029 2664 3111 2707 est
3158 2651 3543 2718 dill‘erendum,
3580 2651 3623 2706 si
3656 2651 3753 2706 be-

2156 2748 2412 2813 nedictio,
2442 2762 2603 2817 quam
2639 2746 3080 2802 Cluniacensium
3129 2745 3550 2799 consuetudines
3600 2752 3758 2798 aelate

2156 2841 2392 2911 legitima
2451 2840 2789 2909 prmcipiunt,
2839 2839 3079 2894 instituta
3134 2837 3223 2902 sit,
3252 2846 3306 2891 ut
3341 2852 3471 2907 puer
3515 2836 3626 2906 jam
3670 2836 3757 2892 sui

2156 2951 2379 3006 compos
2408 2948 2578 2989 ratam
2629 2933 2832 2990 faceret
2872 2942 3033 3001 atque
3077 2931 3427 2986 conﬁrmaret
3472 2939 3754 3000 parentum

2155 3030 2503 3099 oblationem,
2524 3042 2629 3084 non
2642 3027 2858 3098 utoptio
2875 3026 2924 3082 ei
2940 3024 3158 3082 daretur
3176 3021 3454 3096 repetendi
3474 3022 3752 3080 sacculum.

446 3376 3727 3409 ————————_————_—————_——————————

890 3612 1715 3735 SANGTUS
1789 3615 2049 3729 an:

2153 3611 2652 3728 EBIUS
2726 3612 3307 3728 ΡΔΡΔ-

1714 3930 1969 3961 -··-τεῖ
2007 3922 2488 3971 00⁸θῷ-

746 4185 831 4258 §l.
855 4213 926 4227 -—
953 4184 1169 4253 Quando
1201 4192 1249 4238 el
1280 4181 1525 4254 quamdiu
1560 4178 1760 4234 sederit.

522 4365 788 4423 Eusebius
805 4365 857 4418 in
888 4364 1130 4433 pluribus
1159 4361 1481 4431 pontiﬁcalis
1506 4359 1625 4413 libri
1649 4355 2049 4426 exemplaribus

448 4474 625 4515 annos
656 4473 707 4511 vr
728 4499 744 4524 ,
778 4471 1019 4511 mensem
1051 4472 1099 4518 I,
1125 4455 1241 4509 dies
1270 4470 1322 4507 ιιι
1349 4495 1363 4519 ,
1396 4453 1447 4506 in
1464 4451 1584 4505 aliis
1615 4465 1789 4504 anuos
1817 4466 1871 4513 tt,
1894 4464 2048 4501 men-

449 4565 566 4607 sem
597 4566 634 4614 t,
669 4548 786 4603 dies
817 4564 949 4613 xxv,
974 4546 1182 4600 sedisse
1214 4545 1432 4599 dicitur.
1469 4546 1600 4597 Eum
1632 4541 1891 4597 Eusebius
1933 4538 2051 4592 (Ζευ-

449 4642 715 4698 sariensis
743 4641 1032 4710 episcopus
1080 4640 1133 4692 in
1182 4637 1454 4692 Chronico
1510 4646 1718 4705 septem
1771 4633 2047 4688 mensibus

454 4734 755 4789 Ecclesiam
777 4731 1182 4786 administrasse
1210 4730 1417 4784 scribit.
1480 4729 1556 4783 De
1583 4727 1687 4781 hoc
1731 4741 1868 4797 papa
1907 4724 2046 4779 istud

455 4835 661 4881 tantum
691 4826 743 4880 in
790 4824 1126 4879 Bucheriano
1170 4822 1413 4892 catalogo
1449 4821 1710 4875 habemus
1744 4836 1755 4873 :
1820 4837 1836 4869 ι
1872 4817 2046 4872 Euse-

450 4918 576 4973 bius
605 4926 817 4973 menses
845 4932 919 4982 tv,
946 4915 1062 4970 dies
1086 4929 1201 4981 xvr,
1256 4929 1284 4968 a
1337 4929 1423 4968 xw
1470 4912 1737 4966 Kalendas
1774 4910 1936 4965 Maias
1981 4910 2046 4964 ad

454 5023 549 5062 κη
581 5007 846 5062 Kalendas
896 5006 1257 5076 Septembris.
1291 5025 1308 5056 ι
1369 5005 1422 5058 In
1473 5019 1579 5073 quo
1607 5003 1708 5057 sibi
1736 5018 1839 5056 non
1870 5000 2049 5055 colue-

456 5110 546 5157 ret
592 5101 694 5157 iste
720 5103 1014 5172 catalogus,
1042 5116 1165 5156 cum
1196 5115 1224 5152 a
1256 5114 1350 5153 xw
1379 5097 1648 5152 Kalendas
1677 5095 1838 5151 Maias
1866 5095 1931 5150 ad
1961 5110 2047 5149 xvr

452 5198 720 5254 Kalendas
750 5199 1099 5268 Septembres
1125 5206 1359 5269 quatuor
1380 5197 1660 5252 dumtaxat
1692 5210 1910 5252 menses
1939 5211 2048 5252 uno

451 5290 543 5347 die
570 5291 747 5345 minus
803 5290 1216 5359 interjiciantur.
1251 5290 1333 5343 Ab
1384 5304 1451 5343 eo
1474 5290 1634 5344 etiam
1680 5288 1905 5344 dissidet
1946 5289 2049 5343 Bu-

447 5382 742 5440 cherianus
771 5381 1132 5452 depositionis
1154 5381 1518 5437 Romanorum
1546 5379 1860 5450 pontiﬁcum
1904 5390 2049 5436 eata-

445 5477 626 5547 logus,
658 5476 712 5530 in
739 5490 848 5545 quo
870 5477 1061 5546 legitur
1091 5496 1105 5531 :
1134 5495 1152 5527 ι
1182 5493 1231 5530 vn
1273 5475 1537 5530 Kalendas
1565 5475 1815 5530 Octobris
1832 5475 2045 5530 Eusebii

2078 4172 2122 4235 Ο
2157 4172 2469 4236 librarium,
2516 4175 2605 4244 qui
2651 4173 3046 4229 Bucherianum
3091 4174 3392 4246 catalogum
3433 4173 3749 4242 descripsit,

2157 4282 2255 4333 pro
2287 4285 2306 4318 ι
2343 4282 2395 4321 γι
2424 4266 2544 4321 Kal.
2575 4268 2830 4323 Octobris
2865 4287 2884 4319 ι
2940 4282 3035 4337 per
3082 4268 3421 4321 oscitantiam
3472 4267 3755 4335 scripsisse

2160 4378 2178 4409 ‹
2220 4373 2307 4413 xw
2340 4359 2455 4413 Kal.
2476 4360 2831 4429 Septembris,
2869 4381 2886 4412 t
2917 4360 3093 4415 addita
3120 4359 3369 4413 videlicet
3399 4357 3468 4412 de
3496 4373 3594 4412 suo
3625 4366 3747 4412 uota

2154 4453 2425 4507 immerica
2455 4469 2487 4506 χ
2512 4462 2566 4508 et
2597 4471 2616 4503 ‹
2643 4453 2998 4522 Septembris,
3036 4472 3055 4504 ι
3094 4461 3153 4507 ut
3182 4452 3343 4506 vicini
3371 4452 3574 4507 mensis
3595 4464 3751 4505 voca-

2152 4546 2299 4609 bulo,
2331 4546 2471 4615 quod
2502 4546 2770 4599 interdum
2802 4546 3018 4608 accidit,
3055 4565 3075 4597 ‹
3109 4544 3359 4599 Octobris
3394 4563 3414 4596 ι
3451 4544 3573 4599 loco
3619 4544 3747 4600 sub-

2152 4637 2359 4690 stituto.
2391 4636 2653 4701 Quocirca
2679 4635 3258 4701 doctus'l‘illemontius
3275 4635 3492 4691 laudato
3511 4636 3752 4692 indiculo

2151 4729 2380 4798 aliisque
2408 4729 2755 4783 monimentis
2800 4728 2976 4783 eidem
3028 4727 3447 4798 suifragantibus
3500 4727 3749 4782 standum

2151 4821 2489 4887 existimans,
2522 4836 2584 4877 ac
2612 4837 2830 4878 menses
2856 4833 3089 4893 quatuor
3115 4833 3170 4877 et
3194 4822 3468 4877 sexdecim
3496 4821 3633 4886 dies,
3661 4824 3753 4892 qui

2153 4915 2492 4971 Bucheriano
2532 4916 2583 4970 in
2628 4917 2873 4987 catalogo
2918 4916 3129 4972 Eusebii
3166 4916 3494 4985 pontiﬁcatui
3543 4916 3749 4972 adscri-

2154 5009 2371 5073 buntur,
2403 5008 2661 5073 retinens,
2696 5007 2837 5061 bunc
2862 5022 3051 5076 papam
3076 5025 3110 5062 x
3143 5004 3262 5063 Maii
3290 5008 3398 5071 die,
3444 5009 3569 5063 anni
3618 5009 3743 5075 510,

2151 5111 2415 5165 creatum,
2443 5109 2497 5155 et
2540 5100 2729 5155 eodem
2757 5116 2899 5155 anno
2926 5118 3050 5156 xxvr
3082 5101 3415 5171 Septembris
3444 5102 3531 5156 die
3559 5102 3625 5157 ad
3668 5104 3748 5157 vi-

2152 5201 2261 5248 tam
2293 5193 2570 5247 meliorem
2600 5194 3092 5262 migrasse'censet.
3128 5195 3271 5249 Sane
3297 5194 3612 5264 chronologi
3657 5210 3748 5265 pe-

2151 5291 2366 5346 ritiores
2397 5290 2685 5345 Eusebium
2732 5292 2946 5346 nonnisi
2974 5307 3119 5347 anno
3145 5294 3249 5348 510
3282 5292 3522 5361 regimen
3568 5294 3751 5349 Eccle-

2152 5383 2246 5438 sia:
2275 5382 2599 5450 suscepisse,
2628 5393 2787 5451 atque
2808 5391 2933 5436 ante
2965 5382 3299 5450 Septembris
3325 5383 3526 5438 exitum
3552 5384 3752 5439 obiisse

2151 5475 2512 5530 consentiunt.
2542 5473 2849 5529 Undeltune
2882 5490 3071 5543 papam
3092 5476 3237 5529 nullo
3258 5476 3538 5531 Decembri
3564 5492 3751 5534 mense

449 5569 507 5624 in
532 5567 759 5623 Callisti.
793 5588 812 5619 ι
847 5567 1003 5624 Unde
1037 5567 1325 5623 Eusebium
1355 5568 1697 5639 Septembris
1728 5585 1847 5622 xxvr
1879 5568 1967 5622 die
1993 5569 2044 5623 in
2074 5564 2129 5624 D
2157 5569 2352 5623 vixisse
2377 5568 2678 5623 conﬁcitur.
2706 5567 2833 5635 Qum
2867 5568 3027 5638 igitur
3058 5567 3303 5624 ltabcn‘da
3335 5570 3466 5624 lides
3489 5586 3582 5624 seu
3638 5569 3752 5623 Bol-

447 5657 657 5715 Callisti
683 5661 997 5716 cmmeterio
1025 5661 1328 5729 depositum
1353 5661 1521 5716 fuisse
1536 5662 1813 5715 discimus.
1835 5661 1901 5716 Et
1921 5662 2044 5717 huic

448 5750 668 5822 quidem
692 5752 930 5807 inrdiculo
949 5753 1329 5824 martyrologia
1388 5763 1574 5809 vetera
1608 5764 1663 5809 et
1691 5754 1870 5824 plures
1922 5754 2044 5808 libri

450 5842 783 5914 pontiﬁcalis
803 5843 1018 5903 codices
1039 5844 1419 5915 suffragantur.
1448 5845 1627 5912 Quare
1679 5846 1912 5915 suspicio
1963 5855 2046 5901 est

2158 5662 2413 5716 landiauo
2444 5661 2562 5716 libri
2591 5659 2914 5731 pontiﬁcalis
2946 5661 3141 5730 codici,
3164 5662 3216 5717 in
3264 5678 3371 5731 quo
3401 5674 3509 5717 tres
3535 5661 3583 5717 ei
3616 5661 3753 5715 ordi-

2154 5755 2399 5807 nationes
2422 5769 2519 5824 per
2545 5767 2785 5807 mensem
2839 5752 3186 5808 Decembrem
3227 5754 3611 5816 attribuuntur,
3653 5767 3749 5808 seu

2155 5843 2261 5910 alii,
2295 5845 2347 5898 in
2371 5845 2565 5913 quibus
2594 5860 2751 5900 unam
2777 5846 2968 5901 colem
3001 5861 3186 5902 mense
3232 5845 3424 5901 fecisse
3466 5845 3750 5901 narratur?
