4172 6202
431 268 499 325 27
1420 275 1506 330 DE
1545 274 1899 333 EPISTOLIS
1940 278 2233 337 EUSEBIO
2273 278 2705 340 ADSCRIPTIS.
3656 288 3728 342 28

439 386 467 463 §
496 385 558 452 II.
588 417 661 429 ——-
680 385 745 443 In
775 404 871 461 quo
908 390 1163 461 vulgatum
1203 392 1266 446 de
1297 389 1356 446 S.
1389 389 1606 447 Eusebio
1628 409 1829 448 carmen
1860 394 2026 465 expli-
2054 396 2102 457 Α
2132 396 2215 450 tit.
2249 396 2313 461 3,
2349 396 2463 468 lege
2489 396 2583 464 56,
2618 407 2727 453 tum
2758 397 2978 455 Novella
3020 399 3145 465 195,
3174 415 3291 471 cap.
3328 401 3418 469 39,
3449 416 3657 458 necnon
3700 418 3733 458 a

1152 493 1313 539 catur.

809 613 1110 659 EPIGRAIIA
1144 599 1222 673 (1)
1250 615 1317 657 ou
1342 614 1390 656 s.
1415 615 1655 657 sesamo.

499 692 764 807 {lembus
788 692 858 754 (2)
884 695 1042 747 vetuit
1065 692 1226 753 lapsos
1249 701 1447 755 peccata
1469 692 1674 756 dolere;

524 754 748 806 ‘usehius
766 757 973 805 miseros
994 753 1159 805 docuit
1181 767 1267 803 sua
1294 757 1499 805 crimina
1524 754 1668 806 flere.

524 754 748 806 Eusebius
766 753 973 805 miseros
994 753 1159 805 docuit
1181 753 1267 803 sua
1294 757 1499 805 crimina
1524 753 1668 806 flere.

506 819 751 882 Scinditur
771 819 822 869 in
845 823 1013 882 partes
1037 816 1516 882 populusgliscentei
1528 816 1711 882 furore,

506 881 662 932 Sedet
684 879 791 930 loca
815 876 936 931 edes
954 876 1070 947 (leg.
1102 876 1316 943 Seditio,
1343 880 1529 944 credes)
1550 876 1753 945 bellum,
1778 878 2036 992 dirslttpggia,

1864 944 1976 994 ites.

505 1002 748 1073 Exemplo
765 1004 840 1068 (3)
865 1006 1047 1073 pariter
1070 1004 1197 1068 pulsi
1209 1003 1417 1073 feritate,
1428 1012 1634 1073 tyranni,
1823 947 1842 1010 [

508 1068 709 1135 integra
734 1068 940 1135 coniti)
965 1075 1127 1135 rector
1148 1078 1378 1135 servaret
1401 1068 1587 1123 fa'edera
1612 1068 1767 1135 pacis,

508 1126 947 1194 Pert'ulitexiliiim
970 1134 1167 1194 omnino
1187 1134 1279 1181 sub
1299 1133 1465 1194 judice
1492 1126 1632 1186 laetus

508 1193 699 1243 Littore
722 1192 972 1243 Trinacrio
995 1193 1068 1257 (5)
1097 1192 1327 1245 mundum
1351 1199 1596 1262 vitamque
1619 1192 1838 1262 reliquit.

451 1296 478 1373 g
503 1291 746 1356 111-οε
772 1300 998 1372 epistolis
1025 1317 1085 1355 ac
1107 1300 1320 1357 decretis
1340 1298 1564 1358 Eusebio
1578 1322 1730 1374 papa:
1749 1300 2042 1374 adscriptis.

524 1414 577 1469 1.
611 1404 744 1473 Tres
770 1414 1025 1485 epistolas
1045 1423 1230 1484 aperte
1251 1415 1435 1483 falsas,
1468 1425 1521 1471 et
1546 1410 1612 1472 ab
1657 1417 1861 1474 Isidoro
1906 1418 2046 1473 Mer-

453 1513 636 1567 catore
656 1504 872 1561 Eusebii
904 1506 1123 1562 nomine
1149 1506 1425 1573 confictas,
1444 1524 1564 1564 cum
1594 1510 1804 1564 emteris
1824 1509 1876 1564 in
1903 1509 2048 1580 ejus-

456 1590 580 1659 dem
609 1596 820 1655 ofﬁcina
843 1602 1005 1667 cusis,
1036 1600 1145 1656 Deo
1176 1600 1360 1668 dante,
1390 1600 1528 1658 forte
1555 1604 1680 1658 alibi
1705 1603 1948 1660 edemus.

527 1693 581 1751 2.
615 1693 883 1751 Praeterea
918 1696 970 1749 in
1019 1694 1343 1751 editionibns
1390 1695 1752 1752 Conciliorum
1819 1705 2050 1767 quatuor

456 1788 908 1847 circumferuntur
932 1788 1149 1844 decreta
1178 1805 1208 1845 e
1235 1790 1395 1844 variis
1418 1804 1685 1846 canonum
1713 1790 2048 1846 collectioni-
2076 1786 2125 1846 B

456 1881 578 1949 bus,
608 1881 660 1935 in
683 1880 875 1950 quibus
900 1879 1116 1935 Eusebii
1136 1881 1351 1936 nomine
1382 1880 1770 1952 insigniuntur,
1798 1881 2047 1938 collecta.

457 1971 658 2031 Horum
689 1973 949 2044 primum,
985 1991 1004 2025 ι
1047 1974 1430 2044 DeSponsatam
1461 1975 1696 2045 puellam
1736 1976 2050 2046 parentibus

457 2081 563 2121 non
590 2064 718 2122 licet
748 2066 835 2122 alii
864 2067 979 2121 viro
1001 2067 1247 2132 tradere;
1281 2068 1403 2123 licet
1427 2077 1603 2123 tamen
1655 2071 2045 2127 monasterium

458 2157 559 2219 sibi
587 2158 806 2229 eligere,
845 2177 865 2211 ι
899 2158 1039 2229 quod
1064 2157 1351 2215 Gratianus
1379 2159 1471 2226 27,
1502 2171 1694 2231 quzest.
1726 2162 1781 2227 2,
1815 2162 2047 2232 cap,27‘,

456 2248 550 2309 Ivo
572 2266 625 2323 p.
652 2253 706 2320 6,
734 2266 784 2307 c.
817 2244 1240 2318 40;Buchardus
1267 2252 1361 2308 lib.
1390 2267 1504 2318 vui,
1551 2269 1670 2322 cap.
1715 2255 1771 2321 4,
1817 2254 2054 2310 Eusebio

459 2336 793 2414 adscribunt,
822 2354 905 2403 est
928 2345 1317 2402 Pmiiitentialis
1342 2344 1615 2402 Theodori
1645 2345 2052 2405 Cantuariensis

460 2441 699 2511 episcopi
726 2437 864 2511 apud
893 2439 1123 2494 Potitum
1146 2482 1162 2506 ,
1192 2449 1322 2494 tom.
1356 2457 1411 2509 ι,
1443 2457 1496 2511 p.
1531 2440 1620 2506 12,
1649 2455 1766 2512 cap.
1804 2443 1890 2506 li,
1926 2443 2050 2498 sub-

461 2534 585 2591 inde
616 2534 708 2589 lib.
732 2549 785 2588 γι
813 2531 1222 2604 Capitularium,
1250 2548 1371 2603 cap.
1399 2533 1489 2600 92,
1516 2534 1775 2589 insertum
1822 2534 1904 2601 bis
1938 2550 2055 2591 ver-

463 2627 581 2683 bis:
642 2646 660 2679 ι
694 2626 928 2683 Puellam
982 2625 1362 2697 desponsatam
1404 2642 1509 2681 non
1560 2627 1687 2683 licet
1742 2625 2054 2698 parentibus

462 2720 593 2777 dare
612 2718 765 2776 alteri
784 2721 902 2775 viro
932 2738 946 2775 :
983 2730 1167 2799 tamen
1194 2719 1260 2774 ad
1292 2719 1678 2775 monasterium
1719 2719 1846 2776 licet
1889 2720 1966 2775 ire
1992 2720 2056 2777 si

463 2814 714 2871 voluerit.
753 2833 773 2867 ι
827 2812 953 2870 [huc
994 2821 1171 2868 autem
1228 2823 1495 2884 postrema
1530 2827 1652 2882 pars
1695 2811 1762 2867 de
1789 2822 2056 2882 potestate

463 2907 678 2983 petendi
696 2907 1103 2973 monasterium,
1132 2904 1417 2961 Justiuiani
1436 2906 1564 2977 imp.
1590 2920 1713 2960 cum
1741 2903 1874 2960 Cod.
1905 2906 2056 2975 Ιὶιι.ι,

536 3040 618 3117 (1)
644 3040 792 3117 Istud
817 3040 1168 3117 epigramma,
1202 3055 1298 3117 seu
1325 3040 1678 3117 epitaphium,
1712 3041 1976 3117 Baronius
2005 3042 2056 3097 iit

466 3113 755 3170 novissima
779 3114 1013 3168 editione
1038 3113 1414 3182 Antuerpieusi
1434 3113 1498 3165 ad
1528 3128 1725 3166 annum
1756 3113 1880 3178 557,
1907 3130 2053 3168 num.

467 3187 557 3249 57,
583 3201 687 3239 non
718 3186 834 3239 sine
864 3186 1224 3247 cunctatione,
1250 3170 1314 3237 ad
1343 3184 1629 3254 Eusebium
1659 3170 2053 3254 presbyterum,
2084 3170 2129 3233 C

465 3257 557 3326 qui
588 3256 801 3311 Liberio
824 3255 1071 3326 pontiﬁce
1092 3257 1253 3309 vitam
1280 3254 1435 3326 finiit,
1472 3253 1833 3326 refert._lllud’
1878 3255 2057 3322 potius

466 3324 532 3395 ad
567 3324 852 3382 Eusebium
882 3341 1070 3395 papam
1120 3327 1350 3395 attinere
1397 3324 1603 3395 iudicat
1645 3324 2052 3385 Tillemontius.

468 3390 910 3467 ejusquejudicio
940 3390 1080 3450 ultro
1108 3392 1517 3450 subscribimus.
1562 3390 1669 3450 Nec
1714 3397 1905 3450 mirum
1954 3406 2056 3464 est,

468 3469 687 3539 dignum
712 3468 943 3523 Marcelli
975 3482 1341 3522 successorem
1371 3482 1490 3522 eam
1525 3467 1777 3539 Ecclesia:
1812 3468 2055 3539 discipli-

472 3537 615 3605 nain,
666 3540 736 3595 ob
760 3540 913 3610 cujus
966 3539 1338 3594 defensionem
1392 3549 1613 3593 sanctus
1673 3537 1760 3592 ille
1809 3538 2063 3593 decessor

470 3611 632 3666 exilio
662 3609 947 3666 mulctatus
978 3610 1172 3676 fuerat,
1200 3612 1398 3665 ttct‘lter
1425 3610 1748 3673 Vindicasse,
1795 3614 1969 3680 eaque
1994 3609 2063 3667 de
2120 3654 2121 3659 η

471 3696 654 3745 causa,
687 3684 876 3737 eodem
912 3682 1111 3737 Christi
1142 3687 1385 3749 apostata
1444 3682 1695 3746 instante,
1752 3682 1821 3736 ab
1870 3681 2063 3736 eodem

474 3763 722 3824 tyranno
755 3753 998 3806 eamdem
1047 3766 1258 3824 pcenam
1308 3751 1554 3824 subiisse.
1603 3751 1867 3816 Quocirca
1898 3755 2063 3824 etiam

470 3821 588 3894 ipse
636 3822 726 3894 qui
777 3825 1024 3892 superius
1091 3821 1158 3876 de
1203 3822 1258 3876 S.
1322 3821 1572 3877 Marcello
1625 3837 1843 3894 carmen
1904 3823 2064 3877 ador-

473 3891 619 3950 navit
633 3891 911 3961 Damasus,
928 3897 1088 3951 etiam
1106 3894 1245 3949 istud
1266 3895 1619 3949 concinnasse
1639 3891 1780 3946 haud
1797 3894 2066 3950 immerito

473 3979 779 4022 censeatur.

548 4042 627 4114 (2)
651 4041 748 4097 Hic
777 4058 970 4098 nomen
983 4042 1208 4113 exprimi
1236 4038 1440 4094 videtur
1455 4036 1890 4114 apostataailliu-s,
1906 4051 2063 4114 quem

475 4114 532 4169 in
558 4107 713 4184 'p'ace
760 4115 1031 4170 Christum
1056 4107 1285 4185 negasse
1324 4111 1568 4185 superius
1618 4108 1684 4163 de
1714 4108 1772 4163 S.
1814 4107 2067 4185 Marcello

476 4178 696 4242 carmen
727 4196 1009 4241 memorat.
1042 4178 1268 4241 Nomine
1315 4178 1495 4238 anum
1547 4178 1818 4249 lapsnrnm
1861 4179 1894 4233 il
1940 4188 2068 4233 tunc

475 4257 638 4328 vulgo
676 4258 1116 4329 designabantur,
1149 4256 1237 4329 qui
1269 4254 1534 4329 idolorum
1562 4266 1620 4304 se
1640 4251 1920 4329 sacriﬁciis
1944 4266 2070 4329 con-

479 4322 827 4393 taminarent:
861 4331 942 4385 vel
991 4329 1043 4383 in
1088 4322 1324 4400 quodvis
1363 4331 1695 4400 incurrerunt
1750 4322 2068 4400 idololatria:

478 4401 677 4471 scelus,
706 4412 764 4456 ut
792 4401 1044 4471 Cypriani
1092 4393 1227 4471 dpus
1284 4395 1601 4471 simpliciter
1656 4394 1970 4465 inscriptum
2008 4393 2073 4447 de

477 4467 685 4542 Lapsis,
706 4467 928 4542 ejusque
955 4467 1192 4541 cpistola:
1223 4468 1418 4542 passim
1453 4467 1695 4542 probant.

554 4535 633 4623 (ὅ)
664 4535 766 4623 Hie
788 4535 1115 4623 memoratur
1143 4535 1448 4623 exemplum
1469 4538 1724 4623 Marcelli,
1752 4537 1842 4623 qui
1872 4536 2073 4607 pariter
2098 4563 2152 4623 Β

479 4631 511 4673 a
543 4611 805 4685 Maxentio
831 4625 1058 4685 tyranno
1086 4616 1140 4670 in
1165 4614 1385 4670 exilium
1415 4612 1597 4685 pulsus
1625 4611 1815 4664 l'uerat.

541 4684 630 4811 Si)
667 4678 892 4741 Damaso
917 4687 1126 4741 rectoris
1155 4686 1371 4741 nomine
1416 4678 1712 4737 Romanum
1760 4678 2067 4750 pontificem

578 4759 720 4811 icare
748 4772 905 4811 quam
933 4756 1193 4811 familiare
1216 4755 1395 4811 fuerit.
1412 4752 1646 4808 Milesius
1664 4751 1987 4806 Sarazanins
2015 4751 2067 4804 in

483 4751 720 4814 indicare
748 4772 905 4828 quam
933 4756 1193 4815 familiare
1216 4755 1395 4828 fuerit,
1412 4752 1646 4828 Milesius
1664 4751 1994 4828 Sarazanins
2015 4751 2068 4804 in

484 4831 618 4903 illud
644 4822 936 4903 superioris
966 4827 1386 4903 epigrammatis,
1430 4824 1703 4903 Veridicus
1714 4832 1903 4903 rector,
1946 4822 2070 4903 pina

483 4901 632 4957 ribus
662 4894 920 4969 exemplis
946 4894 1296 4958 dein'oustrat.
1326 4898 1455 4954 Ideo
1485 4906 1664 4969 autem
1689 4894 1951 4969 Eusebius
1984 4894 2071 4969 ins

486 4983 633 5045 tegra
660 4965 1038 5045 pacis:f(edera
1071 4984 1453 5045 servarenuue
1499 4965 2071 5045 velieudiciturhquia

440 5087 449 5093 .
485 5034 679 5114 paceni
702 5041 862 5114 lapsis
887 5044 1187 5101 concedere
1219 5039 1601 5114 nolebat,_nisi
1633 5037 1709 5114 iis
1757 5034 2075 5114 conditioni—

524 5060 672 5101 acem
702 5060 862 5114 lapSlS
887 5060 1187 5101 concedere
1219 5060 1455 5103 ltOleDat,
1503 5060 1601 5093 lllSl
1647 5060 1709 5091 tis
1757 5060 2073 5090 cuuurumu-

485 5060 587 5173 Bos
635 5116 828 5185 quibus
849 5130 968 5172 eam
996 5115 1225 5172 dandam
1280 5127 1401 5185 esse
1451 5109 1735 5166 Cornelius
1782 5120 1903 5161 cum
1959 5112 2073 5160 toto

487 5189 618 5243 orbe
636 5184 967 5243 decreverat.
992 5189 1250 5255 Quocirca
1272 5184 1950 5255 diciturimiserospeccata
1976 5192 2072 5255 sua

489 5258 620 5313 ﬂere
647 5268 698 5314 et
725 5274 823 5329 per
845 5246 1036 5331 dignos
1081 5257 1409 5331 pauitantia:
1462 5253 1668 5331 fructus
1707 5246 1913 5331 diluere
1970 5246 2071 5331 (io-

489 5333 700 5396 cuisse;
725 5316 856 5384 'cuiu
890 5316 1267 5386 eimtra'nollet
1299 5316 1576 5381 lleraclius
1603 5316 1935 5396 eospeceala
1959 5317 2071 5396 ilo-

493 5401 622 5466 lere,
655 5391 749 5456 sed
783 5405 962 5459 statim
1005 5400 1392 5471 prmterinissis
1434 5394 1782 5471 ptenitentia:_
1805 5391 2075 5471 laboribus

492 5462 676 5542 pacem
709 5478 969 5542 recipere.
999 5462 1199 5527 Eadem
1233 5462 1483 5542 loquendi
1505 5464 1713 5542 ratione
1752 5462 2074 5542 deflet_epi4

491 5534 730 5614 gramina
751 5534 1114 5614 de'Marcello,
1145 5540 1287 5614 quod
1307 5534 1582 5614 solvuntur
1610 5536 1800 5614 {cedere
1827 5534 1999 5614 pacis:

566 5610 646 5685 (5)
673 5612 934 5671 Videlicet
961 5605 1231 5683 relegat-us
1258 5612 1309 5685 in
1334 5608 1592 5685 Siciliam,
1616 5605 2005 5685 qumﬁtrabqni
2025 5612 2079 5685 et

491 5673 665 5741 Pii-rio
690 5703 716 5737 a
751 5687 923 5742 tribus
946 5673 1350 5752 promontoriis,
1382 5681 1599 5752 Peloro,
1627 5673 1873 5752 Pachyro
1901 5676 1954 5730 ei
1984 5673 2077 5728 Ll-

492 5759 686 5830 lyhazo,
710 5747 981 5814 Trinacria
996 5757 1134 5811 dicta
1156 5765 1257 5830 est.
1280 5754 1352 5830 Ibi
1378 5750 1665 5830 Eusebium
1693 5747 2076 5830 vituiunctutrt,

499 5817 566 5893 ad
579 5817 746 5892 cicius
763 5832 1025 5904 migrasse
1044 5827 1219 5906 nostri
1237 5824 1635 5909 epigrammatis
1645 5819 1886 5894 conditor
1901 5817 2078 5887 docet.

2132 487 2391 559 Gregorio
2416 490 2602 547 lndict.
2630 508 2721 559 xv,
2752 492 2908 562 epist.
2937 491 3025 558 S0,
3056 491 3123 547 ad
3157 492 3433 550 Fortunat.
3479 505 3532 552 et
3558 494 3725 569 Cypr.

2132 584 2475 653 approbatur.

2202 684 2260 741 ὃ.
2305 683 2627 748 Secundum,
2669 702 2688 737 ο
2721 683 2979 741 Consulto
3030 686 3279 742 omnium
3324 687 3630 755 statuimus,
3677 696 3735 744 ut

2137 776 2458 832 sacrificium
2490 777 2674 833 altaris
2699 793 2805 833 non
2854 780 2907 834 in
2952 779 3129 834 serico
3169 794 3385 851 panno,
3438 788 3532 835 aut
3573 781 3740 837 tincto

2140 871 2421 943 quisquam
2465 872 2742 927 celebrare
2775 881 3086 941 praesumat,
3116 886 3245 939 etc.,
3284 892 3304 925 ι
3351 872 3490 941 apud
3534 872 3742 929 Gratia-

2143 981 2291 1031 num,
2315 966 2383 1020 de
2401 965 2829 1021 Consecratlone
2856 967 2983 1021 dist.
3019 982 3057 1030 ι,
3074 981 3192 1034 cap.
3219 963 3313 1030 46,
3340 965 3558 1022 Eusebii
3582 960 3743 1022 simul

2143 1068 2196 1113 et
2225 1057 2498 1127 Silvestri;
2550 1060 2691 1129 apud
2742 1058 2986 1127 lvonem,
3036 1075 3151 1130 par.
3188 1074 3282 1127 vn,
3311 1075 3363 1116 c.
3399 1061 3490 1128 40,
3523 1071 3579 1116 et
3608 1061 3744 1117 Bur-

2145 1151 2423 1216 cliardnm,
2473 1151 2568 1206 lib.
2618 1169 2697 1217 ιιι,
2747 1168 2867 1224 cap.
2915 1152 3006 1219 99,
3059 1154 3219 1207 unius
3255 1153 3514 1221 Eusebii;
3561 1169 3626 1211 ac
3651 1154 3746 1210 dea-

2148 1259 2293 1298 mum
2323 1243 2463 1313 apud
2488 1243 2826 1310 Anselmmn,
2850 1244 2942 1299 lib.
2995 1258 3076 1310 ix,
3108 1260 3226 1315 cap.
3256 1247 3311 1311 2,
3355 1246 3511 1301 unius
3542 1247 3747 1303 Silves-

2148 1338 2216 1405 ιτὶ
2272 1353 2380 1408 prae
2432 1354 2492 1393 se
2580 1339 2682 1393 fert
2757 1354 2974 1395 nomen.
3034 1340 3111 1394 Ex
3163 1339 3331 1410 gestis
3396 1349 3576 1397 autem
3642 1340 3749 1397 Sil-

2148 1433 2310 1485 vestri
2346 1431 2482 1487 libro
2498 1429 2800 1487 Pontilicali
2848 1432 3086 1496 insertis,
3120 1446 3244 1501 quae
3266 1431 3534 1500 Labbeus,
3571 1440 3748 1488 tom.t

2148 1522 2380 1588 Concil.,
2415 1539 2533 1593 pag.
2570 1523 2729 1589 1569,
2759 1523 2945 1589 edidit,
2977 1531 3290 1593 excerptum
3320 1533 3421 1579 est.

2220 1624 2275 1679 4.
2305 1623 2564 1689 Tertium,
2601 1640 2619 1675 ι
2653 1623 2860 1692 ieiunia
2905 1624 2958 1678 in
3012 1624 3251 1678 Ecclesia
3301 1639 3330 1677 a
3377 1625 3751 1682 sacerdotibus

2153 1716 2443 1770 constituta
2466 1715 2585 1770 sine
2614 1718 2936 1770 necessitate
2962 1713 3265 1789 rationabili
3283 1728 3388 1769 non
3417 1716 3746 1780 solvantur,»

2153 1824 2218 1864 ex
2247 1808 2503 1864 Gratiano
2529 1808 2598 1864 de
2627 1805 2887 1864 Consecr.
2913 1807 3037 1862 dist.
3072 1807 3125 1873 5,
3165 1822 3215 1862 c.
3260 1808 3348 1872 17,
3397 1807 3751 1878 descriptum,

2154 1901 2509 1967 etahlvone,
2566 1916 2679 1970 par.
2716 1916 2786 1968 iv,
2837 1914 2959 1969 cap.
3012 1898 3103 1965 19,
3155 1914 3367 1954 necnon
3414 1899 3750 1967 Burchardo,

2153 1993 2247 2049 iib.
2277 2007 2390 2057 xm,
2420 2006 2538 2061 cap.
2574 1991 2660 2058 17,
2695 1991 2839 2046 velut
2862 2010 2881 2042 ι
2908 2007 2972 2046 ex
3004 1991 3162 2045 dictis
3189 1988 3406 2045 Eusebii
3440 2003 3749 2059 papac,cap.

2154 2084 2245 2151 10,
2274 2086 2519 2150 citatum,
2560 2101 2579 2135 ι
2617 2084 2668 2137 in
2691 2082 2986 2154 Capitulari
3021 2084 3072 2150 1,
3098 2081 3241 2152 quod
3264 2081 3456 2152 Steph.
3502 2081 3756 2137 Baluzius

2152 2177 2417 2250 Capitulis
2470 2178 2596 2231 anni
2647 2174 2773 2243 815,
2835 2192 2956 2247 pag.
2998 2175 3125 2239 517,
3159 2174 3408 2245 subjecit,
3441 2182 3526 2230 est
3545 2173 3758 2245 capitu-

2155 2271 2265 2327 lum
2288 2271 2378 2325 95.

2228 2376 2281 2430 5.
2311 2373 2603 2442 Quartum,
2633 2386 2664 2427 e
2694 2370 2884 2426 codice
2925 2370 3161 2440 quinque
3191 2366 3473 2431 librorum,
3505 2381 3626 2438 cap.
3658 2366 3753 2435 41,

2158 2470 2229 2522 ita
2261 2466 2532 2538 profertur
2564 2484 2575 2519 :
2610 2482 2629 2516 ι
2667 2464 2891 2534 Oportet
2918 2465 3229 2532 episcopum
3256 2460 3552 2515 moderatis
3579 2459 3757 2530 epulis

2157 2569 2472 2617 contentum
2503 2573 2647 2621 esse,
2682 2570 2920 2626 suosque
2946 2554 3203 2609 convivas
3242 2552 3310 2607 ad
3356 2551 3756 2607 comedendum

2157 2663 2212 2709 et
2240 2652 2529 2709 bibendum
2559 2664 2666 2706 non
2690 2664 2906 2720 urgere.
2936 2647 3345 2702 Removeantur
3376 2644 3446 2699 ab
3481 2645 3599 2715 ejus
3619 2657 3756 2698 cono

2159 2746 2302 2802 vivio
2334 2753 2528 2799 cuncta
2584 2738 2930 2811 turpitudinis
2975 2748 3337 2809 argumenta:
3386 2750 3493 2790 non
3548 2733 3757 2790 ludicra

2160 2839 2485 2911 spectacula,
2503 2852 2609 2892 non
2622 2844 2987 2891 acroamatum
3009 2832 3337 2902 vaniloquia,
3358 2845 3463 2885 non
3485 2828 3758 2884 fatuorum

2163 2931 2524 3000 stultiloquia,
2564 2944 2671 2983 non
2717 2926 3022 2982 scurrilium
3065 2923 3423 2979 admittantur
3464 2920 3753 2992 prmstigia.

2162 3025 2360 3082 Adsint
2390 3022 2659 3096 peregrini
2689 3032 2741 3077 et
2770 3035 3036 3094 pauperes
3063 3028 3119 3079 et
3159 3018 3384 3084 debiles,
3435 3016 3524 3088 qui
3565 3016 3636 3072 de
3678 3029 3764 3072 sa-

2162 3117 2421 3174 cerdotali
2447 3130 2630 3172 mensa
2656 3113 2931 3170 Christum
2969 3112 3376 3178 benedicentes,
3425 3109 3763 3167 benedictio‘

2167 3226 2287 3266 nem
2318 3209 2635 3279 percipiant.
2663 3207 2940 3261 Recitetur
2971 3220 3124 3259 sacra
3173 3204 3355 3267 lectio,
3396 3201 3760 3272 subsequatur

2166 3305 2304 3359 vivnt:
2337 3302 2482 3357 vocis
2509 3298 2813 3355 exhortatio
2846 3315 2857 3351 :
2891 3296 3069 3351 utnon
3095 3304 3298 3349 tantum
3315 3284 3587 3362 cerporali
3611 3291 3758 3358 cibo,

2166 3399 2329 3452 immo
2356 3395 2499 3449 verbi
2524 3393 2779 3463 spiritalis
2802 3391 3059 3445 alimento
3077 3389 3423 3443 convivantes
3445 3401 3503 3440 se
3528 3387 3760 3439 refectos

2164 3489 2526 3563 gratulentur,
2577 3497 2632 3541 ut
2676 3485 2728 3539 in
2762 3484 3015 3539 omnibus
3054 3481 3439 3536 honoriﬁcetur
3476 3480 3615 3532 Deus
3664 3493 3762 3547 per

2165 3584 2352 3641 losum
2379 3582 2654 3639 Christum
2690 3579 2976 3637 Dominum
3003 3587 3270 3635 nostrum.
3313 3594 3332 3633 ι
3368 3574 3515 3630 Idem
3546 3586 3785 3644 quoque.

2166 3672 2289 3742 lvo,‘
2311 3690 2426 3747 par.
2452 3688 2636 3739 xm,c.
2658 3672 2750 3741 75,
2774 3668 3206 3733 etBnrchardus,
3232 3667 3325 3724 lib.
3357 3683 3466 3736 xw,
3502 3684 3551 3721 c.
3583 3666 3766 3732 ἀμίαις

2167 3783 2225 3826 ιιι
2260 3792 2278 3823 (
2300 3788 2367 3826 ex
2393 3768 2628 3825 decretis
2657 3767 2872 3822 Eusebii
2900 3809 2915 3834 ,
2944 3780 3064 3835 cap.
3094 3763 3158 3817 10
3194 3782 3213 3814 ι
3249 3762 3435 3815 citant.
3464 3759 3767 3830 Sapientis-

2168 3864 2363 3919 simum
2395 3860 2610 3930 quidem
2638 3859 3042 3921 estdecretum,
3076 3854 3314 3923 nihilque
3343 3851 3589 3921 praecipit
3622 3849 3769 3921 quod

2172 3954 2408 4010 Eusebio
2436 3952 2685 4006 videatur
2718 3951 2996 4019 indignum
3031 3966 3043 3999 :
3078 3947 3171 4001 sed
3221 3946 3271 4001 id
3317 3946 3460 4016 quod
3492 3946 3764 4015 prohibet,

2171 4048 2223 4103 in
2254 4047 2397 4102 illius
2427 4054 2640 4103 aetatem
2671 4043 2893 4097 minime
2924 4040 3252 4096 arbitramur
3279 4038 3591 4094 convenire.
3616 4038 3772 4096 Tunc

2169 4156 2306 4211 opus
2335 4154 2441 4193 non
2465 4146 2599 4202 erat,
2635 4146 2690 4191 ut
2715 4136 2783 4192 ab
2804 4136 3185 4206 episcOporum
3214 4147 3399 4188 mensa
3427 4146 3522 4186 seu
3554 4141 3770 4203 specta-

2171 4234 2289 4288 Cttla
2319 4232 2547 4294 ludicra,
2580 4245 2675 4285 seu
2706 4229 3009 4284 scurrilium
3041 4225 3307 4297 prtestigia
3335 4234 3766 4280 removerentur.

2174 4326 2437 4382 Ecclesiis
2469 4337 2581 4380 tum
2612 4323 2845 4378 maxime
2867 4328 3139 4393 pra-erant
3164 4320 3200 4373 ii
3230 4320 3516 4385 antistites,
3542 4332 3772 4389 quorum

2173 4419 2454 4476 modestia:
2490 4416 2675 4472 laudes
2707 4416 2868 4472 etiam
2909 4414 3128 4485 gentilis
3158 4428 3222 4467 ac
3252 4411 3529 4482 religionis
3570 4419 3775 4466 nostra:

2177 4511 2520 4571 adversarius
2540 4510 2771 4581 scriptor
2795 4523 2994 4577 negare
3025 4521 3132 4561 non
3161 4504 3351 4573 valuit,
3403 4522 3420 4556 ι
3452 4517 3589 4574 quos
3618 4522 3637 4556 ι
3686 4503 3775 4557 ni-

2177 4609 2371 4665 mirum
2399 4625 2418 4659 ι
2459 4606 2691 4661 tenuitas
2721 4602 2915 4659 edendi
2943 4599 3274 4672 potandique
3302 4597 3638 4669 parcissime,
3691 4596 3777 4650 vi-

2176 4700 2299 4755 litas
2326 4699 2488 4754 etiam
2517 4696 2976 4758 indumentorum,
3000 4700 3056 4749 et
3076 4691 3363 4763 supercilia
3379 4690 3600 4744 humum
3621 4702 3777 4760 spec-

2178 4790 2341 4845 tantia
2374 4798 2630 4859 perpetuo
2672 4785 2877 4841 numini
2929 4785 3181 4854 verisque
3212 4784 3328 4853 ejus
3366 4781 3667 4837 cultoribus
3719 4789 3780 4837 ut

2178 4898 2341 4954 puros
2366 4879 2816 4937 commendabant
2841 4887 2896 4933 et
2922 4877 3276 4934 verecundos.
3317 4895 3335 4926 ι
3369 4874 3443 4929 Ita
3466 4887 3632 4943 porro
3667 4873 3777 4928 Da-

2180 4975 2312 5030 masi
2342 4989 2458 5028 :evo
2484 4971 2807 5027 Ammianus
2834 4969 3192 5034 Marcellinus,
3237 4965 3331 5020 lib.
3367 4980 3535 5032 xxvii,
3566 4978 3686 5035 cap.
3719 4964 3778 5032 5,

2177 5070 2517 5140 loquebatur.
2543 5065 2808 5121 Prrcdicto
2837 5073 3017 5118 autem
3047 5061 3266 5116 decreto
3295 5057 3461 5115 afﬁne
3517 5066 3602 5114 est
3635 5056 3781 5129 quod

2177 5183 2320 5223 anno
2349 5165 2455 5222 815
2479 5162 2767 5220 concilium
2795 5159 3113 5215 Turonense
3138 5152 3238 5220 lli,
3267 5168 3388 5208 can.
3422 5153 3455 5209 5
3475 5152 3778 5208 constituit:

2186 5283 2203 5316 ι
2246 5263 2575 5334 Episcopum
2608 5272 2713 5314 non
2737 5264 2992 5327 oportere
3021 5248 3257 5322 profusis
3301 5249 3615 5305 incumbere
3644 5262 3779 5303 con-

2181 5356 2336 5411 viviis
2369 5374 2381 5408 :
2411 5352 2506 5410 sed
2536 5365 2702 5422 parco
2743 5359 2799 5405 et
2826 5346 3113 5403 moderato
3130 5349 3419 5398 contentus
3444 5340 3677 5404 sitcibo,
3711 5350 3781 5393 ne

2182 5451 2426 5506 videatur
2456 5445 2669 5501 Domini
2691 5442 2838 5498 abuti
2870 5437 3142 5495 sententia
3182 5435 3411 5491 dicentis
3463 5451 3478 5487 :
3526 5428 3780 5487 Attendits

2187 5558 2249 5596 ne
2275 5547 2549 5610 graventur
2572 5536 2729 5590 corda
2748 5542 2909 5589 vestra
2937 5532 2991 5585 in
3012 5530 3228 5602 crapula
3259 5537 3306 5582 et
3331 5526 3568 5581 ebrietate
3596 5520 3776 5595 (Luc.,

2188 5648 2304 5693 χιι,
2327 5631 2442 5700 51).
2472 5630 2537 5683 Et
2565 5625 2817 5698 quamdiu
2844 5623 3182 5688 convivatur,
3217 5616 3391 5689 potius
3423 5630 3571 5671 sacra
3620 5610 3781 5668 lectio

2187 5735 2312 5781 ante
2344 5737 2585 5778 mensam
2611 5720 2727 5789 ejus
2757 5720 3033 5781 recitatur,
3065 5727 3225 5785 quam
3248 5709 3421 5765 otiosa
3469 5723 3499 5761 a
3532 5720 3780 5762 susurro-

2196 5818 2353 5895 nibus
2375 5824 2633 5887 resonent
2659 5812 2842 5887 verba.
2885 5831 2933 5894 ι.
2964 5809 3033 5867 Et
3056 5821 3178 5865 can.
3221 5803 3294 5862 6:
3351 5820 3371 5857 ι
3409 5798 3682 5875 Peregrini
3723 5803 3779 5863 et
