4172 6202
3696 131 3733 148 κ

382 306 455 363 29
1293 306 1384 364 DE
1422 306 1737 367 LlTTERlS
1776 310 2111 369 MAXEN’I’II
2152 302 2529 373 MEECHIADI
2570 316 2789 376 DATIS.
3616 325 3687 381 50

382 436 653 496 pauperes
677 421 923 478 convivae
947 421 1470 495 sintepiscoporum,
1512 440 1632 481 cum
1656 426 1849 497 quibus
1865 442 1972 482 non
2001 431 2049 489 A
2077 443 2212 494 mes,
2237 437 2366 497 etc.,
2398 449 2418 483 ι
2442 431 2584 502 quod
2603 432 2713 500 lvo,
2740 448 2853 504 par.
2881 448 2952 498 ιν,
2978 448 3028 490 c.
3054 434 3143 502 ΒΟ,
3189 436 3437 506 proximo
3462 437 3683 495 decreto

384 516 559 574 solum
590 514 883 586 corporali,
937 515 1034 570 sed
1073 525 1129 571 et
1164 517 1389 588 spiritali
1440 518 1751 575 reﬁciantur
1779 520 1920 576 cibo.
1958 539 1976 572 ι

389 609 528 666 Vide
550 616 607 665 et
634 604 919 665 concilium
948 607 1214 675 Remense
1244 625 1303 676 ιι,
1335 610 1525 666 eodem
1553 627 1696 667 anno
1719 613 1980 680 habitum,

385 715 507 757 can.
538 701 603 756 17
632 707 689 756 et
712 697 799 755 18.
831 692 982 756 Unde
1007 711 1062 755 et
1087 710 1298 772 tempus
1328 702 1523 772 conjici
1554 711 1729 773 potest
1756 719 1863 776 quo
1889 704 1986 760 de-

392 801 598 848 cretum
633 786 870 847 Eusebio
890 790 1201 846 attributum
1232 792 1447 863 prodiit.

452 885 507 940 6.
540 884 635 941 liis
669 884 830 955 adjici
872 885 1131 955 potuisset
1177 887 1443 958 quintum,
1501 909 1519 942 ι
1551 890 1605 944 Si
1638 891 1880 947 evenerit
1908 889 1987 945 fa.

388 996 3539 1029 mm

2090 522 2330 594 subjicit,
2358 538 2421 579 ae
2446 525 2590 580 velut
2609 541 2672 581 ex
2707 526 2897 582 iisdem
2942 525 3161 584 Eusebii
3192 527 3448 596 decretis,
3474 545 3594 601 cap.
3622 531 3679 600 ἢ,

2093 614 2296 670 laudat.
2327 615 2521 672 Verum
2543 617 2681 673 istud
2704 618 3064 687 Burcliardus,
3089 619 3183 675 lib.
3210 634 3322 687 χιιι,
3349 637 3468 694 cap.
3490 624 3578 691 18,
3600 639 3688 681 re-

2092 708 2195 763 fert
2222 717 2280 764 ut
2310 727 2328 760 ι
2358 724 2421 765 ex
2454 709 2687 766 decretis
2710 711 2910 768 Liberii
2944 728 3114 784 papae,
3147 730 3197 771 c.
3224 715 3258 770 2
3296 735 3316 770 ι
3345 715 3687 788 Exscriptum

2091 810 2177 858 est
2196 809 2377 858 autem
2399 816 2465 858 ex
2488 802 2625 859 libro
2652 820 2666 859 ι
2699 804 3107 877 Capitularium,
3137 821 3258 881 cap.
3288 808 3411 867 118.

683 1076 2736 1287 εωατῑιειιιιεῑιὲιωὲηες
2814 1096 3382 1238 rara.

663 1468 693 1540 θ
720 1466 762 1523 Ι.
785 1495 859 1509 --
886 1465 1107 1534 Quando
1141 1476 1188 1523 et
1770 1478 1776 1488 -
1874 1468 1889 1487 ο

449 1624 503 1680 1.
532 1622 855 1681 Meicbiades
872 1623 1213 1680 Bucberiano
1235 1626 1287 1680 in
1314 1624 1582 1696 catalogo,
1607 1625 1659 1680 iu
1681 1639 1808 1694 quo,
1841 1622 1975 1680 utin

367 1718 648 1790 plerisque
659 1718 929 1775 veteribus
950 1718 1594 1786 monimentis,Miltiades
1615 1728 1974 1791 nuncupatur,

369 1809 847 1866 Petricathedram
870 1811 1106 1866 tenuisse
1130 1810 1327 1866 dicitur
1359 1830 1378 1862 ι
1413 1826 1478 1866 ex
1508 1812 1595 1866 die
1620 1827 1670 1866 vt
1686 1810 1867 1866 Nonas
1886 1810 1977 1866 Ju-

371 1901 477 1957 lias
497 1917 527 1955 a
547 1901 833 1957 consulatu
857 1900 1180 1959 Maximiano
1201 1901 1313 1956 Vlll
1334 1903 1473 1969 solo,
1503 1904 1645 1974 quod
1669 1901 1768 1957 fuit
1790 1917 1977 1959 mense
2008 1874 2055 1937 Β

368 1988 678 2065 Septembri
706 1984 999 2051 Volusiano
1024 2005 1076 2049 et
1104 1994 1298 2048 Ruﬁno
1321 2036 1336 2061 ,
1367 2010 1535 2067 usque
1564 1994 1615 2048 in
1655 2010 1710 2048 lii
1738 1992 1865 2049 Idus
1892 1986 1981 2049 Ja-a

369 2088 548 2143 nuarii
561 2086 855 2143 Volusiano
871 2086 1184 2143 etAnniano
1212 2086 1545 2142 consulibus.
1562 2105 1582 2140 ι
1604 2088 1734 2154 Quae
1755 2087 1979 2156 inscrip-

372 2183 446 2237 tio
472 2191 532 2236 ut
558 2180 910 2252 intelligatur,
943 2180 1340 2235 observandum
1364 2190 1447 2237 est
1471 2180 1851 2235 Maximiauum
1875 2179 1985 2236 Ga-

372 2273 569 2329 lerium
593 2272 772 2327 solum
817 2272 886 2327 ab
909 2266 1209 2327 initio'anni
1234 2272 1335 2327 5H
1368 2272 1434 2326 ad
1467 2284 1709 2327 mensem
1735 2273 1981 2343 Septem-

372 2365 525 2421 brem
573 2364 916 2421 consulatum
948 2364 1204 2435 gessisse,
1229 2363 1332 2419 hoc
1381 2375 1560 2419 autem
1606 2380 1792 2420 mense
1816 2364 1981 2419 Volua

370 2460 584 2514 sianum
632 2457 849 2515 Ruﬁum
872 2467 1115 2513 creatura
1155 2472 1275 2513 esse
1300 2458 1601 2519 consulem,
1650 2456 1904 2528 adjuncto
1931 2457 1981 2511 ei

374 2549 588 2620 collega
629 2548 884 2616 Eusebio,
926 2548 1082 2619 cujus
1122 2564 1321 2604 nomen
1353 2548 1647 2618 aliquando
1691 2549 1982 2604 reticentes

375 2642 865 2711 antiquarii,unius
892 2640 1167 2696 Volusiani
1191 2640 1300 2697 duo
1327 2642 1542 2696 nomina
1573 2642 1726 2712 quasi
1753 2642 1979 2697 duorum

377 2733 658 2788 consulum
695 2743 1099 2805 expresserunt,
1133 2742 1189 2789 et
1223 2733 1418 2803 Rufine
1459 2750 1555 2804 pro
1586 2734 1745 2803 Ruﬁo
1784 2736 1983 2791 substi-

378 2834 616 2881 tuerent.
642 2825 791 2880 lianc
809 2826 1228 2895 explicationem
1249 2837 1487 2881 nostram
1519 2826 1785 2881 ii|u~trunl
1807 2842 1869 2883 ac
1892 2828 1955 2883 tir

377 2927 564 2974 mam:
598 2917 654 2973 1⁸
683 2918 952 2974 indicuius
989 2917 1364 2988 praefectorum
1410 2918 1567 2974 Urbis
1599 2919 1738 2989 apud
1769 2919 1983 2976 Beche-

376 3011 541 3078 rium,
565 3025 619 3080 p.
654 3009 788 3077 258,
811 3010 864 3065 in
888 3025 996 3082 quo
1021 3010 1087 3065 ad
1125 3026 1324 3066 annum
1354 3011 1460 3066 510
1485 3011 1712 3082 legimus
1737 3029 1751 3066 :
1782 3029 1801 3064 t
1832 3027 1861 3065 v
1887 3011 1982 3067 ka-

374 3103 569 3158 lendas
620 3102 942 3159 Novembris
988 3103 1178 3159 Ruﬁus
1226 3103 1551 3159 Volusianus
1603 3103 1664 3158 P.
1712 3103 1813 3160 ΙΙ.»
1865 3104 1980 3161 Hoc

374 3204 459 3249 est
479 3194 765 3265 praafectus
788 3194 946 3250 Urbis
973 3213 986 3248 :
1025 3205 1136 3250 tum
1164 3195 1407 3265 proxime
1426 3196 1671 3267 sequitur
1692 3198 1757 3252 ad
1777 3214 1978 3253 annum

372 3292 502 3356 au,
539 3310 561 3342 ι
594 3291 879 3355 Consules,
908 3307 1043 3360 quos
1059 3292 1325 3362 jusserint
1352 3292 1463 3347 DD.
1486 3293 1594 3348 NN.
1619 3293 1865 3365 Augusti.
1896 3297 1976 3352 Ex
2004 3266 2049 3329 C

371 3398 564 3439 mense
591 3383 891 3454 Septembri
917 3383 1113 3440 factum
1142 3394 1224 3439 est
1252 3385 1444 3441 Ruﬁno
1468 3398 1524 3442 et
1552 3388 1822 3457 Eusebio;
1863 3409 1882 3444 ι
1912 3390 1976 3443 2ο

371 3474 660 3530 Fastorum
711 3475 1078 3531 consularium
1124 3476 1489 3548 fragmentum
1537 3480 1677 3550 apud
1730 3482 1978 3539 eumdem

370 3565 722 3635 Buclterium,
756 3582 876 3638 pag.
918 3567 1047 3630 $50,
1076 3568 1129 3623 in
1163 3585 1270 3639 quo
1299 3584 1476 3625 annos
1503 3571 1603 3625 511
1629 3572 1708 3626 sic
1730 3572 1981 3645 designa-

368 3667 459 3714 tur
491 3677 504 3713 :
543 3678 563 3711 t
591 3659 912 3718 Maximiano
942 3660 1057 3718 Vill
1099 3663 1250 3729 solo;
1288 3683 1308 3715 ι
1341 3664 1468 3719 item
1498 3664 1621 3720 fasti
1657 3665 1979 3737 integriores

369 3752 726 3821 Bucberiani,
763 3770 883 3826 pag.
916 3755 1003 3822 ω,
1053 3757 1143 3827 qui
1176 3756 1241 3811 ad
1274 3757 1525 3813 eumdem
1553 3774 1751 3814 annum
1780 3774 1892 3830 prae
1920 3776 1980 3816 se

370 3844 576 3914 ferunt,
611 3865 629 3900 ι
662 3846 796 3919 Imp.
829 3847 1081 3903 Galerius
1117 3849 1472 3906 Maximianus
1508 3850 1639 3918 Vill,
1670 3853 1803 3923 imp.
1835 3852 1977 3909 Lici-

369 3939 493 3993 nius
516 3954 643 4009 aug.
683 3958 703 3991 ι
738 3940 809 3994 al.
847 3958 865 3991 ι
896 3939 1123 3995 Ruﬁnus
1153 3949 1206 3996 et
1236 3941 1532 4008 Eusebius;
1575 3963 1594 3994 ι
1641 3960 1704 3997 ac
1753 3944 1972 3998 demum

367 4030 511 4101 quod
536 4031 589 4084 in
618 4030 771 4085 fastis
802 4031 1065 4086 ldacianis
1093 4044 1443 4101 memoratur,
1477 4054 1495 4086 t
1521 4034 1843 4089 Maximiano
1867 4035 1979 4091 Vill

367 4120 615 4177 consule.
630 4140 650 4173 ι
670 4122 761 4176 ilis
773 4137 955 4177 conss.
972 4122 1115 4194 quod
1128 4133 1211 4180 est
1226 4123 1421 4179 ituﬁuo
1438 4135 1491 4181 et
1504 4124 1975 4192 Volusiano,diem

367 4213 588 4269 iunctus
607 4213 959 4271 Maximianus
979 4216 1182 4285 junior.
1219 4235 1238 4270 ι
1269 4217 1531 4285 Quocirca
1554 4217 1839 4288 Miltiades,
1882 4236 1977 4277 seu

366 4304 717 4374 Melcbiades,
753 4324 894 4362 anno
922 4308 1049 4375 511,
1074 4308 1201 4363 Julii
1247 4326 1283 4364 ιι
1313 4311 1418 4375 die,
1469 4312 1557 4382 qui
1600 4313 1888 4371 secundam
1923 4316 1974 4371 in

365 4398 559 4453 feriam
589 4398 839 4465 cadebat,
870 4399 1176 4467 ordinatus,
1202 4416 1347 4456 anno
1381 4403 1509 4471 5M,
1538 4403 1778 4459 Januarii
1802 4405 1888 4462 die
1916 4422 1972 4474 ιι,

364 4489 612 4560 sepultus
683 4489 950 4547 dicendus
995 4501 1097 4547 est.
1149 4493 1320 4565 ipsius
1376 4504 1555 4551 autem
1588 4512 1733 4553 mors
1763 4497 1977 4555 decimo

366 4581 608 4651 ejusdem
652 4583 857 4637 mensis
884 4582 970 4638 die
1001 4584 1053 4637 iu
1088 4584 1422 4641 Bucberiano
1454 4587 1808 4658 depositionis
1859 4590 1973 4646 Ro-

2085 1463 2356 1522 des'anms
2386 1458 2474 1535 tit,
2509 1467 2787 1523 mensibus
2816 1484 2867 1524 vr
2888 1502 2904 1534 ,
2935 1466 3126 1524 diebus
3148 1484 3221 1533 ut,
3256 1485 3275 1521 ι
3321 1467 3529 1525 sedisse
3557 1470 3691 1527 dici-

2086 1566 2192 1624 tur,
2222 1574 2285 1613 ex
2327 1559 2583 1629 subjectis
2610 1560 2663 1614 in
2688 1560 2881 1615 eodem
2907 1560 3156 1630 catalogo
3185 1561 3498 1617 consulibus
3522 1564 3689 1619 corri-

2082 1649 2337 1718 gendum,
2368 1661 2422 1705 et
2445 1652 2602 1707 anuis
2628 1668 2687 1719 ιι,
2723 1666 2820 1721 pro
2848 1653 3005 1707 annis
3046 1668 3099 1706 ιιι
3147 1636 3535 1708 restituendum
3567 1668 3692 1711 esse

2083 1741 2271 1813 liquet;
2300 1744 2456 1807 simul
2486 1744 2615 1799 etin
2646 1744 2786 1800 notis
2808 1744 3103 1800 numericis
3123 1743 3496 1800 describendis
3522 1759 3682 1815 quam

2084 1836 2256 1892 facilis
2288 1838 2360 1892 sit
2389 1837 2731 1893 librariorum
2781 1838 2965 1909 lapsus
3002 1836 3470 1893 animadvertitur.
3501 1837 3689 1907 Neque

2085 1930 2264 1985 minus
2309 1929 2533 1985 evidens
2586 1939 2671 1985 est
2727 1929 3041 1995 Eusebium,
3094 1929 3479 2001 Hieronymum
3527 1939 3692 2002 atque

2084 2020 2412 2091 Prosperum
2450 2021 2504 2076 in
2538 2019 2845 2087 Citronicis,
2877 2020 2966 2075 ubi
2995 2028 3106 2075 tres
3130 2018 3474 2090 pontiﬁcatus
3511 2035 3688 2077 annos

2082 2113 2364 2170 Melcbiadi
2386 2114 2706 2180 attribuunt,
2737 2112 2807 2170 de
2831 2111 3039 2169 duobus
3061 2112 3347 2183 completis
3389 2120 3446 2168 et
3470 2127 3579 2167 uno
3605 2113 3691 2167 in-

2081 2209 2277 2265 choato
2320 2208 2487 2279 loqui.
2532 2207 2660 2264 Inde
2704 2216 2965 2279 praeterea
3014 2205 3322 2272 conﬁcitur,
3370 2205 3439 2262 ab
3469 2205 3689 2262 Eusebii

2082 2311 2256 2357 morte
2285 2300 2353 2356 ad
2382 2299 2779 2356 ordinationem
2801 2297 3115 2354 Melchiadis
3142 2312 3246 2352 non
3273 2306 3477 2352 tantum
3513 2314 3534 2349 ι
3563 2311 3687 2366 sep-

2084 2403 2192 2449 tem
2221 2393 2360 2460 dies,
2398 2412 2417 2446 ι
2452 2401 2510 2448 ιιι
2562 2392 2807 2462 vulgatus
2858 2389 3177 2446 Anastasius
3219 2404 3316 2445 seu
3363 2386 3688 2459 pontiﬁcalis

2085 2487 2220 2542 liber
2244 2486 2425 2551 habet,
2457 2486 2550 2542 sed
2574 2502 2767 2540 novem
2796 2498 3012 2539 menses
3041 2493 3097 2537 et
3122 2483 3326 2553 aliquot
3353 2480 3472 2537 dies
3493 2480 3690 2537 Romae

2084 2597 2210 2636 num
2257 2582 2624 2650 episcopatum
2672 2590 2909 2632 vacasse.
2950 2576 3188 2644 Denique
3216 2573 3358 2649 quod
3391 2575 3442 2627 in
3472 2573 3686 2643 vulgato

2082 2671 2376 2743 pontiﬁcali
2409 2668 2545 2726 libro
2573 2666 2642 2724 de
2668 2662 2963 2724 Melchiade
2991 2664 3217 2737 legitur,
3253 2674 3321 2722 ex
3346 2660 3685 2722 Bucheriano

2083 2762 2327 2839 eatalogo
2356 2766 2448 2818 aut
2474 2758 2742 2817 similibus
2772 2772 2932 2832 quam
2962 2767 3216 2830 corrupte
3245 2768 3562 2830 expressum
3593 2758 3685 2827 sit,

2083 2870 2148 2911 ex
2195 2846 2309 2909 sola
2349 2853 2634 2909 collatione
2682 2850 3026 2907 inanil'estum
3061 2850 3169 2906 ﬁet.
3224 2849 3298 2905 ita
3324 2860 3486 2922 porro
3515 2851 3566 2905 in
3595 2849 3688 2905 illo

2083 2947 2220 3005 libro
2263 2946 2627 3019 exprimitur:
2664 2958 2682 2999 ι
2719 2940 3044 3002 Melchiadcs
3094 2945 3312 3000 natione
3362 2942 3491 3000 Afer
3547 2943 3690 2999 sedit

2082 3054 2254 3096 annos
2289 3043 2366 3107 tu,
2397 3048 2612 3096 menses
2641 3052 2732 3107 vn,
2763 3038 2880 3094 dies
2905 3052 3016 3103 νιιι,
3049 3050 3113 3091 ex
3161 3036 3250 3091 die
3292 3034 3562 3090 Nonarum
3593 3034 3690 3090 ius

2082 3133 2139 3188 lii
2189 3134 2470 3188 Consulatu
2500 3130 2768 3187 Maximini
2798 3142 2874 3195 rx,
2918 3138 3088 3201 usque
3120 3129 3187 3183 ad
3226 3128 3549 3182 Maxentium
3594 3141 3685 3183 se:

2082 3228 2277 3295 eundo,
2308 3228 2398 3300 qui
2432 3227 2528 3283 fuit
2551 3232 2736 3282 mense
2760 3224 3083 3296 Septembri,
3104 3221 3395 3278 Volusiano
3418 3226 3470 3278 et
3495 3220 3689 3277 [hanno

2082 3318 2412 3379 consultbns.
2448 3339 2468 3375 ι

2085 3479 2113 3552 §
2154 3478 2219 3534 ll.
2251 3508 2322 3520 -—
2347 3476 2424 3531 Dc
2469 3477 2649 3532 litteris
2707 3476 2959 3531 Maxentii
2996 3476 3323 3546 imperatoris
3359 3486 3420 3530 es
3460 3475 3688 3545 praefecti

2157 3572 2394 3640 primorie
2437 3569 2721 3627 Melehindi
2759 3569 2918 3632 datis,
2950 3567 3132 3637 quibus
3170 3567 3252 3622 illi
3300 3568 3528 3623 ecclesiis
3574 3582 3687 3635 qua

2152 3662 2357 3732 fueram
2385 3661 2576 3726 ablata,
2606 3661 2806 3717 restitui
2831 3659 3101 3732 jubebant.

2153 3837 2205 3891 1.
2240 3836 2297 3890 Ιιι
2339 3836 2631 3891 collatione
2659 3835 3093 3908 Carthaginiensi,
3127 3846 3183 3892 ut
3214 3837 3547 3909 Augustinus
3573 3846 3682 3894 tum

2081 3928 2134 3982 in
2164 3928 2444 3984 Breviculo
2465 3927 2791 3998 collationis,
2830 3944 2887 3984 ιιι
2918 3929 3048 3995 diei,
3078 3944 3127 3983 c.
3162 3928 3249 3995 18,
3282 3945 3335 3984 n.
3364 3929 3454 3997 51,
3490 3942 3599 3985 tum
3633 3932 3685 3987 in

2081 4021 2219 4077 libro
2246 4022 2311 4077 ad
2340 4016 2663 4091 Donatistas,
2695 4033 2814 4092 post
2838 4014 3198 4088 collationem,
3216 4038 3334 4094 cap.
3361 4024 3446 4091 15,
3474 4040 3684 4080 memo-

2079 4125 2183 4182 rat,
2232 4117 2453 4174 recitata
2490 4126 2617 4173 sunt
2662 4125 2834 4187 gesta,
2873 4134 2891 4169 ι
2923 4116 2975 4171 in
3003 4116 3194 4188 quibus
3225 4117 3504 4188 legebatur
3534 4118 3683 4174 MEL-

2081 4224 2306 4267 cnutuss
2355 4209 2569 4267 misisse
2595 4198 2850 4265 diaconos
2899 4208 3228 4281 (Stratonem
3258 4219 3312 4265 et
3336 4208 3677 4284 Cassianum)

2080 4318 2201 4359 cum
2251 4296 2446 4358 litteris
2490 4301 2737 4357 Maxentii
2766 4303 3105 4372 imperatoris
3132 4314 3185 4359 et
3215 4304 3408 4363 litteris
3447 4306 3682 4374 pra-fecti

2083 4396 2339 4466 praetorio
2365 4390 2780 4465 ad‘praei'ectum
2825 4395 3005 4455 Urbis,
3040 4406 3094 4449 ut
3120 4411 3181 4448 ca
3212 4398 3533 4465 reciperent,
3563 4411 3681 4465 qua:

2081 4498 2332 4559 tempore
2376 4489 2766 4558 persecutionis
2809 4489 2983 4543 ablata
3014 4498 3339 4543 memoratus
3393 4491 3684 4560 imperator

2078 4581 2387 4636 christianis
2410 4581 2649 4651 jusserat
2677 4580 2851 4636 reddi.
2886 4599 2905 4633 ι
2936 4581 3009 4636 Ea
3032 4590 3211 4637 autem
3238 4597 3358 4652 quae
3379 4583 3681 4642 Maxentius

363 4689 647 4729 manorum
673 4676 985 4744 pontiﬁcum
1018 4676 1255 4732 inrdiculo
1310 4679 1383 4733 ita
1431 4656 1777 4751 consignatur
1809 4700 1822 4737 :
1865 4701 1882 4735 ι
1920 4698 1971 4737 tv
1996 4656 2050 4716 Ῑ)
2073 4676 2235 4747 jussit
2257 4675 2434 4740 reddi,
2461 4691 2585 4730 mox
2616 4677 2949 4745 Augustinus
2975 4686 3134 4731 vocat
3155 4678 3268 4732 loca
3291 4678 3675 4747 ecclesiastica,

364 4768 497 4822 ldus
534 4767 771 4824 Januarii
813 4768 1066 4826 Miltiadis
1108 4772 1158 4826 in
1201 4771 1431 4829 Callisti.
1472 4784 1489 4827 ι
1527 4775 1729 4831 Eodem
1761 4792 1975 4849 quoque

364 4860 460 4914 die
486 4866 698 4915 notatur
717 4860 772 4915 in
786 4859 1167 4933 Martyrologio
1192 4863 1635 4937 llicronymiauu,
1655 4870 1972 4939 quamvisjn

365 4957 558 5008 eodem
584 4953 967 5023 Martyrologio
996 4966 1213 5010 rursum
1238 4955 1303 5010 ad
1332 4955 1475 5012 diem
1503 4972 1537 5012 ii
1559 4958 1686 5014 Julii
1714 4979 1726 5013 :
1754 4979 1773 5012 t
1802 4960 1973 5032 Depm

362 5045 498 5101 sitio
520 5043 763 5099 Miltiadis
794 5060 947 5116 papae
1000 5067 1018 5099 ›
1065 5047 1294 5119 legatur.
1346 5049 1451 5104 Sed
1492 5049 1580 5106 hic
1610 5052 1973 5122 Papebrocius

362 5142 512 5196 diem
560 5139 950 5197 ordinationem
1003 5142 1141 5212 ejus,
1194 5143 1388 5214 Pagius
1439 5162 1566 5201 vero
1621 5148 1966 5218 reliquiarum

361 5233 609 5305 ejusdem
641 5237 1043 5292 translationem
1067 5278 1082 5305 ,
1113 5237 1412 5308 cujusmodi
1434 5238 1825 5296 solemnitatem
1854 5241 1970 5311 ipso

359 5325 561 5384 natalis
604 5341 698 5383 seu
743 5328 1101 5384 ordinationis
1139 5329 1504 5387 Romanorum
1538 5334 1850 5403 pontiﬁcum
1882 5333 1972 5391 die

358 5419 561 5490 smpius
600 5419 927 5476 celebratam
958 5424 1174 5492 asserit,
1205 5426 1371 5481 recoli
1418 5427 1729 5496 opinantur.
1780 5427 1970 5499 Neque

352 5513 525 5584 igitur
549 5511 616 5567 ad
637 5511 952 5569 Melcltiadis
974 5515 1201 5584 obitum,
1234 5519 1330 5573 sed
1358 5518 1422 5572 ad
1448 5519 1681 5589 aliquam
1704 5519 1861 5575 aliam
1890 5535 1972 5575 so‘

353 5604 694 5664 iemnitatem
722 5606 1069 5664 referendum
1095 5622 1197 5677 est,
1226 5612 1367 5681 quod
1396 5613 1446 5668 iu
1478 5611 1713 5668 Ecclesia
1748 5630 1969 5672 romana

349 5698 448 5753 die
476 5713 510 5751 x
532 5698 731 5752 mensis
755 5698 1067 5756 Decembris
1090 5703 1350 5759 memoria
1382 5703 1497 5774 ejus
1528 5704 1742 5760 colitur.

430 5790 485 5847 Ξ.
536 5788 671 5846 Hinc
700 5790 1096 5851 Buciierianum
1138 5795 1466 5870 catalogum,
1500 5797 1553 5853 in
1584 5810 1691 5883 quo
1724 5814 1743 5849 ι
1775 5796 1966 5856 Miltia-

2078 4767 2181 4823 hoc
2206 4775 2287 4823 est
2315 4776 2437 4822 cum
2469 4782 2530 4824 ea
2566 4768 2617 4821 in
2647 4769 2843 4839 quibus
2869 4769 3112 4825 ecclesiae
3139 4776 3293 4825 erant
3332 4776 3675 4842 construens,

2076 4866 2131 4917 et
2160 4861 2210 4916 In
2237 4860 2431 4932 quibus
2458 4862 2751 4917 contrenire
2788 4860 3035 4918 solebant
3056 4862 3353 4928 christiani,
3384 4866 3495 4918 tum
3518 4865 3676 4919 etiam

2078 4971 2139 5012 ea
2168 4970 2287 5026 qua:
2330 4954 2395 5010 ad
2440 4955 2585 5025 ipsas
2629 4956 2885 5010 ecclesias
2916 4955 3307 5025 pertinuerant,
3342 4956 3416 5010 uti
3460 4954 3679 5012 disertis

2077 5048 2258 5104 verbis
2284 5046 2626 5104 Constantini
2668 5057 2722 5103 et
2750 5048 2939 5102 Licinii
2963 5048 3294 5109 constitutio.
3337 5048 3477 5118 apud
3508 5049 3677 5104 Euse~

2070 5142 2239 5209 bium,
2279 5140 2371 5196 lib.
2422 5155 2456 5194 x
2493 5139 2656 5206 Hist.,
2698 5154 2747 5194 c.
2773 5141 2824 5205 5,
2858 5140 3100 5210 praecipit
3143 5140 3195 5193 in
3225 5140 3367 5196 hunc
3405 5140 3621 5194 modum
3657 5159 3671 5196 :

2078 5250 2097 5285 ι
2131 5232 2185 5287 in
2209 5233 2434 5304 gratiam
2457 5231 2892 5286 Christianorum
2917 5230 3282 5299 decernimus,
3312 5236 3369 5285 ut
3388 5226 3504 5286 loca
3533 5232 3675 5303 ipso-

2073 5328 2191 5380 rtitn
2234 5324 2286 5378 in
2337 5321 2533 5394 quibus
2564 5318 2792 5377 antehac
2834 5312 3127 5378 convenire
3153 5332 3564 5390 consueverant,
3606 5322 3676 5380 de

2075 5416 2268 5488 quibus
2298 5417 2350 5472 in
2376 5417 2574 5473 litteris
2596 5417 2744 5487 prius
2764 5415 2830 5471 ad
2858 5416 3198 5471 devotionem
3231 5425 3375 5471 tuam
3411 5415 3551 5472 datis
3571 5414 3674 5472 alia

2074 5520 2194 5569 erat
2234 5509 2404 5567 forma
2432 5512 2695 5581 superiori
2720 5518 2963 5580 tempore
2992 5512 3304 5580 constituta,
3336 5513 3381 5568 si
3410 5514 3500 5584 qut
3528 5522 3617 5567 aut
3643 5527 3672 5567 a

2075 5605 2206 5662 ﬁ's'co
2237 5592 2440 5671 nostro,
2467 5613 2561 5659 aut
2591 5596 2692 5659 alio
2721 5603 2970 5677 quopiam
3001 5616 3064 5660 ea
3098 5606 3294 5662 emisse
3323 5603 3420 5660 visi
3449 5603 3668 5673 fuerint,

2069 5701 2202 5774 ipsis
2241 5699 2568 5765 christianis,
2607 5699 2812 5770 absque
2850 5700 2956 5755 ulla
2998 5701 3221 5771 pecunia
3250 5711 3303 5757 et
3329 5701 3447 5758 sine
3474 5701 3669 5770 repeti:

2067 5800 2214 5871 tione
2236 5798 2342 5858 ulla
2365 5797 2724 5871 superadjecﬁ
2747 5796 2925 5877 pretii,
2953 5798 3400 5871 incunctanterac
3422 5795 3536 5850 sine
3559 5794 3669 5873 ulla
