4172 6202
444 282 507 340 st
1375 285 1703 346 EPISTULA
1743 260 2199 348 CON§TANTINI
2234 292 2326 348 AD
2364 294 2833 355 MELCHIADEM.
3166 274 3171 281 ’
3333 260 3341 275 ’
3683 303 3754 360 sa

406 431 415 443 -
444 406 675 478 ambage
714 408 1024 464 restituant.
1052 405 1207 475 Quod
1228 406 1275 462 si
1301 406 1392 479 qui
1415 422 1479 462 ea
1505 407 1621 462 loca
1647 416 1911 474 emerunt,
1960 417 2050 462 aut
2078 413 2131 470 Α
2156 409 2267 464 loca
2291 409 2356 464 ad
2377 413 2465 480 jus
2492 410 2925 470 Christianorum
2953 416 3183 472 antehac
3206 417 3534 488 pertinentia
3558 431 3624 474 ex
3643 417 3755 487 jus-

444 499 641 557 douata
662 508 1006 571 acceperunt,
1020 498 1228 571 aliquid
1248 515 1275 554 a
1301 509 1483 579 nostra
1497 499 1781 556 clementia
1804 501 2048 569 accipere
2151 505 2306 559 sione
2330 503 2578 560 divorum
2601 516 2881 576 parentum
2906 519 3216 565 nostrorum
3246 508 3314 565 ad
3335 510 3424 580 jus
3447 509 3562 565 lisci
3591 508 3757 565 devo-

444 592 635 657 velint,
660 594 695 648 ii
728 590 1042 663 praefectum
1068 595 1158 664 qui
1183 593 1237 647 in
1260 592 1351 677 illa
1378 593 1651 664 provincia
1681 594 1767 664 jus
1798 593 1928 648 dicit
1953 593 2049 648 ad—
2153 594 2260 649 luta
2311 596 2439 661 siut,
2490 607 2583 652 aut
2620 598 2689 654 ab
2717 600 2892 669 aliqua
2924 602 3143 658 civitate
3172 612 3454 673 occupata,
3486 610 3580 657 aut
3609 613 3757 658 certe

446 698 596 750 eant,
620 697 725 743 uta
749 695 933 742 nostra
960 687 1253 743 serenitate
1274 688 1412 742 ratio
1435 687 1749 742 habeatur.)
1779 687 2049 742 Hactenus
2155 688 2387 756 vendita,
2425 699 2516 745 aut
2560 692 2719 747 alicui
2749 693 2894 748 d0no
2937 694 3081 763 data,
3130 704 3321 751 cuncta
3363 694 3429 750 ad
3474 696 3756 766 pristinum

447 776 519 836 de
547 779 680 835 locis
703 794 824 850 qua:
850 778 1267 835 cbristiauorum
1297 780 1656 836 conventibus
1684 789 1843 835 erant
1864 795 2051 835 conse—
2150 778 2238 849 jus
2284 795 2347 836 ac
2392 780 2686 837 dominium
2730 784 3148 841 cltristianorum
3193 794 3535 851 revocentur,
3577 784 3759 841 uthac

451 883 599 929 crata
649 891 664 929 :
715 883 826 928 tmn
854 874 924 931 de
950 874 1084 929 locis
1106 874 1171 929 ad
1201 875 1346 944 ipsas
1368 874 1629 930 ecclesias
1656 873 2051 945 pertinentibus
2155 873 2316 928 etiam
2344 874 2397 928 in
2428 889 2487 930 re
2514 875 2767 945 pietatem
2796 892 2859 932 ac
2890 878 3283 948 providentiam
3305 887 3544 934 nostram
3571 879 3749 933 cuncti

449 966 666 1024 subdit:
703 985 722 1019 ‹
760 966 826 1023 Et
861 968 1115 1035 quoniam
1142 966 1302 1024 iidem
1330 966 1609 1023 chriStiani
1632 981 1738 1045 non
1768 966 1949 1053 solum,
1973 982 2052 1053 Aea
2156 964 2365 1036 possint
2409 981 2703 1036 agnoscere
2737 986 2756 1020 ι
2795 968 3037 1040 (Euseb.,
3071 969 3159 1024 lib.
3193 986 3267 1036 ix,
3309 986 3427 1040 cap.
3463 968 3574 1043 10).
3622 968 3761 1039 Quin

450 1060 592 1126 loca,
614 1059 668 1114 in
688 1060 882 1131 quibus
898 1060 1188 1116 convenire
1209 1060 1475 1127 solebant,
1500 1059 1595 1115 sed
1617 1044 1787 1135 etiam
2110 1058 2633 1145 'ymigs‘gcunctis
2651 1070 2979 1145 agnoscatur
3021 1076 3085 1116 ac
3109 1061 3436 1132 suspiciatur
3474 1061 3762 1131 singularis

453 1151 663 1208 sedisse
690 1161 1007 1217 noscuntur,
1036 1169 1155 1224 qua:
1193 1169 1299 1209 non
1343 1154 1591 1225 privatim
1618 1130 1688 1209 ad
1712 1130 2298 1223 ἒὶιιὲιῆοεῖίροξλὶιῖψὶ
2317 1130 2983 1237 Εεῌςξρῇᾷὀᾷύεηιία
3007 1153 3123 1219 Dei,
3155 1130 3389 1225 quicum
3419 1169 3538 1209 eam
3565 1130 3763 1223 ubique

454 1258 662 1313 serum,
713 1244 811 1302 sed
852 1246 919 1302 ad
941 1248 1030 1323 jus
1060 1248 1304 1318 corporis
1336 1248 1690 1321 pertinerent;
1712 1247 1851 1329 obses
1874 1246 2054 1329 omnia
2162 1224 2883 1315 infestissi-nii'impeiatbres
2914 1224 3218 1300 smvissimo
3245 1245 3390 1300 bello
3411 1245 3686 1316 persequi,
3710 1253 3765 1301 et

455 1348 581 1411 post
627 1338 799 1409 legem
846 1355 874 1392 a
904 1339 1060 1396 nobis
1083 1350 1435 1397 memoratam
1457 1340 1670 1426 absque
1698 1324 1803 1426 blla
1825 1324 2135 1426 fdtlb’i't'a-ZI:
2162 1334 2213 1390 in
2609 1336 2844 1426 exitium}
2861 1339 3185 1426 ,qonspirare
3231 1337 3564 1406 viderentur,
3615 1352 3765 1409 pror-

457 1408 605 1486 tione
634 1408 824 1485 iisdem
854 1430 1197 1496 Christianis,
1232 1432 1334 1488 boc
1370 1408 2127 1503 οεινυέυὶῖἷῦείῖοιξρδτῗὀξυ·
2160 1408 2911 1520 ειιεῖηεροέίξιξῆθίοδοξιξῄ
2922 1430 3101 1485 subito
3118 1428 3374 1489 reddidit.
3395 1429 3593 1486 Verum
3626 1429 3766 1485 banc

460 1523 840 1579 conventiculo
860 1524 1119 1595 ipsorum,
1136 1525 1343 1581 restitui
1356 1526 1589 1596 jubebis,
1619 1524 1926 1596 supradicta
1954 1525 2058 1580 sci-

457 1614 586 1672 licet
625 1617 834 1672 ratione
875 1628 1113 1674 servata:
1154 1627 1212 1674 ut
1242 1619 1332 1690 qui
1365 1633 1426 1674 ea
1454 1619 1570 1673 loca
1595 1618 1797 1689 absque
1823 1617 2060 1673 redhibi-

462 1710 608 1768 tione
635 1711 816 1783 pretii,
848 1714 990 1770 sicut
1015 1712 1216 1769 dictum
1246 1723 1351 1776 est.
1383 1712 1746 1780 restituerint,
1796 1702 2062 1767 indemni-

461 1815 625 1863 tatem
664 1822 815 1863 suam
861 1825 892 1863 a
923 1818 1111 1865 nostra
1140 1809 1474 1880 benignitate
1508 1815 1845 1879 exspectent.
1875 1824 1895 1859 ι
1925 1806 2068 1872 Qua—
2097 1807 2147 1867 B

440 1913 683 1979 propter
707 1910 764 1958 et
793 1902 861 1958 ad
885 1903 1197 1970 Anulinum,
1226 1903 1422 1960 Africae
1466 1901 1864 1972 proconsulem,
1900 1902 2062 1957 iidem

460 1994 833 2064 imperatores,
848 1993 989 2065 apud
1009 1994 1257 2051 eumdem
1284 1992 1599 2057 Eusebium,
1614 1992 1771 2059 ibid.,
1788 1993 2031 2048 scribunt
2049 2010 2062 2046 :

467 2103 488 2137 ι
517 2084 747 2156 Operam
784 2086 962 2151 dabis,
999 2094 1059 2142 ut
1086 2090 1199 2144 sive
1228 2087 1393 2154 horti,
1424 2087 1539 2142 sive
1563 2089 1730 2152 aedes,
1775 2100 1871 2142 seu
1896 2086 2066 2156 quod-

464 2195 696 2254 cumque
716 2183 884 2251 aliud,
903 2183 969 2239 ad
989 2183 1078 2255 jus
1090 2184 1401 2240 earumdem
1425 2184 1769 2242 ecclesiarum
1795 2187 2067 2257 pertinue-

463 2276 557 2341 rit,
589 2284 786 2333 euncta
809 2276 916 2332 illis
946 2279 1266 2348 quantocius
1294 2279 1649 2334 restituantur
1680 2298 1692 2332 :
1726 2294 1834 2350 quo
1863 2281 2065 2336 scilicet

462 2380 518 2428 to
545 2370 670 2427 huic
695 2380 884 2430 nostro
909 2379 1181 2444 praecepto
1218 2372 1619 2430 accuratissime
1660 2372 2066 2445 obtemperasse

460 2462 842 2536 intelligamus.

534 2604 591 2658 2.
630 2602 885 2659 Maxentii
906 2602 1119 2671 litterae,
1138 2604 1205 2661 ad
1223 2619 1357 2677 quas
1377 2605 1698 2662 obtinendas
1717 2606 2064 2664 Melcbiadcm

464 2706 685 2775 operam
731 2710 883 2751 suam
912 2696 1207 2753 contulisse
1257 2696 1415 2753 valde
1469 2698 1745 2769 probabile
1792 2707 1897 2765 est,
1924 2714 2066 2754 anno

463 2786 663 2846 Christi
690 2789 791 2845 511
824 2789 1048 2845 indultae
1073 2798 1216 2845 sunt.
1240 2789 1351 2846 Has
1370 2800 1701 2861 exceperunt
1727 2791 1847 2847 dua:
1876 2792 2064 2850 Licinii

464 2892 521 2941 et
548 2882 884 2941 Constantini
916 2885 1300 2956 imperatorum
1326 2884 1394 2941 de
1421 2886 1612 2943 eadem
1641 2903 1702 2943 re
1722 2889 2066 2944 constitutio-

466 2992 564 3035 nes
593 2998 605 3032 :
631 2979 824 3051 prima,
856 2996 977 3051 qua:
1007 2978 1227 3047 excidit,
1260 2995 1404 3035 anno
1434 2980 1540 3035 312
1580 2980 1814 3048 labente,
1848 2992 1966 3052 post
1988 2984 2065 3053 ip-

466 3071 581 3129 sius
608 3072 861 3130 Maxentii
891 3089 1102 3141 necem,
1132 3075 1489 3145 promulgata;
1514 3074 1700 3142 altera,
1727 3092 1885 3148 quam
1912 3078 2067 3134 nobis

2162 1521 2417 1577 continuo
2431 1509 2803 1577 inter-turbavit
2820 1509 3064 1593 p'ei‘tinax
3085 1532 3139 1577 et
3159 1523 3488 1579 obstinatum
3514 1522 3746 1579 schisma

2166 1615 2586 1683 Donatistarum,
2613 1631 2837 1687 quorum
2865 1632 3080 1673 causam
3107 1617 3514 1685 Constantinus,
3541 1617 3610 1672 ab
3637 1615 3768 1688 ipsis

2166 1705 2561 1779 interpellatus,
2596 1708 2881 1765 Melchiadi
2907 1708 3278 1767 demandavit.

2169 1916 2197 1989 §
2236 1915 2323 1973 Ill.
2353 1947 2423 1957 -—
2453 1914 2844 1971 Donatistarum
2872 1931 3028 1971 causa
3065 1913 3373 1970 Melchiadis
3403 1913 3686 1986 cognitioni
3739 1926 3770 1967 a

2454 2030 2785 2086 Constantino
2823 2030 3128 2102 imperatore
3160 2026 3515 2085 demandatur.

2237 2236 2292 2291 3.
2308 2233 2654 2290 Caecilianum
2673 2234 2934 2291 Ecclesia;
2962 2232 3375 2303 Cartliaginensi
3396 2245 3632 2302 praeesse
3650 2230 3773 2288 ideo

2167 2344 2272 2385 non
2296 2345 2456 2400 posse
2475 2329 2875 2387 contendebant
2893 2327 3183 2383 Donatistae
3207 2326 3477 2399 (August.,
3502 2322 3606 2396 Ep.
3642 2324 3769 2391 105,

2166 2440 2221 2480 η.
2250 2424 2303 2491 8,
2337 2423 2460 2477 olim
2487 2422 2599 2493 16),
2632 2423 2757 2493 quia
2784 2419 2939 2476 Felix
2974 2419 3364 2490 Aptugnensis,
3393 2431 3552 2488 quem
3596 2416 3770 2472 libro-

2168 2530 2287 2569 rum
2331 2529 2607 2569 sacrorum
2636 2512 2951 2569 traditorem
2976 2510 3141 2567 fuisse
3168 2510 3656 2573 calumniabantur,
3690 2508 3770 2577 ip-

2168 2622 2286 2662 sum
2314 2606 2638 2661 ordinasset.
2656 2604 3019 2672 Quamobrem
3034 2619 3177 2658 anno
3197 2602 3398 2659 Christi
3417 2601 3524 2656 515
3544 2614 3766 2656 causam

2169 2700 2314 2756 illius
2360 2698 2428 2754 ad
2479 2700 2860 2769 imperatorem
2876 2696 3312 2761 Constantinum,
3339 2694 3594 2767 precibus
3620 2692 3765 2748 datis

2167 2813 2301 2869 quas
2330 2797 2555 2868 Optatus
2583 2797 2683 2851 sub
2716 2795 2837 2851 libri
2868 2795 2949 2849 sui
2983 2795 3138 2865 primi
3165 2792 3326 2849 linem
3355 2791 3535 2856 refert,
3563 2788 3767 2844 detule-

2167 2900 2294 2944 runt
2328 2908 2339 2942 :
2380 2908 2399 2941 r
2434 2888 2540 2945 Sed
2568 2890 2712 2960 quia,
2757 2908 2776 2941 ι
2811 2896 2868 2943 ut
2899 2887 3232 2958 Augustinus
3277 2884 3534 2955 loqttitur,
3570 2901 3589 2935 ι
3621 2881 3768 2937 Cou-

2168 2984 2437 3039 stantinns
2485 3001 2589 3037 non
2629 2993 2713 3040 est
2732 2997 2896 3038 ausus
2936 2982 3005 3037 de
3031 2996 3191 3037 causa
3220 2979 3457 3051 episcopi
3478 2976 3724 3049 judicare
3748 3016 3764 3041 ,

2169 3095 2289 3134 eam
2322 3077 2711 3135 discutiendam
2737 3088 2901 3148 atque
2926 3075 3214 3132 ﬁniendam
3242 3074 3512 3144 episcopis
3539 3071 3766 3125 deman-

366 3212 367 3215 η
465 3166 762 3223 asservavit
786 3166 1073 3234 Eusebius,
1095 3175 1151 3224 et
1169 3183 1235 3224 ex
1264 3184 1368 3239 qua
1386 3169 1631 3224 nonnihil
1658 3186 1816 3242 supra
1839 3171 2066 3242 decerp-
2093 3189 2139 3252 ρ
2170 3171 2339 3226 davit.
2370 3170 2524 3239 Quod
2555 3180 2609 3226 et
2635 3170 2833 3225 factum
2862 3179 2946 3224 est
2971 3169 3023 3223 in
3058 3167 3189 3223 urbe
3220 3166 3413 3231 Roma,
3444 3161 3769 3234 prmsideute

464 3260 655 3327 simus,
693 3261 999 3331 Mediolani,
1025 3263 1167 3321 circa
1194 3263 1402 3320 initium
1431 3264 1555 3321 anni
1582 3264 1705 3332 515,
1736 3266 2059 3337 conscripta.

467 3353 708 3412 Tandem
735 3371 802 3412 eo
828 3357 947 3427 ipso
971 3372 1114 3413 anno
1141 3358 1246 3413 515
1275 3358 1616 3429 Maximinus,
1647 3376 1769 3415 cum
1799 3376 1829 3415 a
1859 3359 2064 3417 Licinio

467 3446 712 3504 devictus
737 3447 946 3515 luisset,
974 3449 1352 3520 praedictorum
1394 3451 1778 3522 imperatorum
1807 3467 1934 3522 erga
1965 3452 2063 3507 Ec.

469 3541 694 3598 clesiam
744 3541 1133 3598 benevolentia:
1186 3558 1391 3599 morem
1437 3560 1655 3615 gerens.
1696 3545 1835 3601 istud
1865 3545 2065 3614 pariter

470 3633 678 3689 edixit:
718 3652 737 3685 ι
775 3632 842 3690 Ut
884 3633 1212 3705 indulgentia
1258 3645 1442 3691 nostra
1490 3639 1749 3707 prolixior
1786 3648 2058 3709 appareat,

467 3723 599 3781 illud
643 3724 805 3782 etiam
845 3724 1056 3783 sancire
1096 3726 1365 3796 volumus,
1405 3736 1464 3783 ut
1489 3729 1536 3784 si
1574 3744 1695 3800 quae
1733 3729 1927 3787 domus
1974 3739 2069 3787 aut

854 3927 1236 3988 EXEMPLUM
1285 3930 1671 3990 EPISTOLE.

462 4125 814 4168 CONSTAN'I‘INI
846 4127 1220 4179 IIPERATOBIS,
1261 4129 1363 4178 QUA
1392 4128 1752 4171 EPISCOPORUI
1782 4129 2065 4173 CONCILIUM

541 4217 701 4261 ROIE
740 4220 882 4260 FIERI
919 4220 1083 4262 JUBBT
1113 4222 1215 4262 PRO
1245 4221 1479 4263 UNITATB
1520 4223 1589 4263 ΕΤ
1630 4223 1927 4265 CONCOBDIA
1969 4225 2066 4265 EC-

533 4319 825 4363 οιεειλκωι
834 4344 848 4358 .

467 4459 832 4518 Constantinus
869 4461 1126 4533 Augustus
1173 4458 1401 4515 Miltiadi
1436 4460 1675 4532 episcopo
1718 4459 1858 4516 urbis
1889 4458 2068 4514 Roma:

1063 4564 1111 4608 et
1152 4552 1333 4608 Marco
1364 4552 1463 4627 (1).

536 4715 594 4768 4.
625 4711 890 4781 Quoniam
921 4710 1228 4779 hujnsmodi
1267 4711 1447 4780 plures
1484 4712 1650 4767 libelli
1674 4728 1701 4766 a
1730 4713 1845 4766 viro
1879 4711 2067 4768 claris-

467 4804 607 4862 simo
631 4804 887 4873 Anulino,
912 4803 1105 4860 Africae
1146 4804 1489 4875 proconsule,
1522 4804 1586 4859 ad
1620 4821 1706 4859 me
1739 4814 1867 4859 sunt
1893 4806 2062 4872 missi,

2170 3263 2486 3330 Melebiade,
2511 3262 2762 3332 episcopo
2789 3261 2935 3317 illius
2960 3259 3224 3325 ecclesiae,
3248 3273 3371 3312 cum
3404 3254 3769 3311 mttltiscollr-

2168 3357 2249 3426 gis
2277 3356 2409 3409 suis.
2446 3373 2465 3406 ι
2517 3354 2692 3424 Ipsam
2733 3353 3014 3423 epistolam
3056 3366 3161 3421 qua
3210 3347 3598 3404 Constantinus
3637 3347 3770 3402 Mel-

2168 3448 2340 3504 cbiadi
2368 3447 2566 3517 negotii
2606 3447 2765 3515 lmjus
2791 3445 3057 3517 delegavit
3081 3441 3469 3513 cognitionem,
3496 3440 3769 3495 Eusebius

2168 3556 2199 3596 e
2229 3541 2395 3595 latino
2420 3554 2671 3596 sermone
2693 3541 2746 3594 in
2769 3553 3003 3608 graecum
3023 3549 3360 3598 conversam,
3383 3533 3638 3588 Historiae
3654 3547 3771 3586 sua:

2170 3635 2417 3690 inseruit.
2455 3633 2602 3689 llanc
2629 3644 2808 3689 autem
2837 3642 2896 3688 ut
2924 3630 3301 3697 exbibeamus,
3336 3637 3583 3684 nostrum
3614 3624 3771 3683 insti-

2174 3738 2346 3786 tutum
2378 3729 2593 3787 videtur
2621 3730 2919 3800 postulare.

2624 3941 2991 3991 ΔΝΤΙΓΡΔΦΟΝ
3029 3939 3328 3988 ΒΔΣΙΛΙΚΗΣ

2172 4119 2442 4179 ἐπιστολῆς
2473 4116 2539 4174 δι’
2567 4114 2625 4178 ἧς
2655 4114 2867 4170 σύνοδον
2896 4115 3186 4170 ἐπισκόπων
3233 4116 3319 4170 ἐπὶ
3360 4113 3554 4183 Ῥώμης
3582 4114 3777 4169 κελεύει

2241 4213 2469 4286 γενέσθαι
2516 4212 2649 4287 ὑπὲρ
2695 4218 2786 4271 τῆς
2812 4216 2911 4265 τῶν
2965 4208 3236 4267 ἐκκλησιῶν
3280 4207 3503 4268 ἕνώσεῶς
3545 4228 3601 4263 τε
3637 4207 3775 4264 καὶὸ

2248 4309 2470 4380 μονοίας.

2170 4476 2546 4531 Κωνσταντῖνος
2573 4470 2826 4530 σεϐαστὸς
2852 4465 3096 4542 Μιλτιάδῃ
3121 4465 3388 4538 ἐπισκόπῳ
3411 4462 3670 4537 Ῥωμαίων
3692 4468 3779 4520 καὶ

2870 4562 3054 4637 Μάρκῳ
3063 4600 3076 4614 .

2243 4722 2296 4776 4.
2328 4718 2528 4778 Ἐπειδὴ
2558 4725 2779 4775 τοιοῦτοι
2810 4721 3011 4795 χάρται
3054 4718 3195 4793 παρά
3220 4716 3466 4771 Ἀνυὶίνου
3506 4719 3597 4769 τοῦ
3647 4714 3778 4785 λαμ-

2169 4814 2431 4888 προτάτου
2483 4804 2772 4866 ἀνθυπάτου
2831 4820 2923 4872 τῆς
2977 4811 3207 4885 ’Δφρικῆς
3256 4807 3382 4879 πρὸς
3446 4828 3506 4876 με
3564 4805 3779 4868 πλείους

466 4900 523 4957 in
552 4898 746 4973 quibus
768 4899 1080 4957 continetur
1107 4896 1479 4966 Caecilianum,
1504 4896 1951 4971 Carthaginiensis
1988 4916 2067 4955 ur-

2174 4903 2560 4969 ἀπεστάλησαν,
2587 4905 2636 4957 ἐν
2663 4899 2734 4963 οἷς
2757 4904 3043 4975 ἐμφέρεται,
3083 4899 3411 4969 Καμκιλιανὸν,
3444 4897 3529 4951 τὸν
3560 4898 3777 4953 ἐπίσκο-

542 5110 624 5185 (i)
651 5109 906 5185 Quisnam
930 5107 1005 5185 _sit
1025 5106 1117 5161 ille
1137 5106 1373 5185 Marcus,
1405 5108 1544 5185 i_n_ter
1571 5106 1811 5185 cruditas
1841 5107 2062 5162 minime

470 5178 701 5239 constat.
748 5180 1039 5241 Baronius,
1084 5178 1149 5232 ad
1180 5193 1378 5232 annum
1412 5179 1517 5234 515
1542 5220 1557 5242 ,
1592 5193 1646 5231 n.
1695 5180 1762 5232 53
1783 5220 1798 5242 ,
1829 5194 2063 5248 gnecnm

471 5252 689 5308 Eusebii
737 5262 936 5308 textum
982 5250 1332 5316 depravatum
1371 5265 1492 5303 esse
1538 5250 1836 5316 conjectat,
1885 5259 1938 5304 et
1979 5254 2065 5305 καὶ

471 5326 664 5399 Μάρπεῳ
692 5338 787 5391 pro
808 5324 1079 5399 _i_:papy_fi,
1108 5320 1217 5399 hoc
1242 5328 1351 5399 es_t,_
1384 5320 1618 5399 Romano
1642 5321 1953 5399 ltierarcltae,
1990 5321 2059 5399 irj

473 5391 709 5461 repsisse
744 5391 1052 5446 arbitra'tur'.
1106 5392 1210 5446 Sed
1257 5392 1300 5445 si
1341 5394 1441 5445 hoc
1472 5391 1734 5445 vocalmlo
1765 5407 1891 5444 usus
1922 5398 2068 5446 esset

474 5462 880 5528 Constantinus,
930 5473 1083 5516 antea
1129 5463 1354 5533 episcopi
1392 5476 1523 5515 voce
1560 5461 1925 5517 abstinuisset.
1960 5461 2068 5516 Nec

479 5534 648 5604 magis
691 5533 864 5607 placet
893 5533 1060 5607 altera
1101 5533 1343 5607 Perronii
1376 5534 1682 5607 conjectura
1706 5548 1853 5607 ._qua
1894 5535 2068 5607 καιρὸν

522 5602 701 5683 «ipes,
736 5604 838 5658 hoc
858 5603 1204 5683 esu-longa»!
1231 5605 1405 5683 vitam,
1440 5602 1832 5683 prmlerendum
1863 5602 2066 5683 censet.

508 5673 600 5732 sta'
619 5677 761 5732 enim
788 5675 1025 5742 precatio
1055 5690 1160 5729 nun
1189 5673 1241 5728 in
1268 5676 1564 5729 litterarum
1593 5673 1770 5728 fronte
1796 5675 2067 5743 prsemitti,

488 5748 582 5805 sed
613 5748 679 5803 ad
708 5746 910 5817 calcem
941 5746 1129 5817 subjici
1153 5746 1310 5809 solet,
1346 5746 1433 5799 ubi
1465 5746 1639 5815 reipsa
1667 5760 1698 5799 a
1718 5745 2073 5817 Constantino

485 5821 720 5892 ponitur.
773 5808 1019 5876 Valesius
1039 5808 1332 5875 'existimat
1372 5817 1459 5876 hic
1503 5808 1677 5873 notari
1726 5810 2073 5887 presbyterum

2171 5108 2417 5163 Ecclesia:
2443 5109 2706 5180 Romamn,
2723 5126 2869 5180 quam
2895 5126 2997 5163 una
3024 5125 3138 5162 cum
3166 5106 3403 5180 Miltiade
3430 5105 3560 5180 huic
3575 5110 3778 5178 synodo

2169 5181 2411 5234 interesse
2439 5179 2597 5234 voluit
2639 5176 3004 5234 Constantinus
3028 5222 3042 5247 ,
3077 5195 3199 5233 eum
3234 5178 3486 5232 videlicet
3510 5176 3773 5242 Mai-cum,

2170 5252 2257 5318 qui
2300 5261 2409 5315 post
2445 5250 2748 5304 Silvestrum
2784 5269 2972 5319 papam
3011 5252 3361 5319 episcopatum
3406 5248 3548 5303 urbis
3594 5248 3780 5304 Roma:

2171 5323 2345 5393 gessit.
2382 5322 2505 5388 Alii,
2529 5322 2655 5376 licet
2678 5323 2891 5377 Baronii
2919 5322 3268 5390 Pcrroniique
3293 5320 3638 5393 coujecturae
3661 5334 3775 5393 non

2173 5389 2399 5462 probent
2422 5435 2436 5457 ,
2485 5394 2625 5446 ultro
2659 5404 2835 5447 tamen
2878 5393 2941 5446 iis
2973 5394 3023 5447 in
3055 5394 3271 5447 nomine
3308 5391 3468 5446 Marci
3512 5389 3773 5462 mendum

2176 5459 2295 5520 esse
2324 5463 2641 5535 largiuntur.
2677 5464 2837 5519 Certe
2858 5464 3103 5535 Optatus,
3137 5480 3258 5519 cum
3286 5462 3526 5515 outiuium
3552 5462 3643 5527 qui
3670 5459 3775 5516 Ro-

2179 5550 2337 5588 mano
2366 5534 2417 5587 in
2450 5536 2678 5587 concilio
2709 5534 3069 5589 «consederunt
3100 5536 3310 5588 nomina
3351 5542 3772 5594 comtnemoret,

2180 5605 2376 5659 nullius
2404 5614 2581 5660 tamen
2601 5607 2757 5659 Marci
2784 5607 3045 5661 meminit.
3073 5606 3179 5659 Nec
3206 5602 3357 5657 facile
3385 5601 3506 5670 quis
3529 5600 3633 5655 sibi
3658 5618 3776 5667 per-

2179 5675 2412 5751 suaserit
2443 5692 2595 5751 enni
2655 5677 2758 5751 cui
2788 5679 2881 5751 uni
2921 5678 3235 5751 nominatim
3287 5687 3423 5751 cum.
3470 5670 3778 5751 Melcbiatle

2178 5748 2511 5822 Constantini
2561 5747 2629 5802 de
2675 5747 2923 5822 habendo
2969 5743 3777 5822 coincilioepistolaiiuzseripta

2183 5813 2364 5884 fuerit,
2418 5819 2541 5873 huic
2588 5813 2820 5873 concilio
2861 5832 2966 5873 nun
3010 5814 3315 5872 interfuisse
3340 5850 3354 5879 ,
3407 5820 3502 5866 aut
3537 5813 3579 5866 si
3612 5814 3780 5867 inter-
