4172 6202
372 279 447 334 35

1193 277 1606 337 MELCHIADIS
1647 277 1736 335 DE
1777 276 2143 336 CAECILIANI
2180 276 2407 336 CAUSA
2449 275 2856 336 SENTENTIA.

3609 275 3680 331 '54

374 395 458 451 bis
478 391 819 465 episcopum,
844 407 873 447 a
902 392 1227 460 quibusdam
1250 396 1468 466 collegis
1495 395 1606 450 suis
1625 409 1721 464 per
1742 393 1975 449 Africam
2007 394 2040 454 Α

2121 416 2174 449 κον
2202 403 2292 456 τῆς
2321 396 2765 472 Καρταγεννησίων
2802 391 3014 455 πόλεως,
3064 389 3206 467 παρά
3247 410 3395 445 τινων
3434 388 3683 465 κολλήγων

375 487 706 553 constitutis,
737 487 923 541 multis
952 487 1021 542 de
1051 487 1211 543 rebus
1241 488 1572 552 insimulari;
1605 503 1669 543 ac
1699 488 1828 542 mihi
1857 502 1979 559 per-

380 580 666 636 molestum
698 578 933 644 videtnr,
966 579 1019 633 in
1047 580 1113 633 iis
1141 580 1453 650 provinciis,
1498 596 1631 650 quas
1657 580 1833 635 divina
1865 595 1983 649 pro-

380 671 616 729 videntia
646 687 782 727 mea:
806 671 1080 727 devotioni
1112 688 1259 729 mera
1290 673 1616 729 liberalitate
1646 673 1863 729 tradidit
1882 713 1898 738 ,
1927 681 1982 728 et

382 765 435 821 in
462 765 660 837 quibus
683 765 913 819 maxima
936 774 1021 820 est
1040 766 1226 835 populi
1256 766 1563 828 multitudo,
1594 766 1806 835 plebem
1829 767 1982 836 quasi

383 858 438 913 in
470 857 603 913 duas
642 867 830 928 partes
873 856 1101 912 divisam
1144 858 1210 912 ad
1247 857 1517 914 deteriora
1559 857 1885 922 deﬂectere,
1929 865 1984 911 et

386 954 671 1023 episcopos
706 952 851 1006 inter
885 966 945 1006 sc
982 950 1270 1008 dissentire
1302 971 1314 1005 :
1352 952 1554 1008 Placuit
1582 953 1743 1019 milii,
1786 961 1840 1007 ut
1871 952 1986 1022 ipsc

387 1046 704 1102 Caecilianus
733 1060 855 1100 cum
893 1045 1079 1124 decem
1118 1047 1387 1118 episcopis
1415 1047 1506 1118 qui
1536 1062 1795 1103 accusare
1835 1048 1984 1102 illum

389 1138 662 1203 videntur,
694 1154 755 1194 ac
779 1139 964 1194 decem
995 1139 1116 1193 aliis
1139 1181 1154 1205 ,
1187 1155 1324 1210 quos
1352 1140 1466 1210 ipse
1493 1140 1559 1195 ad
1586 1156 1804 1196 causam
1834 1155 1985 1195 suam

391 1233 728 1289 necessarios
768 1247 889 1288 esse
913 1232 1237 1303 iudicaverit
1261 1275 1276 1300 ,
1310 1234 1535 1288 Romam
1556 1235 1803 1303 naviget;
1833 1245 1887 1289 ut
1917 1234 1989 1289 ibi

391 1339 572 1380 coram
603 1325 786 1389 vobis,
817 1338 1027 1379 necnon
1056 1324 1265 1379 Reticio
1284 1365 1300 1390 ,
1330 1325 1570 1381 Materno
1601 1335 1649 1380 et
1680 1325 1885 1381 Marino
1910 1325 1985 1395 (ι)

392 1416 614 1486 collegis
639 1415 854 1483 vestris,
884 1431 1021 1487 quos
1048 1416 1206 1487 hujus
1233 1417 1311 1473 rei
1339 1433 1500 1473 causa
1528 1416 1755 1473 Romam
1790 1431 1989 1488 prope-

392 1526 516 1567 rare
546 1510 799 1582 pratcepi,
832 1511 1002 1579 possit
1027 1509 1235 1576 audiri,
1279 1511 1735 1581 quemadmodum
1766 1510 1993 1566 sanctis—

394 1603 547 1657 sima:
573 1602 674 1673 legi
705 1600 997 1657 convenire
1026 1603 1229 1671 optime
1254 1603 1447 1657 nostis.
1479 1601 1650 1656 Porro
1682 1610 1741 1656 ut
1778 1600 1845 1657 de
1874 1615 1992 1654 om-

397 1692 562 1749 nibus
621 1692 704 1748 bis
754 1692 1120 1763 plenissimam
1174 1693 1397 1747 valeatis
1452 1692 1652 1749 habere
1708 1693 1991 1757 notitiam,

2080 490 2239 544 αὐτοῦ
2290 495 2388 543 τῶν
2434 490 2569 543 κατὰ
2606 492 2695 547 τήν
2722 485 2950 563 Ἀφρικὴν
2992 487 3328 539 κατεστὼτων
3379 486 3431 538 ἐν
3478 483 3685 543 πολλοῖς

2081 582 2378 657 πράγμασιν
2451 581 2764 635 εὐθύνεσθαι·
2837 580 2924 632 καί
2976 576 3130 632 τοῦτό
3174 597 3260 644 μοι
3311 575 3443 650 βαρύ
3491 572 3689 650 σφόδρα

2083 672 2233 738 δοκεῖ,
2263 675 2320 729 τὸ
2346 674 2396 727 ἐν
2426 674 2644 733 ταύταις
2670 679 2785 732 ταῖς
2814 671 3121 746 ἐπαρχίαις,
3175 668 3237 729 ἃς
3286 677 3349 743 τῇ
3399 669 3493 744 ἐμῇ
3542 668 3689 723 καθο-

2085 770 2267 822 σιὼσει
2308 767 2597 841 αὐθαίρετος
2646 766 2677 822 ἡ
2725 764 2833 818 θεία
2883 762 3096 838 πρόνοια
3125 761 3433 837 ἐνεχείρισε,
3481 761 3690 834 κᾴκεῖσε

2085 860 2213 915 πολύ
2240 859 2427 918 πλῆθος
2454 857 2595 922 λαοῦ,
2644 852 2803 928 ὄχλον
2833 857 2920 909 ἐπί
2944 855 3002 909 τὸ
3045 853 3351 927 φαυλότερον
3394 853 3694 925 ἐπιμένοντα

2088 954 2415 1029 εὑρίσκεσθαι
2446 953 2636 1006 ὡσανεὶ
2681 947 3125 1019 διχοστατοῦντα,
3155 949 3243 1000 καὶ
3266 945 3457 1016 μεταξύ
3489 945 3693 1001 ἐπισκό-

2089 1068 2221 1107 πους
2250 1044 2491 1120 διαφορὰς
2520 1042 2684 1115 ἔχειν’
2728 1040 2868 1105 ἕδοξέ
2909 1061 2996 1111 μοι
3026 1038 3089 1092 ἶν’
3114 1040 3271 1099 αὐτὸς
3316 1037 3342 1094 ὁ
3385 1039 3696 1100 Καικιλιανὸς

2090 1142 2220 1217 μετὰ
2248 1140 2371 1196 δέκα
2397 1140 2687 1195 ἐπισκόπων
2710 1144 2809 1192 τῶν
2846 1137 2999 1191 αὐτὸν
3027 1136 3249 1189 εὐθύνειν
3279 1130 3578 1197 δοκούντων,
3606 1134 3696 1188 καὶ

2091 1236 2216 1293 δέκα
2242 1237 2424 1310 ἐτέρων
2456 1234 2544 1295 οῦς
2570 1235 2723 1293 αὐτὸς
2870 1230 3056 1285 ἑαυτοῦ
3085 1227 3196 1303 δίκῃ
3227 1229 3534 1301 ἀναγκαίους
3562 1226 3695 1283 ὑπο-

2091 1331 2255 1395 λάϐοι,
2283 1331 2353 1389 είς
2382 1334 2471 1387 τήν
2496 1327 2687 1399 Ῥωμὴν
2716 1325 2827 1396 πλῷ
2876 1324 3099 1378 ἀπιέναι’
3127 1320 3190 1375 ἶν’
3221 1322 3386 1375 ἐκεῖσε
3414 1320 3556 1392 ὑμῶν
3593 1341 3697 1376 πα-

2094 1424 2305 1500 ρόντων,
2330 1422 2455 1476 ἀλλά
2484 1426 2580 1493 μὴν
2606 1423 2691 1474 καί
2711 1418 2972 1481 ιΡετικίου,
3004 1417 3088 1469 καί
3114 1414 3377 1488 Ματέρνου
3413 1414 3500 1465 καί
3530 1412 3697 1485 Μαρί-

2095 1541 2183 1574 νου
2230 1526 2329 1574 τῶν
2373 1518 2623 1589 κολλήγων
2671 1516 2844 1586 ὑμῶν,
2897 1509 2989 1571 οὓς
3035 1511 3219 1564 τούτου
3277 1508 3439 1563 ἕνεκεν
3486 1508 3566 1566 ἐἰς
3608 1509 3700 1564 τήν

2096 1611 2288 1684 Ῥώμην
2313 1611 2605 1688 προσεταξα
2644 1610 2964 1662 ἐπισπεῦσαι
2987 1644 3000 1667 ,
3032 1602 3214 1678 δυνηθῇ
3261 1601 3571 1660 ἀκουσθῆναι
3589 1639 3604 1660 .
3632 1602 3702 1660 ὡς·

2100 1701 2159 1760 ἂν
2181 1705 2522 1776 καταμάθοιτε
2548 1708 2621 1775 τῷ
2645 1699 3059 1771 σεϐασμιωτάτῳ
3100 1696 3239 1768 νόμῳ
3278 1695 3573 1770 ἁρμόττειν.
3614 1693 3703 1749 ἶνα

400 1788 649 1859 exempla
692 1787 997 1843 libellorum
1030 1785 1110 1859 (2)
1140 1786 1206 1842 ad
1235 1803 1322 1843 nte
1343 1789 1413 1844 ab
1441 1788 1675 1843 Anulino
1706 1790 1996 1844 missorum
2028 1787 2040 1845 l

2121 1798 2273 1851 ιέντοι
2329 1798 2410 1849 καί
2452 1799 2574 1869 περὶ
2622 1795 2825 1848 πάντων
2872 1793 3035 1846 αὐτῶν
3097 1791 3293 1843 τούτων
3348 1786 3707 1864 πληρεστάτην

400 1882 597 1936 litteris
625 1881 759 1935 meis
779 1881 1040 1949 subjecta,
1067 1880 1135 1935 ad
1164 1881 1504 1951 supradictas
1525 1881 1762 1952 collegas
1787 1891 2002 1935 vestros

406 1975 703 2032 transmisi.
752 1975 958 2043 Quibus
989 1975 1143 2031 lectis
1186 1973 1485 2045 perpendet
1522 1977 1763 2047 gravitas
1788 1982 1964 2030 vestra
1987 2014 2004 2041 ,

402 2083 643 2139 quonam
692 2068 854 2123 modo
888 2066 1142 2138 priedicta
1186 2069 1560 2124 controversia
1601 2068 2005 2122 accuratissime

404 2161 749 2231 dijudicanda
771 2164 863 2226 sit,
892 2168 946 2215 et
968 2176 1031 2215 ex
1057 2160 1373 2230 praescripto
1393 2159 1615 2229 iustitia:
1643 2142 2011 2215 term'inantla.

409 2258 690 2329 Siquidem
714 2271 814 2313 nec
836 2264 1071 2312 vestram
1102 2254 1444 2310 sedulitatem
1476 2255 1608 2309 latet
1631 2264 1831 2307 tantam
1861 2269 1889 2305 a
1920 2266 2007 2306 me

414 2352 771 2409 reverentiam
817 2349 1173 2404 sanctissimae
1220 2346 1478 2402 Ecclesiae
1523 2345 1806 2401 catholicae
1857 2344 2010 2399 exhi-

413 2444 569 2510 beri,
610 2452 669 2497 ut
695 2442 900 2498 nullum
928 2440 1150 2496 omnino
1190 2439 1425 2496 schisma
1467 2439 1553 2494 vel
1589 2437 1874 2493 discidium
1903 2437 2013 2491 ullo

420 2539 479 2590 in
502 2536 621 2591 loco
646 2551 675 2590 a
705 2534 856 2590 vobis
892 2532 1119 2604 relinqui
1141 2532 1322 2589 velim.
1378 2531 1641 2587 Divinitas
1681 2531 1875 2586 sumini
1920 2530 2013 2586 Dei

417 2628 605 2687 multis
632 2628 787 2685 annis
810 2644 908 2685 vos
937 2635 1151 2693 servet,
1181 2626 1522 2682 cbarissime.

501 2956 530 3027 ᾗ
555 2952 644 3010 IV.
673 2983 744 2995 —-
774 2951 1075 3008 Melchiadis
1102 2951 1349 3008 sententia
1386 2951 1450 3007 de
1475 2951 1737 3008 Caeciliani
1769 2968 1946 3008 causa.

502 3115 556 3172 5.
586 3112 789 3170 Eodem
817 3126 959 3168 anno
988 3112 1112 3178 515,
1144 3110 1396 3168 Octobris
1417 3111 1660 3167 secundo
1690 3111 1778 3167 die
1803 3152 1817 3177 ,
1849 3113 1937 3183 qui
1968 3112 2021 3168 in

426 3220 637 3266 sextam
654 3208 843 3265 feriam
864 3207 1157 3270 incidebat,
1185 3209 1238 3262 in
1265 3207 1484 3263 domum
1510 3206 1744 3275 Faustae,
1768 3206 2025 3262 Constan-

428 3302 532 3358 tini
555 3301 773 3367 uxoris,
808 3300 859 3355 in
887 3300 1156 3356 Laterano
1181 3308 1555 3356 convenerunt
1584 3309 1639 3355 et
1664 3298 2029 3356 consederunt

426 3393 977 3468 judiceszbiilliades,
1004 3393 1292 3465 episcopus
1329 3393 1476 3447 urbis
1507 3392 1715 3459 Romae;
1759 3392 2031 3449 Maternus

435 3490 744 3562 Agrippinae
770 3488 1022 3551 civitatis,
1048 3486 1286 3542 Reticius
1312 3485 1837 3558 Augustodunensis,
1869 3486 2030 3541 Mari-

440 3597 548 3638 nus
571 3580 917 3646 Arelatensis,
943 3578 1203 3635 Merocles
1222 3578 1658 3644 Medionalensis,
1687 3578 1881 3649 aliique
1903 3593 2035 3649 qua-

439 3677 737 3733 tuordecim
765 3676 1003 3748 episcopi
1034 3674 1147 3729 Itali
1172 3714 1189 3741 ,
1222 3688 1448 3745 quorum
1477 3681 1531 3729 et
1558 3674 1773 3728 nomina
1797 3682 1853 3729 et
1878 3673 2035 3729 sedes

439 3770 671 3839 Optatos
698 3777 964 3827 recenset.
1004 3786 1023 3819 ι
1057 3767 1150 3823 His
1176 3766 1363 3823 decem
1396 3774 1451 3823 et
1479 3780 1672 3821 novem
1708 3764 2038 3822 considenti-

438 3867 544 3922 bus
568 3863 872 3936 episcopis,
909 3881 927 3913 ι
954 3862 1125 3934 inquit
1153 3861 1292 3917 idem
1316 3860 1563 3931 Optatus,
1600 3878 1620 3911 ι
1653 3874 1814 3915 causa
1850 3859 2038 3914 DOnati

438 3972 498 4015 ct
516 3956 790 4015 Caeciliani
816 3958 867 4011 in
891 3955 1129 4011 medium
1153 3957 1314 4010 missa
1346 3963 1430 4010 est
1456 3970 1484 4008 a
1507 3953 1750 4024 singulis.
1780 3954 1836 4007 In
1865 3952 2041 4006 Dona—

441 4062 557 4107 tum
605 4052 694 4123 (A
720 4048 873 4105 Casis
896 4048 1092 4119 Nigris,
1141 4057 1197 4102 ut
1238 4048 1392 4118 liquet
1431 4063 1495 4101 ere
1537 4046 1822 4116 Augustino
1853 4045 2035 4098 brevic.

443 4145 581 4201 Coll.
614 4143 716 4198 diei
737 4158 816 4209 ιιι,
840 4159 892 4196 n.
924 4141 1015 4207 56,
1044 4150 1091 4194 et
1122 4140 1210 4194 lib.
1239 4140 1306 4193 ad
1333 4138 1521 4193 Donat.
1559 4148 1671 4208 post
1693 4137 1828 4192 Call.
1860 4154 1913 4190 η.
1954 4137 2042 4209 17)

442 4249 572 4294 sunt
593 4236 677 4292 itte
703 4234 985 4292 sententia:
1011 4234 1132 4288 lata:
1165 4250 1178 4287 :
1203 4230 1358 4299 Quod
1383 4229 1666 4285 confessus
1695 4231 1765 4283 sit
1799 4245 1857 4283 se
1882 4230 2043 4285 reba-

447 4334 721 4405 ptizasse,
774 4341 828 4386 et
873 4328 1141 4398 episc0pis
1196 4326 1359 4395 lapsis
1413 4339 1627 4380 manum
1679 4323 2044 4393 imposuisse;

448 4425 593 4498 quod
621 4424 690 4480 ab
725 4421 963 4478 Ecclesia
1004 4419 1234 4474 alienum
1263 4425 1365 4471 est.
1415 4416 1603 4471 Testes
1643 4413 1843 4469 inducti
1875 4428 1904 4467 a
1937 4413 2046 4467 Do-

450 4527 579 4574 nato
608 4514 840 4572 confessi
862 4521 987 4568 sunt
1006 4527 1064 4568 se
1093 4526 1200 4566 non
1228 4510 1427 4565 habere
1451 4508 1592 4579 quod
1623 4509 1673 4562 in
1698 4507 2042 4562 Caecilianum

444 4611 713 4667 dicerent.
751 4628 771 4661 ι
824 4603 1143 4662 Caecilianus
1170 4603 1408 4659 omnium
1437 4616 1596 4672 supra
1627 4609 2043 4657 memoratarum

457 4818 651 4884 fuerit,
694 4818 764 4873 ab
792 4816 986 4887 Optato
1021 4813 1287 4887 silendum
1335 4826 1476 4868 esse.
1511 4810 2046 4887 Quocircajterocli.

454 4894 547 4965 qui
564 4881 988 4965 Mediolanensis
1017 4896 1143 4941 tunc
1171 4886 1454 4965 cpisc0pus
1475 4892 1620 4965 erat,
1647 4898 1744 4953 pro
1764 4881 1955 4965 _Marco
1982 4898 2048 4938 eo

456 4954 792 5034 probabilius
817 4961 1058 5025 mallent,
1087 4957 1229 5034 quod
1247 4955 1650 5017 Constantinus,
1668 4970 1734 5009 eo
1763 4954 1880 5034 ipso
1905 4970 2047 5034 anno

458 5025 743 5090 Mediolani
772 5041 1014 5087 versatus
1038 5071 1054 5091 ,
1084 5025 1360 5097 probatam
1389 5041 1453 5080 ac
1483 5034 1817 5094 perspectam
1849 5025 2048 5079 habere

463 5106 700 5174 potuerit
717 5102 959 5158 Meroclis
980 5096 1304 5174 inquitatetu.
1328 5096 1456 5174 inde
1480 5106 1654 5174 tamen
1680 5097 1879 5174 moveri
1904 5096 2052 5174 quis-

464 5166 612 5246 piam
636 5183 835 5243 potest,
862 5173 1008 5246 quod
1039 5166 1304 5246 incudem
1333 5168 1703 5246 inscriptione,
1740 5168 1791 5219 in
1824 5182 1925 5236 qua
1954 5166 2087 5246 dc-.

461 5239 770 5304 immittatur
789 5239 1051 5301 Miltiades
1089 5243 1348 5298 Romana:
1380 5239 1527 5293 urbis
1552 5240 1840 5308 episcopus
1860 5280 1875 5304 ,
1920 5239 2053 5293 alte-

458 5321 617 5379 ritts,
650 5318 737 5387 qui
765 5317 815 5371 ei
849 5315 1192 5387 adjungitur,
1225 5310 1459 5387 dignitas
1492 5319 1753 5387 taceatur.
1788 5309 2054 5387 [frteterea

460 5380 687 5445 verbum
716 5380 1354 5460 capistrataeharissiuie,
1382 5397 1488 5451 quo
1509 5380 2055 5460 epistttla_cl:tu_ditttr,

459 5460 668 5517 indicio
697 5450 819 5514 esse
847 5450 1049 5528 posset,
1078 5456 1357 5528 epistolam
1387 5450 1523 5528 lianc
1552 5450 1771 5528 Miltiadi
1804 5453 1918 5528 uni,
1951 5467 2057 5528 non

465 5531 678 5587 duobus
716 5523 973 5599 scriptam
1000 5523 1156 5592 esse,
1187 5525 1593 5599 nisi_et_catlem
1623 5523 1891 5578 scribendi
1925 5523 2060 5599 ratio

468 5605 723 5671 frequens
759 5594 1071 5656 occurreret
1106 5599 1158 5653 in
1200 5596 1339 5671 ipsis
1361 5596 1729 5671 Romanorum
1769 5594 2062 5671 praesulttm

470 5664 690 5745 litteris,
717 5687 837 5745 quae
857 5671 1103 5745 pluribus
1128 5687 1159 5723 a
1185 5664 1298 5741 puri
1329 5668 1600 5745 inscripta;
1621 5674 1766 5721 sunt.
1794 5664 1913 5720 Jam
1936 5679 2063 5745 vero

469 5739 805 5819 eruditorum
845 5739 1047 5819 gle‘ltoc
1085 5739 1204 5797 loco
1232 5739 1603 5819 conjecturas,
1650 5746 1705 5792 et
1748 5744 2063 5819 argumenta

466 5832 598 5900 qua:
624 5815 753 5891 ipsis
777 5814 864 5872 vel
882 5815 1238 5872 adversentur
1264 5811 1350 5868 vel
1378 5811 1611 5876 faveant,
1635 5811 1862 5881 exposui
1887 5824 1899 5864 :
1925 5821 2068 5865 nunc

2103 1887 2343 1946 δυνηθῆτε
2384 1884 2527 1955 ἔχειν
2554 1893 2760 1959 γνῶσιν,
2801 1886 2867 1939 τά
2908 1884 3163 1938 ἀντίτυπα
3189 1887 3289 1935 τῶν
3316 1881 3580 1956 ἐγγράφων
3605 1886 3706 1935 τῶν

2105 1980 2232 2055 πρός-
2256 2000 2318 2051 με
2343 1979 2490 2052 παρά
2509 1975 2764 2031 Ἀνυλίνου
2803 1973 3191 2028 ἀποσταλέντων
3235 1973 3532 2047 γράμμασιν
3568 1972 3709 2040 ἐμοῖς

2106 2072 2361 2135 ὑποτάξας
2415 2072 2543 2145 πρὸς
2598 2071 2720 2129 τοὺς
2797 2068 3198 2143 προειρημένους
3262 2066 3506 2139 κόλληγας
3566 2066 3709 2136 ὑμῶν

2109 2161 2391 2236 ἐξέπεμψα·
2424 2158 2497 2221 οἷς
2550 2162 2853 2230 ἐντυχοῦσα
2888 2160 2918 2216 ἡ
2960 2158 3188 2233 ύμετέρα
3240 2156 3523 2230 στεῤῥότης
3573 2154 3712 2211 δοκι-

2112 2256 2269 2327 μάσει
2298 2250 2350 2308 ὄν
2372 2274 2485 2309 τινα
2507 2258 2618 2329 χρὴ
2645 2252 2835 2327 τρόπον
2862 2255 2952 2309 τήν
2978 2250 3343 2325 προειρημένην
3367 2247 3507 2307 δίκην
3534 2248 3716 2319 ἐπιμει-

2112 2346 2339 2401 λέστατα
2362 2343 2733 2419 διευκρινῆσαι,
2775 2345 2860 2397 καί
2894 2343 3029 2396 κατά
3065 2341 3124 2394 τὸ
3152 2338 3341 2394 δίκαιον
3382 2340 3715 2415 τερματίσαι.

2115 2435 2301 2492 Ὀπότε
2342 2435 2468 2510 μηδέ
2494 2442 2584 2495 τὴν
2611 2436 2861 2513 ὑμετέραν
2882 2433 3165 2505 ἐπιμέλειαν
3188 2432 3431 2498 λανθάνει,
3455 2433 3716 2492 τοσαύτην

2119 2552 2181 2605 με
2197 2528 2321 2585 αἰδῶ
2336 2538 2398 2606 τῇ
2419 2532 2468 2584 ἐν
2487 2530 2661 2602 θεσμῷ
2683 2528 2808 2599 (sic)
2826 2526 3048 2602 καθολικῇ
3064 2525 3332 2601 Ἐκκλησία
3346 2526 3634 2597 ἀπονέμειν,
3651 2526 3723 2586 ὡς

2122 2622 2277 2694 μηδὲν
2300 2622 2511 2677 καθόλου
2535 2624 2750 2693 σχίσμα
2773 2619 2804 2679 ἦ
2835 2618 3187 2691 διχοστασίαν
3225 2615 3276 2672 ἕν
3296 2640 3394 2674 τινι
3426 2616 3566 2689 τόπῳ
3595 2618 3722 2691 βού-

2126 2714 2297 2769 λεσθαί
2322 2734 2383 2786 με
2409 2711 2887 2785 ύμᾶςικαταλιπεῖν.
2909 2708 2964 2763 Ἠ
2992 2710 3187 2769 θειότης
3212 2710 3352 2782 ὑμᾶς
3390 2715 3480 2763 τοῦ
3503 2709 3724 2781 μεγάλου

2128 2812 2256 2863 Θεοῦ
2286 2804 2576 2877 διαφυλάξοι
2595 2804 2797 2864 πολλοῖς
2827 2801 2988 2868 ἔτεσι,
3012 2805 3311 2873 τιμιώτατε.

2130 2963 2413 3021 sententiis
2442 2961 2705 3017 innocens
2733 2968 2816 3016 est
2843 2957 3226 3031 pronuntiatus
3245 3000 3261 3025 ,
3293 2957 3455 3014 etiam
3478 2955 3732 3014 Miltiadis

2128 3058 2420 3123 sententia,
2447 3055 2823 3135 quajudicium
2837 3055 3076 3110 clausum
3095 3060 3179 3108 est
3203 3050 3286 3106 bis
3304 3050 3484 3107 verbis
3513 3068 3527 3104 :
3550 3069 3571 3104 ι
3595 3050 3732 3108 Cum

2052 3169 2097 3234 ρ
2128 3153 2434 3212 constiterit
2457 3153 2808 3209 Caecilianum
2835 3150 2903 3206 ab
2931 3150 2997 3205 iis
3020 3191 3036 3216 ,
3069 3148 3159 3219 qui
3185 3163 3307 3204 cum
3332 3146 3541 3202 Donato
3568 3160 3734 3203 vene-

2128 3257 2274 3311 runt,
2315 3247 2467 3317 juxta
2500 3244 2894 3315 professionem
2931 3257 3084 3298 suam
3114 3256 3223 3297 non
3251 3238 3533 3307 accusari,
3572 3254 3674 3296 nec
3700 3254 3735 3296 a

2134 3341 2344 3397 Donato
2382 3340 2688 3395 convictum
2719 3351 2841 3393 esse
2880 3336 2932 3391 in
2968 3335 3148 3405 aliqua
3186 3343 3340 3405 parte
3381 3332 3732 3399 constiterit;

2132 3450 2244 3491 sua:
2271 3434 2638 3492 communioni
2668 3430 3051 3487 ecclesiastica:
3084 3429 3296 3499 integro
3323 3436 3467 3483 statu
3496 3426 3739 3482 retinen-

2134 3529 2264 3583 dum
2304 3542 2427 3583 esse
2455 3539 2673 3582 censeo.
2723 3542 2742 3576 ›
2773 3520 3083 3579 Melchiadis
3112 3520 3434 3575 sententiam
3472 3520 3736 3589 integram

2136 3622 2204 3675 ab
2252 3621 2449 3691 Optato
2498 3618 2723 3674 relatam
2750 3631 2877 3686 ,non
2922 3630 3045 3671 esse
3085 3614 3251 3685 liquet
3297 3629 3363 3668 ex
3411 3612 3736 3683 Augustino,

2137 3715 2296 3786 epist.
2328 3713 2399 3768 45
2422 3752 2439 3779 ,
2470 3712 2601 3767 olim
2628 3709 2754 3775 162,
2784 3725 2841 3765 n.
2871 3708 2960 3775 16,
2993 3707 3086 3779 qui
3111 3722 3230 3762 eam
3261 3704 3460 3762 ibidem
3490 3705 3738 3762 laudibus

2139 3808 2350 3864 extollit
2380 3811 2431 3861 in
2459 3805 2605 3860 hunc
2649 3803 2905 3859 modum:
2942 3820 2961 3853 ι
2998 3801 3186 3869 Qualis
3221 3798 3390 3871 ipsius
3419 3798 3740 3856 Melcbiadis

2143 3905 2327 3959 ultima
2355 3909 2438 3958 est
2466 3900 2671 3971 prolata
2698 3897 2992 3961 sententia,
3042 3911 3202 3967 quam
3232 3895 3492 3951 innocens
3514 3935 3533 3963 ,
3578 3909 3738 3966 quam

2142 3997 2374 4068 integra,
2402 4008 2562 4065 quam
2594 3991 2816 4062 provida
2841 3999 3004 4061 atque
3027 3987 3270 4059 paciﬁca,
3295 4003 3399 4059 qua
3427 4002 3601 4059 neque
3624 3986 3742 4043 col-

2143 4091 2308 4161 legas,
2335 4091 2386 4142 in
2414 4087 2610 4159 quibus
2639 4084 2771 4140 nihil
2801 4083 3137 4146 constiterat,
3172 4081 3239 4136 de
3268 4080 3503 4153 collegio
3528 4094 3628 4136 suo
3651 4094 3741 4135 au.

2144 4198 2236 4238 sus
2262 4190 2344 4237 est
2370 4193 2651 4236 removere
2674 4220 2689 4242 ,
2740 4187 2795 4233 et
2824 4177 3033 4231 Donato
3064 4175 3181 4229 solo
3227 4172 3248 4246 (
3273 4190 3302 4228 a
3332 4173 3487 4229 Casis
3515 4170 3692 4244 Nigris
3720 4171 3742 4244 )

2146 4293 2302 4349 quem
2337 4274 2499 4330 totius
2526 4273 2650 4327 mali
2684 4272 2979 4343 principem
3008 4269 3327 4334 invenerat,
3374 4265 3607 4320 maxime
3634 4263 3744 4319 cul-

2147 4379 2302 4443 pato,
2349 4367 2592 4423 sanitatis
2618 4361 3001 4433 recuperandae
3029 4360 3303 4431 optionem
3331 4357 3558 4414 liberant
3586 4363 3740 4411 caste-

2147 4464 2222 4518 ris
2268 4460 2414 4526 fecit,
2467 4466 2682 4529 paratus
2729 4456 2936 4511 litteras
2976 4448 3486 4509 communicatorias
3526 4449 3745 4504 mittere

2072 4570 2127 4631 Ι)
2151 4556 2309 4611 etiam
2338 4553 2402 4606 iis
2424 4593 2440 4618 ,
2469 4566 2604 4621 quos
2634 4562 2664 4603 a
2695 4546 2956 4618 Majorino
2981 4544 3259 4601 ordinatos
3279 4557 3402 4600 esse
3429 4549 3743 4609 constaret;
3800 4536 3809 4539 ’

2159 4658 2209 4704 ta
2238 4656 2298 4704 ut
2321 4649 2750 4718 quibuscumque
2796 4643 2931 4702 locis
2955 4641 3062 4697 duo
3092 4646 3277 4696 essent
3320 4636 3586 4711 episcopi,
3615 4650 3754 4709 quos

2157 4827 2349 4899 seligat
2382 4826 2608 4895 quisque
2647 4823 2921 4899 quodpsibi
2953 4818 3375 4899 magisarridet.
3420 4818 3518 4899 Rei
3551 4817 3751 4899 verita-

2157 4889 2625 4955 tem'uos'certins
2653 4889 2925 4951 docuisset
2972 4889 3274 4948 collationis
3320 4889 3755 4961 Cartltaginensis

2158 4973 2312 5026 tertia
2359 4983 2504 5041 pars,
2546 4982 2664 5038 cap.
2697 4968 2838 5033 519,
2882 4966 2969 5041 cui
3000 4965 3116 5019 hzec
3153 4966 3264 5034 ipsa
3293 4962 3520 5034 epistola
3550 4963 3756 5018 inserta

2157 5053 2297 5107 erat,
2327 5037 2426 5096 nisi
2454 5040 2568 5095 hanc
2595 5037 2770 5112 portio
2797 5037 3108 5112 excidisset.

2230 5104 2311 5188 (ι’)
2343 5104 2638 5188 Episcopos
2675 5112 2794 5188 illos
2820 5108 3004 5165 Gallos
3030 5122 3152 5163 cum
3193 5104 3759 5188 Romanoconvenire

2160 5176 2414 5256 praecepit
2452 5176 2833 5256 Constantinus
2858 5222 2875 5248 ,
2921 5193 3124 5256 morem
3155 5176 3501 5256 gerensﬁliuic
3533 5176 3757 5256 Donati-

2160 5245 2363 5312 starum
2411 5256 2654 5324 petitioni
2684 5294 2698 5315 .
2741 5253 2794 5306 in
2834 5245 2937 5321 qua
2966 5251 3146 5324 legere
3160 5245 3294 5304 'est:
3328 5245 3562 5305 Petimus
3598 5257 3653 5302 ut
3683 5249 3761 5324 _de

2164 5326 2350 5382 Galliis
2378 5320 2521 5381 nobis
2541 5327 2747 5395 judices
2775 5320 2890 5377 dari
2932 5320 3201 5395 prtecipiat
3235 5324 3399 5395 pietas
3424 5331 3565 5395 tua;
3606 5320 3761 5395 quia,

2167 5401 2414 5524 amittiut“
2438 5439 2452 5462 ,
2499 5391 2561 5452 ab
2588 5399 2682 5452 hoc
2708 5391 2940 5467 facinore
2966 5402 3023 5449 et
3047 5392 3389 5448 dissensione
3418 5391 3660 5448 immunis
3689 5399 3764 5447 est

2217 5488 2245 5522 a
2311 5488 2361 5524 a.

2201 5469 2361 5525 Pallia.

2241 5540 2321 5614 (Ξ)
2382 5541 2633 5614 Ρι-εειξιιιῐιΔ
2657 5554 2752 5596 seu
2793 5535 3137 5614 libellorum
3169 5543 3376 5614 partem
3432 5543 3764 5614 postremam

2169 5604 2395 5683 Op‘ta’tus
2436 5615 2580 5670 circa
2606 5610 2767 5670 tinem
2793 5610 2888 5667 lib.
2917 5626 2932 5666 ι
2964 5604 3272 5683 exscripsit.
3311 5604 3521 5664 Caetera
3558 5604 3769 5662 deside-

2170 5695 2377 5741 ι’ίιιιῑιπ.
