4172 6202
484 299 556 365 55

1313 290 1734 361 MELCHIADIS
1769 300 1858 359 DE
1895 288 2260 360 CEClLlANI
2300 298 2527 359 CAUSA
2565 297 2974 358 SENTENTIA.

3720 305 3791 362 56

480 425 746 481 dissensio
772 426 1115 496 geminasset,
1147 435 1268 478 eum
1290 423 1598 479 confirmari
1623 420 1803 489 vellet,
1832 420 1922 492 qui
1956 420 2077 475 fuis-
2105 418 2159 481 Α
2184 419 2441 474 unitatem
2486 416 2780 483 redierint,
2832 417 2911 473 sic
2951 414 3290 489 recipiendos
3337 430 3457 472 esse
3482 456 3498 485 ,
3536 435 3553 469 ι
3596 427 3656 474 ut
3682 434 3787 475 non

482 526 567 573 set
610 517 886 574 ordinatus
928 517 1095 586 prior,
1142 516 1294 571 alteri
1339 524 1518 573 autem
1560 530 1745 571 eorum
1788 514 1937 586 plebs
1976 514 2078 570 alia

480 610 720 681 regenda
764 609 1180 682 provideretur!
1214 610 1258 665 0
1285 610 1461 666 virum
1490 611 1791 682 optimum!
1835 625 1868 666 ο
1909 609 2077 664 lilium

482 703 796 759 cbristianae
836 704 981 774 pacis
1013 712 1067 759 et
1094 710 1302 776 patrem
1332 705 1641 761 christiana}
1671 704 1846 775 plebis
1867 705 1955 760 i...
1985 702 2082 759 llic

482 810 585 852 nec
609 796 964 854 mansuetudo
986 797 1346 868 integritatem
1375 798 1618 869 eorrupit
1636 839 1652 867 ,
1682 812 1781 853 nec
1803 797 2082 869 integritas

481 888 883 944 mansuetudini
909 889 1252 959 repugnavit.
1288 908 1307 941 ι

553 981 608 1037 ϐ.
638 983 704 1038 Et
727 983 782 1037 in
810 982 912 1038 hac
939 982 1154 1054 quidem
1186 984 1453 1040 sententia
1482 984 1673 1054 triplex
1703 984 1980 1055 suspicere
2002 993 2086 1038 est

480 1072 688 1146 providi
716 1074 947 1144 pastoris
978 1082 1464 1145 temperamentum
1489 1118 1503 1144 ,
1536 1075 1677 1146 quod
1702 1075 1958 1147 deinceps
1985 1074 2087 1130 Ec-

481 1166 665 1221 clesiae
691 1166 958 1223 similibus
984 1168 1037 1222 in
1069 1169 1247 1224 causis
1274 1184 1470 1239 magno
1497 1170 1614 1225 usui
1645 1169 1745 1225 fuit
1772 1189 1784 1222 :
1815 1170 2045 1240 primum
2067 1207 2083 1235 ,

482 1258 626 1329 quod
656 1259 821 1314 totius
852 1260 979 1315 mali
1024 1262 1323 1333 principem
1356 1262 1621 1321 Donatum
1661 1264 1922 1319 damnare
1954 1277 2088 1320 con-

484 1358 684 1413 tentus,
715 1351 928 1406 caeteris
958 1351 1076 1422 ejus
1100 1348 1443 1412 consortibus
1472 1354 1700 1411 liberam
1731 1354 2086 1425 resipiscendi

485 1440 790 1499 facultatem
816 1444 1055 1516 reliquit.
1087 1445 1356 1512 Alterum,
1386 1449 1528 1519 quod
1551 1449 1714 1504 etiam
1743 1462 1771 1503 a
1800 1448 2085 1520 Majorino,

481 1536 576 1606 qui
598 1535 1008 1608 Carthaginensi
1036 1541 1283 1605 ecclesia
1312 1543 1363 1597 iu
1387 1542 1657 1598 Caeciliani
1682 1542 1857 1600 locum
1884 1559 1913 1599 a
1942 1544 2089 1600 sciti-

483 1628 725 1685 smatieis
754 1628 1045 1701 praefectus
1076 1633 1286 1700 fuerat,
1337 1634 1617 1690 ordinatos
1646 1634 1713 1690 ad
1754 1636 2091 1692 communio-

487 1735 610 1774 nem
665 1735 819 1777 suam
861 1722 1151 1781 admittere
1198 1738 1306 1781 non
1359 1728 1650 1784 recusavit.
1703 1728 2088 1794 Postremum,

2181 511 2357 565 solum
2375 510 2511 565 viam
2526 510 2715 565 salutis
2742 510 3038 577 inveniant,
3061 509 3155 565 sed
3173 524 3272 566 nec
3286 509 3549 567 honorem
3573 512 3788 582 episco-

2182 612 2339 674 patus
2387 604 2652 658 amittant.
2698 603 2902 658 Poterit
2931 603 3150 673 quippe,
3183 603 3453 673 inquiunt,
3498 605 3789 675 unusquis-

2182 711 2285 764 que
2315 705 2556 749 nostrum
2584 736 2599 760 ,
2635 694 2859 750 honoris
2903 693 3008 749 sibi
3038 694 3188 749 socio
3217 695 3472 765 copulato
3498 738 3514 762 ,
3549 696 3785 753 vicissim

2184 787 2375 842 sedere
2422 786 2755 841 eminentius
2778 829 2792 853 ,
2850 786 2990 841 sicut
3032 787 3321 856 peregrino
3352 786 3612 858 episcopo
3638 788 3789 859 juxta

2183 876 2503 933 considente
2525 877 2751 949 collega.
2786 876 2899 933 [loc
2927 892 3051 932 cum
3081 877 3308 933 alternis
3336 878 3587 936 basilicis
3627 881 3790 937 utris-

2186 989 2291 1044 que
2322 973 2662 1041 conceditur,
2691 982 2922 1044 uterque
2947 973 3015 1029 ab
3045 974 3330 1041 alterutro,
3361 986 3553 1031 mutuo
3582 975 3790 1032 honore

2188 1066 2515 1135 praevenitur
2545 1082 2558 1120 :
2584 1066 2709 1136 quia
2740 1066 2832 1122 ubi
2863 1068 3159 1137 praeceptio
3180 1066 3462 1123 charitatis
3486 1067 3793 1125 dilataverit

2189 1155 2376 1217 corda,
2408 1156 2684 1226 possessio
2711 1157 2862 1228 pacis
2893 1172 2999 1213 non
3025 1157 3085 1213 fit
3109 1168 3370 1229 angusta;
3402 1169 3587 1217 utuno
3604 1175 3791 1217 eorum

2186 1248 2446 1305 defuncto
2468 1250 2728 1321 deinceps
2750 1250 2863 1321 jam
2893 1251 3119 1323 singulis
3141 1253 3337 1323 singuli
3370 1254 3605 1325 pristino
3634 1270 3787 1312 more

2191 1340 2508 1397 succedant.
2566 1341 2678 1397 Nec
2720 1358 2919 1399 novum
2979 1343 3185 1415 aliquid
3216 1344 3334 1410 ,fict
3377 1360 3544 1402 :nam
3587 1347 3689 1404 hoc
3728 1348 3795 1405 ab

2192 1435 2364 1506 ipsius
2388 1437 2747 1507 separationis
2786 1438 3014 1493 exordio
3037 1480 3051 1505 ,
3095 1440 3148 1493 in
3176 1438 3258 1496 eis
3285 1441 3376 1511 qui
3400 1439 3660 1498 damnato
3701 1458 3796 1498 ne-

2191 1527 2346 1582 fariae
2367 1527 2707 1584 discissionis
2727 1544 2916 1585 errore
2942 1531 3162 1585 unitatis
3186 1529 3530 1589 dulcedinem
3555 1534 3639 1590 vel
3670 1549 3797 1590 sero

2194 1630 2513 1691 sapuerunt,
2540 1619 2807 1677 catholica
2835 1621 3057 1677 dilectio
3082 1622 3397 1679 custodivit.
3436 1642 3455 1678 ι

2270 1714 2358 1768 l0.
2387 1714 2535 1770 Istud
2568 1730 2730 1786 porro
2754 1714 2823 1771 de
2852 1715 3062 1772 duobus
3090 1718 3359 1789 episcopis
3387 1717 3440 1774 in
3485 1732 3591 1774 una
3619 1718 3800 1776 eccle-

484 1813 632 1883 ψιοά
662 1814 714 1868 in
747 1814 831 1869 his
860 1816 1127 1882 ccclesiis,
1158 1817 1212 1872 ίη
1241 1818 1435 1889 quibus
1458 1820 1567 1875 duo
1596 1831 1777 1878 οεεοηι
1806 1823 2084 1892 praesules,
2116 1811 2165 1874 Β
2192 1810 2270 1864 sia
2299 1809 2462 1864 simul
2482 1809 2857 1882 relinquendis
2877 1811 3162 1866 consilium
3186 1813 3421 1882 primum
3456 1811 3799 1871 Arelatensis

488 1916 628 1959 otius
652 1919 682 1959 a
709 1904 970 1976 Ilajorino
994 1949 1006 1972 ,
1037 1908 1173 1962 alter
1198 1923 1229 1962 ι
1254 1906 1549 1966 Catholicis
1569 1911 1880 1979 ordinatus,
1908 1914 1958 1968 ei
1998 1912 2089 1984 qui

488 1997 638 2066 prior
658 2008 773 2052 erat
802 1997 1082 2053 ordinatus
1112 1999 1398 2055 ecclesiam
1427 2001 1622 2071 ipsam,
1653 2013 1812 2073 quam
1846 2005 2083 2075 regebat,

487 2088 570 2142 sic
598 2088 923 2158 adjudicavit
946 2132 961 2155 ,
1008 2101 1065 2144 nt
1095 2099 1150 2145 et
1177 2091 1333 2149 alteri
1363 2091 1572 2161 plebem
1605 2092 1764 2148 aliain
1799 2095 2087 2166 regendam

492 2180 758 2250 provideri
789 2180 948 2236 simul
976 2182 1212 2251 jubcrct.

562 2272 616 2326 7.
659 2271 895 2327 Primum
923 2288 989 2329 ex
1016 2273 1098 2329 his
1129 2277 1568 2346 temperamentis
1595 2284 1813 2332 secutus
1852 2262 2089 2334 Hilarius

492 2364 826 2422 Pictavensis
854 2366 1139 2437 cpiscopus
1178 2380 1238 2423 se
1276 2382 1399 2423 cum
1431 2368 1721 2443 Gallicanis
1755 2370 2023 2440 episcopis
2057 2386 2086 2424 a

492 2456 769 2514 Saturnini
813 2456 870 2512 et
910 2457 1114 2512 Ursaeii
1153 2466 1210 2514 et
1243 2454 1503 2527 Valentis,
1544 2460 1637 2529 qui
1668 2460 1992 2516 Arianorum
2034 2461 2087 2516 in

491 2546 785 2605 Occidente
809 2548 973 2605 duces
1000 2554 1175 2615 erant,
1208 2552 1590 2605 communione
1616 2553 1907 2622 separavit,
1943 2569 1963 2604 ε
1999 2551 2088 2610 ln-

493 2641 643 2696 dulta
675 2642 887 2697 steteris
916 2643 1259 2697 consortibus
1299 2657 1489 2698 eorum
1530 2644 1881 2716 resipiscendl
1922 2643 2090 2699 lacul-

493 2742 636 2799 tate;
685 2742 742 2788 ut
763 2749 863 2791 nec
888 2735 1038 2803 pacis
1060 2733 1273 2789 abesset
1306 2736 1551 2792 voluntas
1574 2778 1588 2803 ,
1619 2745 1675 2791 et
1704 2734 2086 2806 principalium

494 2826 803 2880 morborum
834 2824 1023 2881 fmtida
1052 2835 1105 2881 et
1133 2826 1187 2881 in
1213 2828 1617 2896 corruptionem
1647 2828 1812 2884 totius
1839 2826 2089 2898 corporis

494 2920 733 2974 membra
757 2920 1094 2990 proficientia
1121 2920 1526 2975 desecarentur.
1560 2941 1578 2973 ›
1605 2921 1773 2993 quue
1797 2930 1980 2993 postea
2005 2936 2089 2976 re-

490 3010 629 3080 gula:
660 3009 830 3065 instar
858 3009 911 3064 in
944 3008 1183 3065 Ecclesia
1217 3020 1531 3067 constanter
1562 3011 1812 3066 obtinuit.

562 3098 616 3156 8.
640 3098 811 3157 Alteri
841 3110 1044 3158 morem
1066 3110 1357 3174 gesserunt
1385 3121 1492 3159 non
1522 3105 1695 3160 solum
1726 3103 1964 3160 Africani
1993 3119 2086 3159 ca-

2192 1902 2384 1974 synodi
2420 1902 2685 1958 eharitate
2714 1902 2991 1958 inventum
3039 1911 3201 1974 atque
3231 1904 3556 1962 auctoritate
3603 1903 3798 1961 fultum

2194 1993 2592 2059 Tillemontins,
2625 2001 2755 2049 tom.
2791 2010 2865 2059 vt,
2897 2009 3017 2066 pag.
3050 1995 3141 2063 49,
3174 1996 3471 2053 existimat.
3502 1994 3616 2053 Nec
3637 1995 3801 2052 aliam

2193 2085 2357 2141 affert
2384 2085 2658 2156 opinionis
2687 2102 2800 2142 sua:
2828 2088 3117 2156 rationem,
3145 2089 3247 2143 nisi
3278 2089 3423 2160 quod
3453 2089 3702 2145 Romano
3743 2091 3799 2146 in

2196 2178 2427 2232 comitio
2451 2178 2596 2233 aliud
2626 2180 2770 2234 circa
2792 2179 3015 2237 eosdem
3039 2181 3326 2253 episcopos
3351 2197 3381 2236 a
3414 2181 3719 2239 Melrhiade
3746 2191 3803 2240 et

2187 2270 2359 2325 sociis
2409 2269 2688 2326 decretum
2730 2270 2848 2327 fuit.
2880 2273 3081 2329 Verum
3122 2289 3244 2330 cum
3294 2275 3484 2330 horum
3525 2274 3801 2332 sententia

2194 2376 2369 2432 neque
2428 2361 2496 2417 ab
2552 2362 2793 2432 Optato,
2851 2380 3024 2435 neque
3091 2366 3160 2421 ab
3224 2366 3557 2437 Augustino,
3627 2380 3806 2436 neque

2192 2454 2262 2511 ab
2301 2456 2412 2510 ullo
2459 2456 2569 2510 alio
2624 2457 2831 2529 integra
2880 2458 3193 2514 transmissa
3273 2459 3474 2527 fuerit,
3537 2460 3805 2516 offirmari

2192 2557 2343 2604 certo
2372 2549 2592 2619 nequit,
2639 2549 2768 2605 illud
2812 2552 3077 2617 alterum,
3131 2552 3272 2623 quod
3301 2552 3415 2609 Afri
3444 2571 3464 2605 ι
3518 2553 3586 2609 ab
3634 2553 3805 2629 ipsius

2192 2643 2550 2711 separationis
2622 2644 2892 2698 exordio»
2952 2644 3094 2717 apud
3155 2662 3214 2701 se
3276 2647 3602 2703 custoditum
3680 2662 3803 2704 esse

2195 2741 2479 2801 testantur,
2526 2736 2577 2790 in
2606 2735 2693 2790 illa
2744 2737 3009 2793 sententia
3067 2737 3289 2795 minime
3337 2738 3505 2798 fuisse
3553 2742 3806 2813 proposi-

2195 2837 2330 2882 tum.
2388 2828 2567 2884 Potuit
2596 2830 2740 2883 enim
2799 2830 2933 2897 fieri,
2993 2841 3049 2885 ut
3097 2832 3334 2887 Romana
3383 2833 3666 2904 synodus,
3714 2834 3803 2890 cui

2193 2919 2527 2976 Melchiades
2551 2931 2800 2992 praeerat,
2844 2939 2950 2979 non
2993 2940 3152 2981 unam
3204 2925 3255 2980 in
3283 2926 3547 2993 ecclesiis,
3580 2929 3637 2983 in
3682 2928 3804 2999 qui-

2194 3011 2291 3065 bus
2330 3010 2437 3066 duo
2485 3021 2667 3067 essent
2719 3014 2992 3083 episcOpi,
3045 3016 3431 3086 componenda:
3476 3018 3624 3088 pacis
3658 3019 3801 3074 viam

2192 3104 2473 3175 panderet.
2527 3105 2640 3162 Hoc
2676 3115 2825 3162 certe
2870 3107 2939 3162 ab
2987 3108 3176 3163 iisdem
3226 3107 3373 3165 Afris
3418 3108 3616 3166 factum
3666 3111 3804 3182 legi-

492 3193 680 3249 tholici
709 3206 832 3265 erga
868 3193 1174 3249 Donatisms
1214 3196 1282 3250 ad
1325 3197 1587 3253 unitatem
1624 3197 1947 3264 redeuntes,
1990 3197 2086 3253 sed
2112 3203 2162 3268 ρ
2194 3212 2347 3261 mus,
2395 3196 2635 3266 quicum
2663 3198 3087 3254 uniusecclesize
3131 3215 3315 3255 curam
3346 3201 3558 3257 duobus
3588 3203 3804 3273 episco-

492 3294 547 3343 et
587 3284 743 3357 longe
788 3295 977 3357 postea
1022 3282 1171 3342 Felix
1200 3276 1266 3355 ll,
1318 3304 1485 3359 papa,
1538 3296 1595 3345 ut
1633 3289 1984 3345 ecclesiarum
2016 3287 2087 3345 ob

494 3381 675 3436 Acacii
717 3392 932 3451 causam
976 3380 1266 3436 scissarum
1306 3377 1821 3453 rediutegrationem
1865 3382 2087 3453 expedi-

494 3474 688 3531 tiorem
741 3472 1147 3546 facilioremque
1200 3474 1492 3543 redderet,
1550 3494 1570 3529 ‹
1608 3476 1802 3544 nobis,
1838 3498 1856 3530 ι
1916 3477 2090 3548 inquit

493 3569 652 3640 epist.
683 3568 774 3638 l2,
798 3566 865 3625 ad
898 3564 1181 3636 Flavitam,
1212 3585 1271 3626 n.
1302 3570 1355 3638 4,
1390 3591 1409 3624 ι
1447 3570 1556 3627 Deo
1584 3570 1880 3643 inspirante
1908 3572 2088 3644 provi-

494 3663 638 3719 suris
680 3662 1139 3719 rationabiliter...
1178 3671 1235 3717 ut
1278 3678 1465 3719 eorum
1516 3678 1656 3737 quos
1698 3664 1966 3722 ordinavit
2006 3663 2089 3721 vel

494 3755 783 3826 baptizavit
818 3754 1045 3811 Aeacius
1066 3798 1081 3824 ,
1114 3755 1259 3810 salva
1290 3755 1635 3812 confessione
1659 3756 1924 3811 catholica
1945 3798 1960 3822 ,
1995 3770 2091 3825 pro

495 3846 772 3903 charitatls
825 3846 1085 3904 Ecclesiae
1142 3847 1599 3918 redintegratione
1652 3846 1785 3902 nihil
1845 3855 2083 3917 pereat.»

494 3941 648 4009 Quod
686 3941 903 4013 quidem
930 3940 1093 3996 illaesa
1122 3939 1228 3996 fide
1272 3938 1537 4012 indulgeri
1571 3953 1729 4010 posse
1755 3938 1871 3995 Afri
1903 3937 2090 3994 catho-

495 4034 582 4091 lici
605 4036 660 4091 in
680 4035 930 4108 epistola,
959 4048 1079 4105 qua:
1099 4033 1403 4090 collationis
1428 4032 1871 4105 Carthaginensis
1900 4032 2089 4104 cogni-

494 4128 625 4184 tioni
658 4128 710 4194 l,
740 4142 859 4199 cap.
896 4127 985 4192 l6,
1019 4128 1220 4183 inserta
1258 4136 1379 4196 est,
1425 4126 1526 4183 hac
1563 4128 1772 4182 ratione
1810 4126 2086 4197 probant:

500 4236 519 4272 ι
556 4218 741 4290 Neque
767 4219 912 4276 enim
936 4220 989 4275 in
1018 4218 1098 4275 eis
1123 4219 1320 4274 divina:
1344 4228 1683 4274 sacramenta
1707 4217 1968 4284 veritatis,
1995 4216 2091 4273 sed

493 4321 798 4370 commenta
826 4312 1045 4368 humani
1075 4311 1405 4368 detestamur
1431 4311 1661 4378 erroris;
1694 4309 1892 4383 quibus
1916 4310 2093 4366 subla-

495 4407 564 4461 tis
589 4449 602 4475 ,
646 4405 944 4462 fraternum
980 4412 1166 4476 pectus
1192 4404 1569 4474 amplectimur
1593 4404 1899 4461 Christiana
1933 4403 2091 4460 nobis

2190 3290 2273 3360 pis
2298 3289 2457 3346 simul
2477 3290 2887 3359 permittendam
2912 3293 3340 3363 proposuissent,
3366 3292 3468 3349 hoc
3483 3294 3712 3350 alterum
3732 3295 3802 3353 de

2189 3379 2400 3437 duobus
2416 3380 2733 3437 amovendis
2746 3382 2924 3437 statim
2940 3383 3229 3453 subjiciunt
3244 3402 3290 3439 :s
3303 3382 3468 3441 Autsi
3485 3384 3802 3443 forteChri-

2191 3472 2349 3529 stiani
2373 3472 2552 3542 populi
2579 3472 2801 3543 singulis
2817 3473 3154 3530 delectantur
3166 3476 3458 3547 episcopis,
3483 3486 3540 3533 et
3564 3476 3801 3534 duorum

2190 3565 2547 3634 consortium,
2578 3565 2832 3623 inusitata
2860 3572 3040 3624 rerum
3072 3567 3231 3634 facie,
3263 3569 3496 3625 tolerare
3533 3585 3643 3625 non
3676 3585 3804 3641 pos—

2189 3667 2317 3717 sunt
2352 3675 2367 3715 :
2399 3660 2616 3731 utrique
2666 3660 2733 3715 de
2764 3659 2945 3715 medio
2972 3660 3311 3729 secedamus,
3345 3670 3401 3721 et
3438 3662 3713 3732 ecclesiis,
3746 3662 3803 3719 in

2190 3754 2421 3825 singulis
2458 3753 2712 3811 damnata
2753 3753 3060 3820 schismatis
3101 3771 3284 3823 causa,
3336 3757 3391 3811 in
3445 3758 3661 3815 unitate
3709 3773 3808 3830 pa-

2190 3844 2344 3900 cifica
2372 3846 2680 3905 constitutis
2698 3885 2714 3911 ,
2745 3846 2813 3901 ab
2836 3845 2919 3901 his
2944 3847 3033 3916 qui
3065 3847 3261 3919 singuli
3318 3849 3372 3903 in
3407 3851 3662 3909 ecclesiis
3689 3854 3807 3909 sin-

2191 3935 2333 4008 gulis
2372 3937 2748 4002 invenientur,
2796 3939 2986 3995 unitati
3016 3939 3169 3996 facta
3203 3956 3297 4011 per
3335 3942 3454 3999 loca
3487 3949 3805 4004 necessaria

2191 4027 2590 4084 constituantur
2620 4028 2882 4099 episcopi.
2927 4049 2944 4082 ι
2998 4030 3130 4099 Qua:
3174 4033 3337 4089 verba
3369 4034 3706 4107 Augustinus
3751 4041 3807 4094 in

2197 4119 2502 4184 Breviculo,
2551 4118 2675 4175 coll.
2724 4120 2910 4193 primm
2938 4120 3083 4187 diei,
3127 4116 3246 4194 cap.
3283 4124 3338 4190 5,
3367 4126 3447 4182 sic
3477 4130 3801 4187 summatim

2194 4210 2396 4277 reddit,
2423 4220 2637 4281 pactum
2666 4224 2787 4267 esse
2813 4227 2843 4266 a
2874 4212 3158 4270 catholicis
3197 4214 3424 4283 docens,
3456 4226 3519 4273 ut
3551 4237 3573 4273 s
3617 4222 3664 4276 si
3697 4221 3810 4292 ple-

2196 4304 2293 4361 bes
2321 4303 2457 4361 duos
2481 4304 2531 4360 in
2556 4319 2659 4361 una
2690 4305 2922 4361 ecclesia
2948 4307 3236 4379 episcopos
3249 4308 3397 4367 ferre
3421 4327 3531 4368 non
3552 4324 3807 4385 possent,

2199 4396 2444 4468 utrisque
2466 4396 2535 4452 de
2549 4396 2731 4453 medio
2752 4397 3156 4467 recedentibus,
3177 4401 3375 4473 singuli
3393 4406 3805 4464 constitueren-

493 4498 761 4557 charitate
804 4498 1174 4571 coniunctum.
1201 4518 1218 4552 ι
1252 4499 1512 4556 Eaindem
1557 4499 1821 4556 rationem
1856 4498 2095 4572 pluribus
2199 4496 2287 4545 ιιιι·
2312 4488 2577 4559 episcopi.
2605 4489 2675 4545 ab
2702 4489 2783 4545 eis
2810 4489 3080 4561 episcopis
3107 4493 3389 4550 ordinandi
3409 4536 3426 4562 ν
3473 4497 3570 4566 qui
3601 4498 3656 4554 in
3693 4500 3809 4556 suis

493 4593 723 4664 explicat
748 4603 803 4649 et
841 4593 1073 4648 illustrat
1103 4593 1421 4649 Anastasius
1453 4590 1516 4659 ll,
1550 4607 1720 4664 papa,
1754 4592 1995 4648 scribens
2026 4588 2094 4646 ad
2123 4595 2178 4656 D
2204 4586 2461 4658 plebibus
2492 4588 2690 4658 singuli
2741 4588 3133 4644 invenirentur.
3173 4608 3193 4642 ι
3224 4589 3293 4644 Ει
3322 4590 3386 4644 iis
3414 4590 3639 4659 quidem
3679 4594 3809 4649 novi

491 4686 833 4743 Anastasium
861 4686 1015 4759 imp.,
1047 4703 1103 4741 n.
1135 4687 1189 4743 8.
1222 4685 1323 4743 Ubi
1349 4687 1403 4742 in
1431 4693 1770 4742 antecessum
1796 4700 2092 4755 praemone—
2202 4679 2363 4749 hujus
2396 4681 2805 4749 temperamenti
2833 4690 2959 4735 ante
2991 4682 3361 4737 Arelatensem
3406 4681 3680 4752 synodum
3704 4725 3720 4752 ,
3760 4685 3809 4740 si

492 4795 633 4845 mus,
663 4796 820 4852 quam
844 4778 1038 4835 frustra
1066 4779 1205 4835 idem
1234 4778 1554 4836 Anastasius
1586 4793 1721 4849 papa
1750 4778 1893 4848 apud
1924 4777 2091 4832 llinc-
2198 4788 2313 4829 rem
2342 4787 2405 4827 ex
2440 4772 2630 4828 ordine
2660 4784 2843 4829 narrat
2866 4773 3113 4845 Optatos,
3133 4775 3244 4845 jam
3266 4775 3596 4845 praeluserat
3616 4794 3811 4835 exem-

492 4889 736 4940 marum,
772 4880 902 4929 tom.
932 4887 1006 4941 tt,
1037 4888 1158 4944 pag.
1191 4872 1334 4939 278,
1377 4872 1546 4928 sacris
1588 4870 1888 4926 canonihus
1919 4876 1973 4925 et
1997 4867 2091 4925 de-
2200 4867 2385 4937 plum:
2436 4880 2558 4920 cum
2602 4865 2986 4938 Carthaginem
3044 4870 3194 4924 missi
3245 4868 3356 4924 sint
3392 4868 3701 4928 Eunomius
3753 4884 3811 4929 et

490 4967 653 5024 cretis
694 4965 1039 5024 decessorum
1085 4982 1191 5026 non
1229 4965 1517 5021 convenire
1560 4972 1720 5034 atque
1758 4961 2092 5018 concordare
2195 4956 2496 5029 Olympius,
2527 4958 2617 5028 qui
2642 4959 2856 5013 duobus
2880 4958 3235 5027 indeamotis,
3266 4975 3430 5013 unum
3457 4959 3803 5019 ordinarent.

489 5062 692 5119 idcirco
722 5061 934 5119 dicatur
954 5104 969 5129 ,
1020 5059 1162 5131 quod
1194 5058 1473 5115 ordinatos
1502 5058 1569 5112 ab
1600 5054 1798 5112 Acaclo
1832 5054 2091 5111 damnato
2274 5052 2363 5107 11.
2394 5050 2599 5123 Nempe
2617 5051 2844 5123 Optatos
2858 5053 3058 5117 verbis,
3085 5054 3280 5123 quibus
3308 5054 3630 5113 Melcbiadis
3654 5058 3808 5128 judi-

488 5154 543 5210 in
574 5155 690 5209 suis
719 5153 998 5210 ordinibus
1041 5150 1284 5222 recipere
1328 5164 1435 5204 non
1473 5148 1800 5213 detrectaret
1830 5163 1844 5202 :
1876 5161 1999 5202 eum
2029 5145 2093 5200 il-
2126 5206 2165 5235 .
2200 5146 2343 5202 cium
2374 5145 2614 5202 clausum
2639 5154 2743 5211 est,
2774 5147 2960 5201 relatis
2985 5147 3238 5217 proxime
3266 5146 3522 5218 subjicit;
3543 5166 3564 5202 ι
3591 5149 3808 5207 Sufiicit

489 5245 603 5302 lum
633 5261 696 5302 ea
728 5245 781 5303 in
812 5260 873 5303 re
895 5286 909 5311 ,
957 5250 1013 5300 et
1042 5243 1390 5300 decessorum
1431 5256 1656 5299 suorum
1687 5230 1999 5297 Melchiadis
2029 5253 2093 5296 ac

490 5334 708 5403 Felicis,
740 5347 795 5394 et
823 5335 1077 5393 Afrorum
1127 5333 1363 5393 decretis
1410 5333 1728 5390 obsecutum
1759 5346 1880 5389 esse
1910 5332 2084 5403 palam
2117 5354 2121 5358 λ

491 5428 582 5483 sit.

576 5520 629 5575 9.
683 5519 923 5578 Tertium
973 5521 1163 5577 imitati
1215 5528 1341 5579 sunt
1378 5518 1617 5577 Africani
1671 5517 1930 5589 episcopi,
1992 5533 2089 5589 per

489 5611 801 5686 epistolam,
826 5627 946 5684 quin
964 5608 1271 5671 collationis
1285 5611 1759 5683 Carthaggeognit.
1785 5627 1825 5677 ι,
1843 5625 1968 5682 cap.
1994 5612 2083 5677 l6,

490 5707 692 5763 inserta
734 5716 838 5773 est,
885 5721 1113 5777 musque
1159 5705 1299 5777 apud
1330 5704 1684 5777 Augustinum
1708 5710 1884 5761 exstat
1923 5704 2083 5775 epist.

497 5799 622 5869 128,
656 5799 946 5858 Donatistis
971 5799 1326 5872 pollicentes,
1359 5814 1455 5857 eos
1484 5814 1515 5855 a
1542 5813 1599 5855 se
1619 5840 1632 5865 ,
1684 5797 1729 5853 si
1756 5797 1990 5855 convicti
2018 5797 2085 5857 ad

2202 5256 2331 5312 ergo
2355 5250 2407 5296 et
2430 5243 2693 5296 Donatum
2713 5249 2789 5295 tot
2808 5238 3096 5295 sententiis
3113 5252 3430 5309 percussum
3447 5254 3595 5306 esse,
3623 5243 3808 5299 etCae-

2204 5337 2455 5390 cilianum
2479 5334 2843 5408 tantojudicio
2864 5348 2987 5390 esse
3002 5343 3309 5404 purgatum.
3330 5333 3399 5389 Et
3416 5341 3599 5390 tamen
3623 5336 3806 5391 Dona-

2192 5435 2282 5482 tus
2311 5425 2694 5496 appellandum
2726 5441 2848 5482 esse
2875 5428 2942 5483 ab
2984 5426 3260 5497 episcopis
3291 5424 3544 5483 credidit.
3574 5446 3594 5480 ›
3619 5425 3724 5484 Ubi
3754 5429 3801 5484 si

2192 5518 2486 5588 appellatio
2515 5534 2545 5572 a
2573 5517 2886 5573 Melchiadis
2912 5518 3184 5574 sententia
3217 5517 3511 5583 indicatur,
3546 5516 3614 5572 ad
3640 5534 3800 5574 eam-

2193 5611 2318 5669 dem
2368 5612 2596 5671 attinere
2627 5611 2857 5680 videtur,
2891 5613 3032 5684 quod
3065 5611 3204 5668 idem
3236 5609 3462 5682 Optatus
3486 5610 3798 5670 subnectit:

2202 5725 2221 5759 ι
2256 5705 2336 5762 Ad
2374 5721 2534 5779 quam
2584 5705 3003 5779 appellationem
3052 5703 3438 5761 Constantinus
3495 5702 3801 5777 imperator

2192 5800 2272 5859 sic
2314 5799 2596 5871 respondit
2627 5817 2644 5857 :
2675 5800 2721 5858 0
2750 5800 2937 5858 rabida
2980 5798 3180 5857 furoris
3225 5798 3480 5856 audacia!
3536 5799 3694 5858 Sicut
3744 5803 3802 5866 in
