4172 6202
426 308 497 366 57
1250 320 1665 386 MELGIIIADIS
1702 330 2021 392 JUDIL‘IUM
2061 335 2483 400 DONATISTAE
2521 340 2908 407 BESPUUNT.
3658 371 3728 430 38

424 424 604 479 causis
656 424 950 484 Gentilium
988 429 1105 488 ileri
1133 438 1355 506 assolet,
1389 444 1807 513 appellationem
1862 450 2027 506 inter-

423 528 742 586 posuerunt.
772 516 978 578 Eodem
1010 534 1256 599 tempore
1285 532 1425 587 idem
1457 535 1695 593 Donatus
1727 542 1880 611 petiit
1902 586 1916 610 ,
1969 552 2025 600 ut

422 609 471 661 ei
506 610 702 664 reverti
735 611 975 670 licuisset
1000 618 1107 686 (ita
1137 622 1494 680 ms.German.
1519 627 1558 699 ),
1593 645 1693 686 nec
1711 609 1775 687 ad
1794 632 2021 691 Cartha-

422 699 599 770 ginem
631 702 939 759 accederet.
966 706 1120 764 Tunc
1160 726 1189 765 a
1217 711 1491 772 Filumino
1513 719 1875 793 suffragatore
1894 740 2024 798 sng—

420 800 629 861 gestum
672 803 777 859 est,
810 805 864 852 ut
890 798 1036 854 bono
1066 803 1215 872 pacis
1242 805 1566 866 Ctecilianus
1595 811 1792 877 Brixiae
1820 818 2024 874 retine-

420 892 573 940 retur
601 903 615 938 :
644 895 699 942 et
718 886 920 945 factum
953 904 1059 947 est.
1104 895 1255 952 Tune
1284 899 1392 956 duo
1420 902 1660 975 episcOpi
1690 907 1756 962 ad
1786 908 2023 966 Africam

422 978 576 1034 missi
603 989 761 1049 sunt,
791 982 1094 1043 Eunomius
1123 1000 1177 1045 et
1201 990 1518 1065 Olympius:
1552 1006 1611 1053 ut
1634 1003 1858 1058 remotis
1885 1003 2025 1060 duo-

422 1070 527 1126 bus
552 1088 716 1130 unum
754 1076 1099 1136 ordinarent.
1151 1084 1429 1143 Venerunt
1464 1099 1518 1146 et
1567 1094 1710 1162 apud
1744 1093 2025 1169 Carthagi-

420 1179 581 1221 nem:
612 1167 829 1225 fuerunt
848 1187 944 1243 per
962 1172 1082 1230 dies
1104 1177 1176 1233 40
1202 1219 1217 1244 ,
1244 1189 1300 1234 ιιι
1324 1186 1736 1252 pronuntiarent
1762 1191 1851 1245 ubi
1880 1167 2025 1248 esset

421 1258 707 1316 catholica.
740 1262 852 1320 Hoc
883 1266 1140 1324 seditiosa
1172 1285 1297 1342 pars
1344 1274 1535 1332 Donati
1567 1277 1686 1335 ﬁeri
1724 1297 1881 1351 passa
1916 1298 2021 1339 non

418 1359 522 1407 est.
555 1353 631 1407 De
656 1354 841 1412 studio
869 1360 1101 1427 partium
1130 1364 1391 1435 strepitus
1421 1371 1724 1438 quoddiaui
1772 1385 1899 1431 sunt
1927 1376 2023 1430 ha-

420 1445 536 1500 biti.
586 1446 891 1507 Novissima
948 1460 1218 1515 sententia
1285 1467 1600 1523 eorumdem
1643 1470 2020 1543 episcoporum

417 1535 669 1595 Eunomii
700 1551 754 1597 et
799 1542 1039 1616 Olympii
1078 1550 1203 1606 talis
1252 1552 1467 1625 legitur,
1521 1567 1579 1613 ut
1606 1535 1851 1617 dicerent
1876 1563 2020 1620 illam

414 1644 540 1686 esse
565 1632 912 1705 catholicam,
938 1655 1058 1708 qum
1081 1653 1230 1699 esset
1259 1646 1312 1702 in
1340 1657 1453 1705 toto
1480 1652 1612 1708 orbe
1635 1660 1903 1711 terrarum
1926 1700 1939 1724 ,
1966 1668 2023 1715 et

419 1812 726 1872 Melchiadis
749 1829 796 1873 et
817 1823 1121 1897 sociorum),
1144 1827 1257 1898 jam
1282 1812 1487 1890 dudum
1517 1812 1696 1894 datam
1725 1812 1831 1897 non
1858 1858 2018 1914 posse
2050 1852 2098 1917 Β

411 1911 656 1969 dissolvi.
693 1934 712 1968 ι
745 1917 854 1974 Sed
875 1922 1294 1992 appellationem
1327 1931 1396 1986 ab
1430 1929 1627 2003 Optato
1657 1940 1829 1993 notari
1847 1911 2017 2011 ,—quae

411 2008 731 2067 Arelatense
758 2014 1048 2072 concilium
1092 2022 1344 2092 excepit,
1378 2033 1433 2080 et
1460 2026 1526 2083 ad
1565 2027 1651 2096 id,
1702 2033 1845 2102 quod
1897 2008 2017 2106 post

410 2095 554 2153 idem
590 2102 882 2160 concilium
915 2111 1159 2181 contigit,
1189 2113 1456 2184 reliquam
1498 2122 1862 2178 narrationem
1895 2140 2018 2196 per-

412 2188 586 2246 tinere
611 2189 739 2248 hinc
784 2196 941 2264 plane
969 2201 1127 2257 nobis
1165 2215 1245 2259 est
1277 2220 1633 2276 persuasum:
1671 2213 1724 2269 i°
1750 2188 2017 2286 quod-su-

413 2284 627 2353 periora
654 2285 998 2347 Constantini
1050 2294 1250 2361 verba,
1291 2316 1310 2351 ε
1359 2298 1405 2354 Ο
1448 2303 1629 2359 rabida
1674 2284 1871 2363 furoris
1917 2324 2015 2364 au-

410 2373 598 2430 dacia!
622 2376 773 2434 Sicut
804 2380 857 2435 in
882 2383 1062 2438 causis
1082 2384 1398 2457 Gentilium,
1421 2402 1549 2459 etc.,
1585 2414 1604 2448 ι
1634 2412 1700 2451 ex
1721 2398 2015 2469 Imperato-

412 2467 496 2524 ris
524 2469 682 2540 hujus
707 2474 939 2544 epistola
967 2478 1034 2532 ad
1062 2480 1348 2552 episcopos
1376 2486 1465 2555 qui
1489 2484 1712 2545 Arelate
1743 2467 2013 2549 convene-

415 2569 549 2616 rant
600 2563 755 2635 (apud
788 2564 940 2636 Lab.,
968 2581 1089 2625 tom.
1140 2588 1155 2627 ι
1192 2573 1418 2643 Concil.,
1478 2597 1595 2652 pag.
1656 2582 1818 2653 M31,
1852 2586 1904 2640 ά.
1938 2585 2013 2660 c.)

412 2652 688 2725 descripta
717 2658 827 2713 sint
860 2677 872 2712 :
905 2662 1105 2719 deinde
1133 2666 1277 2736 quod
1307 2670 1662 2741 Augustinus,
1696 2678 1854 2747 epist.
1903 2652 2010 2749 43,

419 2759 477 2798 ιι.
503 2743 595 2814 30,
624 2746 963 2811 Arelatensis
988 2758 1205 2812 concilii
1229 2759 1494 2829 judicium
1525 2773 1581 2820 et
1634 2767 1700 2822 ab
1730 2743 1796 2824 eo
1824 2743 2012 2843 appel;

416 2834 694 2909 lationem,
722 2856 936 2900 necnon
964 2864 1176 2918 mquam
1205 2851 1553 2923 Imperatoris
1584 2834 2013 2932 indignationem

413 2933 524 2992 hoc
559 2938 751 2996 ordine
800 2945 1172 3016 perstringat:
1205 2965 1222 3000 ι
1285 2949 1471 3022 Neque
1529 2955 1672 3010 enim
1715 2972 1879 3013 ausus
1931 2974 2014 3016 eSt

412 3027 741 3089 christianos
769 3035 1069 3105 imperator
1113 3038 1193 3095 sic
1233 3056 1424 3099 eorum
1458 3048 1814 3107 tumultuosas
1836 3061 1891 3107 et
1914 3052 2014 3108 fal-

412 3121 558 3179 laces
585 3126 838 3195 querelas
862 3130 1161 3201 suscipere,
1198 3144 1256 3189 ut
1279 3135 1350 3192 de
1373 3136 1577 3208 judicio
1605 3143 2010 3214 episcoporum,

411 3217 507 3287 qui
552 3218 742 3275 Romae
782 3223 1055 3292 sederant,
1104 3226 1538 3301 ipsejudiearet;
1599 3235 1695 3291 sed
1740 3238 1898 3306 alios,
1953 3248 2014 3296 ut
2043 3224 2089 3314 ᾗ

411 3310 548 3380 dixi,
584 3315 872 3387 episcopos
916 3318 1090 3388 dedit,
1118 3336 1147 3376 a
1178 3324 1373 3394 quibus
1403 3336 1580 3384 tamen
1610 3328 1690 3385 illi
1734 3332 1799 3388 ad
1835 3335 2009 3404 ipsum

408 3421 627 3462 rursum
668 3408 1057 3481 Imperatorem
1103 3425 1407 3486 provocare
1439 3424 1782 3481 maluerunt:
1816 3443 1919 3498 qua
1957 3430 2009 3484 in

405 3514 477 3556 re
498 3501 619 3557 illos
644 3504 1096 3574 quemadmodum
1132 3511 1432 3571 detestetur
1459 3518 1702 3575 audistis.
1730 3540 1748 3574 ι
1785 3522 2009 3578 Postre-

410 3605 512 3646 mo
535 3594 679 3663 quod
703 3594 936 3666 Optatos
966 3599 1280 3658 Melcbiadis
1326 3614 1381 3661 et
1422 3609 1693 3666 sociorum
1748 3614 2011 3672 adversus

406 3686 681 3743 Donatum
702 3692 1022 3748 sententiam
1048 3711 1151 3750 non
1173 3706 1229 3751 ut
1249 3712 1459 3764 recens,
1485 3701 1579 3756 sed
1595 3711 1653 3757 ut
1675 3705 2005 3774 jamdudum

407 3778 677 3852 prolatam
728 3797 1138 3843 commemoret.
1189 3790 1297 3846 Sed
1351 3801 1405 3847 et
1452 3791 1583 3849 illud
1625 3796 2009 3857 observatione

407 3872 653 3941 dignum,
684 3884 742 3930 ut
761 3892 881 3931 cum
906 3889 1028 3948 post
1049 3880 1364 3939 Arelatense
1390 3885 1680 3942 concilium
1708 3890 2006 3949 Eunomius

404 3972 463 4018 et
487 3961 766 4036 Olympius
785 3968 1164 4040 Carthaginem
1206 3973 1273 4028 ad
1302 3975 1572 4033 sedandos
1605 3980 2002 4039 Donatistarum

406 4058 669 4113 tumultus
701 4061 849 4115 missi
880 4062 1099 4129 fuerint,
1126 4067 1272 4121 nulla
1300 4067 1460 4139 hujus
1483 4074 1699 4129 concilii
1727 4078 2006 4135 mentione

404 4148 595 4230 facta,
647 4168 666 4202 ι
697 4155 1016 4209 sententiam
1046 4157 1232 4212 decem
1283 4167 1337 4215 et
1389 4178 1580 4218 novem
1626 4167 2001 4238 episcOporum

408 4220 736 4312 (Helcbiade
788 4243 1039 4317 praeside)
1087 4247 1198 4317 jam
1240 4249 1440 4306 dudum
1473 4220 2002 4329 datauimon'poswse

405 4334 629 4392 dissolvi
666 4355 684 4389 ι
720 4341 1133 4408 pronuntiarint.
1170 4342 1324 4400 Unde
1370 4346 1444 4414 id,
1494 4351 1638 4419 quod
1680 4350 2005 4424 Carthagine

403 4442 707 4499 gesserunt,
760 4448 863 4488 non
912 4444 1018 4489 tam
1069 4452 1133 4491 ex
1187 4439 1523 4496 Arelatensis
1561 4447 1808 4515 concilii,
1841 4462 2002 4518 quam

405 4536 474 4577 ex
508 4524 824 4580 Melchiadis
848 4529 1109 4584 sententia
1137 4532 1372 4600 gessisse
1403 4536 1594 4593 merito
1628 4538 1929 4596 videantur.

2052 452 2106 518 Α
2203 456 2291 511 15.
2326 459 2498 518 Unum
2540 465 2739 535 adhuc,
2771 469 2912 529 unde
2944 470 3226 549 disciplina
3254 481 3620 541 ecclesiastica
3663 489 3727 543 il-

2131 548 2410 623 lustratur,
2444 559 2584 614 circa
2615 566 2940 623 sententiam
2976 548 3308 639 lllelchiadis,
3331 577 3399 633 ab
3426 577 3727 651 Augustino

2127 648 2376 713 Superius
2404 649 2695 720 laudatam,
2729 656 3127 718 observandum
3160 676 3327 722 restat
3353 686 3366 720 :
3396 648 3540 745 quod
3579 672 3730 729 vide-

2128 733 2251 790 licet
2282 739 2333 792 in
2358 741 2786 817 quibuscumque
2829 750 2960 807 locis
3000 753 3107 810 duo
3133 767 3316 814 essent
3344 762 3585 834 episcopi
3609 805 3625 831 ,
3653 765 3728 825 ita

2128 841 2249 881 eum
2278 831 2587 889 conﬁrmari
2624 839 2792 895 voluit
2829 844 2919 913 qui
2972 846 3158 907 fuisset
3191 852 3339 921 prior
3369 831 3666 926 ordinatus,
3700 877 3721 913 ι

2129 931 2184 976 ιιι
2217 930 2391 980 tamen
2429 945 2447 979 ι
2478 931 2631 986 alteri
2658 947 2848 997 eorum
2896 937 3049 1013 plebs
3078 942 3183 999 alia
3219 947 3452 1017 regenda
3476 950 3729 1007 commit-

2130 1023 2355 1075 teretur.
2397 1040 2415 1073 ›
2456 1021 2551 1077 Cui
2580 1024 2791 1096 judicio
2836 1031 2889 1085 in
2946 1031 3358 1107 Carthaginiensi
3414 1044 3723 1115 collatione,

2126 1124 2280 1181 cogn.
2312 1130 2348 1182 ι,
2380 1130 2500 1186 cap.
2537 1116 2625 1186 l6,
2653 1127 3163 1196 congruentesAiri,
3198 1131 3288 1188 ubi
3310 1148 3417 1189 non
3448 1151 3584 1195 unus
3605 1145 3723 1193 tan-

2128 1208 2260 1270 tum,
2294 1204 2390 1259 sed
2418 1215 2473 1261 et
2493 1210 2652 1265 ambo
2669 1214 2930 1287 episcopi,
2964 1221 3271 1287 postulante
3300 1226 3519 1301 populo,
3548 1243 3725 1285 remo-

2125 1293 2285 1349 vendi
2308 1308 2453 1366 sunt,
2480 1301 2706 1373 singulis
2728 1306 2966 1376 singulas
2988 1313 3251 1371 ecclesias
3272 1293 3584 1375 tribuendas
3603 1334 3724 1377 esse

2126 1376 2441 1446 decernunt.
2493 1394 2620 1452 Ideo
2654 1413 2788 1454 vero
2833 1401 2974 1458 istud
3005 1405 3290 1465 observata
3317 1410 3535 1484 dignum
3565 1424 3720 1486 puto,

2125 1481 2251 1551 quia
2294 1483 2577 1544 efﬂuxisse
2609 1488 2734 1547 hinc
2774 1495 2988 1553 videtur
3034 1516 3153 1561 mos
3193 1481 3423 1564 subinde
3455 1481 3720 1581 usitatus,

2123 1575 2408 1649 episc0pos
2434 1582 2523 1651 qui
2550 1600 2579 1638 a
2603 1589 2835 1656 prepriis
2863 1591 3109 1661 plebibus
3136 1606 3228 1653 aut
3253 1614 3360 1659 non
3379 1601 3601 1661 adtuissi
3630 1575 3723 1664 aut

2124 1666 2510 1742 exiiulsisunt,
2560 1676 2625 1730 ad
2664 1678 2797 1736 alias
2849 1684 3108 1743 ecclesias
3155 1689 3533 1753 transferendi.
3590 1695 3723 1754 Inde

2127 1773 2258 1815 sane
2306 1761 2436 1817 nihil
2470 1777 2666 1835 praeter
2697 1773 2971 1845 antiquam
3015 1778 3351 1852 disciplinam
3380 1788 3721 1849 commisisse

2125 1856 2583 1928 comprobantur,
2636 1865 2750 1920 sive
2797 1868 2997 1927 Leonis
3051 1874 3307 1933 decessor
3359 1880 3562 1954 Xystus
3611 1885 3718 1954 ill,

2122 1947 2282 2016 epist.
2339 1950 2410 2017 8,
2467 1968 2590 2009 cum
2641 1956 2958 2030 Perigenem
3012 1964 3360 2027 Patrensibus
3409 1947 3720 2033 ordinatum

2121 2039 2434 2112 epise0pum
2459 2087 2474 2113 ,
2508 2047 2603 2102 sed
2637 2052 2704 2106 ab
2735 2053 2817 2108 his
2845 2069 3174 2130 recusatum,
3197 2062 3514 2123 'Corintbiis
3544 2071 3722 2140 pradi-

2120 2130 2370 2189 ciendum
2397 2143 2607 2195 curavit
2635 2159 2648 2207 ;
2678 2146 2791 2202 sive
2818 2149 3060 2219 ejusdem
3089 2153 3290 2213 Leonis
3317 2173 3605 2219 successor
3633 2164 3719 2221 ﬂi-

2122 2222 2310 2293 larius,
2346 2229 2435 2285 ubi
2464 2232 2720 2304 llermen,
2755 2242 2844 2310 qui
2876 2258 2934 2298 se
2963 2259 2993 2298 a
3021 2244 3421 2307 Biterrensibus
3441 2256 3719 2315 exclusum

2120 2314 2369 2390 dicebat,
2401 2321 2847 2388 Narbonensibus
2892 2351 3126 2407 praeesse
3180 2342 3425 2411 permisit
3464 2344 3484 2419 (
3508 2346 3717 2421 Hilam,

2120 2428 2200 2482 ep.
2252 2414 2333 2486 8),
2363 2431 2456 2474 seu
2485 2419 2721 2480 Joannes
2744 2425 2972 2493 lll,cum
3001 2430 3196 2493 Joanui
3220 2414 3591 2499 Alexandrino
3612 2414 3721 2516 epi-

2121 2520 2287 2578 scopo
2310 2527 2339 2564 e
2366 2516 2885 2587 propria‘civitatate
2906 2526 3131 2596 expulso
3153 2527 3414 2590 Nolanam
3433 2536 3717 2597 ecclesiam

2120 2601 2411 2669 regendam
2450 2607 2671 2664 tradidit
2709 2610 2994 2684 (Liberat.,
3027 2634 3072 2673 ε.
3101 2619 3213 2691 18).
3242 2621 3318 2679 Ea
3349 2623 3466 2696 ipsa
3510 2630 3720 2686 ratione

2120 2706 2411 2753 excusatur
2443 2716 2659 2777 quoque
2682 2704 2930 2776 migratio
2958 2712 3287 2785 Aprunculi,
3319 2717 3441 2789 qui,
3475 2720 3551 2775 uti
3581 2720 3718 2783 Gre-

2119 2786 2304 2855 gorius
2354 2789 2707 2863 Turonensis,
2739 2798 2834 2854 lib.
2864 2817 2901 2859 ιι
2929 2801 2996 2858 de
3025 2803 3206 2865 Geslis
3242 2786 3571 2871 Francorum
3596 2852 3613 2882 ,
3662 2830 3714 2871 c.

2120 2878 2211 2948 95,
2239 2893 2293 2936 et
2314 2882 2596 2955 Baronius,
2628 2892 2695 2947 ad
2724 2908 2923 2953 annum
2952 2897 3092 2964 484,
3145 2900 3409 2976 referunt,
3449 2924 3467 2958 ι
3513 2878 3718 2979 Ιιίῐιεοσ

2120 2974 2256 3030 nicze
2303 2979 2538 3037 civitatis
2588 2986 2895 3059 episcopus,
2960 2991 3102 3061 apud
3148 2974 3561 3068 Burgundiones
3607 3017 3721 3059 cm-

2118 3068 2197 3141 pit
2225 3071 2410 3128 haberi
2439 3089 2725 3148 suspectus
2757 3099 2769 3133 :
2801 3097 3031 3157 cumque
3058 3086 3242 3145 odium
3272 3090 3342 3149 de
3368 3091 3455 3148 die
3490 3095 3544 3151 in
3573 3095 3717 3151 diem

2119 3174 2427 3232 cresceret,
2456 3166 2665 3237 jussum
2711 3183 2796 3231 est
2835 3185 2892 3233 ut
2922 3177 3057 3233 clam
3085 3179 3267 3250 gladio
3299 3180 3572 3245 feriretur.
3600 3187 3719 3256 Quo

2120 3252 2185 3305 ad
2218 3269 2341 3310 eum
2372 3259 2586 3329 perlato
2615 3269 2824 3337 nuntio,
2852 3279 3011 3325 nocte
3036 3285 3065 3326 a
3093 3284 3275 3329 castro
3290 3274 3601 3337 Divioneusi
3623 3295 3719 3349 per

2119 3362 2332 3406 murum
2360 3352 2652 3423 demissus,
2674 3362 2952 3423 Arvernos
2972 3364 3212 3442 advenit,
3232 3367 3414 3441 ibique
3423 3371 3579 3442 juxta
3600 3364 3743 3432 ver?

2116 3438 2244 3495 bum
2274 3442 2552 3505 Domini...
2587 3451 2901 3513 undecimus
2924 3457 3082 3517 datur
3105 3438 3417 3534 episcopus.
3451 3483 3472 3518 ι

2115 3578 2146 3650 ς
2193 3581 2255 3635 γ.
2302 3614 2365 3624 —
2397 3582 2707 3650 Melchiadis
2742 3591 3006 3660 judicium
3055 3594 3342 3655 Donatist
3399 3605 3597 3683 antiqui
3638 3624 3718 3663 re-

2187 3685 2399 3743 spuunt,
2446 3693 2662 3750 eumque
2690 3686 3016 3753 postmodum
3047 3691 3338 3750 traditionis
3362 3695 3608 3755 librorum
3638 3719 3719 3758 re-

2185 3768 2433 3824 centiores
2458 3773 2591 3842 falso
2617 3786 2881 3833 accusant.

2188 3879 2275 3934 14.
2304 3880 2659 3949 Quantumvis
2713 3889 2988 3948 moderata
3019 3893 3184 3952 fuerit
3222 3897 3542 3960 Melcliiadis
3589 3921 3717 3963 sen-

2113 3971 2278 4025 tentia
2303 4016 2318 4041 ,
2350 3974 2645 4035 Donatistis
2677 3988 2879 4041 tamen.
2895 3996 3001 4043 non
3035 3989 3255 4065 placuit.
3299 3990 3368 4050 Hi
3399 3998 3598 4071 quippe
3647 4000 3715 4058 de

2113 4065 2489 4138 episcoporum
2533 4071 2778 4144 judicio,
2834 4078 2885 4134 in
2935 4097 3042 4153 quo
3092 4084 3217 4140 victi
3247 4065 3712 4160 [neraria—statim

2114 4172 2491 4231 murmurare,
2524 4177 2686 4239 atque
2719 4172 2972 4240 precibus
3009 4172 3366 4238 Constantino
3395 4184 3589 4243 oblatis
3615 4204 3714 4244 ex-

2114 4254 2390 4321 postulare
2419 4271 2720 4329 cmpernnt.
2753 4264 2833 4320 An
2864 4265 2983 4324 haec
3008 4284 3197 4327 eorum
3224 4276 3584 4346 eiposlulatio
3613 4296 3714 4351 ap-

2113 4346 2419 4415 pellationis
2447 4355 2664 4413 nomine
2694 4356 2940 4416 donanda
2960 4364 3053 4433 sit,
3074 4381 3264 4434 necne,
3296 4364 3440 4426 inter
3469 4373 3711 4430 eruditos

2112 4438 2464 4512 disceptatur.
2503 4446 2648 4503 Inter
2688 4466 2783 4506 eos
2815 4461 2992 4511 tamen
3042 4460 3296 4517 convenit
3337 4463 3713 4524 schismaticns

2110 4533 2235 4589 illos
2279 4537 2592 4596 Melchiadis
2625 4543 2829 4613 judicio
2877 4564 2985 4604 non
3011 4552 3247 4620 stetisse,
3272 4554 3487 4629 judices
3515 4556 3651 4619 alios
3681 4581 3715 4618 a

480 4615 567 4669 η,
605 4615 723 4672 uno
744 4618 909 4674 verba
938 4620 1265 4677 “eichiades
1282 4640 1342 4679 ea
1363 4629 1631 4684 θεηιεηιίο
1652 4672 1665 4695 ,
1699 4647 1857 4702 quam
1883 4633 1999 4688 Ia“-
2109 4625 2466 4686 Constantino
2499 4631 2791 4705 ﬂagitasse,
2838 4639 3000 4712 idque
3047 4643 3113 4700 ab
3152 4644 3260 4702 illis
3307 4646 3489 4725 inique
3545 4653 3714 4714 fuisse

402 4705 498 4762 dat
525 4708 888 4780 Augustinus,
920 4716 1143 4772 unitatis
1185 4721 1543 4779 resarcieudm
1577 4726 1715 4781 viam
1748 4743 2010 4798 prsimon-

404 4804 601 4855 stravit
632 4821 645 4857 :
679 4804 816 4861 adeo
848 4816 905 4860 ut
936 4807 1182 4865 diversos
1231 4811 1355 4868 illos
1402 4816 1616 4881 modos,
1650 4820 1845 4889 quibus
1891 4824 2007 4880 Afri

401 4894 657 4952 catholici
701 4898 1083 4958 schismaticos
1112 4904 1217 4960 sibi
1246 4907 1538 4964 conciliare
1568 4921 1624 4967 et
1672 4913 1737 4967 ad
1787 4930 2010 4972 concor-

403 4986 557 5041 diam
575 5004 851 5060 revocare,
871 4995 987 5050 sive
1005 4996 1057 5050 in
1070 4997 1382 5066 collatione,
1407 5003 1521 5057 sive
1536 5014 1682 5073 ante,
1709 5013 2005 5079 tentarunt,

404 5088 664 5150 spectare
703 5085 859 5142 liceat
886 5089 1057 5145 veluti
1083 5092 1329 5149 diversos
1375 5095 1551 5154 aditus
1596 5101 1835 5169 pacilicw
1887 5104 2004 5174 ejus

401 5172 532 5237 viae,
564 5190 720 5245 quam
748 5178 1077 5239 Melchiades
1101 5183 1207 5240 illis
1232 5198 1538 5256 aperuerat.
1558 5190 1679 5261 ipse
1708 5172 1929 5250 clericis
1947 5205 2004 5252 et

398 5269 718 5342 episcopisa
744 5275 1038 5335 schismate
1064 5281 1443 5339 recedentibus
1467 5287 1666 5356 gradus
1692 5296 1745 5342 et
1768 5287 2003 5347 honores

397 5379 531 5419 suos
572 5380 667 5434 per
697 5367 1084 5440 indulgentiam
1143 5375 1431 5441 servando,
1482 5379 1857 5446 gravissimum
1908 5399 1998 5439 re-

396 5456 709 5513 SIaurandai
735 5461 884 5529 pacis
904 5463 1134 5517 removit
1156 5464 1620 5535 impedimentum.
1643 5469 1842 5526 Deinde
1870 5488 2000 5531 vero

393 5547 517 5603 Afri
544 5564 732 5618 pacem
766 5551 868 5609 hac
890 5555 974 5609 via
1012 5555 1216 5623 initam,
1255 5558 1421 5613 variis
1450 5560 1647 5627 modis,
1672 5562 1765 5632 qui
1793 5564 1860 5621 ab
1906 5565 1999 5619 illa

392 5656 510 5699 non
547 5644 890 5712 recedebant,
934 5659 1337 5718 coagmentare,
1368 5663 1527 5721 prout
1577 5661 1787 5725 tempus
1817 5657 2000 5728 exige-

390 5734 525 5805 bat,
557 5736 901 5795 studuerunt.
944 5740 1060 5808 Qua
1109 5740 1177 5798 de
1222 5759 1281 5799 re
1309 5743 1430 5800 vide
1456 5750 1509 5800 et
1536 5741 1790 5802 Codicem
1830 5758 1996 5804 cano-

390 5843 529 5888 num
562 5830 698 5887 ccci.
732 5830 921 5904 Atrio,
958 5848 1006 5891 c.
1038 5833 1139 5891 117
1169 5844 1222 5893 et
1253 5834 1375 5894 118.

2115 4723 2466 4789 postulatum.
2492 4725 2872 4787 Obtendebant
2890 4734 3164 4805 nimirum,
3199 4723 3711 4813 paucos'admodum

2114 4816 2403 4887 episcopos
2433 4824 2757 4879 sententiam
2799 4828 3006 4897 tulisse,
3036 4835 3146 4904 Qqui
3185 4852 3284 4892 nec
3313 4838 3562 4897 omnibus
3591 4859 3712 4914 qua:

2112 4910 2263 4978 prius
2296 4912 2491 4984 inquiri
2517 4919 2804 4997 oportebat
2833 4921 3120 4994 diligenter
3142 4926 3406 4998 excussis,
3431 4924 3497 4989 ad
3513 4910 3709 5006 dep—ro;

2115 5003 2372 5059 mendum
2414 4992 2676 5079 judicium
2724 5020 3083 5086 preperaiiter
3132 5024 3508 5082 accessissent.
3560 5024 3713 5087 Hanc

2112 5106 2279 5151 unam
2324 5101 2591 5158 rationem
2624 5104 2699 5158 illi
2739 5115 2866 5164 tunc
2914 5111 3306 5185 praetexebant,
3348 5127 3405 5172 ut
3452 5118 3711 5181 Romana:

2111 5189 2306 5258 synodi
2336 5190 2601 5261 judicium
2648 5196 3018 5257 detrectarent
3050 5222 3061 5257 :
3111 5223 3211 5261 nec
3241 5206 3400 5262 aliam
3445 5208 3714 5271 memorat

2107 5279 2498 5342 Constantinus
2521 5287 2573 5342 in
2598 5304 2659 5344 ea
2686 5292 2935 5363 epistola,
2962 5310 3063 5371 qua
3088 5298 3348 5366 plurimos
3374 5316 3442 5357 ex
3474 5302 3708 5361 diversis

2108 5390 2172 5430 ac
2203 5392 2368 5449 prope
2392 5377 2617 5437 inﬁnitis
2652 5383 2787 5440 locis
2815 5386 3100 5459 episcopos
3127 5390 3178 5445 in
3212 5390 3399 5450 urbem
3426 5395 3705 5453 Arelaten-

2107 5484 2224 5524 sem
2256 5475 2549 5531 convenire
2575 5477 2819 5551 ejusdem
2872 5482 3050 5536 causa}
3082 5482 3335 5543 ﬁniendae
3365 5490 3537 5561 gratia
3568 5507 3707 5567 prte-

2105 5563 2343 5635 cipiebat
2372 5565 2636 5640 (August.,
2670 5571 2818 5643 epist.
2843 5572 2967 5649 105,
3002 5592 3053 5631 η.
3079 5575 3132 5641 8;
3167 5578 3370 5657 Uptat.,
3399 5563 3703 5653 lib.t;Con-

2106 5659 2380 5731 stantium,
2406 5660 2549 5731 apud
2576 5659 2764 5720 Euseb.
2798 5665 2833 5720 l.
2887 5674 2942 5733 ﬁ,
2986 5685 3032 5725 ε.
3064 5668 3140 5740 5).
3175 5660 3253 5728 Ex
3286 5690 3407 5746 'quo
3436 5672 3704 5748 colligitur

2106 5744 2405 5808 Donalistis
2435 5768 2540 5809 non
2576 5755 2752 5813 solum
2783 5766 2910 5815 ante
2936 5761 3226 5820 concilium
3256 5759 3578 5833 Romanum,
3607 5769 3703 5824 sed

2107 5846 2351 5913 etpost,
2385 5850 2500 5903 toto
2543 5847 2751 5904 scilicet
2799 5852 3083 5910 intervallo
3114 5856 3204 5912 illo
3248 5856 3392 5929 quod
3432 5856 3572 5918 inter
3598 5860 3702 5923 hoc
