4172 6202
454 300 523 358 59
1292 296 1384 355 DE
1419 293 1761 354 DECRETIS
1799 289 2182 350 MELCHIADI
2221 289 2422 350 ΡᾹΡᾹΞ
2461 294 2893 354 ATTRIBUTIS.
3681 294 3753 348 ω

417 425 613 495 ,θυμω
637 413 948 472 Arelatense
972 411 1258 470 concilium
1282 412 1624 477 intercessit,
1677 411 1898 466 minime
1943 424 2041 463 ve-
2072 411 2124 470 Α
2149 410 2600 479 quemadmodum
2653 413 2791 468 inter
2836 409 3111 482 apostolos
3154 411 3263 467 duo
3305 409 3492 467 Jacobi
3538 409 3754 481 duoque

455 508 601 564 nisse
628 508 681 563 in
710 518 967 573 mentem,
1010 517 1067 561 ut
1093 506 1443 562 Melchiadem
1471 506 1699 561 crimine
1742 505 2046 560 traditionis

454 615 731 656 sacrorum
763 600 1021 655 librorum
1052 582 1366 669 arguerent.

454 697 466 746 i
531 691 616 748 15.
639 691 695 746 ld
718 703 846 746 vero
872 689 1211 759 postmodum
1234 692 1549 754 commenti,
1578 687 2048 745 nonMelchiadem

453 784 626 840 Solum
656 825 670 848 ,
721 781 815 838 sed
870 783 1031 837 etiam
1082 781 1490 847 Marcellinum,
1544 782 1854 837 Marcellum
1889 790 2052 851 atque

455 875 776 932 Silvestrum
805 873 1046 945 ejusdem
1076 874 1324 929 criminis
1352 875 1715 945 postularunt.
1751 875 1831 929 Ex
1853 874 1969 944 'quo
2001 882 2056 927 et

459 969 596 1024 hanc
623 968 949 1023 calumniam
978 966 1049 1022 ab
1077 966 1158 1021 eis
1183 976 1307 1021 ante
1334 965 1581 1021 Silvestri
1616 981 1766 1036 papa:
1812 976 2054 1034 tempora

438 1062 815 1133 excogitatam
869 1076 975 1116 non
1028 1060 1194 1116 fuisse
1239 1060 1382 1115 haud
1439 1071 1643 1115 temere
1694 1060 2054 1129 suSpicemur.

458 1155 714 1223 Quamvis
764 1153 907 1209 enim
961 1153 1062 1207 hoc
1108 1152 1259 1208 nefas
1305 1167 1335 1206 a
1375 1152 1630 1208 Marcello
1663 1194 1677 1219 ,
1738 1150 2057 1215 Melcltiade,

462 1250 746 1313 Silvestre,
779 1263 900 1302 cum
947 1246 1123 1302 adhuc
1151 1245 1445 1301 Marcellini
1495 1244 1797 1316 presbyteri
1854 1252 2056 1309 essent,

461 1347 831 1413 perpetratum
864 1336 1032 1393 fuisse
1062 1336 1304 1392 dixerint
1332 1355 1343 1388 :
1375 1322 1535 1392 nemo
1569 1346 1746 1391 tamen
1777 1349 1883 1389 non
1918 1334 2065 1388 videt

466 1436 566 1487 hoc
593 1445 708 1499 eos,
760 1439 815 1485 ut
861 1429 1174 1500 apostolicm
1205 1428 1318 1482 sedi
1364 1426 1547 1482 odium
1596 1441 1756 1496 atque
1807 1424 2063 1479 invidiam

463 1526 734 1589 facerent,
763 1521 989 1591 ejusque
1036 1520 1298 1575 adversus
1326 1534 1387 1574 se
1412 1519 1790 1575 auctoritatem
1822 1516 2066 1571 declina-

466 1624 624 1680 rent,
676 1612 1044 1682 excogitasse;
1076 1611 1320 1681 adeoque
1347 1619 1403 1665 et
1424 1620 1710 1680 postquam
1755 1608 2063 1672 Marcellus,

467 1705 795 1763 Mclchiades
822 1720 887 1760 ac
918 1704 1180 1759 Silvester
1204 1702 1449 1774 ejusdem
1494 1702 1639 1757 sedis
1682 1701 1944 1771 dignitate
1973 1700 2068 1754 de-

466 1803 635 1857 corati
658 1801 769 1869 jam
797 1798 1047 1856 fuissent.

553 1894 634 1949 16.
683 1893 852 1948 Immo
874 1909 937 1946 ex
964 1891 1245 1962 Augustini
1280 1890 1458 1945 verbis
1488 1889 1539 1943 in
1571 1887 1853 1943 breviculo
1902 1888 2071 1943 colla-

470 1987 631 2042 tionis
661 2001 782 2041 cum
820 1985 1133 2049 Donatistis,
1154 1999 1275 2053 cap.
1300 1983 1386 2047 18,
1411 1983 1745 2052 intelligitur,
1770 1980 2073 2035 Donatistas

470 2083 521 2136 in
593 2081 882 2136 collatione
953 2076 1368 2147 Carthaginiensi
1422 2075 1652 2145 primum
1712 2073 1764 2129 id
1823 2072 2068 2128 criminis

472 2171 755 2228 Melchiadi
808 2170 1149 2241 imposuisse.
1189 2187 1209 2218 ‹
1239 2169 1370 2224 Cum
1400 2167 1544 2221 enim
1589 2181 1681 2219 eos
1724 2164 2076 2234 compulisset

472 2268 752 2337 Cognitor,
785 2284 803 2317 ι
843 2264 1015 2332 inquit
1042 2261 1401 2333 Augustinus,
1441 2278 1458 2311 ‹
1492 2269 1754 2314 utcontra
1784 2258 2072 2314 concilium

467 2359 836 2430 judiciumque
889 2354 1230 2421 Melcbiadis,
1286 2368 1393 2424 quo
1446 2351 1766 2409 Cmcilianus
1819 2359 2075 2420 purgatus

472 2462 635 2522 atque
667 2450 949 2505 absolutus
978 2448 1273 2519 legebatur,
1301 2447 1345 2500 si
1379 2444 1640 2499 haberent
1666 2442 1889 2513 aliquid,
1921 2441 2073 2497 dice-

475 2555 634 2610 rent;
688 2554 813 2599 tunc
858 2542 1150 2598 Donatistae
1182 2540 1357 2612 ipsum
1390 2537 1746 2593 Melchiadem
1793 2547 2078 2606 coeperunt

476 2639 780 2695 traditionis
804 2652 1053 2708 arguere,
1077 2643 1132 2691 et
1154 2634 1337 2690 dicere
1366 2632 1600 2702 majores
1630 2644 1758 2685 suos
1783 2616 2074 2700 propterea

475 2734 626 2789 illius
648 2733 910 2804 judicium
938 2730 1224 2801 refugisse.
1258 2748 1277 2781 ›
1309 2728 1454 2782 Istud
1483 2726 1820 2780 affirmantes
1852 2721 2075 2778 menda-

476 2827 544 2882 cii
566 2826 890 2883 convincere
916 2822 1136 2879 diflicile
1167 2821 1457 2877 admodum
1487 2834 1594 2874 non
1619 2827 1737 2874 erat
1762 2833 1776 2871 :
1808 2816 2073 2887 siquidem

479 2920 714 2990 majores
782 2916 1000 2972 illorum
1057 2913 1370 2971 Melchiadis
1416 2912 1619 2983 judicio
1668 2921 1813 2966 stare
1864 2910 2079 2963 detrec-

486 3022 680 3080 tantes,
736 3011 867 3067 nihil
914 3024 1167 3082 umquam
1224 3007 1533 3078 hujusmodi
1588 3006 1641 3059 in
1689 3002 1939 3076 precibus
1966 3001 2078 3057 suis

482 3108 832 3179 przetexuisse
881 3102 1385 3173 deprehenduntur.
1436 3100 1638 3156 Verum
1670 3098 1792 3169 quia
1828 3112 1939 3151 rem
1970 3110 2074 3149 non

483 3167 758 3271 Cognitori
809 3167 1007 3265 solum,
1057 3195 1154 3251 sed
1201 3204 1256 3250 et
1305 3194 1437 3265 ipsis
1464 3167 1759 3248 Catholicis
1785 3189 2075 3245 inauditam
2104 3167 2150 3231 (ἶ

479 3291 834 3361 objiciebant;
867 3291 986 3345 ideo
1022 3306 1041 3340 ‹
1074 3287 1215 3343 facto
1245 3286 1426 3357 judice
1459 3286 1687 3352 intento,
1723 3294 1976 3337 utrumne
2010 3281 2078 3333 de

485 3384 792 3441 traditionis
840 3381 1067 3438 crimine
1110 3379 1326 3451 aliquod
1373 3379 1633 3450 judicium
1682 3377 1762 3432 vel
1805 3375 2076 3447 publicum

482 3480 567 3536 vel
596 3478 1026 3536 ecclesiasticum
1051 3476 1409 3547 proferretur,
1442 3473 1682 3545 ipsisque
1707 3468 1999 3526 Catholicis
2026 3465 2079 3521 id

483 3583 540 3629 ut
589 3574 910 3646 probaretur
938 3568 1376 3641 exspectantibus
1423 3578 1478 3623 et
1521 3565 1898 3636 exigentibus,
1934 3563 2080 3632 lege-

482 3676 609 3722 runt
660 3666 957 3722 Donatista:
1008 3672 1157 3734 gesta
1211 3662 1455 3732 quaedam
1516 3658 1879 3731 prolixissima
1938 3654 2080 3726 apud

482 3758 799 3831 praefectum
826 3797 841 3822 ,
878 3754 969 3809 ubi
1000 3769 1100 3809 nec
1130 3753 1417 3823 praefectus
1461 3753 1576 3823 ipse
1605 3749 1909 3821 cujusmodi
1936 3756 2082 3802 esset

485 3850 800 3922 apparebat,
831 3864 932 3905 nec
977 3849 1128 3903 locus
1169 3848 1448 3918 legebatur
1475 3844 1564 3899 ubi
1594 3842 1709 3897 haec
1738 3840 2033 3910 agebantur
2065 3856 2077 3891 :

485 3943 578 3999 sed
624 3952 778 4016 gesta
824 3942 941 4014 ipsa
988 3941 1187 3996 multos
1217 3938 1384 3994 multa
1411 3933 1777 3993 ecclesiastica
1807 3930 2083 3986 tradentes

484 4037 797 4110 longissima
843 4034 1161 4091 recitatione
1208 4039 1550 4094 sonuerunt,
1582 4026 1671 4082 ubi
1721 4040 1918 4080 nomen
1952 4022 2083 4077 Mel-

482 4127 693 4184 clniadis
721 4127 944 4183 omnino
972 4143 1077 4181 non
1102 4125 1304 4182 sonuit.
1335 4122 1539 4192 Quibus
1562 4119 1795 4191 peractis
1816 4159 1829 4184 ,
1869 4136 1887 4169 ι
1922 4116 2083 4170 mira-

481 4234 565 4279 tus
594 4231 678 4281 est
712 4241 732 4274 ‹
766 4221 1026 4291 Coguitor
1055 4218 1201 4277 aliud
1228 4218 1550 4290 promissmn
1579 4255 1594 4282 ,
1626 4221 1682 4268 et
1709 4210 1855 4265 aliud
1884 4209 2082 4264 recita-

484 4330 615 4375 tmn.
655 4337 674 4372 ι
726 4315 935 4372 Exinde
984 4314 1279 4371 recitarunt
1307 4312 1411 4366 alia
1440 4318 1613 4380 gesta,
1645 4305 1698 4361 in
1732 4303 1925 4374 quibus
1955 4300 2085 4356 Mel-

485 4411 709 4469 chiades
749 4409 1029 4480 legebatur
1057 4407 1314 4463 diaconos
1342 4403 1650 4459 Stratonem
1679 4408 1735 4454 et
1763 4397 2081 4452 Cassianum

483 4505 720 4571 misisse,
772 4513 830 4557 ut
878 4504 992 4559 loca
1042 4500 1364 4559 Christianis
1397 4508 1640 4568 tempore
1689 4489 2083 4564 persecutionis

482 4599 660 4654 ablata
705 4596 863 4667 jussu
914 4595 1258 4665 imperatoris
1303 4593 1627 4662 reciperent.
1674 4560 1705 4640 ι.
1726 4585 1795 4642 Et
1833 4599 1955 4640 cum
1998 4582 2083 4637 his
2110 4560 2164 4620 D

487 4703 701 4761 quoque
727 4687 894 4760 gestis
917 4686 1125 4741 nullum
1158 4682 1469 4739 Melcltiadis
1495 4683 1702 4736 crimen
1729 4687 1783 4733 et
1808 4674 2082 4746 Coguitori

488 4793 543 4839 et
569 4778 863 4837 Catltolicis
887 4776 1262 4833 defensoribus
1296 4781 1604 4845 appareret,
1634 4771 1886 4825 dixerunt
1908 4767 2078 4821 Dona-

490 4879 631 4934 tistre
654 4917 670 4944 ,
704 4876 1012 4933 Stratonem
1040 4872 1327 4928 diaconum
1349 4910 1365 4937 ,
1406 4882 1567 4939 quem
1599 4881 1721 4920 cum
1752 4862 1875 4916 aliis
1903 4860 1968 4913 ad
1995 4874 2085 4915 rc-

489 4970 737 5045 cipienda
820 4969 937 5024 loca
1013 4964 1378 5023 ecclesiastica
1464 4962 1723 5025 miserat,
1772 4954 2088 5025 'superiori-

487 5066 588 5122 bus
636 5062 802 5136 gestis
854 5060 1140 5116 recitatum
1192 5071 1315 5112 esse
1368 5053 1722 5109 traditorem:
1767 5060 1821 5106 et
1848 5049 1969 5104 ideo
1997 5060 2089 5101 vo-

491 5161 673 5216 lebant
699 5156 860 5213 etiam
888 5152 1238 5210 Melcltiadem
1282 5150 1506 5205 crimine
1538 5145 1843 5201 traditionis
1870 5141 2093 5210 adsper-

492 5267 649 5322 gere,
677 5248 821 5322 quod
848 5246 1082 5304 diacono
1113 5245 1207 5300 illo
1258 5258 1364 5299 non
1418 5238 1711 5311 degradato
1761 5242 2024 5290 uteretur.
2066 5250 2085 5283 ι

496 5346 566 5401 At
617 5341 790 5414 rogati
848 5360 869 5394 ι
898 5350 1078 5396 utrum
1126 5339 1313 5394 saltem
1356 5337 1410 5392 in
1459 5333 1567 5388 illis
1598 5327 1900 5385 traditionis
1928 5323 2095 5397 gestis

498 5446 645 5494 esset
665 5451 1009 5508 expressum,
1037 5431 1182 5505 quod
1212 5433 1430 5488 Straton
1459 5428 1719 5483 diaconus
1749 5422 1930 5489 fuerit,
1968 5438 1986 5472 ›
2025 5432 2094 5473 ne

500 5528 553 5586 id
582 5528 798 5601 quidem
819 5528 1045 5598 probare
1074 5525 1379 5580 valuerunt.
1413 5515 1838 5588 Respondebant
1865 5519 2093 5584 prazter-

501 5641 567 5683 ea
614 5619 1149 5695 catholicihetiamsi
1193 5619 1413 5674 Straton
1438 5612 1681 5676 itraditor
1705 5608 1967 5665 diaconus
1995 5618 2093 5674 ap-

504 5719 759 5793 pellatus‘
788 5716 999 5784 fuisset,
1052 5729 1163 5771 non
1210 5713 1337 5770 inde
1385 5708 1573 5782 sequi,
1628 5714 1689 5761 ut
1726 5706 1771 5760 is
1796 5702 1960 5759 fuerit
1987 5713 2095 5773 quo

507 5821 691 5890 postea
721 5808 1049 5872 Melchiades
1076 5822 1206 5869 usus
1226 5816 1308 5867 eat
1336 5824 1348 5864 :
1395 5818 1516 5861 cum
1563 5799 1679 5857 ﬁeri
1728 5794 2003 5869 potuerit,
2037 5801 2097 5850 ut

2150 501 2336 569 Judae,
2391 513 2445 558 et
2492 505 2633 573 apud
2682 505 2829 572 ipsos
2856 503 3233 559 schismaticos
3267 504 3374 560 duo
3404 504 3618 568 Donati,
3644 502 3752 558 Ca-

2152 599 2326 652 sensis
2369 607 2421 651 et
2466 597 2938 668 Carthaginensis;
2968 599 3037 652 ita
3070 609 3125 652 et
3151 597 3295 653 inter
3327 597 3602 652 Romanos
3628 594 3749 651 dia-

2153 704 2318 744 conos
2342 689 2448 744 dno
2486 689 2765 746 Stratones
2804 690 2960 745 simul
3015 691 3317 747 exstiterint
3340 691 3522 763 (Aug.,
3553 689 3753 745 Brevia.

2155 783 2258 835 diei
2304 784 2465 837 tertia:
2486 800 2505 835 :
2547 784 2720 837 collat.
2772 800 2885 837 cum
2932 782 3147 848 Donat.,
3204 801 3321 854 cap.
3374 784 3476 848 I8,
3532 800 3585 838 η.
3634 782 3752 855 54).

2164 896 2182 927 ι
2220 876 2354 931 Illud
2405 893 2619 948 quoque
2667 877 2908 933 additum
2955 886 3038 933 est
3089 893 3117 930 a
3147 875 3465 943 Catholicis,
3501 874 3626 947 quia
3653 874 3757 931 etsi

2159 969 2650 1035 demonstraretur,
2680 969 2822 1040 quod
2871 969 3095 1023 omnino
3124 984 3232 1023 non
3260 968 3756 1036 demonstrabatur,

2161 1062 2409 1118 eumdem
2428 1062 2733 1117 Stratonem
2750 1062 3034 1117 diaconum
3055 1061 3359 1128 tradidisse,
3385 1076 3545 1131 quem
3574 1068 3761 1132 postea

2162 1156 2488 1212 Melcltiades
2515 1156 2582 1212 ad
2614 1155 2924 1227 recipienda
2952 1155 3069 1210 loca
3100 1154 3462 1212 ecclesiastica
3493 1171 3615 1211 eum
3641 1155 3762 1212 aliis

2165 1248 2407 1306 diaconis
2436 1251 2603 1317 misit,
2636 1266 2742 1304 non
2773 1251 3032 1305 continuo
3061 1248 3412 1305 Melcbiadem
3446 1250 3551 1304 isto
3582 1248 3765 1305 crimi-

2169 1360 2235 1398 ne
2283 1343 2563 1413 adspergi,
2612 1357 2771 1412 quem
2819 1342 2994 1411 potuit
3047 1341 3351 1411 persecutio
3398 1341 3555 1412 longe
3583 1340 3765 1397 facere

2167 1436 2469 1499 absentem,
2523 1444 2582 1489 ut
2636 1434 2739 1489 huc
2786 1433 3009 1489 omnino
3038 1435 3312 1499 nesciret,
3345 1447 3575 1504 eumque
3606 1432 3765 1489 inno-

2170 1538 2381 1583 centeni
2411 1536 2665 1598 putaret,
2697 1541 2858 1597 quem
2891 1540 3051 1581 nemo
3078 1540 3229 1580 reum
3275 1524 3577 1580 accusando
3605 1539 3767 1583 mon-

2170 1631 2389 1676 straret.
2424 1640 2443 1672 ›
2480 1619 2670 1691 (lbid.,
2700 1636 2755 1673 η.
2779 1616 2895 1689 '55.)
2953 1617 3235 1673 Postremo
3271 1631 3395 1672 cum
3444 1616 3512 1671 ad
3559 1616 3768 1671 calum-

2173 1717 2378 1769 niosum
2409 1702 2721 1768 Melchiadis
2775 1710 3205 1766 criminationem
3236 1709 3416 1766 redire
3444 1718 3771 1766 conarentur

2095 1790 2146 1850 Β
2176 1801 2801 1875 Ι)οηθειὶιω,(ἰοειιίιυι·ὶε
2815 1801 3226 1857 interlocutione
3236 1801 3377 1858 abea
3390 1812 3515 1856 sunt
3527 1798 3761 1872 depulsi.

2253 1899 2338 1952 l7.
2395 1896 2579 1965 Neque
2630 1904 2807 1949 tamen
2849 1902 3134 1965 propterea
3165 1894 3506 1964 quieverunt.
3556 1893 3688 1949 Nam
3716 1901 3774 1949 et

2179 2000 2298 2059 post
2347 1988 2688 2045 collationem
2730 1985 3211 2058 Carthaginensem
3259 1985 3385 2042 inde
3415 1984 3772 2042 Melchiadem

2177 2079 2544 2138 Calumniandi
2589 2094 2775 2133 ansam
2830 2082 3195 2149 arripuerunt,
3227 2078 3367 2148 quod
3397 2076 3642 2133 Cassiani
3673 2090 3773 2132 no-

2178 2190 2301 2229 men
2332 2182 2386 2229 et
2415 2174 2468 2228 in
2498 2172 2741 2227 diaconis
2771 2172 2941 2241 ipsius
2963 2210 2979 2237 ,
3008 2180 3063 2226 et
3088 2170 3140 2225 in
3172 2170 3278 2226 illis
3306 2170 3473 2240 gestis
3513 2169 3604 2226 ubi
3636 2170 3771 2225 facta

2179 2267 2394 2321 traditio
2437 2266 2660 2321 recitata
2690 2272 2807 2332 est,
2838 2263 3212 2334 reperiebatur
3239 2260 3538 2335 (Augustin.
3566 2260 3771 2318 Brevia.

2177 2361 2324 2426 coll.,
2379 2378 2432 2414 η.
2475 2360 2589 2431 56).
2638 2357 2743 2414 Sed
2792 2357 2908 2413 haec
2961 2356 3357 2411 Donatistarum
3388 2354 3681 2426 pertinacia
3716 2363 3774 2411 et

2178 2457 2310 2511 varii
2339 2466 2565 2511 conatus
2595 2464 2653 2508 ut
2679 2468 2841 2507 unum
2871 2452 3197 2508 infamarent
3225 2448 3577 2507 Melchiadem
3601 2490 3617 2517 ,
3647 2465 3772 2507 cum

2178 2550 2390 2605 caeteris
2436 2557 2723 2617 parcerent
2752 2544 2983 2600 Romani
3012 2544 3226 2600 concilii
3268 2542 3569 2614 judicibus,
3612 2557 3776 2613 argu-

2180 2653 2363 2697 mento
2408 2650 2563 2707 sunt,
2616 2655 2775 2710 quam
2802 2653 3022 2708 gravem
3047 2651 3313 2707 quamque
3342 2635 3444 2692 sibi
3474 2635 3773 2691 incommo-

2177 2736 2303 2792 dam
2330 2736 2594 2791 sentirent
2623 2733 2770 2787 illius
2797 2731 3195 2787 auctoritatem.
3229 2727 3414 2799 Neque
3441 2726 3587 2783 aliud
3615 2725 3776 2797 quid~

2178 2848 2342 2904 quam
2369 2840 2447 2886 tot
2473 2839 2690 2900 tamque
2720 2826 2920 2897 iniquis
2944 2820 3311 2880 molitionibus
3340 2820 3637 2893 profecere,
3671 2818 3774 2875 nisi

2180 2937 2237 2981 ut
2273 2922 2582 2980 Melcbiadis
2620 2919 3048 2997 moderationem
3070 2958 3085 2983 ,
3118 2915 3426 2986 mquitatem
3448 2956 3464 2982 ,
3497 2913 3776 2984 integrita-

2180 3029 2288 3075 tem
2314 3027 2474 3089 atque
2503 3014 2866 3071 innocentiam
2893 3012 3017 3066 vita:
3046 3008 3429 3081 patefacerent.
3482 3007 3589 3062 Eos
3632 3006 3777 3062 enim

2184 3113 2328 3185 quod
2380 3112 2433 3167 in
2485 3111 2602 3181 ipso
2656 3103 3115 3177 reprehenderent
3144 3114 3361 3171 prorsus
3385 3098 3641 3155 defecerit
3682 3112 3778 3155 ne-

2183 3221 2337 3262 cesse
2361 3213 2465 3271 est,
2489 3203 2579 3274 qui
2603 3198 2928 3257 calumniam
2951 3196 2999 3251 ei
3031 3193 3391 3263 undequaque
3412 3200 3623 3247 struere
3648 3204 3778 3245 con-

2184 3300 2418 3355 nitentes
2442 3337 2457 3363 ,
2490 3295 2633 3349 illius
2664 3292 3000 3348 occasionem
3052 3288 3106 3341 in
3155 3285 3395 3341 diaconis
3427 3284 3594 3352 ipsius
3617 3324 3632 3349 ,
3678 3295 3776 3338 seu

2184 3393 2360 3462 potius
2409 3389 2461 3443 in
2510 3382 2953 3442 similitudinibus
3004 3379 3278 3433 nominum
3324 3375 3566 3432 diaconis
3610 3374 3776 3444 ipsius

2183 3479 2582 3544 communium,
2610 3489 2856 3546 quaerere
2902 3471 3075 3527 coacti
3106 3477 3249 3525 sunt.
3283 3466 3391 3538 Ipsi
3418 3478 3546 3521 vero
3575 3471 3780 3535 quanto

2183 3586 2366 3634 essent
2417 3574 2599 3628 furore
2640 3568 2913 3640 correpti,
2967 3564 3351 3638 prodiderunt,
3387 3576 3510 3617 cum
3539 3558 3779 3631 judicio,

2186 3672 2238 3724 in
2270 3683 2375 3739 quo
2402 3673 2746 3722 accusatores
2775 3678 2838 3717 ac
2868 3669 3033 3717 testes
3073 3672 3178 3713 una
3205 3670 3327 3712 cum
3356 3652 3621 3710 accusatis
3646 3664 3784 3722 pra:«

2184 3772 2367 3818 sentes
2392 3759 2579 3827 auditi,
2609 3756 2736 3813 etei
2763 3753 2979 3826 quidem
3006 3766 3036 3805 a
3058 3748 3330 3821 judicibus
3374 3760 3511 3817 quos
3552 3744 3651 3815 ipsi
3682 3758 3785 3799 ex-

2186 3856 2483 3926 petierant,
2514 3850 2813 3920 quibusque
2844 3843 3040 3915 pracsul
3081 3840 3420 3911 aequissimus
3464 3845 3624 3907 atque
3667 3849 3787 3890 om-

2186 3950 2331 4003 nium
2385 3945 2764 4016 episcoporum
2831 3938 3082 4010 princeps
3146 3932 3506 4004 praasidebat,
3569 3929 3785 4001 prolato
3850 3974 3851 3977 η

2186 4056 2330 4101 stare
2379 4040 2646 4104 uolentes,
2677 4035 3066 4105 Imperatorem
3120 4026 3395 4099 appellare
3450 4024 3783 4080 maluerunt.

2188 4137 2282 4193 llis
2331 4132 2631 4203 religiosior
2691 4124 3081 4183 Constantinus
3127 4135 3315 4177 eorum
3364 4116 3784 4203 appellationem

2187 4197 2565 4285 molestissime
2588 4219 2707 4275 tulit
2735 4236 2748 4273 :
2780 4217 2873 4273 sed
2904 4215 3059 4287 paulo
3086 4212 3449 4283 indulgentior
3474 4197 3633 4281 quam
3678 4222 3781 4278 par

2187 4328 2353 4386 esset,
2380 4315 2507 4372 dum
2534 4311 2814 4368 audaciam
2839 4323 2945 4363 non
2973 4302 3303 4376 comprimit,
3322 4300 3572 4372 gravibus
3596 4297 3788 4354 Eccle-

2188 4415 2281 4469 sia:
2305 4410 2458 4466 malis
2511 4409 2690 4464 locum
2739 4413 2795 4461 et
2839 4401 3179 4459 occasionem
3225 4397 3476 4468 praebuit.
3530 4391 3786 4463 Quamvis

2188 4515 2366 4562 autem
2413 4498 2810 4575 appellantibus
2852 4493 2996 4550 aliud
3039 4491 3354 4549 Arelatense
3379 4486 3636 4558 judicium
3692 4482 3790 4539 de-

2190 4603 2364 4667 derit,
2419 4601 2523 4655 hoc
2575 4606 2776 4661 tamen,
2829 4601 2968 4648 teste
2992 4589 3310 4660 Augustino,
3340 4584 3500 4654 epist.
3525 4582 3624 4646 45,
3655 4579 3787 4634 olim

2195 4694 2328 4761 162,
2360 4710 2413 4747 n.
2441 4692 2513 4746 20
2533 4730 2548 4756 ,
2577 4687 2726 4745 dedit
2753 4728 2768 4754 ,
2808 4704 2825 4736 ‹
2855 4698 2963 4739 non
2991 4681 3117 4752 quia
3142 4682 3251 4750 jam
3285 4689 3508 4732 necesse
3533 4670 3788 4739 erat,sed

2193 4803 2380 4846 eorum
2412 4782 2849 4856 perversitatibus
2874 4775 3095 4841 cedens,
3118 4783 3169 4828 et
3198 4772 3344 4827 omni
3374 4768 3535 4824 modo
3562 4765 3788 4837 cupiens

2196 4890 2397 4938 tantam
2428 4873 2815 4947 impudentiam
2870 4868 3147 4926 cohibere.
3182 4884 3201 4917 ν
3227 4863 3336 4919 Nec
3376 4859 3648 4930 prohibuit
3688 4857 3789 4912 hu-

2190 4972 2426 5049 jusmodi
2456 4967 2766 5040 appellatio,
2800 4962 3089 5035 quominus
3110 5001 3125 5026 ,
3153 4958 3230 5013 uti
3255 4956 3364 5026 jam
3395 4950 3745 5023 exposuimus
3768 4990 3785 5018 ,

2195 5046 2432 5142 episcopi
2452 5061 2749 5122 Eunomius
2779 5066 2832 5112 et
2856 5051 3229 5126 Olympius,in
3255 5046 3488 5103 Africam
3522 5061 3620 5116 pro
3639 5058 3789 5101 cont-

2196 5139 2461 5239 ponendis
2491 5149 2931 5225 Carthaginensis
2958 5145 3203 5203 ecclesiae
3240 5140 3402 5197 rebus
3434 5139 3615 5205 missi,
3642 5143 3790 5209 post-

2198 5233 2417 5316 modum
2447 5247 2862 5326 pronuntiarint,
2892 5262 2911 5295 ί
2946 5237 3266 5296 sententiam
3297 5233 3486 5290 decem
3509 5241 3565 5288 et
3594 5245 3790 5288 novem

2199 5354 2574 5424 episcoporum
2604 5344 2711 5414 jam
2739 5338 2939 5396 dudum
2967 5334 3147 5389 datam
3184 5328 3411 5386 dissolvi
3439 5341 3545 5383 non
3575 5337 3733 5390 posse
3760 5339 3780 5374 ι

2201 5446 2431 5517 (Οριαι.,
2461 5441 2551 5495 lib.
2584 5437 2648 5509 ι).

2309 5559 2337 5631 ς
2366 5554 2456 5611 Vl.
2475 5585 2548 5597 —-
2568 5552 2645 5608 De
2671 5548 2882 5606 decretis
2913 5544 3193 5603 Melchiadi
3216 5555 3362 5614 papa:
3385 5532 3662 5592 auribulis.

2278 5696 2362 5752 18.
2408 5694 2551 5749 Duas
2603 5686 2884 5746 Melchiadi
2930 5679 3214 5756 supposuit
3249 5672 3488 5731 Isidorus
3525 5667 3791 5726 Mercator

2198 5787 2476 5864 epistolas,
2499 5798 2659 5843 uuam
2681 5780 2748 5839 ad
2767 5779 3051 5838 Leontium
3076 5784 3139 5830 ac
3163 5777 3391 5832 caeteros
3410 5761 3790 5837 Hispaniarum
