4172 6202
375 235 442 292 ιι
1224 238 1313 300 DE
1349 237 1688 304 DECRETIS
1723 243 2099 308 MELCHIADI
2138 249 2344 312 PAPIE
2381 252 2814 318 ATTRIBUTIS.
3616 272 3690 330 62

374 350 691 422 episcOpos,
722 349 948 410 alteram
979 352 1049 411 de
1067 354 1338 428 primitiva
1360 360 1602 418 Ecclesia
1627 373 1682 420 et
1709 365 1776 422 de
1828 366 1989 432 Cons-
2014 371 2068 431 Α
2095 370 2241 426 nium
2271 372 2692 432 Christianorum
2732 386 2788 433 et
2831 377 3108 449 gentilium
3131 422 3147 449 ,
3174 379 3436 440 veraciter
3462 387 3690 446 creden-

377 445 562 498 tantim’
619 463 742 517 erga
806 464 916 502 eam
967 448 1328 520 Muniﬁcentia
1381 454 1716 528 inscriptam.
1767 460 1977 516 Utram-

375 552 479 608 que
517 546 732 609 utpote
772 557 880 596 non
911 541 1031 613 plus
1075 545 1332 600 momenti
1361 562 1522 616 quam
1563 551 1854 608 authentia:
1884 552 1980 608 ha-

375 628 589 686 bentem
608 672 622 697 ,
657 630 746 687 hic
777 633 1056 691 excudere
1085 639 1332 696 consulto
1358 643 1720 713 negleximus.

447 729 532 782 19.
557 727 616 783 In
633 728 932 787 Pontiﬁcali
949 733 1084 790 libro
1109 734 1281 792 eidem
1303 755 1452 810 papae
1471 741 1579 798 duo
1595 743 1979 801 adscribuntur

371 821 586 878 decreta
614 840 626 877 :
663 825 890 894 primum
923 843 1031 898 quo
1058 831 1321 901 sancitur,
1357 853 1376 886 ι
1405 834 1486 890 Ne
1513 837 1618 890 ulla
1649 838 1858 894 ratione
1886 840 1976 896 die

372 912 653 971 Dominica
677 929 768 971 aut
786 919 967 988 quinta
995 921 1123 976 feria
1148 921 1413 992 jejunium
1440 927 1561 998 quis
1589 928 1824 984 ﬁdelium
1851 945 1978 1002 age-

372 1017 494 1065 ret:
523 1010 643 1080 quia
672 1025 766 1066 eos
795 1012 912 1068 dies
943 1015 1132 1084 pagani
1159 1019 1312 1088 quasi
1345 1034 1562 1075 sacrum
1594 1022 1858 1093 jejunium
1887 1041 1977 1080 ce-

374 1102 606 1158 lebrant.
639 1123 658 1157 ι
682 1104 780 1161 Cui
808 1106 1032 1163 decreto
1059 1109 1111 1163 in
1135 1111 1328 1166 eodem
1355 1113 1661 1170 Pontiﬁcali
1691 1117 1826 1173 libro
1846 1133 1972 1188 pro—

372 1195 522 1250 xime
546 1197 849 1267 subjicitur,
910 1218 929 1251 ‹
963 1200 1031 1255 Et
1071 1200 1353 1259 Manicbzei
1383 1205 1586 1262 inventi
1613 1217 1739 1263 sunt
1763 1208 1816 1264 in
1845 1211 1977 1266 urbe

372 1285 545 1342 Roma
569 1288 638 1343 ab
659 1290 873 1344 eodem.
911 1310 931 1344 ι

441 1381 532 1436 9.0.
590 1381 792 1438 Verum
837 1385 943 1441 hoc
963 1385 1240 1444 decretum
1272 1390 1554 1448 Melchiadi
1586 1394 1720 1450 falso
1741 1395 1974 1452 adscribi

371 1473 568 1544 duplici
595 1481 803 1533 ratione
825 1478 994 1549 liquet
1019 1497 1033 1532 :
1065 1482 1237 1549 primo
1267 1483 1484 1551 quidem
1510 1487 1634 1556 quia
1658 1489 1819 1543 etiam
1850 1499 1976 1546 ante

371 1567 533 1638 hujus
586 1585 738 1640 papae
785 1580 1027 1642 tempora
1073 1574 1322 1632 ﬁdelibus
1367 1577 1716 1636 interdictum
1763 1582 1862 1638 fuit
1888 1583 1976 1639 die

372 1660 655 1718 Dominica
691 1664 954 1734 jejunium
985 1685 997 1720 :
1040 1667 1237 1724 deinde
1290 1672 1412 1740 quia
1441 1681 1500 1727 ut
1537 1673 1970 1745 interdiceretur,

2084 464 2213 518 tium
2256 475 2416 536 atque
2455 469 2754 525 inﬁdelium
2795 479 2850 526 et
2887 471 3266 531 haereticorum
3303 492 3430 534 vera
3477 489 3532 537 et
3579 498 3688 540 non

2080 553 2212 611 falsa
2248 557 2507 616 discretio
2540 563 2816 618 habeatur.
2855 583 2873 617 ι

2151 647 2239 702 22.
2293 649 2446 706 Circa
2471 651 2673 709 Nicaeni
2691 657 2904 712 concilii
2936 666 3148 730 tempus
3167 663 3331 718 multa
3351 664 3684 725 Manichaeo-

2077 754 2195 794 rum
2257 742 2466 811 placitis
2526 745 2706 802 afﬁnia
2746 749 2969 818 gerebat
3007 767 3068 806 ac
3107 753 3334 811 docebat
3374 757 3687 818 Eustathius

2078 833 2320 903 quidam,
2350 836 2606 893 adversus
2635 855 2794 910 quem
2841 841 3169 913 Gangrensis
3194 848 3434 917 synodus
3463 865 3691 924 congre-

2078 935 2198 994 gata
2227 941 2350 981 can.
2383 929 2449 985 l8
2479 945 2543 986 ex
2589 931 3038 1004 interpretatione
3060 937 3301 1010 Dionysii
3345 940 3532 1013 Exigui
3573 954 3686 1003 sta»

2079 1016 2224 1072 tuit:
2278 1038 2296 1071 ι
2333 1018 2387 1075 Si
2441 1022 2561 1092 quis
2606 1035 2824 1094 propter
2869 1029 3422 1102 continentiam,quze
3447 1045 3686 1106 putatur,

2080 1119 2173 1164 aut
2202 1117 2596 1170 contumaciam
2645 1118 2699 1173 in
2728 1120 2814 1174 die
2844 1120 3128 1178 Dominico
3149 1124 3374 1195 jejunat,
3403 1131 3690 1190 anathema

2080 1201 2168 1255 sit.
2210 1221 2229 1254 ›
2267 1202 2368 1258 Ubi
2398 1204 2501 1261 hoc
2529 1208 2817 1264 concilium
2851 1255 2864 1278 ,
2895 1213 3033 1268 sicut
3063 1226 3115 1269 et
3145 1215 3686 1290 Czesaraugustanum

2077 1294 2340 1350 adversus
2389 1297 2858 1371 Priscillianistas,
2888 1306 3049 1360 etiam
3079 1307 3402 1367 Manichacos
3429 1315 3531 1371 dici
3554 1318 3688 1373 soli-

2077 1393 2181 1453 tos,
2213 1402 2353 1443 anno
2383 1389 2480 1446 581
2513 1394 2864 1464 celebratum,
2897 1397 3023 1452 dum
3051 1414 3171 1455 can.
3196 1401 3231 1454 ἓ
3258 1403 3527 1471 prohibet,
3558 1424 3578 1460 ‹
3617 1427 3687 1468 ne

2076 1480 2196 1550 quis
2219 1481 2434 1551 jejunet
2459 1484 2546 1540 die
2577 1487 2852 1544 Dominica
2877 1531 2891 1556 ,
2947 1506 3108 1546 causa
3162 1498 3422 1563 temporis
3451 1509 3542 1554 aut
3569 1517 3691 1571 per-

2053 1571 2342 1628 ‘suasionis
2394 1585 2489 1630 aut
2535 1581 2973 1648 superstitionis,
3012 1602 3030 1635 ›
3081 1585 3343 1654 jejunium
3386 1590 3548 1645 etiam
3599 1593 3689 1650 die

2080 1664 2362 1722 Dominico
2390 1709 2405 1736 ,
2438 1671 2599 1725 modo
2629 1674 2771 1728 absit
2796 1678 3198 1746 superstitionis
3226 1695 3385 1737 causa
3406 1726 3421 1750 ,
3471 1688 3692 1754 permit-

373 1769 484 1809 non
512 1771 572 1811 ea
599 1771 757 1813 causa
801 1757 940 1826 fuit,
968 1760 1113 1831 quod
1137 1762 1224 1817 illa
1253 1763 1340 1820 die
1396 1767 1586 1837 pagani
1617 1782 1712 1823 seu
1749 1770 1980 1840 gentiles

2088 1769 2200 1816 tere
2225 1761 2454 1831 quodam
2479 1765 2640 1820 modo
2668 1767 2936 1823 videntur.
2965 1769 3034 1825 Et
3065 1770 3426 1847 Hieronymus
3443 1778 3683 1848 quidem,

375 1848 529 1916 quasi
571 1862 782 1904 sacrum
816 1850 1081 1921 jejunium
1111 1865 1373 1925 agerent;
1416 1859 1512 1914 sed
1539 1860 1663 1930 quia
1693 1862 1971 1917 christiani

370 1938 634 2010 jejunium
661 1943 713 1996 ei
734 1942 840 1998 diei
873 1945 1094 2001 minime
1122 1961 1424 2020 congruere
1471 1962 1835 2020 censuerunt,
1869 1970 1970 2026 qua

374 2029 621 2088 Christus
680 2033 980 2092 Ecclesiam
1044 2042 1446 2098 resurrectione
1511 2059 1605 2099 sna
1661 2045 1974 2102 laetiﬁcavit.

374 2124 526 2194 Quod
548 2135 726 2182 autem
748 2129 846 2184 sibi
868 2131 1163 2186 cavendum
1189 2132 1490 2190 didicerant
1524 2137 1641 2207 ipso
1669 2153 1768 2192 usu
1795 2145 1850 2193 et
1872 2149 1976 2192 tra-

376 2218 606 2284 ditione,
637 2235 758 2290 qu:e
788 2220 930 2276 diem
961 2223 1299 2282 Dominicum
1333 2226 1519 2284 festive
1561 2231 1826 2300 agendum
1858 2246 1977 2288 esse

378 2308 570 2378 docet,
617 2310 808 2381 majori
841 2313 1104 2384 religione
1133 2331 1328 2373 cavere
1367 2329 1478 2373 tum
1508 2331 1789 2391 coeperunt
1812 2365 1827 2390 ,
1854 2337 1978 2379 cum

377 2400 734 2470 Manichtcos,
767 2419 872 2458 non
902 2421 1138 2476 paganos
1159 2451 1173 2474 ,
1205 2409 1306 2463 hoc
1329 2409 1417 2465 die
1448 2410 1616 2467 veluti
1643 2427 1855 2468 sacrum
1898 2416 1979 2485 je-

376 2494 584 2564 iunium
611 2511 773 2567 agere
810 2512 1113 2568 coeperunt.
1137 2501 1217 2556 Ne
1242 2518 1369 2556 vero
1400 2503 1450 2558 id
1482 2505 1650 2575 gratis
1689 2506 1870 2563 dicere
1897 2510 1975 2564 vi-

384 2585 608 2642 deamur
627 2630 640 2652 ,
663 2598 952 2660 utrumque
977 2593 1158 2661 paucis
1185 2595 1644 2664 comprobandum
1675 2608 1780 2656 est.

455 2679 544 2733 21.
595 2682 734 2736 Ante
783 2682 1096 2739 Melchiadis
1147 2701 1318 2741 mvum
1366 2689 1584 2758 scripsit
1612 2689 1982 2750 Tertullianus

378 2772 473 2829 lib.
500 2774 568 2830 de
589 2773 826 2842 Corona,
859 2792 908 2832 c.
938 2778 972 2832 5
997 2795 1010 2832 :
1049 2797 1068 2830 ι
1100 2778 1194 2835 Die
1232 2781 1512 2837 Dominico
1536 2782 1805 2853 jejunium
1829 2786 1982 2843 nefas

383 2865 651 2922 ducimus.
691 2886 711 2920 ι
748 2868 967 2939 Legitur
1019 2883 1072 2924 et
1115 2870 1182 2925 ad
1224 2872 1425 2928 calcem
1457 2873 1632 2928 libriv
1661 2877 1983 2946 apostolica-

382 2978 506 3018 rum
553 2960 1009 3019 Constitutionum
1041 2982 1052 3017 :
1092 2983 1112 3017 ‹
1140 2965 1286 3022 Reus
1327 2967 1470 3023 enim
1502 2969 1604 3024 erit
1629 2972 1862 3040 peccati,
1893 2974 1984 3043 qui

386 3054 666 3111 Dominico
694 3056 782 3112 die
808 3056 1132 3127 jejunaverit
1157 3101 1172 3125 ,
1200 3073 1321 3114 enm
1366 3061 1436 3114 sit
1473 3061 1588 3117 dies
1615 3066 1984 3122 resurrectio-

2077 1852 2240 1922 cpist.
2264 1853 2356 1921 28,
2391 1856 2457 1909 ad
2488 1856 2770 1913 Luciuium
2799 1860 2988 1917 scribit
3015 1881 3028 1916 :
3069 1882 3086 1915 ι
3122 1863 3336 1921 Utinam
3368 1871 3512 1924 omni
3548 1881 3686 1928 tem-

2079 1958 2209 2013 pore
2233 1945 2477 2014 jejunare
2524 1950 2791 2018 possimus
2824 1969 2837 2004 :
2871 1954 3012 2023 quod
3056 1957 3105 2008 in
3141 1958 3362 2014 Actibus
3392 1962 3680 2030 Apostolo-

2075 2050 2194 2092 rum
2236 2036 2316 2109 (ut
2354 2040 2513 2093 etiam
2545 2040 2872 2113 Augustinus
2899 2047 3057 2117 epist.
3082 2049 3173 2115 56,
3202 2066 3254 2104 n.
3280 2051 3350 2106 28
3373 2093 3387 2118 ,
3419 2055 3679 2111 observa-

2079 2130 2174 2200 vit)
2217 2129 2402 2188 diebus
2451 2133 2798 2192 Pentecostes
2839 2149 2893 2194 et
2938 2140 3025 2196 die
3056 2142 3334 2201 Dominico
3368 2151 3676 2217 apostolum

2079 2221 2303 2278 Paulum
2349 2234 2405 2279 ct
2447 2241 2568 2281 cum
2617 2243 2684 2283 eo
2727 2230 3012 2288 credentes
3045 2234 3237 2292 fecisse
3266 2239 3517 2309 legimus.
3548 2261 3567 2294 ›
3603 2242 3682 2299 Ne

2081 2315 2208 2371 hinc
2261 2326 2438 2373 tamen
2490 2319 2747 2376 Ecclesia:
2795 2339 2998 2380 morem
3046 2342 3108 2382 ac
3150 2329 3321 2400 legem
3373 2332 3682 2403 improbare

2081 2407 2356 2478 videatur,
2407 2427 2532 2467 mox
2582 2413 2783 2486 dictum
2836 2429 3143 2490 temperans
3168 2424 3355 2480 addit:
3393 2446 3411 2479 ι
3443 2428 3555 2485 Nec
3585 2429 3689 2487 hoc

2083 2501 2204 2556 dico
2224 2543 2240 2569 ,
2269 2504 2414 2573 quod
2444 2505 2737 2565 Dominicis
2768 2509 2957 2567 diebus
2981 2515 3332 2585 jejunandum
3364 2533 3568 2591 putem.
3591 2545 3611 2580 ι

2155 2593 2381 2650 25.Haec
2400 2608 2578 2653 autem
2607 2599 2712 2666 lex,
2739 2601 3036 2675 Epiphanio
3065 2617 3202 2665 teste
3225 2611 3466 2686 (Epiph.,
3489 2617 3686 2691 Expos.

2085 2686 2202 2754 ﬁd.,
2246 2705 2301 2743 η.
2331 2689 2401 2743 22
2424 2689 2475 2761 ),
2527 2693 2781 2764 religiose
2810 2696 2946 2753 adeo
2977 2701 3313 2772 servabatur,
3349 2716 3408 2762 ut
3431 2710 3465 2763 ii
3494 2686 3687 2781 etiam,

2084 2780 2176 2850 qui
2208 2796 2417 2837 summo
2447 2785 2661 2854 pietatis
2699 2791 2875 2844 studio
2927 2807 3183 2862 perpetua
3224 2799 3324 2854 sibi
3352 2802 3555 2869 jejunia
3586 2780 3691 2862 im;-

2086 2874 2389 2942 ponebant,
2417 2876 2568 2933 solos
2600 2878 2908 2937 Dominicos
2935 2901 2997 2940 ac
3021 2886 3371 2947 Pentecostes
3395 2895 3512 2951 dies
3541 2901 3692 2954 exci-

2085 2976 2278 3036 perent
2309 2986 2322 3021 :
2355 2987 2373 3019 ‹
2403 2969 2645 3041 Namque
2673 3013 2685 3038 ,
2738 2973 2951 3044 inquit,
2984 2977 3289 3038 Dominicas
3315 3001 3503 3043 omnes
3529 2989 3694 3047 festas

2087 3059 2388 3132 hilaresque
2419 3064 2596 3119 sanxit
2623 3063 2902 3134 Ecclesia,
2931 3085 3029 3125 nec
3069 3072 3173 3126 ulla
3201 3074 3402 3145 jejunia
3432 3080 3688 3139 celebrat.

385 3149 490 3204 nis.
527 3167 546 3202 ι
593 3148 747 3204 Nulla
793 3149 880 3206 hic
917 3151 1020 3206 alia
1061 3152 1200 3207 ratio
1238 3153 1542 3223 subjicitur.
1597 3155 1704 3212 Sed
1753 3145 2054 3215 sebindeC
2090 3151 2392 3208 Absurdum
2440 3163 2526 3210 est
2573 3157 2715 3212 enim
2763 3159 3012 3229 jejunare
3059 3164 3330 3222 Dominica
3385 3168 3536 3226 die...
3583 3173 3693 3232 Nec

385 3240 748 3311 Augustinus,
797 3243 954 3312 epist.
997 3243 1088 3310 36,
1130 3243 1196 3299 ad
1237 3244 1582 3312 Casulanum,
1608 3263 1658 3304 c.
1699 3250 1785 3315 12,
1816 3266 1870 3305 n.
1895 3251 1986 3321 27,

386 3333 612 3390 dicens:
673 3354 694 3388 ι
738 3335 833 3391 Die
870 3336 1152 3393 Dominico
1209 3337 1462 3408 jejunare
1529 3341 1844 3399 scandalum
1905 3354 1990 3402 est

386 3443 661 3499 magnum,
700 3447 719 3482 ι
765 3429 904 3484 hanc
943 3444 1136 3484 novam
1180 3430 1385 3486 addidit
1422 3446 1673 3488 causam:
1710 3452 1729 3487 ‹
1757 3437 1990 3493 maxime

389 3532 735 3594 posteaquam
802 3523 1036 3578 innotuit
1089 3522 1422 3580 detestabilis
1477 3526 1812 3599 multumque
1863 3529 1988 3586 ﬁdei

388 3614 698 3685 apostolicae
723 3613 1121 3685 Scripturisque
1146 3615 1344 3671 divinis
1385 3619 1726 3687 apertissime
1775 3628 1990 3676 contra-

389 3705 468 3761 ria
508 3707 725 3762 haeresis
767 3706 1180 3763 Manichaeorum
1207 3752 1222 3775 ,
1255 3708 1346 3779 qui
1385 3709 1498 3763 suis
1537 3710 1873 3768 auditoribus
1912 3714 1981 3770 ad

383 3795 731 3868 jejunandum
769 3797 929 3853 istum
961 3806 1228 3869 tamquam
1260 3799 1656 3856 constituerunt
1695 3802 1987 3874 legitimum

387 3889 548 3946 diem.
578 3890 683 3946 Per
708 3889 850 3960 quod
883 3889 1082 3945 factum
1112 3899 1218 3957 est,
1250 3899 1308 3945 ut
1332 3891 1597 3962 jejunium
1646 3893 1755 3948 diei
1803 3894 1988 3950 Domi-

385 3985 490 4040 nici
519 3984 829 4040 horribilius
870 3983 1179 4039 haberetur.
1219 4001 1238 4036 ι
1271 3984 1337 4039 Ει
1358 4001 1413 4039 n.
1440 3985 1532 4051 29,
1563 4002 1631 4042 ne
1660 3987 1782 4058 quis
1805 3988 1992 4043 Domi-

386 4077 511 4133 nico
558 4075 648 4132 die
701 4074 944 4132 celebret
984 4074 1276 4146 jejunium,
1312 4087 1439 4131 tunc
1469 4079 1768 4146 prazsertim
1798 4094 1990 4135 caven-

386 4168 514 4224 dum
568 4167 760 4235 docet,
823 4187 844 4221 ‹
906 4176 1252 4238 posteaquam
1328 4169 1600 4235 haeretici,
1660 4172 1993 4226 maximeim-

387 4261 611 4331 piissimi
653 4259 968 4327 Manicbtei,
997 4260 1205 4331 jejunia
1241 4260 1351 4316 diei
1384 4261 1649 4316 Dominici
1677 4279 1784 4317 non
1815 4263 1988 4334 aliqua

387 4355 705 4411 necessitate
734 4362 1024 4410 occurente
1050 4367 1308 4425 peragere
1330 4395 1344 4419 ,
1375 4354 1468 4408 sed
1513 4356 1670 4423 quasi
1713 4370 1866 4410 sacra
1903 4372 1994 4412 so-

390 4445 665 4501 lemnitate
740 4453 935 4500 statuta
1023 4444 1387 4516 dogmatizare
1456 4456 1756 4517 coeperunt.
1809 4466 1828 4500 ι
1917 4449 1992 4504 De

2094 3245 2260 3315 ipsius
2286 3246 2502 3317 quidem
2521 3248 2960 3321 Quadragesimae
2977 3255 3268 3315 Dominicis
3289 3261 3535 3332 jejunare
3553 3268 3694 3324 solet

2093 3334 2357 3393 Ecclesia.
2401 3358 2418 3391 ›
2476 3339 2673 3396 Contra
2730 3343 2870 3399 idem
2921 3360 3172 3416 sanctus,
3230 3352 3363 3408 hrer.
3407 3357 3496 3423 75,
3551 3362 3689 3430 n.5,

2093 3429 2355 3486 Aerianos
2387 3433 2582 3488 merito
2631 3436 2998 3505 reprehendit,
3046 3443 3187 3512 quod
3228 3446 3387 3500 stulta
3431 3448 3693 3508 libertatis

2092 3525 2483 3592 ostentatione,
2523 3545 2541 3578 ‹
2579 3527 2853 3584 Dominica
2882 3531 2970 3586 die
3013 3536 3192 3602 potius
3238 3538 3482 3608 jejunare
3526 3542 3692 3599 affec-

2093 3623 2228 3680 tent,
2259 3627 2444 3687 quarta
2480 3633 2611 3675 vero
2668 3631 2720 3675 et
2775 3635 2923 3678 sexta
2957 3624 3085 3680 feria
3117 3641 3419 3686 vescantur.
3455 3653 3473 3685 ι
3509 3633 3694 3706 Neque

2091 3708 2270 3764 minus
2292 3711 2412 3764 vani
2440 3721 2621 3767 nostra
2647 3722 2806 3769 :etate
2835 3716 3149 3774 heterodoxi
3169 3762 3184 3786 ,
3216 3723 3304 3792 qui
3344 3725 3692 3784 christianam

2030 3870 2032 3873 ι
2090 3811 2298 3872 ponunt
2327 3801 2630 3860 libertatem
2659 3806 2709 3859 in
2739 3811 3151 3866 contemnendis
3182 3814 3524 3873 abstinentiae
3549 3821 3696 3889 jeju—

2093 3892 2416 3965 niorumque
2446 3895 2677 3966 legibus,
2708 3914 2841 3968 quas
2868 3915 2898 3954 a
2925 3901 3143 3958 Christo
3174 3905 3398 3977 ejusque
3425 3910 3697 3979 Apostolis

2092 3986 2282 4044 edocta
2330 3989 2572 4046 Ecclesia
2628 3992 2903 4062 sapienter
2959 3996 3210 4053 instituit.
3259 4000 3374 4070 Ipsa
3421 4014 3543 4068 est,
3577 4021 3695 4075 qua:

2094 4081 2220 4137 dum
2255 4081 2440 4138 ﬁdeles
2479 4084 2544 4138 ad
2578 4085 2929 4156 jejunandum
2985 4090 3068 4144 vel
3116 4091 3583 4151 adhortationibus
3609 4099 3694 4153 vel

2095 4177 2378 4247 prreceptis
2403 4177 2676 4247 excitavit,
2701 4195 2917 4249 semper
2935 4186 3147 4252 excepit
3171 4184 3504 4243 Dominicum
3526 4188 3692 4256 diem,

2094 4283 2201 4322 non
2231 4278 2288 4321 ut
2315 4282 2410 4324 eos
2435 4284 2462 4322 a
2504 4271 2795 4339 gentilibus
2833 4283 3172 4340 secerneret,
3205 4276 3297 4330 sed
3330 4287 3388 4332 ut
3414 4295 3693 4335 resurrec-

2094 4359 2257 4414 tionis
2279 4360 2564 4416 dominieze
2589 4361 2730 4417 diem
2755 4379 3044 4433 numquam
3070 4382 3174 4421 non
3201 4367 3386 4423 festive
3412 4371 3692 4426 celebran-

2096 4451 2224 4507 dum
2256 4453 2498 4508 doceret.
2530 4453 2690 4510 Falso
2721 4456 2883 4526 igitur
2907 4457 3250 4522 Mclchiades.
3282 4477 3347 4515 ne
3368 4463 3489 4534 quis
3515 4464 3693 4521 Domi-

387 4539 577 4594 iisdem
601 4539 870 4593 hzereticis
900 4537 1038 4594 istud
1062 4553 1276 4609 quoque
1319 4537 1430 4594 Leo
1477 4553 1634 4608 papa,
1695 4540 1852 4610 epist.
1895 4541 1984 4608 17,
2013 4543 2067 4603 D
2093 4543 2216 4598 nico
2239 4543 2328 4598 die
2349 4543 2612 4613 jejunium
2642 4556 2861 4616 ageret,
2896 4547 3206 4606 decrevisse
3238 4556 3474 4622 ponitur.
3504 4555 3692 4628 Neque

388 4633 454 4686 ad
512 4630 823 4698 Turibium,
867 4645 984 4702 cap.
1016 4631 1049 4685 4
1076 4674 1091 4698 ,
1136 4639 1406 4686 testatur:
1460 4648 1480 4684 ι
1516 4632 1663 4688 Sicut
1704 4633 1756 4687 in
1798 4641 1985 4689 nostro

389 4724 638 4779 examine
695 4722 892 4778 detecti
939 4733 1100 4792 atque
1147 4723 1378 4779 convicti
1428 4735 1590 4794 sunt,
1648 4725 1984 4782 Dominicum

391 4817 532 4873 diem
551 4859 566 4882 ,
595 4832 754 4888 quem
785 4817 940 4872 nobis
965 4816 1258 4873 Salvatoris
1289 4819 1458 4873 nostri
1479 4820 1807 4875 resurrectio
1849 4834 1985 4875 con-

389 4910 637 4975 secravit,
686 4909 907 4978 exigunt
957 4909 1010 4962 in
1059 4923 1296 4963 mcerore
1329 4909 1541 4978 jejunii.
1579 4929 1598 4962 ι
1641 4911 1902 4977 Quocirca
1933 4911 1987 4965 in

390 5003 530 5059 libro
568 5004 866 5060 Pontiﬁcali
906 5003 1040 5057 nihil
1097 5003 1315 5058 absurdi
1369 5003 1662 5070 videretur,
1704 5005 1749 5059 si
1786 5004 1987 5060 dictum

390 5106 572 5153 esset:
611 5115 630 5149 ι
661 5096 938 5152 Manichtei
989 5111 1018 5149 a
1060 5096 1360 5152 hielehiade
1386 5097 1590 5153 inventi
1619 5106 1747 5153 sunt
1777 5097 1829 5152 in
1858 5098 1992 5153 urbe

392 5189 584 5245 Roma.
623 5190 758 5246 Tum
799 5193 844 5245 is
886 5205 1019 5262 papa
1059 5191 1360 5256 constituit,
1401 5205 1470 5246 ne
1510 5191 1613 5245 ulla
1653 5190 1860 5246 ratione
1904 5189 1991 5246 die

391 5284 664 5341 Dominica
687 5285 953 5356 jejunium
994 5287 1116 5358 quis
1165 5285 1405 5341 ﬁdelium
1435 5297 1658 5357 ageret:
1688 5287 1810 5357 quia
1851 5287 1991 5342 hunc

389 5379 532 5434 diem
565 5379 801 5435 haeretici
829 5378 904 5435 illi
930 5379 1080 5448 quasi
1110 5394 1324 5433 sacrum
1349 5378 1610 5449 jejunium
1638 5379 1933 5434 celebrant.
1964 5397 1983 5432 ι

389 5471 653 5528 Mercator
675 5481 878 5537 tamen,
907 5472 1097 5527 librum
1122 5472 1488 5527 Pontificalem
1513 5487 1848 5542 nequaquam
1871 5487 1990 5528 cor-

392 5563 590 5634 rigens,
631 5563 727 5620 sed
766 5579 893 5619 eum
937 5563 1003 5618 de
1042 5579 1192 5618 more
1237 5563 1886 5632 imitatus,Melchiadem
1915 5565 1994 5620 sic

390 5654 769 5711 decernentem
798 5655 1036 5711 inducit:
1074 5674 1092 5708 ‹
1119 5655 1389 5726 Jejunium
1421 5671 1551 5712 vero
1593 5655 1856 5712 Dominici
1885 5655 1990 5712 diei

392 5756 451 5810 et
477 5750 680 5820 quinta:
706 5747 855 5806 feria:
877 5763 1034 5804 nemo
1061 5749 1340 5806 celebrare
1365 5749 1564 5807 debet:
1595 5760 1650 5808 ut
1681 5749 1822 5808 inter
1847 5750 1989 5823 jeju-

962 5843 1239 5907 ΡΑτιιοι..
1270 5842 1380 5906 VI.

2087 4633 2265 4688 minus
2294 4632 2431 4688 falso
2463 4633 2602 4689 idem
2629 4635 2698 4691 de
2726 4635 2856 4691 feria
2889 4638 3070 4709 quinta
3101 4644 3446 4701 constituisse
3472 4646 3522 4700 iu
3554 4647 3691 4703 libro

2088 4724 2390 4780 Pontiﬁcali
2418 4736 2687 4782 narratur.

2159 4819 2251 4875 24.
2293 4819 2597 4892 Numquam
2628 4837 2690 4878 ea
2723 4823 2820 4878 fuit
2862 4825 3285 4884 Christianorum
3327 4847 3454 4903 erga
3498 4833 3688 4889 feriam

2089 4915 2333 4984 quintam
2365 4915 2578 4985 religio,
2606 4931 2711 4986 qua
2744 4919 2846 4973 hoc
2868 4919 2955 4974 die
2979 4919 3228 4990 jejunare
3257 4925 3692 4989 prohiberentur.

2091 5005 2323 5062 Tantum
2364 5007 2592 5062 invaluit
2628 5024 2777 5073 mos,
2828 5017 2890 5065 ut
2929 5026 3050 5066 cum
3098 5014 3187 5068 alii
3236 5014 3383 5072 feriis
3413 5029 3600 5087 quarta
3638 5030 3696 5075 et

2091 5110 2268 5171 sexta,
2301 5099 2388 5153 alii
2419 5108 2568 5154 sexta
2600 5111 2652 5155 et
2681 5101 2908 5157 sabbato
2929 5103 3256 5172 jejunarent,
3297 5109 3537 5178 plerique
3559 5108 3694 5166 feria

2093 5193 2309 5262 quinta,
2352 5209 2472 5263 quae
2515 5193 2707 5248 diebus
2759 5195 2866 5250 illis
2905 5196 3114 5266 jejunio
3155 5202 3482 5256 consecratis
3519 5204 3693 5260 vicina

2094 5292 2200 5348 est,
2228 5283 2329 5338 sibi
2362 5298 2391 5337 a
2416 5283 2626 5354 jejunio
2655 5283 3034 5342 abstinendum
3063 5301 3370 5346 censerent.
3399 5293 3534 5350 llinc
3564 5311 3694 5367 apo-

2093 5376 2301 5431 stolicae
2331 5377 2746 5432 constitutiones
2775 5375 2904 5451 (lib.
2939 5395 2995 5447 v,
3039 5397 3084 5434 c.
3128 5381 3242 5451 24)
3272 5383 3340 5438 ab
3381 5385 3692 5456 hypocrita-

2095 5484 2252 5534 rum,
2285 5469 2374 5538 qui
2407 5469 2697 5538 singularia
2737 5487 2952 5541 semper
2981 5471 3257 5541 affectant,
3290 5492 3442 5533 ntere
3471 5495 3568 5535 nos
3596 5481 3695 5535 de-

2096 5562 2378 5618 hortantes
2406 5565 2726 5634 pra-cipiunt
2759 5583 2772 5619 :
2811 5583 2829 5617 ι
2861 5565 3068 5637 Jejunia
3103 5585 3235 5625 vero
3265 5582 3453 5626 nostra
3495 5590 3562 5628 nc
3587 5573 3696 5630 sint

2101 5672 2222 5713 cum
2265 5657 2563 5728 hypocritis
2604 5661 2958 5728 communia;
2986 5661 3236 5733 jejunant
3261 5663 3418 5735 (enim
3461 5669 3695 5724 secunda

2107 5749 2238 5809 fcria
2273 5762 2327 5809 ct
2353 5753 2558 5824 quinta.
2600 5773 2616 5806 ι
2649 5754 2711 5811 Ει
2740 5753 3088 5828 Augustinus,
3120 5759 3278 5827 epist.
3322 5759 3422 5826 56,
3469 5759 3697 5828 Romani

3100 5848 3138 5912 2
