4172 6202
402 226 475 284 ιδ
1217 219 1307 277 DE
1344 216 1687 279 DECRETIS
1722 216 2099 277 MELCHIADI
2135 216 2342 281 PAPE
2382 217 2816 279 ATTRIBUTIS.
2867 249 2890 261 --
3644 217 3716 279 44

405 336 1209 412 cujusdam,quibebdomadze
1239 337 1502 408 cujusque
1529 352 1623 394 sex
1644 336 1835 393 diebus
1854 336 1997 407 jeju-
2028 337 2234 399 Aferia
2287 340 2470 412 quinta
2519 340 2762 396 solemne
2830 334 2974 409 apud
3021 347 3257 409 paganos
3302 333 3571 409 jejunium
3621 337 3712 405 sit,

409 437 645 493 nandum
666 449 788 490 esse
812 430 1198 496 contendebat,
1218 435 1478 501 scriptum
1494 430 1771 498 refellens,
1791 444 1941 485 num.
1970 430 2006 485 9
2108 433 2203 489 sed
2235 453 2254 486 ι
2283 434 2407 506 quia
2439 434 2699 490 adscensa
2732 431 2943 489 Domini
2972 432 3092 503 ipso
3123 431 3212 487 die
3255 431 3401 486 omni
3430 445 3574 486 anno
3617 445 3715 487 oc-

408 532 487 585 ait
512 549 523 583 :
556 548 573 581 ι
610 528 766 597 Apud
788 527 1066 581 Romanos
1094 526 1344 580 omnibus
1368 524 1488 580 istis
1512 539 1609 580 sex
1631 523 1843 588 diebus,
1869 536 2009 593 prae-

2109 527 2299 593 currit,
2341 546 2361 581 ι
2396 527 2498 584 hoc
2521 536 2606 584 est
2633 527 2759 599 quia
2783 541 2905 583 eum
2933 525 3077 582 diem
3106 524 3365 582 Dominus
3391 540 3490 583 suo
3523 524 3575 578 in
3604 539 3717 581 coc-

410 633 496 679 ter
514 619 872 693 paucissimos
886 619 1224 675 clericosaut
1245 614 2008 686 monachos.quotusquisque
2110 619 2220 674 lum
2250 618 2513 675 adscensu
2534 620 2898 677 consecravit.
2935 617 3078 676 Sane
3118 617 3186 673 ab
3217 616 3321 672 hoc
3370 616 3460 674 die
3495 616 3720 679 maerori

409 712 812 781 invenitur,qui
835 710 1143 781 frequentet
1170 710 1482 780 quotidiana
1503 707 1747 777 jejunia?
1770 706 2007 763 maxime

408 806 531 878 quia
557 805 627 860 ibi
656 803 1003 875 jejttnandum
1030 804 1215 873 quinta
1236 801 1371 859 feria
1401 817 1509 858 non
1532 801 1767 857 videtur.
1802 819 1821 854 ι
1851 799 2010 856 Unde

408 896 665 966 colligere
710 892 824 962 est,
874 895 1063 951 Romae
1108 896 1326 966 quidem
1376 897 1655 966 vulgarem
1708 895 2012 950 obtinuisse

406 991 757 1062 opinionem,
803 1006 908 1060 qua
941 990 1077 1046 feria
1116 992 1305 1061 quinta
1348 1005 1455 1046 non
1491 989 1846 1061 jejunandum
1890 1001 2013 1043 esse

407 1093 712 1156 putaretur,
758 1083 858 1139 sed
912 1083 1120 1138 nullam
1174 1098 1240 1139 ea
1278 1083 1348 1139 de
1392 1099 1452 1138 re
1498 1084 1671 1153 legem
1715 1081 2010 1146 exstitisse,

409 1178 577 1234 immo
606 1176 888 1248 Augustini
924 1189 1043 1231 aevo
1087 1176 1162 1232 ibi
1193 1190 1223 1231 a
1256 1176 1530 1231 nonnullis
1571 1184 1687 1230 tum
1735 1174 2015 1230 monachis

414 1281 529 1328 tum
556 1271 771 1328 clericis
800 1286 922 1327 cum
950 1269 1109 1327 laude
1136 1269 1409 1327 celebrata
1429 1284 1553 1327 esse
1577 1268 1890 1343 quotidiana
1912 1283 2013 1326 sex

413 1364 623 1421 dierum
644 1363 869 1434 jejunis.

483 1456 555 1511 25
603 1456 765 1511 Certe
795 1470 902 1511 non
939 1454 1104 1511 modo
1133 1469 1200 1510 ex
1226 1454 1513 1522 Cassiano,
1546 1454 1678 1510 coll.
1699 1453 1762 1509 2i
1788 1495 1803 1521 ,
1837 1467 1888 1509 c.
1914 1452 2011 1519 24,

414 1548 510 1606 sed
538 1562 606 1603 ex
638 1546 905 1619 Gregorio
932 1562 1073 1618 papa
1115 1556 1364 1612 constat,
1398 1547 1559 1601 etiam
1598 1546 1785 1601 Romae
1817 1544 2019 1617 quintis

416 1639 852 1711 Quadragesimze
897 1638 1046 1694 feriis
1085 1639 1397 1695 intermissa
1442 1654 1549 1694 non
1588 1638 1756 1694 fuisse
1785 1638 2016 1709 jejunia.

2113 724 2177 765 ac
2205 710 2426 780 jejuniis
2452 710 2840 775 consecrando,
2870 710 3058 783 procul
3103 710 3330 766 aberant
3360 710 3573 782 pagani,
3602 712 3721 782 qui-

2117 802 2218 858 bus
2246 803 2494 859 eumdem
2522 804 2574 859 in
2605 803 2811 860 honore
2834 802 2984 860 Jovis
3009 802 3259 859 festivum
3282 819 3443 875 agere
3473 803 3720 861 solemne

2115 902 2252 951 erat.
2284 894 2547 964 Quocirca
2572 896 2896 952 christianos
2917 896 3198 967 quosdam,
3232 911 3370 968 quos
3394 895 3467 952 ad
3496 911 3722 971 perver-

2116 1002 2231 1043 sam
2284 1005 2471 1044 eornm
2506 990 2861 1045 imitationem
2898 987 3146 1045 diabolus
3188 988 3514 1055 seduxerat,
3542 987 3723 1045 Caesa-

2117 1082 2231 1139 rius
2308 1084 2643 1141 Arelatensis
2705 1084 3037 1157 episcopus,
3109 1083 3251 1155 apud
3319 1083 3719 1154 Augustinum,

2119 1176 2352 1245 append.
2398 1186 2438 1232 t.
2468 1192 2505 1231 v
2524 1221 2539 1245 ,
2564 1192 2732 1233 serm.
2763 1174 2906 1244 265,
2938 1190 2995 1231 n.
3024 1175 3089 1243 5,
3123 1176 3476 1231 vehementer
3500 1174 3730 1245 corripit

2120 1267 2207 1324 his
2237 1270 2419 1326 verbis
2453 1289 2464 1323 :
2502 1289 2522 1323 ι
2555 1270 2689 1339 Quia
2717 1268 3020 1325 audivimus
3048 1272 3192 1339 quod
3217 1269 3426 1339 aliquos
3457 1266 3607 1325 viros
3634 1264 3720 1321 vel

2120 1362 2381 1419 mulieres
2408 1362 2483 1419 ita
2525 1362 2773 1419 diabolus
2797 1361 3209 1428 circumveniat,
3258 1372 3317 1416 ut
3357 1361 3545 1433 quinta
3588 1358 3726 1417 feria

2123 1473 2225 1515 nec
2251 1456 2354 1512 viri
2397 1470 2561 1525 opera
2603 1453 2825 1520 faciant,
2854 1468 2954 1510 nec
2980 1454 3238 1509 mulieres
3267 1450 3588 1521 lanificium,
3621 1466 3716 1509 co-

2124 1567 2239 1608 ram
2282 1550 2395 1605 Deo
2438 1557 2493 1603 et
2534 1548 2737 1604 sanctis
2771 1545 2979 1618 angelis
3013 1553 3406 1610 contestamur,
3458 1545 3583 1616 quia
3610 1544 3730 1614 qui—

2123 1657 2356 1715 cumque
2393 1640 2496 1697 hoc
2538 1640 2831 1697 obaervare
2866 1637 3169 1703 voluerint,
3200 1637 3301 1691 nisi
3334 1652 3430 1707 per
3461 1635 3723 1707 prolixam

416 1732 507 1791 Sic
533 1746 698 1802 porro
718 1730 1015 1802 Gregorius
1034 1731 1332 1799 homilin,
1356 1732 1409 1787 in
1430 1731 1717 1803 Evangel.,
1744 1731 2016 1802 loquitur:
2050 1744 2180 1812 Bet
2228 1734 2418 1790 duram
2468 1732 2840 1803 ptenitentiam
2901 1729 3009 1785 tale
3059 1728 3405 1800 sacrilegium
3460 1727 3725 1783 emenda-

423 1844 442 1877 ι
473 1824 583 1881 Sex
622 1823 979 1879 hebdomadas
1025 1824 1279 1887 veniunt,
1323 1839 1549 1892 quarum
1602 1822 1853 1878 videlicet
1904 1821 2021 1877 dies

414 1918 768 1991 quadraginta
784 1918 893 1972 duo
915 1916 1072 1985 fiunt,
1094 1932 1159 1973 ex
1176 1917 1395 1988 quibus,
1422 1917 1549 1972 dum
1573 1931 1665 1973 sex
1695 1916 1812 1972 dies
1834 1915 2022 1970 Domi-

418 2011 528 2068 nici
556 2010 901 2065 abstinentiae
931 2010 1343 2075 subtrahuntur,
1375 2025 1485 2064 non
1516 2009 1638 2079 plus
1664 2009 1718 2064 in
1741 2009 2022 2064 abstinen-

413 2106 509 2170 tia,
541 2119 703 2173 quam
732 2118 831 2159 sex
859 2117 911 2158 et
936 2103 1153 2172 triginta
1184 2113 1489 2159 remanent.
1521 2123 1540 2155 ι
1567 2103 1643 2157 Ibi
1671 2105 1816 2159 enim
1846 2102 2022 2158 absti-

419 2198 621 2252 nentiae
644 2211 841 2251 nomen
873 2211 972 2266 pro
990 2194 1197 2265 jejunio
1224 2197 1472 2264 usurpari
1514 2210 1673 2251 nemo
1698 2211 1801 2250 non
1830 2194 1977 2251 videt
2004 2214 2017 2250 :

423 2304 544 2347 cum
590 2287 714 2345 ideo
743 2303 839 2342 sex
870 2288 1258 2345 subtrahantur
1288 2288 1551 2343 Dominici
1580 2288 1726 2355 dies,
1762 2304 1867 2343 non
1896 2290 2022 2360 quia

419 2382 487 2439 iis
512 2380 707 2437 diebus
725 2380 907 2435 carnis
926 2380 1275 2438 abstinentia.
1295 2381 1389 2436 sed
1412 2380 1535 2450 quia
1557 2380 1825 2451 jejunium
1849 2384 2019 2437 inter—

420 2474 682 2530 mittatur.
711 2472 975 2541 Quocirca
1003 2472 1298 2544 Gregorius
1329 2474 1521 2529 horum
1549 2475 1762 2545 triginta
1786 2491 1879 2531 sex
1903 2476 2023 2531 die-

420 2583 540 2625 rum
554 2566 762 2637 jejunio
780 2566 909 2621 anni
926 2567 1094 2621 nostri
1117 2567 1357 2623 decimas
1380 2567 1574 2623 offerre
1592 2584 1691 2624 nos
1713 2570 1822 2624 Deo
1843 2569 2022 2625 docet.

426 2659 569 2727 ilinc
613 2660 919 2715 luculenter
956 2661 1265 2714 confutatur
1294 2660 1432 2729 quod
1470 2659 1801 2716 Walafridus
1829 2661 2025 2717 Strabo

424 2767 543 2823 cap.
566 2753 657 2820 20,
686 2763 741 2807 et
769 2767 834 2807 ex
862 2768 928 2805 eo
954 2753 1281 2823 MicroIOgus
1295 2769 1415 2825 cap.
1446 2754 1537 2820 50,
1563 2756 1701 2810 libro
1724 2754 2024 2811 Pontiﬁcali

424 2856 586 2915 atque
629 2847 811 2913 spuria
852 2843 1169 2899 ﬂelcltiadis
1217 2845 1445 2911 epistola
1485 2845 1700 2915 decepti
1740 2846 2023 2901 scribunt:

429 2954 451 2992 Ι
484 2936 814 2992 Melchiades
863 2936 1049 2992 Roma:
1097 2938 1443 3005 praesulatum
1493 2953 1690 3009 agens,
1739 2941 1927 2994 statuit
1968 2949 2028 2996 ut

425 3028 572 3085 nulla
598 3028 811 3083 ratione
844 3027 1122 3087 Duminica
1144 3038 1235 3082 aut
1255 3031 1438 3099 quinta
1464 3030 1592 3084 feria
1617 3030 1881 3100 jejunium
1905 3032 2026 3102 quis

2130 1829 2331 1897 verint,
2360 1836 2465 1883 etc.
2517 1844 2536 1879 ι
2572 1824 2837 1880 Eamdem
2867 1838 2983 1879 rem
3028 1822 3316 1878 concilium
3355 1819 3733 1889 Narbonense,

2127 1936 2274 1976 anno
2300 1917 2409 1977 589
2432 1919 2696 1984 habitum,
2721 1931 2885 1987 quam
2910 1915 3130 1986 indigne
3144 1914 3331 1982 ferret,
3354 1926 3477 1969 can.
3501 1911 3592 1975 15,
3616 1925 3738 1983 ape-

2127 2018 2236 2072 ruit
2268 2015 2353 2070 his
2377 2015 2557 2070 verbis
2589 2030 2602 2066 :
2638 2030 2657 2064 ι
2694 2009 2777 2067 Ad
2808 2024 2911 2066 nos
2941 2009 3208 2081 pervenit,
3244 2005 3509 2079 quosdam
3539 2004 3609 2061 de
3638 2018 3738 2074 po-

2129 2109 2267 2180 pulis
2297 2106 2578 2163 catholica:
2609 2103 2733 2160 fidei
2780 2102 3103 2159 exsecrabili
3147 2101 3255 2157 ritu
3296 2100 3440 2155 diem
3489 2098 3736 2170 quintam

2127 2199 2360 2265 feriam,
2415 2198 2505 2269 qui
2550 2196 2828 2252 ctdicitur
2869 2194 3057 2259 lovis,
3110 2193 3310 2249 multos
3358 2191 3633 2259 excolere,
3685 2196 3741 2247 et

2134 2291 2503 2363 operationem
2542 2304 2650 2344 nou
2685 2288 2883 2344 facere.
2917 2286 3087 2355 Quam
3116 2301 3235 2341 rem
3280 2299 3380 2357 pro
3423 2284 3516 2339 Dei
3547 2285 3741 2339 timore

2142 2394 2516 2457 exsecrantes,
2559 2394 2665 2440 etc.
2702 2401 2723 2437 ι
2772 2382 2959 2454 Neque
3009 2394 3138 2437 vero
3166 2380 3415 2435 Patribus
3460 2386 3740 2449 tantopere

2128 2478 2403 2548 displicuit
2440 2478 2531 2534 ille
2577 2491 2696 2533 mos
2739 2477 2841 2532 nisi
2872 2476 2997 2547 quia
3032 2475 3100 2530 ab
3126 2473 3289 2545 impia
3332 2472 3616 2544 gentilium
3643 2486 3738 2526 su-

2130 2572 2449 2641 pcrstitione
2470 2570 2748 2627 derivatus
2761 2578 2924 2626 esset.
2941 2568 3024 2624 Ad
3047 2584 3169 2624 eum
3191 2569 3354 2639 igitur
3375 2566 3729 2633 abolendum,

2131 2662 2263 2719 feria
2294 2666 2482 2735 quinta
2516 2663 2694 2733 potius
2715 2662 2920 2734 jejunia
2946 2660 3233 2718 indiceuda
3259 2670 3435 2727 erant,
3460 2659 3735 2732 quomodo

2130 2757 2322 2813 iisdem
2360 2756 2697 2828 temporibus
2726 2757 2776 2810 in
2799 2754 3042 2812 kalendis
3079 2754 3351 2812 Januariis
3381 2755 3631 2811 eamdem
3660 2752 3734 2808 ob

2131 2865 2351 2906 causam
2381 2850 2581 2906 factum
2608 2862 2712 2917 εει,
2745 2865 2907 2921 quam
2935 2848 3291 2923 prohibenda.

2203 2944 2297 2999 27.
2328 2945 2613 3000 Decretum
2656 2944 2885 2999 alterum
2930 2944 2982 2997 in
3017 2942 3156 2997 libro
3183 2940 3483 2999 Pontificali
3524 2955 3745 3012 expres-

2133 3052 2253 3091 sum
2297 3046 2381 3093 est
2426 3038 2478 3091 in
2524 3036 2666 3092 hunc
2694 3037 2912 3091 modum
2949 3053 2961 3088 :
2994 3054 3014 3087 ι
3051 3035 3146 3090 Hic
3174 3034 3300 3090 fecit
3341 3045 3398 3090 ut
3437 3034 3742 3091 oblationes

427 3120 664 3175 fidelium
693 3128 897 3190 ageret.
925 3119 1128 3187 Pagaui
1157 3121 1299 3175 enim
1321 3120 1403 3175 his
1430 3121 1622 3177 diebus
1645 3125 1798 3193 quasi
1821 3123 2027 3195 jejunia
2056 3140 2103 3204 ρ
2137 3140 2468 3187 consecrata:
2497 3146 2599 3201 per
2645 3130 2908 3185 ecclesias
2944 3144 3008 3185 ex
3040 3137 3361 3184 consecratu
3390 3128 3631 3199 episcopi
3657 3126 3743 3183 di—

429 3211 865 3283 frequentabant.
897 3211 1023 3267 Ideo
1056 3213 1116 3266 Β.
1147 3212 1444 3282 Gregorius
1476 3216 1527 3269 in
1557 3216 1915 3284 dispositione
1943 3217 2030 3273 of-

431 3306 674 3365 ﬁciorum
703 3306 854 3369 anni,
888 3303 1028 3360 infra
1053 3306 1543 3377 quadragesintam,
1568 3310 1810 3380 quintam
1842 3311 2030 3368 feriam

431 3404 713 3457 vacantem
743 3396 995 3462 demisit;
1025 3406 1085 3452 ut
1120 3398 1242 3467 quia
1275 3396 1464 3454 festiva
1496 3411 1615 3455 erat
1651 3401 1820 3458 veluti
1850 3403 2033 3459 Domi—

432 3490 571 3555 nica,
603 3488 764 3548 etiam
794 3487 974 3543 ofﬁcio
996 3488 1103 3544 diei
1134 3488 1430 3547 Dominicaa
1459 3492 1688 3548 celebris
1718 3493 2029 3551 haberetur.

434 3579 565 3647 Quae
595 3582 781 3651 quinta
811 3580 944 3639 feria
976 3582 1230 3652 quoniam
1261 3586 1606 3653 postmodum
1640 3590 1804 3660 coepit
1836 3599 1895 3644 ut
1922 3606 2031 3646 ca:-

436 3684 590 3741 lertc,
614 3674 832 3745 jejuniis
857 3675 1148 3743 applicari;
1171 3675 1464 3748 Gregorius
1485 3680 1670 3749 junior
1699 3684 1887 3738 statuit
1913 3700 2034 3741 eam

438 3767 616 3827 Missis
657 3778 712 3823 et
753 3767 1088 3823 orationibus
1127 3784 1247 3824 esse
1283 3772 1602 3829 solemnem.
1637 3794 1656 3827 ι
1692 3775 1835 3830 lstud
1870 3793 2035 3846 porro

436 3862 608 3926 aiunt,
638 3862 744 3915 vita
773 3858 888 3915 fulti
920 3859 1165 3932 Gregorii
1196 3861 1260 3928 ll,
1292 3863 1380 3933 qui
1421 3863 1602 3935 junior
1632 3867 1891 3939 appellari
1924 3878 2035 3924 tum

439 3953 680 4019 solebat,
713 3953 802 4008 ubi
845 3954 988 4023 apud
1020 3954 1365 4011 Anastasium
1406 3957 1674 4029 legimus:
1710 3979 1730 4012 ι
1762 3960 1859 4016 Hic
1897 3977 2036 4031 qua-

438 4045 779 4112 dragesimali
820 4054 1062 4115 tempore
1087 4087 1100 4109 ,
1134 4055 1195 4101 ut
1237 4048 1290 4100 in
1332 4050 1514 4117 quinta
1564 4051 1692 4107 feria
1734 4052 2035 4124 jejunium,

440 4148 600 4209 atque
637 4138 918 4194 Missarum
966 4140 1254 4196 celebritas
1297 4142 1451 4198 fieret
1492 4144 1545 4199 in
1588 4146 1859 4214 ccclesiis,
1893 4148 2037 4219 quod

444 4244 548 4285 non
580 4230 855 4297 agebatur,
890 4230 1139 4287 inSIituit.
1175 4252 1194 4285 ι
1225 4232 1333 4289 Sed
1359 4244 1414 4290 et
1435 4234 1537 4290 hoc
1557 4236 1678 4292 loco
1704 4240 2039 4295 convincun-

442 4334 531 4379 tur
568 4323 898 4380 Walafridus
926 4339 987 4379 ac
1035 4325 1360 4397 Micrologus
1395 4342 1458 4383 ex
1488 4340 1865 4401 praeconcepta
1904 4334 2041 4404 opi-

445 4418 608 4473 nione
652 4417 864 4486 potius,
907 4434 1066 4488 quam
1118 4419 1225 4474 ulla
1280 4421 1599 4477 auctoritate
1653 4423 1859 4481 dixisse
1907 4426 2040 4482 feria

2138 3226 2466 3296 rigerentur,
2518 3224 2661 3295 quod
2709 3222 3016 3278 declaratur
3063 3222 3407 3281 fermentum.
3444 3241 3464 3275 ι
3508 3220 3606 3275 Cui
3648 3219 3745 3277 de-

2137 3330 2289 3374 creto
2312 3319 2491 3374 simile
2515 3327 2599 3374 est
2621 3316 2755 3373 illud
2778 3316 2922 3388 quod
2948 3315 3088 3371 idem
3112 3315 3249 3371 liber
3266 3314 3458 3373 Siricio
3472 3313 3741 3369 attribuit:

2144 3433 2162 3466 ι
2200 3413 2298 3471 Hic
2344 3412 2644 3479 constituit,
2700 3420 2758 3468 ut
2800 3412 2980 3472 nullus
3028 3410 3313 3484 presbyter
3357 3409 3547 3465 Missas
3593 3407 3742 3463 cele-

2136 3507 2324 3563 braret
2364 3522 2458 3577 per
2498 3506 2916 3579 hebdomadam,
2948 3505 3049 3562 nisi
3082 3511 3457 3561 consecratum
3502 3499 3746 3572 episcopi

2138 3601 2247 3656 loci
2266 3599 2531 3673 designati
2548 3601 2850 3673 susciperet
2877 3599 3235 3657 declaratum.
3262 3596 3405 3670 quod
3433 3595 3747 3652 nominatur

2140 3693 2487 3753 fermentum.
2530 3713 2550 3747 ι
2590 3694 2925 3767 Quamquam
2970 3692 3022 3747 in
3061 3689 3416 3747 Bollandiano
3454 3687 3577 3743 libri
3603 3686 3751 3741 Pon-

2142 3785 2355 3844 tilicalis
2381 3786 2703 3858 exemplari,
2754 3794 2813 3841 ut
2853 3794 2907 3839 et
2954 3786 3007 3840 in
3056 3783 3390 3847 Fossatensi,
3436 3794 3579 3837 nunc
3624 3777 3751 3834 Col-

2143 3875 2380 3944 bcrtino,
2426 3878 2569 3932 idem
2607 3876 2784 3937 Siricii
2811 3876 3085 3931 decretum
3132 3873 3452 3947 simpliciter
3491 3872 3562 3928 ita
3591 3870 3752 3928 eﬂ'er-

2145 3978 2270 4024 tur:
2310 3988 2330 4022 ι
2368 3968 2663 4025 Constituit
2694 3978 2751 4023 ut
2795 3970 2911 4023 sine
2959 3948 3279 4029 consecrato
3315 3965 3592 4040 episcopi,
3644 3964 3751 4020 loci

2144 4061 2437 4132 cujuslibet
2476 4060 2811 4132 presbyteris
2842 4074 2947 4115 non
2994 4059 3182 4115 liceret
3214 4057 3546 4115 consecrari.
3583 4072 3604 4109 ι
3645 4055 3752 4112 Ubi

2147 4153 2250 4206 nisi
2284 4152 2529 4224 legamus
2558 4166 2904 4219 consecrare,
2959 4151 3061 4205 hoc
3100 4150 3377 4205 decretum
3410 4148 3478 4207 ad
3520 4146 3753 4219 presby-

2148 4258 2385 4304 terorum
2403 4248 2870 4304 consecrationem
2892 4246 3239 4303 referendum
3268 4246 3543 4305 videbitur
3570 4262 3584 4301 :
3606 4243 3751 4317 quod

2145 4335 2435 4405 aliquando
2472 4332 2671 4389 factum
2718 4350 2839 4389 esse
2886 4333 3218 4405 ignoramus.
3254 4332 3368 4388 Hoc
3417 4340 3627 4386 tantum
3654 4343 3753 4385 no-

2147 4431 2328 4483 vimus
2350 4427 2477 4483 olim
2504 4427 2780 4482 nonnullis
2801 4428 2855 4480 in
2879 4426 3124 4482 ecclesiis
3146 4440 3243 4481 usu
3265 4432 3540 4497 receptum
3562 4422 3750 4489 fuisse,

443 4512 627 4582 quinta
651 4511 863 4566 Missam
887 4526 918 4567 e
941 4512 1217 4569 Dominica
1242 4514 1410 4572 fuisse
1441 4517 1723 4587 repetitam
1746 4536 1761 4585 ;
1785 4534 1907 4575 cum
1938 4519 2043 4578 hoc
2068 4539 2124 4601 ι)
2149 4534 2207 4579 ιιι
2248 4525 2551 4597 presbyteri
2593 4531 2717 4599 post
2754 4521 3149 4578 ordinationem
3193 4536 3345 4575 suam
3387 4520 3456 4576 ab
3496 4518 3754 4591 episcopo

446 4603 557 4671 die,
593 4603 795 4657 nullam
814 4612 940 4658 ante
954 4603 1272 4673 Gregorium
1303 4606 1364 4667 II.
1395 4608 1478 4678 agi
1506 4611 1860 4667 consuevisse
1884 4611 2045 4670 istinc

449 4695 757 4750 doceamur.
792 4694 867 4748 ita
895 4710 1050 4749 error
1077 4712 1322 4752 errorem
1352 4696 1509 4754 facile
1544 4703 1707 4770 parit.

519 4788 610 4845 26.
634 4786 710 4841 Ad
729 4787 993 4857 jejunium
1009 4790 1151 4860 quod
1183 4790 1393 4852 attinet,
1411 4791 1614 4846 nullam
1635 4792 1692 4850 S.
1718 4792 2045 4852 Benedictus

449 4887 671 4936 noverat
700 4878 898 4949 legem,
926 4896 1045 4949 qum
1075 4880 1206 4936 illud
1235 4880 1369 4937 feria
1401 4883 1586 4953 quinta
1616 4888 1823 4941 servari
1853 4890 2037 4957 prohi-

446 4972 618 5029 beret.
652 4972 861 5042 Quippe
896 4974 1094 5043 regulae
1133 4989 1247 5030 sua:
1290 4974 1467 5045 capite
1502 4976 1569 5032 41
1613 4982 1931 5035 continuum
1977 4984 2043 5038 ad

446 5075 690 5121 sanctum
722 5080 891 5135 usque
923 5065 1125 5120 Pascha
1153 5066 1416 5137 jejunium
1448 5071 1826 5139 prmscribens,
1853 5073 2042 5130 feriam

448 5160 690 5229 quintam
735 5177 840 5214 non
870 5161 1087 5230 excipit.
1133 5161 1189 5217 S.
1238 5162 1475 5219 Isidorus
1505 5163 1862 5240 Hispalensis,
1904 5169 2039 5242 Reg.

450 5264 569 5320 cap.
603 5251 691 5316 i0,
721 5251 1024 5321 quotidiana
1056 5267 1153 5322 per
1191 5261 1362 5308 totum
1405 5270 1604 5311 annum
1647 5258 1849 5328 jejunia
1872 5302 1887 5323 ,
1913 5261 2045 5317 solis

452 5342 743 5398 Dominicis
766 5346 1028 5416 exceptis,
1063 5347 1127 5402 ad
1152 5348 1505 5406 imitationem
1531 5362 1739 5421 patrum
1763 5356 2045 5424 permittit.

447 5436 639 5491 Postea
690 5437 903 5506 quidem
950 5439 1184 5508 Magistri
1230 5441 1453 5513 Regula,
1492 5459 1613 5515 cap.
1651 5445 1745 5511 27,
1776 5447 1846 5501 9.8
1874 5459 1929 5504 et
1953 5448 2043 5521 53,

448 5527 600 5583 feriis
619 5529 825 5598 quintis
842 5530 1104 5601 jejunium
1125 5535 1361 5598 remisit;
1387 5536 1482 5591 sed
1507 5536 1575 5592 ab
1602 5537 1703 5593 hac
1723 5540 2046 5598 remissione

448 5625 662 5696 quintas
717 5629 1142 5700 quadragesima:
1194 5632 1356 5689 ferias
1399 5635 1571 5704 excipi
1613 5635 1799 5692 voluit.
1857 5638 2044 5710 Neque

449 5729 467 5765 κ
487 5733 584 5778 Iro
610 5721 881 5785 praedictae
904 5721 1238 5780 remissionis
1264 5724 1403 5782 hanc
1431 5726 1579 5783 dedit
1600 5729 1886 5801 rationem,
1918 5732 2043 5803 quia

2150 4634 2250 4675 suo
2315 4617 2579 4674 Dominici
2640 4617 2883 4686 corporis
2933 4615 3246 4686 acciperent
3306 4614 3626 4684 portiones,
3684 4608 3754 4665 de

2148 4714 2340 4785 quibus
2370 4721 2520 4768 certo
2546 4710 2756 4769 dierum
2787 4701 3015 4766 numero
3044 4707 3477 4767 communionem
3509 4702 3757 4775 percipe-

2149 4817 2292 4864 rent.
2341 4807 2603 4877 Quocirca
2656 4806 2708 4860 in
2751 4806 2972 4876 antiquo
3015 4802 3321 4859 Pontificali
3372 4795 3757 4856 Suessionensi

2150 4900 2291 4973 apud
2336 4911 2582 4956 nostrum
2626 4897 2975 4955 Edmundum
3007 4897 3269 4963 Martene,
3301 4894 3369 4949 de
3395 4889 3566 4963 antiq.
3599 4888 3755 4945 Eccl.

2150 4992 2291 5060 Rit.,
2317 5000 2357 5047 t.
2381 5008 2441 5063 ιι²
2476 5006 2529 5062 p.
2562 4990 2688 5057 522,
2722 4988 2865 5045 istud
2908 4988 3139 5047 edicitur
3175 5003 3187 5039 :
3228 5004 3246 5038 ι
3287 4984 3492 5039 Debent
3530 4979 3759 5052 presby-

2152 5084 2252 5143 teri
2283 5086 2560 5159 portiones
2603 5081 2867 5137 Dominici
2916 5080 3163 5151 corporis
3201 5076 3270 5132 ab
3312 5076 3570 5145 episcopo
3608 5073 3755 5129 acci-

2151 5193 2302 5247 pere,
2333 5176 2400 5232 de
2428 5176 2625 5247 quibus
2655 5173 2957 5247 percipiant
2994 5169 3437 5226 communionem
3484 5181 3581 5239 per
3620 5180 3754 5237 qua-

2150 5269 2396 5342 draginta
2463 5268 2601 5323 dies.
2669 5286 2688 5321 ι
2750 5268 2817 5324 Ει
2869 5266 2922 5320 in
2978 5262 3201 5335 antiquo
3249 5262 3453 5320 Ordine
3511 5259 3757 5315 Romano

2152 5364 2368 5418 novitiis
2426 5362 2754 5437 presbyteris
2808 5358 3203 5432 praescribitur,
3253 5366 3311 5413 ut
3364 5372 3430 5412 ex
3476 5354 3599 5410 data
3649 5350 3756 5408 sibi

2154 5455 2328 5509 oblata
2357 5464 2675 5513 consecrata
2713 5452 3115 5510 communicent
3160 5464 3329 5525 usque
3372 5456 3579 5517 septem
3612 5443 3754 5500 dies.

2154 5546 2378 5615 Verum,
2416 5562 2485 5602 ex
2523 5544 2853 5605 auctioribus
2893 5543 3015 5601 libri
3063 5541 3393 5599 Pontificalis
3430 5536 3707 5594 codicibus
3738 5575 3755 5603 ,

2152 5639 2461 5712 corrigendi
2506 5637 2761 5697 videntur
2806 5636 3191 5695 Bollandianus
3214 5644 3376 5705 atque
3414 5626 3755 5689 Fossatensis

2152 5733 2289 5791 adeo
2328 5743 2388 5790 ut
2416 5734 2472 5790 in
2499 5732 2581 5790 eis
2634 5733 2840 5806 legatur
2897 5744 3223 5798 consecrare,
3270 5742 3381 5785 non
3423 5724 3746 5795 consecrari,
