4172 6202
427 268 496 332 47
1320 251 1630 318 ANONYMI
1665 245 1953 312 CARMEN
1992 246 2081 308 DE
2119 239 2463 304 LAUDIBUS
2514 236 2774 298 DOMINI.
3660 226 3735 286 48

430 393 561 449 Post
585 392 851 460 prmcepta
879 381 1014 448 Dei,
1046 379 1261 436 bustum
1290 389 1577 434 commune
1604 374 1826 430 levaret.

427 482 611 541 Sensit
640 489 761 536 vota
783 475 1078 542 suiconjux
1103 484 1342 541 praesaga
1366 469 1544 524 mariti
1569 509 1583 530 ,

430 575 730 647 Magnaque
766 566 1095 638 temporibus
1124 563 1310 619 tribuit
1347 561 1605 616 miracula
1631 558 1812 614 castis.

429 666 564 722 Nam
587 680 705 721 cum
721 660 988 718 defunctis
1008 658 1302 728 iungantur
1329 653 1548 710 brachia
1573 649 1829 705 membris
1850 688 1864 712 ,

431 761 503 815 Et
530 759 760 828 repetita
790 767 980 808 manus
1007 749 1338 819 constringat
1366 745 1580 800 vincula
1611 753 1831 804 trunco,

433 852 513 908 Ne
538 850 732 922 quibus
758 847 1006 900 humanm
1029 842 1370 912 complentur
1399 833 1780 893 munera'vitte
1800 874 1812 898 ,

433 943 653 1001 Accidat
683 940 932 996 informis
958 935 1184 992 fluitatio
1213 932 1536 989 dissociatis.

433 1038 766 1093 Immensum
787 1032 933 1088 dictu
955 1072 968 1098 ,
1001 1045 1106 1100 quo
1135 1039 1376 1096 tempore
1402 1025 1508 1078 vita
1539 1029 1753 1093 peracta
1773 1026 1854 1075 est
1873 1059 1888 1084 ,

433 1129 750 1201 Jungendus
773 1128 935 1180 sociae
962 1129 1240 1193 prospecta
1269 1118 1398 1174 sede
1426 1117 1672 1171 maritus.

509 1221 796 1291 Postquam
824 1225 996 1272 morte
1029 1214 1126 1268 viri
1152 1221 1392 1267 reserata
1416 1218 1499 1264 est
1515 1208 1677 1278 janua
1706 1204 1829 1269 leti,

429 1311 878 1378 Horrendumque
904 1307 1070 1360 larem
1097 1303 1205 1374 jam
1238 1303 1327 1356 lux
1353 1301 1556 1370 ingrata
1586 1296 1778 1352 retexit
1806 1311 1819 1346 :

429 1409 721 1478 Depraensa
744 1412 826 1458 est
857 1403 1042 1455 larvam
1064 1397 1392 1468 protendens
1413 1393 1609 1448 femina
1638 1389 1868 1460 palmam
1893 1428 1908 1452 ,

428 1502 670 1558 Invitans
699 1498 906 1553 socium
930 1504 1082 1565 gestu
1115 1491 1345 1546 viventis
1385 1487 1605 1542 amoris.

429 1597 562 1664 Quis
581 1594 728 1650 dedit
754 1591 1004 1646 affectum
1039 1585 1284 1642 tumulo?
1313 1583 1432 1653 quis
1463 1581 1678 1634 vincula
1707 1575 1908 1634 solvit?

436 1688 589 1745 Unde
605 1686 814 1756 sepulta
836 1683 980 1738 videt
1007 1691 1249 1734 ventura:
1277 1676 1521 1746 conjugis
1544 1673 1824 1727 umbram?

2053 371 2102 433 Α
2133 363 2201 420 Ει
2227 362 2342 418 vice
2365 357 2602 432 jucunda
2629 350 2949 412 mortalibus
2976 347 3177 406 addere
3203 345 3437 404 fructum
3468 357 3484 402 :

2132 456 2245 512 Neu
2279 469 2494 525 semper
2521 451 2726 523 prolixa
2748 448 2865 504 dies
2893 444 3052 501 nimis
3075 449 3256 498 ureret
3290 439 3477 496 orbem
3497 481 3514 505 ,

2032 558 2035 561 ’
2133 551 2249 607 Neu
2280 550 2460 606 brevis
2487 547 2718 603 invisum
2741 550 2957 614 raperet
2983 537 3328 612 nascentibus
3352 535 3552 607 ignem.

2135 647 2214 701 Ac
2239 658 2307 698 ne
2330 648 2588 711 perpetuo
2616 644 2863 709 quateret
2883 617 3038 690 labor
3062 631 3242 687 omnia
3272 628 3394 683 nisu
3412 668 3429 696 ,

2138 737 2240 791 Dat
2263 733 2504 806 requiem
2533 731 2690 787 fessis
2718 729 2993 784 hominum
3025 739 3133 780 nox
3168 719 3381 779 roscida
3408 719 3554 775 curis
3578 735 3590 773 :

2136 829 2313 900 thue
2340 827 2574 882 humana
2596 824 2743 879 salus
2768 835 3017 879 securum
3045 819 3271 874 duceret
3294 829 3472 871 arvum
3490 853 3506 883 ,

2137 923 2346 994 Sponte
2372 923 2635 976 salutares
2655 918 2724 974 de
2747 917 2952 987 cespite
2979 913 3197 985 surgitis
3225 909 3428 967 herba.

2139 1019 2248 1074 llas
2273 1017 2431 1072 Pater
2458 1016 2572 1086 ipse
2596 1012 2729 1068 serit
2756 1018 2886 1064 nutu
2910 1050 2926 1078 ,
2956 1023 3064 1063 non
3097 1019 3320 1060 vomere
3347 1002 3519 1059 dives.

2207 1109 2326 1165 Non
2349 1124 2448 1180 ego
2472 1106 2672 1164 ferrato
2697 1114 2907 1174 tegerer
2926 1101 2970 1156 si
2994 1101 3199 1155 viscera
3230 1110 3386 1151 muro
3403 1134 3421 1164 ,

2139 1204 2339 1260 Ferrea
2379 1217 2483 1256 vox
2515 1201 2818 1270 linguaeque
2845 1195 3025 1252 forent
3054 1192 3184 1248 mihi
3216 1189 3361 1246 mille
3381 1186 3632 1253 canenti,

2138 1297 2359 1352 Munera
2380 1303 2570 1350 cuncta
2597 1305 2789 1363 queam
2815 1298 3010 1345 vestrae
3039 1285 3253 1357 pietatis
3279 1283 3451 1340 obire.

2141 1390 2250 1447 Sed
2275 1391 2434 1445 Pater
2460 1388 2547 1443 ille
2573 1397 2695 1442 tuus
2721 1393 2932 1440 secreta
2959 1383 3011 1437 in
3034 1380 3162 1436 sede
3191 1380 3399 1434 locatus
3420 1417 3434 1445 ,

2139 1484 2251 1539 Nec
2279 1483 2528 1552 cuiquam
2554 1479 2674 1534 visu
2704 1477 2873 1533 facilis
2896 1517 2911 1541 ,
2940 1474 3261 1545 cunctisque
3293 1469 3602 1526 tremendus

2142 1576 2219 1632 Te
2240 1574 2389 1632 misit
2428 1573 2711 1629 Dominum
2743 1570 2901 1626 terris
2934 1569 3162 1636 vitaeque
3193 1565 3528 1636 magistrum.

2142 1671 2213 1727 Et
2245 1669 2488 1742 quisquis
2517 1676 2698 1722 natum
2717 1666 2864 1736 justo
2903 1669 3194 1719 veneratur
3221 1660 3458 1723 honore,

503 1780 584 1834 Tu
614 1778 744 1833 facis
764 1776 908 1840 haec,
937 1785 992 1829 tu
1013 1772 1228 1828 Christe
1253 1772 1422 1834 Deus,
1451 1779 1538 1822 tua
1561 1767 1713 1836 signa
1731 1771 2032 1828 moventur,
2068 1767 2116 1827 Β
2143 1762 2420 1819 Ambobus
2451 1775 2544 1816 sua
2573 1769 2694 1814 vota
2723 1758 2865 1814 dicat
2903 1756 3173 1822 vitamque
3201 1764 3518 1822 perennem.

430 1876 801 1942 Paulatimque
828 1871 990 1925 doces
1019 1868 1191 1936 sopita
1224 1877 1510 1933 resurgere
1543 1860 1787 1916 membra
1819 1873 1833 1911 :

428 1972 512 2026 Tu
541 1983 701 2039 quem
729 1973 1018 2020 venturum
1045 1959 1216 2015 sancti
1257 1957 1505 2012 cecinere
1547 1951 1855 2023 prophetae,

426 2065 745 2130 Incorrupta
777 2057 871 2113 Dei
899 2055 1114 2111 soboles
1137 2093 1151 2116 ,
1183 2059 1469 2118 rectorque
1496 2045 1731 2116 regentis
1757 2083 1771 2107 ,

434 2158 554 2223 Quo
576 2155 693 2208 sine
714 2150 789 2206 nil
816 2161 1065 2219 magnum
1094 2143 1306 2214 genitor
1334 2138 1596 2194 deliberat
1619 2137 1828 2205 ingens.

433 2251 600 2320 Cujus
624 2245 690 2302 ad
723 2242 1004 2313 imperium
1028 2238 1191 2294 certis
1213 2249 1364 2290 mare
1395 2231 1636 2288 constitit
1662 2230 1803 2295 oris,

432 2340 546 2396 Nec
571 2341 699 2395 licet
729 2339 995 2392 immenso
1025 2333 1182 2388 terris
1210 2342 1503 2384 excurrere
1532 2333 1729 2396 ponto,

434 2436 710 2504 Planaque
733 2439 1021 2485 montanos
1048 2423 1327 2482 includunt
1350 2423 1526 2476 littora
1552 2420 1744 2473 fluctus
1773 2433 1786 2470 :

435 2526 536 2594 Qui
564 2525 712 2579 vario
743 2521 990 2578 stabilem
1022 2517 1219 2574 dotasti
1243 2528 1470 2569 munere
1500 2520 1701 2566 terram

436 2619 498 2674 In
529 2627 742 2674 nostros
769 2630 930 2678 usus,
962 2612 1140 2684 largus
1168 2611 1369 2681 pietate
1400 2616 1641 2677 paterna.

437 2713 517 2768 Te
559 2710 727 2777 vade,
765 2707 1022 2764 mortales
1047 2703 1389 2759 committunt
1421 2697 1628 2754 semina
1658 2694 1824 2750 sulcis
1849 2734 1865 2762 ,

438 2806 509 2861 Et
533 2819 704 2859 novus
731 2800 904 2856 arenti
939 2796 1181 2870 procedit
1209 2794 1416 2863 cespite
1445 2799 1650 2862 partus.

437 2897 521 2952 Tu
549 2909 769 2951 manare
803 2893 962 2963 jubes
992 2887 1233 2946 secundo
1262 2896 1480 2942 nectare
1511 2885 1648 2937 vites
1675 2899 1688 2934 :

442 2989 522 3044 Tu
543 2996 726 3060 gratos
748 2985 922 3057 epulis
942 2984 1221 3038 hominum
1243 3020 1256 3044 ,
1290 2977 1636 3045 medicosque
1667 2973 1826 3030 saluti

441 3082 746 3139 Arboribus
772 3093 963 3135 succos
991 3094 1006 3134 :
1040 3085 1092 3130 tu
1125 3072 1294 3128 trudis
1321 3070 1496 3125 dulcia
1525 3068 1704 3124 mella.

443 3174 527 3230 Tu
551 3174 756 3229 servire
777 3171 937 3243 jubes
967 3167 1173 3224 homini
1199 3178 1369 3234 genus
1401 3176 1564 3216 omne
1589 3159 1916 3213 animantum
1945 3197 1959 3222 ,

442 3268 669 3338 Insuper
693 3273 748 3320 et
775 3262 1030 3334 gravibus
1061 3261 1211 3315 lucos
1240 3267 1561 3312 curvescere
1593 3251 1798 3322 pomis,

445 3361 624 3430 Atque
651 3371 820 3412 novos
846 3354 1052 3410 reditus
1082 3351 1226 3407 nullo
1255 3347 1323 3404 de
1341 3347 1550 3403 semine
1573 3344 1743 3400 nasci.

443 3455 525 3510 Tu
553 3453 732 3508 varios
759 3464 946 3504 amnes
975 3457 1163 3501 nostro
1199 3441 1457 3513 prodesse
1490 3437 1696 3502 labori,

450 3545 522 3602 Et
547 3558 812 3601 renovare
839 3540 1008 3596 sacris
1037 3535 1381 3593 benedictum
1417 3530 1654 3587 fontibus
1679 3542 1876 3584 :evum.

450 3638 531 3694 Te
559 3637 694 3693 duce
715 3634 962 3690 velivolis
995 3637 1283 3700 patuerunt
1309 3639 1525 3698 aequora
1556 3623 1747 3679 rostris
1769 3663 1782 3688 ,

455 3729 771 3797 Divisosque
795 3725 945 3780 fretis
967 3722 1218 3777 lustravit
1243 3720 1421 3774 navita
1453 3725 1662 3788 portus.

528 3820 609 3874 Tu
635 3827 917 3888 postquam
949 3815 1112 3871 certis
1148 3821 1273 3867 sunt
1299 3818 1416 3865 acta
1439 3809 1705 3864 elementa
1733 3804 1914 3876 figuris
1934 3845 1950 3870 ,

457 3911 540 3968 Ne
566 3919 782 3981 torpere
810 3907 930 3963 rudi
960 3905 1203 3962 caelestis
1229 3902 1474 3958 machina
1506 3899 1655 3955 vultu

460 4006 726 4076 Inciperet
748 4045 762 4067 ,
791 4002 943 4056 vario
971 3999 1192 4072 signasti
1223 4011 1446 4053 munere
1484 3993 1743 4050 mundum
1772 4012 1783 4046 :

461 4098 530 4154 Et.
553 4095 810 4168 quidquid
838 4094 978 4150 caelo
1017 4092 1219 4159 radiat,
1252 4099 1338 4145 tua
1363 4090 1583 4146 dextera
1610 4089 1780 4143 ﬁnxit.

466 4190 562 4245 His
586 4189 763 4243 aulam
796 4185 1002 4241 Domini
1039 4183 1236 4255 placuit
1262 4192 1550 4238 contexere
1584 4181 1772 4252 signis.

465 4281 584 4338 Jam
615 4281 743 4336 freta
768 4294 837 4335 ne
869 4278 1029 4333 nullis
1057 4286 1342 4346 agerentur
1371 4274 1637 4344 inhospita
1664 4274 1822 4330 terris
1845 4315 1861 4342 ,

471 4372 876 4444 Assiduumque
903 4372 1082 4427 alacer
1121 4380 1433 4425 nmnerarct
1463 4369 1638 4424 navita
1670 4379 1878 4438 portum
1911 4387 1922 4422 :

469 4467 674 4523 Crebra
716 4466 849 4521 satis
871 4463 1076 4520 tumido
1098 4462 1348 4534 deﬁgitur
1374 4461 1547 4517 insula
1580 4469 1783 4531 ponto;

473 4559 585 4616 Nec
617 4569 795 4613 tamen
826 4558 1018 4612 insano
1038 4558 1226 4613 metuit
1257 4556 1585 4612 circumdata
1615 4557 1809 4622 fluctu,

471 4651 793 4722 Exiguoque
821 4651 970 4706 fretis
999 4650 1234 4705 innitens
1260 4650 1391 4703 orbe
1421 4649 1653 4716 resistit,

474 4743 551 4800 Te
579 4743 716 4800 duce
737 4742 1016 4798 confidens
1039 4760 1052 4806 ;
1076 4742 1230 4810 cujus
1259 4739 1568 4796 venerabile
1597 4751 1811 4811 pactum

473 4837 680 4894 Nexum
709 4837 825 4908 lege
849 4838 959 4906 pari
991 4850 1367 4904 summumque
1395 4835 1668 4906 imumque
1691 4843 1963 4906 peraequat
1982 4875 1997 4904 ,

475 4933 584 4988 Nec
604 4931 734 4986 sinit
770 4930 1048 5000 impositos
1074 4943 1340 5000 quoquam
1365 4928 1745 4983 transcendere
1776 4927 1928 4983 lines.

475 5027 556 5081 Ac
583 5039 650 5080 ne
674 5024 833 5096 plana
860 5023 1019 5076 nimis
1050 5021 1208 5076 tellus
1238 5021 1321 5076 vel
1367 5020 1504 5074 nuda
1531 5020 1771 5090 jaceret,

473 5118 686 5175 Vitibus
709 5116 968 5189 aptandos
995 5115 1200 5186 jussiin
1224 5129 1508 5184 assurgere
1537 5115 1704 5170 colles

477 5211 784 5268 Grandibus
806 5250 821 5276 ,
851 5220 904 5264 et
935 5209 1112 5278 largos
1140 5206 1449 5262 umbracula
1477 5216 1659 5262 texere
1691 5207 1860 5262 lucos.

478 5305 616 5360 Tum
640 5321 706 5360 ne
733 5313 914 5359 vastus
954 5310 1076 5374 agat
1098 5301 1248 5354 silvis
1277 5299 1614 5370 torpentibus
1645 5299 1872 5369 horror,

475 5396 794 5453 Innumeros
819 5395 958 5450 fetus
987 5394 1230 5464 proceris
1262 5401 1315 5447 tu
1345 5392 1570 5448 saltibus
1595 5392 1748 5448 addis
1777 5412 1790 5448 :

476 5488 656 5544 Incola
685 5503 752 5542 ne
784 5487 1026 5549 nemori,
1057 5499 1159 5540 neu
1187 5483 1330 5538 desit
1358 5484 1538 5554 praeda
1565 5483 1788 5554 petenti.

478 5581 616 5636 Tum
644 5579 893 5635 volucres
932 5576 1127 5631 multas
1149 5617 1162 5640 ,
1197 5585 1306 5630 tum
1338 5575 1486 5630 mille
1507 5577 1754 5630 examina
1775 5591 1966 5633 vocum

477 5672 686 5729 Mortali
713 5670 992 5727 harmonia
1020 5669 1152 5725 lucis
1173 5683 1429 5724 resonare
1458 5668 1669 5724 canoris
1703 5687 1714 5721 :

479 5765 570 5828 Sic
589 5780 789 5824 annum
823 5763 1020 5843 placuit
1048 5761 1206 5819 variis
1238 5762 1477 5819 intexere
1499 5761 1716 5830 formis,

2142 1856 2225 1913 Tu
2249 1856 2380 1911 casti
2424 1853 2666 1924 rectique
2691 1862 2884 1914 tenax,
2915 1859 2968 1904 et
2998 1847 3218 1902 flectere
3255 1845 3405 1915 leges

2143 1950 2274 2006 Post
2300 1948 2506 2004 crimen
2537 1945 2709 2001 facilis
2730 1986 2745 2009 ,
2775 1944 2818 1998 si
2847 1956 3007 2014 quem
3034 1937 3282 1996 vecordia
3312 1949 3554 2007 praeceps

2144 2045 2360 2116 Depulit
2381 2058 2412 2098 a
2434 2042 2590 2101 vobis
2620 2039 2936 2111 praescripto
2964 2035 3136 2090 limite
3152 2034 3297 2090 vitae.

2143 2137 2221 2194 Te
2240 2137 2453 2208 genitor
2482 2143 2665 2191 nostra
2685 2172 2704 2200 ,
2732 2138 3045 2204 paterentur
3072 2137 3131 2183 ut
3158 2141 3252 2183 ora
3289 2123 3461 2191 tueri,

2144 2227 2324 2284 Induit
2345 2227 2578 2282 humana
2610 2224 2748 2280 faeie
2774 2222 3143 2292 membrisque
3167 2218 3408 2275 caducis.

2143 2319 2276 2388 Quis
2295 2327 2530 2374 tentaret
2554 2317 2699 2374 enim
2725 2315 2943 2386 fragiles
2966 2312 3213 2368 attollere
3242 2310 3412 2375 visus,

2143 2413 2202 2468 Si
2223 2411 2385 2468 talem
2416 2408 2637 2480 trepidis
2660 2407 2920 2464 voluisset
2945 2407 3140 2462 sistere
3170 2404 3329 2459 terris
3351 2444 3366 2468 ,

2143 2505 2330 2574 Qualis
2358 2520 2450 2572 es,
2484 2505 2685 2575 ingenti
2713 2518 2835 2558 cum
2863 2511 3081 2573 torques
3113 2499 3337 2555 fulmina
3363 2497 3550 2554 dextra
3579 2535 3593 2560 ,

2147 2603 2589 2670 Praesentemque
2607 2598 2767 2668 jubes
2792 2597 2998 2653 directa
3029 2609 3324 2667 pavescere
3356 2605 3570 2664 poenam
3599 2608 3610 2642 :

2147 2697 2246 2754 Vel
2269 2711 2392 2753 cum
2417 2696 2660 2766 placatus
2681 2735 2695 2759 ,
2719 2693 2927 2766 campis
2956 2693 3263 2750 sitientibus
3285 2693 3486 2747 imbres

2159 2791 2365 2846 Dividis
2387 2831 2402 2856 ,
2425 2798 2482 2845 et
2503 2787 2695 2845 dubias
2709 2787 2874 2844 sulcis
2893 2786 3150 2858 producis
3171 2785 3410 2842 aristas?

2225 2883 2305 2940 Ne
2328 2892 2508 2938 tamen
2536 2883 2802 2953 insignem
2830 2895 2919 2938 res
2947 2880 3094 2936 nulla
3120 2879 3432 2936 ostenderet
3471 2889 3686 2946 ortum,

2151 2974 2374 3046 Virgine
2410 2975 2713 3045 conciperis
2742 2991 2756 3027 :
2790 2988 2896 3029 non
2923 2973 3125 3029 sufﬁcit
3147 2989 3270 3029 esse
3300 2973 3546 3044 pudicam
3565 3014 3581 3040 ,

2152 3070 2262 3126 Nec
2288 3085 2410 3140 quae
2435 3077 2600 3138 nupta
2627 3076 2790 3138 queat
2813 3067 3045 3123 Domino
3069 3067 3399 3138 conjungere
3431 3067 3649 3123 fratrem
3669 3107 3686 3135 ,

2074 3147 2120 3212 C
2150 3161 2230 3219 Ne
2257 3161 2447 3232 procul
2478 3177 2547 3218 ex
2570 3170 2723 3216 utero
2746 3161 2998 3232 contagio
3023 3161 3192 3230 turpis
3217 3160 3452 3215 abesset.

2150 3257 2272 3314 Mox
2293 3257 2384 3312 ubi
2406 3269 2661 3328 processu
2683 3254 2813 3311 felix
2846 3255 3102 3310 maturuit
3128 3261 3262 3309 tetas
3280 3295 3297 3320 ,

2151 3350 2419 3408 Indociles
2446 3351 2658 3405 animos
2689 3348 2908 3404 monitis
2937 3362 3157 3402 servare
3184 3346 3424 3416 paternis

2155 3447 2479 3520 Aggrederis
2500 3487 2515 3513 ,
2544 3454 2857 3516 rectumque
2891 3445 3031 3500 viam
3071 3443 3378 3500 labentibus
3407 3442 3591 3510 offers.

2156 3545 2336 3614 Atque
2367 3549 2426 3597 ut
2450 3541 2616 3595 missa
2638 3541 2750 3596 Deo
2781 3539 2996 3610 penitus
3021 3549 3287 3610 praecepta
3317 3545 3595 3608 paterent,

2161 3635 2458 3707 Imperium
2489 3643 2545 3689 tn
2573 3633 2738 3690 morti
2765 3633 2989 3702 adimis,
3020 3633 3318 3704 morboque
3346 3631 3525 3688 soluto

2159 3727 2456 3808 Desperata
2479 3727 2638 3798 jubes
2662 3727 3006 3798 apprendere
3034 3726 3219 3782 munia
3244 3725 3369 3780 vitae
3393 3764 3411 3792 ,

2161 3803 2526 3892 Restituisque
2546 3823 2688 3878 diem
2718 3823 2878 3879 caacis
2907 3840 2919 3875 :
2951 3833 3007 3877 et
3025 3836 3096 3877 ne
3113 3820 3242 3892 quid
3272 3803 3528 3875 inausum,

2164 3913 2416 3970 Restaret
2439 3914 2652 3984 penitus
2671 3953 2688 3980 ,
2707 3913 2851 3984 quod
2881 3913 3120 3986 perfidus
3150 3927 3307 3968 error
3335 3912 3549 3980 obiret,

2165 4005 2363 4062 Indicis
2386 4019 2605 4062 sensum
2636 4005 2857 4062 tumulis
2876 4045 2892 4071 ,
2925 4015 2980 4061 et
3008 4005 3226 4060 condita
3256 4003 3466 4075 pridem

2172 4100 2412 4158 Membra
2435 4097 2596 4171 jubes
2621 4099 2817 4156 iterum
2841 4114 3068 4170 superas
3088 4113 3421 4170 consurgere
3452 4099 3505 4154 in
3534 4113 3694 4156 auras
3711 4139 3726 4168 ,

2168 4195 2590 4265 Agnoscuutque
2624 4205 2781 4248 suum
2803 4191 3001 4248 dilecta
3030 4191 3293 4248 cadavera
3320 4205 3538 4248 nomen.

2243 4287 2313 4341 At
2339 4291 2622 4358 postquam
2649 4284 2821 4355 legem
2847 4292 3082 4340 sectator
3105 4283 3332 4340 idoneus
3354 4283 3567 4353 transit,
3601 4263 3610 4285 ⁸

2171 4375 2242 4433 Ut
2272 4392 2333 4433 se
2358 4375 2573 4433 mortali
2597 4375 2837 4434 caelestis
2866 4375 3088 4448 Spiritus
3121 4377 3245 4432 aula

2174 4469 2412 4526 Exueret
2429 4509 2444 4531 .
2473 4469 2576 4541 legi
2606 4469 2871 4526 intentum
2896 4485 3004 4539 quo
3024 4479 3219 4526 cuncta
3240 4468 3466 4527 doceres

2100 4549 2156 4611 Ῑ)
2178 4564 2285 4621 Pro
2304 4579 2516 4620 summo
2544 4563 2823 4619 toleranda
2850 4563 2961 4618 Deo
2987 4605 3002 4629 ,
3031 4574 3286 4634 recteque
3316 4578 3610 4634 perennem

2177 4661 2505 4730 Contemptu
2532 4661 2721 4715 mortis
2749 4660 2852 4716 sibi
2877 4676 3147 4734 quemque
3169 4677 3447 4719 assumere
3473 4662 3637 4720 vitam
3663 4680 3675 4716 :

2179 4752 2268 4809 Sic
2287 4752 2550 4819 completa
2577 4751 2758 4808 ferens
2772 4753 3034 4825 genitoris
3058 4753 3209 4825 jussa
3227 4797 3240 4822 ,
3281 4755 3468 4812 redisti

2182 4844 2264 4900 Ad
2285 4845 2480 4901 summi
2506 4856 2715 4902 secreta
2746 4847 2887 4918 poli,
2918 4863 3022 4918 qua
3050 4848 3258 4906 lucidus
3294 4850 3465 4906 aether

2181 4938 2340 5010 Pigra
2374 4947 2523 4995 vetat
2547 4943 2769 5012 proprio
2800 4943 3131 5000 succendere
3162 4945 3342 5001 nubila
3370 4944 3530 5001 ccelo.

2185 5032 2361 5101 Atque
2389 5043 2450 5088 ut
2475 5042 2620 5089 certa
2645 5033 2788 5091 foret
2817 5038 3094 5105 pereuntis
3141 5040 3296 5109 copia
3326 5040 3500 5097 turbae
3518 5083 3533 5109 ,

2185 5120 2318 5189 Quae
2349 5134 2616 5195 praecepta
2640 5126 2734 5183 Dei
2767 5127 3090 5184 miserandis
3115 5131 3338 5187 auribus
3357 5142 3538 5202 arcet,

2183 5213 2295 5270 Nec
2327 5231 2462 5271 nova
2490 5216 2773 5274 defunctos
2789 5219 3112 5291 jampridem
3134 5222 3255 5292 jura
3285 5233 3568 5283 tenerent:

2183 5303 2430 5362 Carceris
2461 5307 2655 5366 inferni
2689 5310 2871 5366 feralia
2893 5355 2908 5379 ,
2946 5313 3113 5368 libera
3141 5313 3331 5384 nobis,

2187 5397 2634 5472 Innumeramque
2655 5404 2812 5474 jubes
2839 5404 3076 5463 tenebris
3105 5422 3383 5482 emergere
3410 5411 3618 5481 plebem
3647 5453 3659 5474 .

2186 5490 2282 5546 llis
2313 5501 2519 5547 tantum
2545 5496 2773 5564 clausis,
2797 5512 2933 5568 quos
2955 5498 3119 5571 impia
3147 5503 3256 5558 vita
3283 5503 3479 5560 notarit
3515 5521 3528 5559 :

2187 5582 2253 5637 Et
2281 5583 2394 5640 loca
2417 5599 2699 5655 poenarum
2732 5591 2974 5645 venturis
3002 5591 3202 5649 dividis
3226 5594 3467 5663 umbris,

2185 5674 2317 5743 Quae
2349 5678 2442 5733 tibi
2474 5694 2580 5734 non
2605 5679 2856 5744 credant.
2891 5685 2976 5741 vel
3001 5701 3122 5756 qua:
3148 5700 3208 5743 se
3235 5685 3458 5742 credere
3484 5686 3708 5760 fingant.

2261 5769 2458 5827 Sancte
2487 5771 2628 5830 Deus
2651 5815 2666 5844 ,
2691 5776 2995 5853 summique
3024 5777 3118 5835 Dei
3148 5778 3455 5838 venerabile
3482 5781 3674 5856 pignus
3691 5823 3706 5851 ,
