4172 6202
428 316 502 374 49
1389 316 1587 378 CELSI
1628 318 2000 376 PREFATIO
2038 319 2131 377 AD
2174 316 2474 376 VIGILIUM
2512 316 2728 379 EPISC.
3667 317 3737 374 50

428 432 513 490 Ad
535 429 688 504 cujus
710 444 906 489 nomen
935 431 1172 490 violenta
1203 441 1377 489 morte
1404 434 1594 505 fugatae
1616 475 1630 500 ,

429 525 748 584 Pectoribus
779 525 1012 596 propriis
1038 526 1320 598 alienaque
1351 535 1570 596 pectora
1607 534 1778 586 nactae
1798 568 1813 594 ,

433 618 784 685 Exclamant,
819 619 1126 690 pallentque
1151 619 1347 674 animae
1364 661 1379 686 ,
1402 621 1674 689 iussaeque
1700 619 1995 685 recedunt,

429 707 584 766 Sicut
611 708 775 764 multa
809 710 957 780 prius
985 711 1054 766 de
1082 721 1135 766 te
1160 712 1417 767 miracula
1449 712 1709 781 produnt,

425 801 568 858 Cum
598 811 796 858 terram
821 803 1130 876 coelumque
1159 805 1294 861 inter
1324 820 1584 876 suspensa
1615 815 1900 872 tenentur,

430 893 705 952 Obstricto
737 911 835 966 per
863 906 916 952 te
941 899 1067 968 quia
1097 899 1170 953 nil
1202 898 1532 970 permittitur
1564 899 1727 956 hosti.

2056 449 2111 508 Α
2207 432 2431 487 Αιιιιιιιο
2455 445 2507 489 ιιι
2538 433 2821 488 Dominum
2849 433 3080 495 meritis.
3121 433 3319 504 pietate
3352 443 3660 504 parentem,

2144 525 2377 596 Imperio
2406 526 2650 594 facilem,
2682 528 2893 583 vivendi
2923 530 3039 598 lcgc
3064 531 3376 598 magistrum
3401 571 3414 594 ,

2142 620 2452 692 Edimisque
2486 637 2665 691 parem
2692 638 2810 693 quae
2843 623 2922 676 lex
2951 623 3042 675 libi
3071 623 3284 677 condita
3312 623 3521 678 sancit:

2142 715 2409 772 Victorem
2443 716 2731 787 laetumque
2761 731 2921 788 pares
2948 716 3076 770 mihi
3104 716 3511 772 Constantinum
3543 736 3556 771 :

2143 809 2258 865 lloc
2281 809 2473 865 melius
2503 807 2614 864 fetu
2634 851 2649 878 ,
2680 810 2838 864 terris
2867 809 2998 863 nihil
3024 817 3148 864 ante
3168 808 3394 875 dedisti,

2142 901 2253 958 Nec
2282 901 2437 958 dabis
2472 922 2484 956 :
2519 911 2804 973 exaequent
2825 903 3026 957 utinam
3059 916 3154 958 sua
3184 904 3402 974 pignora
3425 912 3631 972 patrem
3665 903 3679 955 ι

447 1057 3741 1082 mw“

1781 1191 2350 1350 CELSI

1343 1427 1411 1484 IN
1452 1425 2040 1484 ALTERCATIONEM
2080 1425 2356 1484 JASONIS
2394 1426 2484 1482 ET
2524 1425 2788 1484 PAPISCI

1588 1581 2587 1698 PBEPA'I‘IO

427 1818 591 1904 DE
629 1814 1144 1904 JUDAICA
1194 1815 2199 1923 INCREDULITATE,
2230 1819 2389 1902 AD
2438 1816 3006 1902 VIGILIUM
3039 1814 3750 1901 EPISCOPUM.

497 2157 541 2215 Ι.
572 2157 688 2213 Etsi
743 2155 1002 2227 plurimos
1062 2153 1343 2227 gentilium
1400 2155 1546 2222 scio,
1597 2154 1756 2226 Vigili
1811 2153 2038 2210 sanctis-
2067 2155 2116 2216 B
2147 2168 2242 2224 per
2290 2155 2500 2210 Domini
2548 2172 2734 2214 vocem
2781 2158 3112 2230 increpatam
3175 2159 3550 2227 Hierusalem,
3602 2161 3750 2233 quod

425 2250 588 2315 sime,
621 2249 689 2303 ab
719 2248 912 2303 ordine
938 2257 1099 2319 atque
1124 2249 1334 2304 ratione
1360 2249 1603 2305 veritatis
1629 2263 1871 2315 aversos,
1904 2261 2036 2316 quo-

425 2347 608 2402 minus
648 2346 933 2401 Dominum
972 2357 1230 2411 noscant,
1284 2345 1532 2401 caecitate
1571 2345 1768 2400 mentis
1809 2358 2032 2411 errare;

428 2449 612 2494 tamen
640 2440 810 2510 magis
837 2438 1076 2495 iudaice:
1105 2438 1276 2509 plebis
1307 2437 1571 2492 insaniam
1612 2437 1737 2491 novi
1777 2435 2039 2490 adversus

427 2547 630 2589 nomen
659 2532 895 2600 Domini,
930 2532 1193 2602 pertinaci
1232 2534 1396 2588 etiam
1436 2545 1579 2586 nunc
1606 2528 1802 2584 duritia
1833 2528 2036 2596 cordis,

429 2626 669 2698 ingenita
719 2635 776 2682 et
828 2635 1044 2696 patrum
1110 2626 1394 2697 iniquitate
1454 2633 1737 2696 perstare;
1782 2638 2036 2680 aversan—

428 2729 512 2773 tes
536 2733 719 2774 veram
745 2719 996 2786 salutem,
1031 2733 1132 2773 nec
1165 2717 1500 2788 inquirentes
1529 2717 1656 2772 vita:
1684 2725 1903 2772 aeterna:
1935 2715 2036 2772 da-

429 2821 604 2865 torem
634 2828 648 2863 :
683 2811 849 2882 utqui
885 2811 1097 2866 delictis
1123 2810 1309 2879 stirpis
1339 2809 1575 2880 antiqua:
1618 2817 1747 2864 sunt
1775 2809 1885 2880 pari
1920 2825 2036 2865 me-

429 2902 540 2957 rito
566 2901 818 2973 nequitiae
849 2902 1100 2973 genitalis
1130 2902 1383 2968 obnoxii,
1415 2902 1606 2957 saltem
1646 2901 1732 2956 vel
1761 2917 1885 2957 sero
1913 2917 2035 2959 cre-

427 2993 627 3051 dentes
672 2997 881 3064 possint
949 2996 1206 3050 conversi
1273 2994 1340 3050 ad
1387 2994 1600 3051 Domini
1650 2995 1898 3050 timorem
1945 3010 2036 3050 sa-

431 3087 744 3144 tisfactione
766 3089 911 3143 omni
934 3088 1272 3160 paenitentiae
1298 3087 1366 3144 ab
1398 3087 1772 3157 iniquitatibus
1801 3088 2038 3144 liberari.

428 3179 542 3236 Sed
591 3190 794 3251 perstat
840 3189 894 3235 et
927 3181 1086 3236 durat
1124 3179 1400 3246 adhuc,et
1443 3194 1679 3250 semper,
1723 3189 1890 3250 puto,
1941 3179 2043 3236 du-

431 3273 574 3328 rabit
596 3272 663 3327 ad
689 3289 858 3344 usque
882 3271 1191 3344 progeniem
1221 3272 1596 3327 succidaneam
1627 3272 1805 3327 innata
1831 3281 2042 3342 patrum

431 3365 742 3436 irreligiosa
793 3364 1052 3436 perfidia;
1104 3379 1226 3436 qua:
1269 3363 1529 3419 adversus
1574 3363 1756 3419 odium
1810 3364 2045 3419 nominis

2144 2249 2325 2321 colligi
2351 2251 2606 2317 noluerit,
2643 2252 2752 2308 Deo
2799 2254 2943 2308 illam
2977 2254 3192 2310 volente
3209 2255 3491 2323 colligere,
3512 2255 3752 2326 loquitur

2146 2340 2382 2411 Spiritus
2412 2352 2662 2412 sanctus,
2699 2354 2753 2399 et
2779 2346 3074 2400 bonitatem
3107 2347 3198 2403 Dei
3229 2345 3538 2402 manifestat
3559 2363 3752 2418 pecca-

2146 2435 2354 2490 toribus
2371 2436 2869 2509 subvenirejugitcr
2884 2439 3023 2494 velle
3048 2439 3286 2512 (ΜιιιιΙι.,
3304 2457 3449 2507 xxm,
3477 2439 3569 2512 57)
3591 2459 3604 2494 :
3626 2440 3752 2496 Hie-

2147 2531 2392 2596 rusalem,
2427 2530 2750 2586 lIierusalem
2775 2549 2889 2603 qua:
2913 2534 3158 2602 interﬁcis
3180 2537 3456 2606 map/tetas
3477 2545 3524 2589 et
3546 2535 3752 2606 lapides

2149 2639 2232 2678 eos
2251 2624 2338 2693 qui
2355 2624 2422 2676 ad
2437 2635 2482 2676 te
2505 2624 2649 2678 missi
2665 2634 2801 2687 sunt,
2824 2627 3024 2695 quoties
3036 2625 3177 2680 volui
3197 2627 3440 2697 colligere
3460 2626 3596 2696 filios
3615 2637 3750 2694 tuos,

2145 2716 2276 2770 sicut
2303 2717 2497 2787 gallina
2526 2719 2721 2789 colligit
2748 2719 2882 2786 [ilics
2912 2735 3031 2773 suos
3068 2719 3157 2772 sub
3177 2721 3385 2784 (rmillas,
3414 2728 3460 2772 et
3488 2720 3746 2774 noluisti?

2144 2808 2296 2865 Adeo
2352 2810 2444 2864 Dei
2491 2825 2623 2866 voce
2666 2809 2951 2867 manifeste
3008 2811 3196 2881 perfidi
3252 2813 3436 2881 populi
3466 2824 3751 2867 contuma-

2142 2901 2226 2957 cia
2256 2901 2566 2968 denotatur,
2598 2912 2651 2956 ut
2683 2903 2846 2957 etiam
2871 2904 3097 2959 salutem
3126 2905 3398 2974 propriam
3427 2919 3577 2959 suam
3605 2920 3751 2960 sem-

2145 3008 2242 3064 per
2265 2993 2527 3050 adversus
2554 2997 2874 3051 clementem
2897 2996 3322 3051 miscricordiam
3357 2998 3566 3051 Domini
3597 3013 3750 3066 spre-

2151 3087 2294 3143 visse
2333 3088 2607 3144 doceatur.
2662 3089 2788 3146 Inde
2830 3089 3100 3159 Propheta
3153 3091 3582 3147 benevolentiam
3634 3093 3753 3160 Dei,

2151 3180 2532 3238 exhortatione
2588 3182 2983 3252 praedicationis
3029 3183 3264 3239 oll‘ereus
3318 3197 3370 3240 et
3427 3186 3706 3241 insinuans
3737 3228 3751 3251 ,

2154 3273 2454 3344 proclamat
2480 3285 2534 3328 et
2559 3273 2770 3339 suadet,
2815 3274 3001 3330 dicens
3028 3273 3285 3347 (Malae/1.
3318 3291 3395 3337 ιιι,
3416 3276 3503 3345 7):
3530 3277 3759 3331 Reverti-

2151 3367 2277 3421 mini
2306 3367 2374 3420 ad
2401 3384 2499 3435 me,
2529 3377 2574 3422 et
2602 3385 2694 3439 ego
2733 3382 2956 3424 revertar
3005 3371 3074 3423 ad
3128 3387 3246 3436 vos,
3301 3370 3424 3424 dicit
3479 3371 3753 3426 Dominus.

436 3461 654 3516 Domini
707 3460 1105 3516 incredulitatis
1173 3458 1378 3514 insania
1441 3458 1693 3513 roborata
1719 3500 1736 3524 ,
1806 3473 1908 3513 nec
1975 3458 2044 3513 ad
2073 3483 2118 3548 ρ
2155 3461 2308 3515 Alius
2352 3476 2567 3531 quoque
2599 3462 2851 3516 similiter
2880 3463 3302 3517 misericordiam
3358 3465 3565 3518 Domini
3609 3480 3754 3520 sem-

434 3552 835 3624 agnoscendam
867 3553 1146 3609 veritatem
1191 3559 1368 3621 potest
1414 3551 1660 3621 corrigi,
1713 3565 1814 3606 nec
1861 3551 1929 3605 ad
1973 3551 2036 3604 ti-

441 3661 650 3702 morem
683 3645 775 3700 Dei
805 3645 971 3717 ipsius
996 3644 1218 3700 monitis
1246 3643 1428 3699 doceri
1455 3654 1615 3713 atque
1645 3643 1878 3697 suaderi.
1901 3641 2035 3698 Cum

436 3749 622 3795 autem
650 3739 846 3796 doceat
876 3739 1136 3795 Dominus
1177 3748 1231 3794 et
1260 3737 1543 3802 ostendat,
1597 3737 1783 3792 dicens
1827 3735 2032 3808 (Joan.,

436 3849 556 3902 vm,
587 3831 678 3904 {2)
712 3851 724 3886 :
767 3833 874 3905 Ego
905 3850 1016 3888 sum
1037 3833 1209 3888 lumen
1236 3832 1410 3887 surculi
1433 3849 1452 3887 :
1477 3833 1564 3902 qui
1589 3848 1668 3886 me
1698 3845 1900 3886 secutus
1929 3836 2040 3904 fue-

435 3927 528 3992 rit,
558 3943 659 3980 non
686 3925 962 3981 ambulabit
989 3926 1042 3980 in
1073 3925 1310 3993 tenebris,
1329 3927 1420 3979 sed
1449 3924 1648 3978 habebit
1676 3924 1847 3978 lumen
1877 3926 1991 3981 uitta
2021 3943 2038 3980 :

435 4034 602 4090 quae,
656 4020 892 4083 malum,
926 4019 1063 4074 ratio
1115 4027 1238 4081 est,
1293 4027 1571 4072 ostensum
1617 4016 1870 4071 divinitus
1921 4016 2042 4072 vitae

437 4113 627 4168 lumen
655 4112 936 4177 omittere,
968 4119 1023 4166 et
1067 4109 1260 4165 mentis
1303 4109 1545 4166 concitate
1590 4108 1747 4164 malle
1794 4109 2043 4164 tenebras

441 4204 640 4259 mortis
669 4203 891 4273 eligere,
917 4213 973 4257 ut
1003 4201 1254 4257 ostendat
1278 4201 1642 4255 dan‘mationis
1669 4215 1782 4254 sua:
1809 4201 2044 4271 propriae

437 4295 735 4352 voluntatis
766 4295 931 4349 libera
963 4303 1018 4350 et
1048 4293 1238 4348 illicita
1272 4291 1606 4361 perditione,
1639 4304 1828 4348 contra
1876 4293 2043 4348 Deum

442 4390 611 4447 etiam
675 4389 760 4444 illa
809 4387 952 4443 nolle
995 4402 1114 4458 quae
1155 4385 1419 4458 prosunt?
1464 4385 1768 4443 Secundum
1808 4384 1952 4456 quod
1991 4395 2045 4441 et

2150 3552 2412 3621 piternam
2433 3566 2650 3606 manere
2666 3552 3067 3617 demonstrans,
3087 3552 3286 3607 addidit
3305 3552 3493 3608 dicens
3511 3554 3749 3624 (Ezﬂc/t.,

2148 3660 2332 3708 χχχιιι,
2360 3645 2446 3714 Η)
2477 3661 2489 3697 :
2526 3643 2664 3699 Nolo
2694 3654 2905 3700 mortem
2935 3646 3217 3712 morientis,
3239 3657 3483 3716 quantum
3506 3657 3561 3701 ut
3592 3663 3758 3702 rever-

2146 3749 2284 3793 tatur
2310 3749 2356 3793 et
2378 3739 2529 3804 vivat,
2559 3741 2684 3795 dicit
2713 3741 2986 3797 Dominus.

2217 3828 2279 3886 ll.
2313 3831 2448 3899 Quid
2478 3840 2562 3887 est
2608 3847 2737 3903 ergo
2785 3833 2982 3889 reverti
3031 3833 3097 3888 ad
3154 3833 3458 3895 Dominum,
3509 3848 3669 3903 quam
3700 3834 3756 3889 in

2149 3922 2422 3980 Christum
2451 3924 2747 3990 credendo,
2778 3940 2876 3994 per
2908 3940 3029 3979 eum
3069 3925 3158 3994 qui
3188 3936 3270 3979 est
3297 3926 3377 3978 via
3405 3925 3656 3978 veniendi
3688 3925 3757 3980 ad

2153 4029 2378 4088 patrem,
2421 4019 2528 4074 Deo
2567 4019 2975 4074 reconciliatum
3021 4033 3180 4089 posse
3213 4019 3445 4073 salvari?
3474 4017 3756 4085 Quomodo

2149 4119 2328 4166 autem
2363 4111 2557 4166 reverti
2589 4110 2654 4164 ad
2689 4111 2852 4165 Deum
2883 4122 3129 4181 possunt,
3153 4111 3243 4180 qui
3273 4111 3320 4164 ci
3356 4126 3449 4179 per
3480 4125 3639 4179 quem
3664 4119 3747 4164 est

2150 4202 2350 4272 agnitio
2378 4211 2434 4257 et
2460 4201 2697 4258 reversio
2726 4201 2792 4256 ad
2825 4202 3013 4266 Deum,
3045 4201 3370 4256 voluntatem
3419 4201 3510 4255 Dei
3558 4200 3758 4270 praedi-

2151 4295 2294 4350 Canti
2320 4296 2544 4350 credere
2584 4295 2914 4350 noluerunt?
2944 4294 3051 4348 Aut
3078 4292 3349 4363 quomodo
3377 4293 3545 4347 Deum
3594 4293 3757 4346 satis-

2153 4385 2387 4443 factione
2439 4388 2615 4459 aliqua
2660 4388 2875 4458 placare
2926 4385 3218 4456 potuerint,
3267 4383 3356 4455 qui
3404 4397 3528 4439 eum
3557 4383 3758 4454 quiest

1846 4501 2401 4560 ANNOTATIONES.

523 4624 637 4680 Etsi

447 4689 764 4754 Colberti'no
793 4694 936 4765 1ρΞἱὸ
969 4711 981 4747 :
1012 4692 1306 4765 Cyprianus
1344 4689 1528 4762 Vigilio
1545 4691 1707 4765 fratri
1733 4691 1971 4765 salutem.

524 4768 738 4822 Tamen.
811 4764 956 4819 Tunc
1020 4761 1098 4819 ἰιῖ
1144 4761 1415 4818 omnibus
1458 4761 1618 4818 codd.
1691 4776 1823 4818 mss.
1885 4761 2050 4817 Paulo

451 4849 578 4896 ante
608 4839 734 4893 editi
763 4837 962 4891 habent
983 4836 1239 4889 adversos.

528 4912 852 4964 Arersantes.
883 4909 971 4962 Sic
1002 4922 1190 4961 omnes
1220 4904 1435 4960 codices
1470 4919 1600 4959 mss.
1641 4914 1694 4959 et
1737 4904 1894 4964 paulo
1934 4912 2054 4972 post

454 4983 806 5050 inquirentes:
839 4978 967 5033 editi
998 4977 1280 5050 aversantis
1309 4985 1363 5030 et
1379 4977 1696 5046 inquirentis.
1729 4976 1896 5030 Paulo
1927 4983 2055 5050 ante

457 5045 893 5122 coniunctionem
966 5060 1011 5104 et
1075 5048 1256 5104 addidi
1331 5058 1456 5103 ante
1509 5057 1715 5118 patrum
1789 5063 1857 5102 ex
1929 5045 2052 5101 cod.

458 5123 797 5192 chtigiano.

536 5189 1167 5264 Satisfactione.Reniig.,
1210 5191 1522 5247 Oninimoda
1580 5189 1931 5260 satisfactione
1958 5204 2062 5258 pae-

455 5268 705 5323 nitentia

539 5337 708 5406 Puto,
769 5336 992 5392 durabit.
1053 5334 1163 5392 llas
1215 5348 1375 5390 voces
1430 5333 1739 5390 addidimus
1809 5346 1877 5388 ex
1938 5331 2064 5388 cod.

481 5411 616 5465 lem.

537 5480 770 5535 Insania.
801 5479 891 5536 Sic
926 5478 1034 5533 duo
1073 5477 1287 5533 codices
1333 5476 1667 5542 mss.;editi,
1695 5477 1930 5548 infantia.
1971 5474 2058 5531 Sic

460 5553 623 5677 :tiam
643 5550 1128 5677 gdagnoscendam
1148 5551 1199 5604 in
1217 5549 1427 5605 duobus
1453 5548 1733 5604 codicibus
1759 5563 1914 5614 mss.;
1943 5563 2061 5602 nos-

502 5639 587 5677 am
610 5639 638 5677 e
681 5633 766 5677 ιιι.

460 5625 587 5679 dant
610 5623 766 5678 editi.

541 5695 686 5758 Quae,
726 5694 937 5759 malum,
980 5693 1110 5747 ratio
1145 5701 1235 5747 est.
1261 5691 1436 5749 Aliter
1479 5693 1532 5746 in
1581 5691 1790 5746 duobus
1831 5690 2064 5761 antiquis

465 5766 745 5838 codicibus
776 5783 787 5826 ;
822 5764 954 5823 Haec.
977 5764 1050 5838 (id
1079 5772 1180 5830 est,
1203 5763 1423 5834 .Judaea)
1459 5763 1638 5838 maluit
1668 5763 1866 5838 ratione
1893 5773 2063 5838 osten~

469 5853 586 5890 sum
612 5836 855 5891 divinitus
876 5835 1043 5891 tamen
1072 5838 1322 5892 omittere.
1349 5843 1397 5894 et
1417 5837 1596 5890 mentis
1625 5836 1901 5891 cwcitatem
1930 5835 2067 5891 alere

685 4622 956 4696 plurimos.
1005 4622 1167 4696 A__nte_
1193 4619 1310 4675 haec
1341 4619 1505 4696 verba
1572 4617 1768 4696 legitur
1802 4618 1871 4696 _in
1927 4618 2049 4674 cod.
2081 4621 2134 4682 D
2159 4618 2463 4696 “tenebras
2490 4618 2666 4696 martis
2695 4617 2902 4696 eligere,
2929 4623 3034 4696 etc.

2214 4684 2418 4743 Libera
2449 4698 2496 4743 et
2531 4689 2715 4743 illicita
2758 4683 3062 4758 perditione.
3119 4685 3208 4744 Sic
3250 4691 3480 4756 quatuor
3543 4683 3761 4742 codices

2166 4776 2324 4823 mss.;
2351 4760 2503 4824 editi,
2533 4758 2766 4826 liberam,
2795 4769 2899 4814 etc.

2235 4832 2362 4898 Quae
2398 4841 2626 4900 prosunt.
2660 4832 2830 4885 Aliter
2861 4844 2997 4884 unus
3043 4830 3164 4884 cod.
3217 4843 3344 4893 ms.,
3381 4844 3496 4897 qua:
3522 4837 3759 4900 possunt.

2237 4904 2343 4958 Deo
2372 4898 2534 4957 illam.
2556 4903 2644 4958 Sic
2665 4913 2894 4972 quatuor
2923 4900 3138 4956 codices
3165 4901 3488 4963 mss.;editi,
3511 4898 3756 4972 Domino.

2240 4974 2529 5046 Manifesta.
2583 4971 2874 5029 Sic’codd.
2929 4981 3036 5026 tres
3093 4972 3332 5027 melioris
3374 4980 3515 5025 nota:
3560 4971 3758 5037 :editi,

2166 5047 2456 5115 manifesta.

2243 5110 2374 5171 Inde
2408 5116 2689 5187 PrOpheta.
2751 5113 3172 5187 Emendavimus
3225 5111 3544 5187 auctoritate
3599 5110 3758 5187 trium

2169 5189 2331 5244 codd.
2361 5203 2489 5242 mss.
2517 5180 2665 5255 quod
2702 5185 2960 5240 mendose
2977 5194 3131 5237 antea
3151 5184 3468 5255 legebatur_;
3498 5180 3765 5253 Propheta

2171 5263 2291 5314 item
2316 5261 2448 5314 alius
2468 5251 2859 5312 benevolentiam
2882 5255 2978 5310 Dei
3005 5251 3356 5310 exhortatione
3377 5251 3619 5319 οΙΪένειιε,⁷
3639 5270 3769 5324 pra:-

2174 5332 2426 5386 dicatione
2445 5331 2732 5385 insinuans.

2249 5405 2399 5457 Alius
2426 5418 2620 5473 quoque
2697 5401 2956 5473 Sic_tres__
2983 5395 3198 5451 codices
3240 5411 3396 5473 n_iss.;
3441 5395 3594 5460 editi,
3635 5397 3766 5473 alias

2165 5490 2362 5545 quoque
2385 5466 2619 5527 similiter
2641 5469 3043 5526 misericordiam
3067 5485 3212 5522 suam
3239 5466 3410 5522 Deus:
3439 5484 3574 5522 unus
3595 5467 3766 5522 codex

2171 5561 2298 5611 ms.,
2327 5561 2414 5612 per
2431 5546 2611 5599 alium.

2239 5609 2640 5670 Adliominum.
2676 5612 2780 5668 llas
2835 5630 2993 5668 voces
3047 5611 3225 5664 addidi
3257 5626 3323 5667 ex
3375 5609 3496 5664 cod.
3549 5609 3763 5676 Remig.

2172 5697 2226 5746 et
2251 5688 2410 5758 paulo
2445 5697 2565 5754 post
2593 5687 2768 5756 aliqua
2793 5696 2919 5739 ante
2946 5685 3162 5758 placare.

2249 5752 2535 5814 Potuerint.
2600 5752 2688 5813 Sic
2746 5759 2916 5811 codex
2967 5756 3197 5825 liemig;
3251 5752 3399 5811 editi.
3447 5755 3767 5818 potuerunt,-

2175 5842 2313 5890 unus
2338 5826 2463 5886 cod.
2492 5844 2620 5890 ms.,
2650 5837 2906 5900 poterunt.
