4172 6202
461 300 524 357 51
1412 298 1608 356 CELSI
1646 292 1873 356 PRIEF.
1917 296 2004 356 DE
2043 338 2049 357 ε

2160 310 2189 357 t.
2228 294 2804 363 INCREDULITATE.
3688 301 3762 369 δὲ

459 434 755 492 satisfactio
769 444 823 492 et
839 435 1069 507 placatio
1091 450 1189 507 pro
1213 434 1369 491 nobis
1390 433 1529 506 apud
1549 434 1787 502 Patrem,
1807 435 2067 507 sacrilega
2093 417 2149 480 Α
2172 417 2326 484 mine:
2358 420 2638 474 secundum
2664 421 2870 476 ""95""
2898 430 3043 476 “mm
3070 423 3127 477 Ῐη
3154 436 3279 495 Pace
3307 439 3326 481 -°
3354 427 3595 496 ηαυηὲαηι
3621 427 3760 483 υίάει

458 526 863 599 impugnatioue
896 528 1140 598 persequi
1176 527 1518 583 maluerunt?
1549 528 1606 583 Si
1632 528 1774 583 enim
1809 526 2057 600 (lJoan.,

457 634 517 688 tt,
541 618 581 691 1)
613 637 627 674 :
668 620 982 674 Advocatum
1009 618 1268 675 Christum
1291 621 1535 676 habemus
1576 621 1719 691 apud
1748 616 1917 676 Deum
1944 620 2058 677 Pa-

460 721 608 781 trem,
636 729 853 770 servare
902 729 965 769 ea
1010 730 1130 785 qua:
1158 726 1257 772 nos
1287 712 1474 771 docuit
1492 725 1545 770 et
1572 714 1804 783 monuit,
1829 728 2061 787 quaeque

460 807 602 877 apud
632 807 845 863 Patrem
898 808 1176 865 locuturus
1232 816 1338 878 est,
1370 808 1605 865 sollicito
1644 812 1842 866 timore
1878 810 2056 868 facere

457 900 738 957 debemus.
787 901 952 974 Igitur
999 919 1098 960 nos
1143 904 1232 975 qui
1268 913 1448 961 mente
1488 905 1541 959 iu
1592 900 1804 960 Domini
1852 914 2057 960 metum

458 1006 651 1063 prona,
684 994 1061 1049 mandatorum
1082 994 1201 1066 ejus
1228 997 1449 1051 monitis
1477 996 1808 1065 insistimus,
1835 1006 1889 1052 et
1929 996 2059 1052 reli-

458 1086 598 1158 giosi
648 1102 712 1141 ac
768 1088 1094 1142 venerabilis
1141 1088 1323 1144 cordis
1377 1089 1535 1144 ﬁdem
1585 1099 1640 1144 et
1683 1089 2056 1144 credulitatem

458 1178 525 1234 de
550 1178 668 1249 ejus
698 1179 889 1234 timore
931 1180 1313 1249 concepimus;
1361 1180 1490 1250 quid
1519 1181 1663 1236 aliud
1706 1182 1856 1250 sequi
1878 1216 1893 1247 ,
1928 1178 2053 1253 quid

455 1287 672 1342 cupere,
705 1271 833 1342 quid
870 1275 1038 1344 magis
1068 1274 1206 1329 velle
1253 1288 1315 1329 ac
1345 1282 1532 1328 tenere
1558 1273 1859 1338 debemus,
1892 1284 2054 1343 quam

454 1373 513 1419 ut
554 1365 700 1418 omni
743 1381 771 1417 a
815 1364 969 1419 nobis
999 1366 1194 1421 mentis
1223 1366 1455 1435 antiqua:
1486 1373 1645 1420 nocte
1687 1365 1963 1432 discussa,
1999 1374 2057 1423 et

455 1456 686 1527 caligine
731 1457 856 1511 vita:
898 1458 1093 1528 prioris
1122 1457 1388 1523 abstersa,
1427 1459 1801 1514 mandatorum
1843 1460 2053 1515 Domini

452 1548 768 1604 salutarium
792 1565 1061 1605 memores
1077 1565 1141 1605 ac
1158 1551 1281 1605 vitm
1300 1560 1516 1606 aeterna:
1535 1552 1795 1621 promissa
1819 1552 2055 1607 mtuet!-

454 1651 557 1709 tes,
581 1641 648 1697 ad
674 1641 791 1711 ejus
836 1642 1038 1697 monita
1078 1652 1415 1698 revertamur
1438 1653 1495 1699 et
1538 1645 1588 1698 in
1635 1642 1802 1712 ipsius
1848 1626 2054 1701 lumine

454 1734 596 1804 quod
628 1734 886 1801 ostendit,
918 1737 1125 1790 ﬁrmata
1151 1736 1471 1792 credulitate
1501 1737 1847 1807 gradiamur?
1877 1747 1934 1793 ut
1962 1739 2052 1808 qui

2162 519 2283 564 runt
2304 512 2440 566 oculi
2468 511 2567 565 mei
2596 513 2828 569 salutare
2854 524 3022 571 tuum.
3052 515 3271 572 Simettb
3300 517 3443 588 quod
3469 526 3646 575 caretis
3667 524 3760 576 atto

2162 601 2371 669 dierat,
2420 602 2656 659 evidenti
2706 605 2934 662 veritate
3003 608 3302 678 perfectum
3362 625 3485 667 esse
3555 618 3763 668 annun-

2164 694 2365 760 tiabat;
2395 704 2448 751 et
2494 698 2776 753 veritatem
2816 706 2975 770 quam
3019 711 3242 773 accepto
3284 704 3491 760 lumine
3532 704 3758 774 Viderat,

2162 789 2534 845 benedicendo
2564 790 2735 861 palam
2768 792 2934 848 Deum
2961 795 3160 865 p0pttlo
3183 795 3528 866 praedicabat.
3560 798 3642 854 Ad
3666 798 3765 855 hoc

2162 883 2307 937 enim
2358 883 2565 940 viderat
2614 893 2673 939 ut
2713 884 2960 955 referret,
3006 896 3062 943 et
3103 888 3435 946 revelatione
3478 900 3575 947 Sua
3622 878 3762 961 quod

2162 973 2409 1032 Christus
2442 987 2601 1033 natus
2633 976 2855 1045 luisset,
2884 979 3199 1037 ostenderet
3223 1024 3238 1049 ,
3271 991 3326 1039 et
3363 982 3555 1054 perﬁdi
3586 984 3766 1055 populi

2161 1066 2312 1122 initia
2345 1070 2515 1139 prima
2544 1070 2937 1127 incredulitatis
2966 1074 3278 1131 instrueret.

2229 1164 2320 1221 ιν.
2348 1165 2461 1222 Nec
2489 1166 2595 1223 hoc
2623 1169 2799 1224 solum
2854 1171 3224 1226 testimonium
3267 1171 3336 1228 de
3363 1187 3430 1229 eo
3459 1172 3767 1245 Scriptura-

2159 1262 2279 1316 rutn
2308 1252 2607 1317 caelestium
2639 1264 2841 1319 veritas
2885 1265 3130 1334 perhibet
3150 1309 3166 1334 ,
3198 1282 3387 1322 verum
3423 1277 3480 1323 et
3518 1284 3614 1339 per
3640 1285 3768 1342 pro-

2161 1353 2352 1424 phetas
2380 1364 2506 1410 ante
2533 1354 2767 1426 Spiritus
2793 1367 3013 1413 sanctus
3039 1358 3331 1414 adventum
3360 1361 3478 1432 ejus
3521 1363 3573 1417 in
3617 1361 3764 1419 hunc

2160 1444 2417 1503 mundum
2446 1447 2712 1514 futurum,
2742 1449 2914 1520 palam
2946 1461 3131 1507 mente
3162 1453 3403 1508 omnium
3450 1460 3765 1513 consciente

2158 1538 2489 1610 praedicavit.
2518 1540 2627 1621 Nec
2649 1551 2733 1597 est
2761 1542 3013 1599 obtentus
3044 1546 3417 1602 excusationis
3445 1546 3760 1615 incredulis,

2158 1631 2244 1686 vel
2277 1630 2552 1702 Ignorasse
2579 1626 2672 1688 Dei
2705 1634 2872 1690 lilium
2902 1633 3204 1706 Christum,
3237 1638 3320 1693 vel
3354 1639 3631 1709 ignorasse
3664 1641 3762 1697 Dei

2161 1723 2327 1778 ﬁlium
2356 1722 2660 1793 Christum,
2694 1728 2776 1782 vel
2808 1728 3048 1784 nescisse
3077 1727 3314 1784 futurum
3343 1730 3644 1787 Salvatoris
3671 1733 3771 1788 ad-

452 1826 624 1898 ignari
648 1824 937 1896 aliquando
958 1827 1146 1883 salutis
1169 1828 1380 1892 futuras,
1409 1829 1461 1882 in
1489 1828 1768 1884 erroribus
1794 1826 2049 1899 itnplicati

2162 1825 2406 1884 ventum;
2434 1812 2578 1875 sicut
2617 1812 2781 1874 David
2814 1815 3159 1888 manifestat,
3188 1821 3375 1877 dicens
3402 1820 3564 1894 (Psal.
3597 1830 3760 1895 xviii;

451 1920 578 1975 vitae
629 1921 822 1989 prioris
871 1936 934 1975 ac
998 1923 1237 1977 tenebris
1282 1922 1654 1976 aberravimus
1683 1963 1697 1986 ,
1764 1922 2055 1979 illuminati

453 2025 597 2065 nunc
642 2011 761 2081 ejus
807 2013 917 2067 veri
971 2012 1192 2066 luminis
1218 2011 1483 2077 claritate,
1532 2020 1588 2068 et
1631 2022 1852 2068 ostenso
1898 2013 2055 2071 nobis

452 2114 614 2176 atque
638 2105 902 2176 patefacto
930 2106 1170 2161 melioris
1192 2106 1316 2161 vita:
1342 2106 1536 2175 limite,
1565 2106 1775 2161 Domini
1804 2108 2053 2163 mandata

452 2196 727 2266 sequenda
758 2206 811 2250 et
837 2196 1070 2265 gerenda
1098 2204 1399 2252 teneamus.

531 2286 620 2344 III.
656 2289 768 2343 Hoc
798 2288 1162 2361 lumennobis
1191 2290 1314 2344 vita:
1339 2288 1591 2344 salutaris
1630 2298 1879 2345 exortum
1904 2332 1920 2357 ,
1952 2290 2055 2348 hoc

456 2382 509 2436 in
540 2381 936 2448 reparationem
968 2380 1202 2436 hominis
1228 2391 1409 2437 natum
1436 2381 1505 2436 de
1534 2382 1627 2437 Dei
1650 2382 1826 2437 Patris
1856 2399 2052 2453 procu-

453 2474 663 2528 ratione
712 2488 774 2528 ac
814 2474 1162 2529 miseratione
1210 2474 1554 2545 praesidium,
1600 2474 1733 2547 Magi
1782 2476 1938 2544 primi
1984 2478 2054 2533 ab

453 2565 709 2621 orientali
739 2577 892 2635 parte
932 2567 1211 2622 venientes
1234 2609 1248 2632 ,
1273 2577 1329 2624 et
1373 2568 1530 2623 stella
1561 2567 1698 2625 duce
1740 2569 2051 2626 Judaeorum

450 2672 635 2728 regem
672 2658 848 2729 palam
878 2659 1101 2728 praescia
1130 2660 1512 2730 prmdicatione
1552 2673 1856 2732 quasrentes
1877 2704 1892 2729 ,
1923 2663 2054 2719 alle-

451 2763 634 2808 rentes
660 2753 825 2808 etiam
851 2769 1097 2819 munera,
1125 2754 1406 2810 testiﬁcata
1433 2755 1688 2811 omnibus
1706 2755 2053 2826 inquisitione

454 2857 843 2902 monstrarunt.
876 2848 942 2902 Et
971 2864 1038 2902 ne
1064 2848 1332 2920 aliquibus
1355 2850 1476 2920 quis
1505 2850 1595 2906 ille
1623 2861 1788 2918 esset,
1818 2853 2049 2907 abscon-

453 2956 572 2995 sum
621 2938 783 3003 foret,
816 2940 1090 2994 inventum
1147 2957 1371 3010 puerum
1424 2943 1772 3013 procidentes
1821 2944 2051 3013 genibus

452 3031 781 3095 adorarunt;
838 3033 977 3085 sicut
1025 3031 1342 3087 testiﬁcatur
1385 3032 1757 3103 Evangelium,
1797 3035 1984 3089 dicens
2033 3052 2045 3089 :

455 3122 584 3178 Cum
613 3133 781 3177 autem
813 3134 961 3177 natus
992 3133 1119 3177 esset
1143 3123 1172 3176 ,Ι
1182 3142 1296 3178 esus
1320 3126 1373 3178 in
1405 3124 1664 3177 Bethleem
1687 3124 1845 3179 ludat
1864 3126 1916 3179 in
1941 3126 2049 3179 die-

450 3217 546 3271 bus
594 3216 814 3271 Herodis
858 3216 1015 3284 regis,
1046 3233 1158 3269 ecce
1196 3216 1335 3288 .llagi
1362 3218 1424 3269 ab
1477 3216 1687 3270 Oriente
1715 3227 1956 3272 venerunt
1992 3218 2045 3271 in
2077 3196 2122 3258 (ἶ

450 3308 869 3379 Hierosolymam
900 3308 1123 3362 dicentes
1152 3326 1169 3363 :
1203 3308 1300 3362 Ubi
1328 3319 1401 3363 est
1431 3311 1516 3378 qui
1549 3321 1700 3363 natus
1725 3324 1797 3364 est
1828 3327 1920 3364 rea:
1947 3309 2047 3364 Ju-

450 3401 679 3454 daaorum
706 3400 730 3452 ?
766 3398 999 3453 Vidimus
1026 3401 1160 3453 enim
1192 3400 1392 3454 stellam
1424 3404 1534 3466 eius
1561 3403 1612 3453 in
1644 3401 1933 3462 0riente.et
1963 3419 2049 3456 ve-

449 3493 617 3546 nimus
640 3492 858 3545 adorare
879 3509 991 3545 eum
1015 3492 1255 3563 (Mattlt.,
1280 3509 1340 3560 tt,
1369 3492 1417 3563 1)
1441 3512 1451 3545 :
1477 3493 1824 3547 testiﬁcantes
1848 3495 2053 3549 scilicet

448 3585 725 3639 \eritatem
749 3585 816 3639 de
837 3600 924 3650 eo,
953 3585 1113 3638 etiam
1138 3585 1347 3638 stellam
1374 3585 1475 3639 sibi
1498 3585 1707 3654 signum
1730 3595 1892 3656 atque
1915 3586 2049 3639 indi-

446 3679 585 3733 cium
612 3677 1083 3746 nativitatisipsius
1096 3692 1217 3731 esse
1241 3687 1614 3743 monstratam;
1635 3694 1734 3745 qua
1761 3678 1937 3733 indice
1954 3696 2048 3734 na-

448 3780 561 3825 tum
595 3785 715 3825 esse
740 3772 888 3824 illum
913 3770 1081 3840 Magis
1099 3770 1518 3840 praedicantibus
1548 3781 1595 3824 et
1629 3772 2041 3836 atlirmantibus,

443 3862 831 3932 Hierosolymis
872 3861 1202 3916 crederetur.
1237 3862 1455 3917 Simeon
1498 3877 1710 3931 quoque
1751 3864 1925 3932 justus
1952 3866 2042 3934 qui

443 3958 499 4012 in
554 3957 798 4011 caecitate
858 3957 1228 4022 constitutus,
1276 3956 1459 4010 divino
1522 3957 1757 4011 monitus
1823 3960 2040 4013 oraculo

442 4051 688 4106 audierat
713 4064 771 4105 se
799 4066 904 4105 non
930 4057 1057 4105 ante
1082 4051 1402 4106 moriturum
1428 4064 1587 4121 quam
1624 4050 1848 4106 vidisset
1883 4050 2041 4106 Chri-

443 4151 584 4196 stum
607 4159 621 4207 ;
646 4157 767 4196 cum
791 4141 842 4196 in
861 4142 1145 4212 templum,
1167 4144 1311 4197 omni
1342 4143 1541 4213 pepulo
1560 4154 1845 4212 praesente,
1866 4143 2042 4198 infan-

444 4244 550 4289 tem
588 4248 772 4289 secum
803 4232 1029 4291 inferret
1063 4244 1256 4303 mater,
1286 4236 1417 4289 etin
1464 4236 1655 4306 spiritu
1695 4247 1879 4291 natum
1917 4251 2040 4292 esse

439 4326 713 4383 Christum
744 4328 1027 4396 sensisset,
1045 4337 1323 4399 acceptum
1348 4329 1401 4383 in
1418 4344 1610 4385 manus
1627 4346 1852 4399 puerum
1869 4331 2002 4386 vidit
2020 4347 2038 4397 ς

442 4428 497 4475 et
540 4420 864 4477 benedicens
893 4421 1083 4488 Deum,
1116 4423 1170 4477 in
1193 4433 1483 4492 conspectu
1508 4432 1562 4478 et
1584 4424 1765 4479 auditu
1793 4424 2036 4479 omnium

2164 1909 2221 1973 5,
2253 1907 2309 1980 6)
2339 1926 2351 1963 :
2386 1908 2506 1965 Dies
2551 1911 2653 1965 diei
2695 1921 2888 1967 eructat
2914 1913 3139 1980 verbum,
3187 1923 3233 1969 et
3258 1931 3361 1970 nam
3388 1917 3525 1970 nocti
3564 1918 3769 1974 indicat

2158 2001 2441 2059 scientiam.
2478 2001 2602 2060 Non
2628 2017 2744 2061 sunt
2773 2023 3033 2062 sermones
3078 2025 3168 2063 nec
3197 2009 3368 2077 verba,
3416 2026 3629 2081 quorum
3662 2028 3772 2068 non

2156 2093 2436 2150 audiantur
2459 2112 2603 2152 voces
2628 2114 2822 2154 eorum.
2854 2098 2921 2154 In
2947 2116 3149 2155 omnem
3194 2112 3383 2156 terram
3427 2103 3579 2157 exivit
3604 2119 3772 2160 sonus

2159 2202 2350 2255 eorum,
2387 2202 2433 2245 et
2462 2199 2603 2245 trans
2633 2192 2764 2256 ﬁnes
2795 2201 2944 2248 terra:
2972 2193 3099 2260 ﬁnes
3128 2210 3329 2249 eorum.
3365 2195 3434 2249 In
3455 2194 3566 2250 sole
3592 2196 3776 2266 posuit

2159 2286 2544 2343 tabernaculum
2588 2302 2740 2340 suum
2787 2302 2806 2340 :
2860 2286 2914 2342 id
2958 2297 3088 2356 est,
3138 2289 3191 2343 in
3256 2290 3540 2346 manifesta
3589 2290 3721 2349 luce
3753 2331 3772 2359 ,

2157 2383 2331 2453 palam
2374 2396 2432 2437 se
2474 2382 2646 2451 ipsum
2704 2381 2914 2437 venisse
2966 2384 3311 2451 monstravit;
3368 2394 3424 2440 et
3463 2400 3564 2456 per
3622 2402 3776 2455 pra:-

2156 2474 2482 2529 dicationem
2515 2472 2899 2544 prophetarum
2929 2474 3329 2545 quodammodo
3365 2478 3626 2534 omnibus.
3657 2494 3778 2536 suae

2157 2565 2459 2637 prmcutite
2524 2565 2889 2620 ostensionem
2962 2567 3354 2637 comprobavit.
3417 2569 3529 2624 Hoc
3591 2573 3774 2628 etiam

2158 2657 2364 2721 Esaias,
2401 2672 2495 2726 per
2526 2672 2686 2727 quem
2729 2657 2992 2713 Dominus
3036 2660 3380 2730 praesentiam
3411 2676 3563 2717 suam
3618 2666 3774 2721 clara

2155 2748 2578 2802 annuntiationis
2611 2746 3041 2805 manifestatione
3074 2753 3428 2819 monstravit,
3463 2754 3775 2825 prOphctat

2155 2853 2208 2895 et
2237 2838 2367 2894 dicit
2393 2838 2509 2911 (Isa
2539 2880 2554 2906 ,
2579 2855 2657 2906 ιιι,
2691 2837 2793 2911 6):
2828 2838 2943 2913 Ego
2974 2842 3081 2912 ipse
3108 2844 3195 2914 qui
3224 2822 3629 2914 loquebar,.'veni
3662 2864 3681 2903 :
3720 2847 3776 2903 id

2155 2943 2258 2999 est,
2291 2927 2381 3004 qui
2410 2949 2504 3004 per
2525 2936 2816 3004 prophetas
2845 2944 2969 2990 ante
2990 2935 3277 2991 adventum
3309 2953 3489 2993 meum
3522 2932 3777 2997 futurum

2156 3028 2482 3099 praelocutus
2504 3027 2734 3097 fueram,
2770 3032 2884 3101 ipse
2911 3047 3054 3087 nunc
3085 3034 3229 3101 veni,
3256 3044 3312 3089 ut
3339 3035 3597 3093 omnibus
3626 3053 3778 3108 prato

2155 3122 2385 3177 sentiam
2418 3137 2591 3177 meam
2626 3122 2743 3193 ipse
2771 3137 2873 3194 ego
2904 3125 3057 3179 testis
3087 3125 3194 3181 mei
3222 3120 3587 3182 manifestem.
3624 3128 3779 3197 Quid

2156 3212 2497 3269 evidentius?
2538 3213 2677 3281 Quid
2727 3213 2831 3269 hac
2860 3215 2978 3272 luce
3027 3217 3368 3287 praeclarius?
3399 3218 3538 3286 Quid
3582 3223 3781 3279 verius

2155 3312 2335 3374 potest
2356 3303 2502 3359 dici?
2532 3303 2603 3360 Ut
2629 3320 2761 3376 ergo
2790 3305 2963 3362 oculis
2987 3310 3218 3376 quodam
3251 3308 3412 3364 modo
3437 3323 3781 3381 perspectus

2154 3406 2334 3461 esset;
2364 3412 2423 3452 sc
2445 3397 2680 3461 venisse,
2710 3397 2827 3469 ipse
2865 3398 2956 3469 qui
2984 3395 3161 3453 fuerat
3187 3400 3299 3470 jam
3324 3411 3587 3456 venturus
3616 3445 3632 3470 ,
3665 3420 3778 3459 an-

2158 3499 2374 3561 tequam
2437 3491 2645 3545 veniret
2688 3490 2959 3558 ostendit;
3010 3499 3065 3546 et
3111 3491 3491 3549 incredulitate
3542 3507 3782 3555 mentes

2157 3580 2343 3651 populi
2380 3579 2568 3652 perlidi
2598 3581 2933 3647 obstruente,
2983 3584 3291 3640 venientem
3337 3602 3497 3642 nemo
3550 3603 3780 3658 cogno-

2155 3676 2248 3730 vit.
2279 3676 2426 3730 Sicut
2452 3675 2596 3730 idem
2626 3674 2813 3732 Esaias
2846 3677 2898 3731 in
2929 3679 3100 3747 prima
3147 3680 3516 3751 increpatione
3569 3685 3781 3753 populi

2153 3770 2833 3844 proclamatdicens(lsa.,
2858 3788 2895 3837 1,
2924 3771 2979 3845 ’5)
3008 3772 3284 3845 :Cognorit
3311 3773 3399 3827 bos
3413 3790 3782 3843 possessorem

2148 3882 2319 3931 suum,
2354 3875 2399 3919 et
2436 3866 2609 3919 asinus
2655 3867 2962 3935 praesepium
2993 3867 3188 3919 domini
3217 3867 3296 3920 sui
3325 3882 3343 3921 :
3380 3866 3553 3922 Israel
3583 3882 3778 3929 autem

2152 3975 2229 4012 me
2269 3958 2447 4012 nesciit
2488 3967 2535 4011 et
2576 3956 2717 4027 plebs
2756 3973 2835 4010 me
2864 3973 2965 4011 non
2992 3956 3265 4012 intellexit.
3299 3956 3484 4014 Palam
3517 3966 3783 4033 cunctis,

2148 4052 2289 4105 sicut
2318 4052 2431 4119 ipse
2450 4048 2717 4119 prazdixit,
2745 4050 3015 4119 apparuit;
3039 4060 3092 4105 et
3110 4051 3492 4109 sedentibusin
3516 4058 3790 4116 tenebris

2149 4144 2489 4199 manifestum
2512 4143 2632 4198 vita:
2664 4142 2847 4197 lumen
2870 4139 3100 4207 eﬁulsit;
3149 4154 3203 4199 et
3226 4143 3483 4213 injustitia
3522 4152 3793 4217 perﬁdo-

2148 4253 2267 4291 rum
2310 4246 2499 4307 pectus
2528 4236 2811 4291 obsessum
2833 4276 2848 4303 ,
2879 4237 3178 4307 postposita
3215 4239 3435 4308 propria
3466 4253 3541 4296 ac
3560 4243 3791 4314 rejecta

2144 4331 2337 4391 salute,
2366 4330 2614 4385 tenebras
2646 4331 2822 4400 potius
2852 4333 3261 4403 caecitatemque
3282 4332 3465 4387 cordis
3487 4334 3699 4408 elegit.

2221 4424 2284 4479 V.
2343 4423 2670 4495 Frcqueutat
2743 4426 2941 4495 ubique
3014 4435 3176 4496 atque
3238 4425 3562 4484 manifestat
3635 4448 3787 4502 pro.

440 4511 577 4567 dixit
604 4512 781 4585 (Luc.,
813 4530 871 4577 ιι,
901 4513 971 4569 29
1001 4512 1021 4585 )
1050 4532 1063 4569 :
1098 4513 1254 4569 Nunc
1276 4516 1489 4570 dimittis
1515 4532 1714 4571 servum
1741 4528 1881 4572 tuum
1921 4512 2036 4573 Do-
2065 4511 2120 4573 D
2146 4510 2383 4590 plictatio
2432 4528 2749 4573 cunctorum
2777 4557 2794 4582 ,
2853 4518 2945 4588 qui
2996 4528 3184 4574 saneto
3240 4519 3443 4591 Spiritu
3510 4538 3789 4593 praemo-

1823 4656 2375 4713 ANNOTATIONES.

507 4766 679 4851 apud.
713 4766 941 4851 Patrem.
976 4767 1062 4851 Sic
1083 4766 1666 4851 .codexﬁcmigianu‘s
1712 4784 1832 4824 cum
1875 4764 1983 4851 alio
2013 4786 2028 4836 ;

435 4834 586 4910 editi,
611 4838 679 4892 ad
710 4835 943 4906 Patrem;
971 4839 1186 4910 quidam
1213 4840 1426 4895 codices
1449 4834 1603 4910 υἷες,
1632 4845 1826 4895 locutus
1852 4849 1944 4895 est.

508 4908 693 4964 Fidem
738 4920 784 4964 et
836 4908 1204 4965 credulitatem.
1255 4910 1343 4967 Sic
1369 4908 1650 4966 emendavi
1706 4913 2027 4967 auctoritate

434 4982 556 5036 cod.
582 4980 818 5052 Remig.;
847 4981 997 5047 editi,
1022 4983 1143 5049 ﬁde,
1169 4982 1536 5035 credulitatem.
1563 4980 1726 5036 l‘aulo
1758 4993 1877 5051 post
1905 5000 2028 5038 con-

433 5054 660 5124 cepimus
707 5050 762 5107 ct
804 5064 1117 5124 revertantur
1146 5069 1210 5124 ex
1261 5053 1449 5124 eodem
1491 5053 1612 5124 cod.
1658 5061 1714 5109 et
1753 5050 2025 5108 nonnullis

426 5118 566 5187 aliis,
602 5140 697 5194 pro
718 5139 784 5178 eo
805 5118 947 5194 quod
969 5134 1053 5178 cst
1076 5123 1126 5177 in
1152 5122 1310 5177 editis
1333 5122 1645 5193 concipimus
1665 5134 1719 5179 et
1750 5134 2024 5179 vertantur.

502 5214 681 5272 Foret.
709 5215 861 5269 Hanc
900 5230 1084 5268 vocem
1108 5214 1287 5269 addidi
1328 5231 1396 5271 ex
1417 5214 1650 5286 Remig.;
1697 5217 1857 5281 alius,
1880 5226 2024 5273 esset.

501 5308 631 5363 Esse
661 5309 826 5380 illum.
863 5306 969 5362 Has
989 5322 1160 5380 voces
1173 5307 1359 5380 addidi
1389 5326 1451 5363 ex
1479 5308 1689 5380 Remig.
1712 5310 1876 5367 Paulo
1907 5321 2028 5380 post

424 5382 714 5434 crederetur
740 5379 791 5447 in
816 5387 1044 5445 quatuor
1064 5377 1340 5434 codicibus
1366 5394 1520 5446 mss.;
1547 5377 1806 5437 crederent
1823 5382 1875 5437 in
1891 5377 2021 5438 edit.

500 5448 686 5501 Divina
717 5450 937 5523 monitus
968 5450 1336 5523 oraculo._ASic
1384 5451 1617 5523 Remlga
1644 5453 1801 5509 allus.
1852 5455 2023 5510 divino

424 5534 669 5586 responso
696 5519 940 5582 monitus;
997 5520 1149 5585 editi,
1180 5521 1349 5577 divino
1378 5519 1593 5578 monitu.

498 5588 745 5660 lnferret.
779 5589 868 5645 Sic
892 5590 1101 5662 Hemig.
1127 5606 1248 5648 cum
1271 5595 1374 5649 alio
1403 5612 1416 5645 :
1446 5593 1597 5662 editi,
1631 5598 1804 5666 ferret.

495 5679 794 5759 Perfectum
849 5698 957 5737 esse
1027 5683 1381 5738 annuntiabat.
1431 5686 1521 5740 Sic
1581 5686 1833 5759 Remig.;
1869 5682 2018 5758 editi,

425 5758 708 5823 perfectum
738 5763 829 5806 est.

493 5823 560 5881 1n
576 5827 844 5899 nianifesta
858 5824 1081 5889 luce.Sic
1094 5827 1327 5905 Remigq
1345 5828 1398 5887 in
1410 5831 1677 5917 manifesto
1691 5834 1743 5891 in
1761 5830 1869 5892 luce
1881 5830 2011 5897 edit.

2211 4770 2315 4850 Per
2364 4768 2798 4850 prtedicationem.
2878 4767 3039 4850 Editi,
3092 4778 3139 4825 et
3217 4764 3602 4850 praedicatione
3682 4798 3788 4850 per

2137 4842 2408 4913 prophetas
2434 4843 2516 4895 sui
2558 4841 2841 4913 ostensione
2895 4841 3269 4911 quodammodo
3308 4843 3555 4901 omnibus
3614 4841 3787 4909 su'am

2174 4908 2453 4968 rtesentiam
2488 4911 2734 4990 probavit.
2768 4908 2976 4990 llmc‘et
2999 4924 3118 4984 qua:
3143 4920 3437 4990 sequuntur
3459 4932 3656 4990 usque
3706 4908 3786 4982 ad

2174 4931 2453 4968 rtesenuam
2488 4931 2734 4979 prooavu.
2769 4931 2894 4967 1Ιὶϋο
2921 4931 2976 4966 et
2999 4931 3118 4984 quae
3143 4931 3437 4982 sequuntur
3459 4932 3656 4990 usque
3706 4931 3786 4982 ad

2135 4931 2232 5052 ἔξω
2264 4999 2443 5048 voces,
2476 4993 2521 5037 et
2550 4980 2939 5048 itm-edulitate,
2970 4982 3250 5039 emendavi
3280 4987 3624 5044 auctoritate
3679 5008 3789 5052 co-

2139 5050 2272 5126 dicis
2303 5055 2533 5125 Remig,
2564 5052 2649 5126 cui
2671 5052 2759 5109 alii
2787 5069 2976 5125 magna
3010 5069 3074 5109 ex
3100 5063 3251 5126 parte
3279 5060 3679 5119 consentiunt.

2211 5125 2424 5201 Mentes.
2474 5125 3220 5201 Sic_PamcliusA;_plerique
3289 5126 3512 5201 codices
3594 5146 3779 5201 mss.,

2138 5200 2363 5271 ntentis;
2394 5196 2545 5271 deest
2574 5197 2625 5250 in
2651 5194 3057 5252 accuratissima
3093 5196 3279 5252 codice
3317 5194 3573 5271 Beinig.:
3616 5194 3783 5269 umlé

2136 5268 2365 5346 conjicio
2395 5267 2531 5322 hanc
2559 5283 2767 5346 vocent,
2802 5283 2922 5337 quze
2952 5283 3046 5337 per
3071 5283 3133 5346 se
3166 5269 3366 5346 inutilis
3395 5267 3512 5337 est,
3534 5267 3782 5346 exkpuu;

2134 5336 2361 5409 gentiam
2409 5352 2553 5395 esse.
2593 5336 2762 5411 Paulo
2789 5336 2909 5407 post
2954 5336 3133 5409 populi
3159 5352 3223 5395 ex
3265 5338 3457 5396 eodem
3504 5336 3651 5403 cod'.
3719 5363 3786 5411 et

2132 5411 2252 5491 aliis
2277 5419 2508 5491 quatuor
2529 5408 2728 5491 Ledit'i‘,
2761 5408 2973 5491 populo.

2204 5472 2617 5563 Iniustitia._Sic
2673 5472 2909 5563 RLeinig.»
2941 5492 3063 5563 eum
3115 5472 3332 5563 duobus
3367 5479 3500 5536 aliis
3544 5502 3559 5539 ε
3600 5478 3781 5563 οδω,

2121 5552 2343 5626 justitia.
2387 5550 2550 5626 Paulo
2610 5554 2729 5620 post
2772 5552 3141 5622 eiecitatemque
3190 5553 3357 5607 cordis
3425 5564 3503 5607 ex
3557 5550 3785 5626 eodeni

2130 5623 2314 5694 codice
2346 5625 2622 5694 posuimus
2653 5638 2749 5692 pro
2777 5625 3004 5678 caecitate
3031 5626 3218 5680 cordis.

2202 5692 2531 5780 frequentat,
2581 5705 2684 5748 etc.
2720 5694 2808 5749 Sic
2848 5695 3057 5767 Remig.
3104 5712 3225 5751 cum
3274 5692 3567 5768 plerisque
3597 5700 3783 5780 aliis;

2128 5762 2276 5836 editi,
2308 5769 2674 5836 frequentatur.

2201 5830 2406 5899 Salt'cto'
2455 5832 2677 5915 Spiritu.
2750 5830 2951 5897 Desunt
3006 5835 3121 5901 hac
3174 5832 3335 5899 verba
3394 5841 3460 5901 in
3526 5847 3781 5937 Remig,
