4172 6202
448 274 521 333 55
1661 281 1754 337 AD
1788 279 2095 339 VlGlLIUM
2131 281 2546 342 .EPlSCOPUM.
3680 285 3752 344 5d

443 400 611 448 nente
639 390 905 449 adventus
951 393 1162 451 Domini
1202 403 1493 452 metatores
1520 409 1643 452 esse
1671 396 1849 451 sortiti
1897 404 2044 453 sunt.
2076 400 2129 458 Α
2158 406 2282 454 nato
2294 398 2460 455 corde
2482 397 2787 469 conspicias
2806 416 2821 467 ;
2839 398 2980 455 sicut
2998 398 3138 454 idem
3167 398 3283 470 ipse
3308 398 3564 456 Dominus
3586 407 3642 455 ct
3661 414 3756 468 per

445 485 563 541 Hoc
601 486 782 543 lumen
830 487 1032 543 saeculo
1078 488 1285 557 datum,
1334 499 1389 545 et
1440 488 1584 545 diem
1644 488 1800 543 nobis
1852 488 2047 544 salutis

443 587 695 635 exortum
720 579 1058 636 viviﬁcandis
1083 596 1299 652 quoque
1322 581 1373 636 in
1394 596 1519 637 eum
1547 580 1893 637 credentibus
1919 582 2046 637 des-

444 674 676 728 tinatum
707 672 870 729 docet
892 672 950 729 in
973 673 1202 729 Psalmis
1232 673 1466 744 Spiritus
1491 683 1713 730 sanctus
1737 683 1793 729 et
1812 673 2050 728 ostendit

441 764 634 821 dicens
653 763 824 836 (Psal.
843 780 1010 833 cxvu,
1029 765 1221 838 22-24)
1253 784 1266 819 :
1302 766 1460 838 Lapis
1474 783 1622 836 quem
1647 765 2048 835 reprobaverunt

438 857 738 923 wdicantes,
768 858 850 913 hic
904 860 1073 931 factus
1128 869 1203 914 est
1232 860 1287 914 in
1319 869 1474 931 caput
1504 860 1681 931 anguli
1705 876 1723 913 :
1753 875 1786 912 a
1825 858 2048 914 Domino

438 956 610 1025 factus
636 961 711 1007 est
740 958 854 1018 iste,
886 962 932 1007 et
958 963 1034 1008 est
1064 953 1385 1009 admirabilis
1413 956 1465 1008 in
1496 955 1661 1008 oculis
1691 955 1879 1008 nostris
1906 971 1925 1017 ;
1957 954 2050 1007 iste

439 1046 553 1100 dies
576 1055 650 1100 est
686 1062 834 1117 quem
867 1048 989 1117 fecit
1026 1046 1282 1103 Dominus
1307 1064 1326 1103 :
1352 1047 1674 1104 ambulemus
1716 1059 1762 1103 et
1783 1048 2047 1119 jucunde-

440 1158 560 1196 mur
597 1142 650 1195 in
687 1157 763 1196 eo.
791 1140 849 1196 lu
883 1142 987 1196 hoc
1015 1142 1101 1198 die
1131 1158 1231 1199 nos
1267 1143 1547 1199 ambulare
1594 1142 1795 1199 Paulus
1832 1157 2048 1213 quoque

441 1235 727 1305 apostolus
770 1234 1093 1304 praecipiens
1123 1245 1179 1290 et
1207 1234 1411 1291 docens
1450 1249 1516 1289 ac
1558 1249 1938 1305 praemonens,
1965 1234 2047 1289 di-

439 1324 732 1399 cit(Rom.,
758 1341 877 1391 xm,
908 1326 1121 1397 11-15).
1138 1324 1295 1381 Nunc
1319 1329 1451 1381 enim
1476 1327 1690 1398 propius
1706 1336 1779 1382 est
1794 1325 1938 1383 nobis
1958 1343 2046 1383 sa-

441 1418 524 1475 lus
545 1435 700 1491 quam
724 1436 840 1474 cum
866 1420 1225 1476 credidimus:
1251 1437 1356 1476 non:
1392 1424 1685 1492 praecessit;
1726 1420 1834 1475 dies
1875 1429 2046 1475 autem

440 1514 897 1586 appropinquavit.
930 1514 1249 1587 Abjiciamus
1279 1533 1399 1588 ergo
1433 1532 1591 1587 opera
1620 1515 1972 1581 tenebrarum,
1999 1525 2046 1571 et

437 1607 720 1662 induuntur
734 1623 884 1662 arma
904 1607 1034 1664 lucis
1072 1624 1089 1663 :
1126 1610 1258 1663 sicut
1285 1609 1339 1663 in
1361 1610 1441 1663 die
1458 1611 1664 1664 honeste
1684 1607 2004 1664 ambulemus
2024 1623 2044 1663 .'

440 1698 502 1756 id
523 1709 625 1767 est,
656 1701 712 1755 in
736 1696 958 1757 Christo
986 1709 1045 1757 et
1087 1700 1358 1758 mandatis
1388 1701 1525 1772 ejus,
1559 1700 1712 1772 cujus
1752 1702 1958 1757 lumine
1981 1714 2046 1755 ac

2155 494 2366 551 Esaiam
2393 502 2597 560 monet,
2627 492 2812 548 dicens
2846 491 3003 566 (Isa.,
3039 508 3132 555 vn,
3162 491 3223 563 9)
3260 510 3274 547 :
3306 492 3368 549 Si
3389 509 3491 547 non
3521 492 3755 547 credide-

2152 591 2298 655 ritis,
2354 604 2445 642 nec
2490 587 2805 659 intelligetis.
2856 586 2988 642 Tam
3052 585 3224 641 facilis
3276 595 3333 641 et
3380 594 3648 657 praestans
3700 594 3758 640 et

2153 681 2303 752 larga
2354 688 2437 736 est
2478 688 2640 749 atque
2687 678 2968 733 abundans
2997 677 3066 732 de
3121 676 3332 732 Domini
3390 677 3591 748 pietate
3634 677 3748 732 cle-

2154 775 2380 842 mentia,
2412 782 2471 828 ut
2523 774 2568 827 si
2612 774 2731 842 quis
2768 772 2938 827 semel
2976 785 3099 826 sese
3126 772 3194 826 ad
3235 786 3357 826 eum
3403 780 3517 826 toto
3553 771 3749 826 timore

2152 870 2516 934 converterit;
2567 866 2635 922 ad
2679 869 2905 924 caeleste
2955 883 3150 922 munus
3211 866 3521 935 admissus,
3570 867 3752 922 statim

2151 978 2307 1017 mens
2326 961 2443 1031 ejus
2469 975 2576 1015 non
2589 960 2701 1030 jam
2730 959 2834 1015 nisi
2855 959 2922 1013 ad
2950 959 3135 1014 divina
3162 967 3362 1025 pateat,
3385 967 3442 1014 et
3463 957 3530 1014 ad
3552 958 3752 1013 cwlum

2153 1068 2218 1109 ac
2242 1068 2475 1123 superna
2503 1052 2693 1108 oculos
2720 1049 2903 1107 cordis
2935 1051 3200 1117 attolens,
3230 1049 3433 1105 Christi
3472 1050 3654 1105 lumen
3683 1064 3749 1105 ac

2153 1148 2382 1217 patriam
2405 1144 2596 1201 salutis
2625 1145 2870 1215 aspiciat.

2226 1239 2339 1297 νη.
2375 1239 2697 1309 Exemplum
2722 1255 2786 1294 ac
2823 1239 3211 1294 documentum
3251 1240 3424 1295 nostri
3453 1240 3664 1296 timoris
3688 1249 3749 1296 ot

2151 1335 2302 1403 ﬁdei,
2331 1351 2398 1390 ex
2428 1337 2597 1405 ipsius
2641 1335 2876 1391 Abrahae
2903 1335 3228 1405 patriarcha:
3256 1336 3401 1391 ﬁdeli
3440 1336 3761 1392 credulitate

2152 1438 2503 1493 monstratur,
2538 1431 2629 1501 qui
2650 1429 3060 1500 repromissioni
3077 1431 3170 1484 Dei
3191 1438 3371 1485 mente
3400 1430 3631 1500 simplici
3648 1440 3762 1484 sta-

2152 1524 2245 1578 tim
2271 1522 2536 1588 credidit;
2574 1530 2630 1578 et
2654 1522 2778 1578 ideo
2792 1522 2870 1594 ,ad
2893 1521 3159 1591 justitiam
3187 1521 3437 1593 deputari
3493 1521 3544 1576 ei
3571 1520 3771 1577 condi-

2149 1630 2251 1686 gua
2276 1614 2714 1671 remuneratione
2743 1615 3087 1670 commeruit.
3110 1614 3229 1670 Hoc
3254 1615 3399 1671 Deus
3429 1614 3625 1686 diligit,
3657 1615 3760 1672 hoc

2149 1708 2374 1778 appetit,
2397 1706 2500 1763 hoc
2540 1708 2593 1762 in
2637 1707 2810 1762 servis
2837 1706 2950 1762 suis
3001 1707 3270 1778 benignus
3337 1717 3651 1763 remunerat
3704 1717 3761 1765 et

440 1794 659 1851 monitis
699 1794 987 1865 luminati,
1020 1804 1075 1850 et
1117 1794 1172 1850 in
1214 1795 1462 1851 claritate
1506 1795 1616 1850 diei
1665 1795 1783 1865 ejus
1812 1794 2043 1863 inventi,
2075 1820 2124 1887 Β
2151 1800 2411 1865 honorat;
2487 1799 2889 1870 simplicitatem
2957 1800 3211 1855 videlicet
3300 1800 3493 1854 mundi
3569 1799 3755 1857 cordis

436 1888 742 1960 proximam
794 1888 954 1946 nobis
1019 1888 1249 1946 salutem
1301 1886 1523 1945 credula
1577 1890 1632 1943 in
1672 1902 1797 1945 eum
1862 1898 2047 1943 mente

435 1981 830 2053 conspicimus.

512 2075 600 2131 Vl.
634 2075 820 2131 Solem
855 2090 1075 2147 quoque
1102 2092 1226 2133 esse
1248 2074 1523 2133 Christum
1553 2080 1767 2134 cunctis
1799 2077 2046 2134 timenti-

435 2172 541 2226 bus
564 2184 725 2236 eum,
754 2169 1048 2227 Malachias
1095 2172 1361 2241 propheta
1402 2179 1629 2227 testatur
1657 2181 1711 2227 et
1753 2172 2045 2244 promittit,

433 2263 626 2320 dicens
643 2262 927 2337 (Halach.,
952 2279 1032 2333 tv,
1055 2264 1140 2336 2.)
1178 2263 1328 2319 Vobis
1350 2275 1521 2321 autem
1540 2266 1832 2322 timentibus
1860 2283 2044 2324 nomen

435 2375 610 2414 nicum
646 2359 839 2414 orietur
879 2357 976 2415 Sol
1016 2359 1285 2430 justitiar,
1312 2368 1359 2414 et
1400 2360 1597 2414 sanitas
1655 2361 1709 2414 in
1752 2361 1849 2417 alis
1886 2364 2043 2433 ejus:

436 2451 734 2507 ostendens
757 2465 825 2506 ex
856 2450 1006 2505 nullo
1031 2451 1190 2507 nobis
1213 2450 1446 2507 salutem
1473 2467 1635 2523 posse
1661 2452 1917 2519 conferri,
1944 2454 2049 2511 nisi

445 2544 506 2599 in
565 2544 817 2613 passione
883 2545 1061 2601 crucis
1132 2545 1290 2616 ejus,
1341 2562 1446 2617 qua
1508 2547 1809 2603 extendens
1857 2564 2050 2605 manus

447 2644 641 2692 cuncta
681 2635 872 2691 saeculi
901 2636 1208 2692 salvaturus
1236 2637 1519 2706 amplexus
1548 2646 1653 2705 est,
1688 2647 1746 2693 ut
1788 2654 2052 2697 converso

441 2726 514 2783 ad
544 2742 671 2782 eum
698 2728 894 2784 timore
918 2729 1210 2785 credamus
1237 2730 1593 2785 aeternitatem
1623 2731 1743 2786 vitae
1769 2741 1823 2787 et
1844 2747 1942 2803 spe
1968 2732 2052 2789 fu-

444 2823 551 2879 turi
578 2825 733 2894 regni
763 2823 880 2892 ejus
911 2822 1236 2879 animemur.
1262 2823 1394 2891 Quis
1414 2823 1558 2879 enim
1589 2830 1694 2879 tam
1725 2825 1961 2882 stolidus
1986 2842 2051 2884 ac

442 2916 696 2984 demens,
740 2917 862 2988 quis
906 2916 987 2972 sic
1014 2917 1082 2972 ab
1128 2918 1407 2973 intellectu
1447 2934 1560 2974 suae
1600 2920 1790 2975 salutis
1817 2921 2045 2989 alienus,

440 3011 535 3081 qui
595 3017 676 3065 tot
716 3019 773 3065 et
819 3010 980 3065 tantis
1047 3009 1291 3066 veritatis
1361 3011 1685 3069 testimoniis
1739 3013 2052 3073 incredulus

445 3119 559 3160 non
628 3103 891 3159 adversus
952 3119 1159 3160 meram
1237 3083 1396 3161 ﬁdem
1469 3106 1791 3162 obduratum
1866 3120 2051 3178 pectus

2149 1910 2259 1964 quo
2308 1907 2433 1948 eum
2498 1892 2778 1947 cernimus
2813 1933 2830 1959 ,
2865 1891 3117 1947 timorem
3173 1891 3480 1948 dilectionis
3540 1890 3761 1948 Domini

2147 2001 2254 2056 quo
2277 1984 2589 2054 probamur,
2622 1982 2899 2038 credulam
2929 1983 3093 2038 ﬁdem
3125 1984 3324 2039 mentis
3375 1999 3481 2055 qua
3530 1980 3760 2054 justitiat

2152 2078 2496 2149 deputamur.
2527 2075 2680 2131 Hanc
2707 2074 2870 2131 ﬁdem
2924 2077 3102 2146 sequi,
3153 2075 3297 2131 hunc
3355 2076 3452 2131 Dei
3503 2076 3759 2132 timorem

2149 2187 2369 2233 servare
2385 2186 2485 2227 nos
2495 2170 2751 2227 convenit
2768 2188 2785 2237 ;
2802 2171 2892 2240 qui
2912 2170 3287 2227 custodientes
3303 2171 3470 2227 verba
3492 2170 3762 2238 cmlestia,

2148 2275 2203 2321 et
2231 2272 2514 2336 sperantes
2544 2264 2813 2334 promissa
2839 2262 3045 2329 divina,
3074 2261 3168 2317 ﬁlii
3192 2261 3427 2318 Abrahae
3459 2264 3761 2319 meruimus

2152 2357 2479 2425 nuncupari.
2512 2355 2668 2425 Quod
2713 2355 2948 2427 apostoli
2991 2355 3147 2409 Pauli
3192 2355 3284 2426 qui
3346 2355 3442 2410 Dei
3484 2369 3617 2410 voce
3669 2369 3765 2410 vas

2151 2449 2436 2505 electionis
2472 2456 2558 2504 est
2585 2448 2785 2512 dictus,
2813 2446 3209 2502 contestatione
3248 2446 3494 2502 ﬁrmatur
3532 2446 3765 2503 dicentis

2149 2540 2322 2612 (Gal.,
2356 2557 2437 2608 Ill,
2462 2540 2515 2607 6,
2546 2542 2606 2611 7)
2632 2540 2757 2597 :Sic
2780 2540 3043 2595 Abraham
3068 2542 3285 2595 credidit
3316 2540 3446 2607 Deo,
3474 2550 3524 2596 et
3548 2551 3759 2612 accepto

2153 2631 2313 2688 latum
2328 2644 2399 2687 est
2426 2635 2470 2686 ei
2491 2632 2560 2686 ad
2575 2632 2855 2703 justitiam.
2873 2630 3173 2702 Cognoscite
3185 2649 3327 2704 ergo,
3346 2633 3589 2703 quoniam
3602 2633 3686 2704 qui
3701 2648 3765 2689 ea:

2153 2726 2258 2795 ﬁde
2277 2735 2419 2789 sunt,
2452 2726 2506 2778 hi
2522 2734 2641 2780 sunt
2670 2725 2771 2793 ﬁlii
2817 2724 3059 2779 Abrahaz.
3109 2724 3225 2779 Hoc
3250 2725 3506 2781 Judaicus
3541 2726 3773 2795 populus

2153 2818 2237 2872 cui
2267 2835 2295 2869 a
2327 2815 2619 2886 primordio
2648 2816 2783 2885 legis
2815 2818 3018 2871 monita
3049 2816 3430 2883 loquebantur,
3462 2815 3763 2872 incredulae

2153 2909 2350 2966 mentis
2375 2908 2572 2985 duritia
2599 2916 2655 2962 et
2682 2907 2872 2978 perﬁdi
2900 2908 3305 2964 cordisinsania
3322 2924 3543 2966 servare
3563 2908 3760 2979 noluit;

2154 3015 2207 3060 et
2241 3003 2365 3060 ideo
2396 3017 2494 3072 pro
2521 3000 2840 3057 difﬁdentiae
2889 3001 3109 3069 merito,
3139 3001 3374 3058 ﬁliorum
3401 3018 3599 3059 nomen
3630 3003 3766 3059 ami-

2156 3096 2246 3152 sit.
2270 3094 2391 3151 Non
2423 3106 2603 3149 tamen
2632 3094 2874 3149 omnium
2906 3092 3125 3164 perﬁdae
3146 3094 3343 3165 gentis,
3385 3095 3646 3151 adversus
3668 3110 3771 3151 no-

450 3195 736 3250 intellectu
761 3195 1008 3252 veritatis
1031 3197 1309 3262 emolliat,
1342 3206 1398 3252 et
1431 3199 1670 3253 tenebris
1713 3200 1837 3255 vita;
1874 3215 2051 3270 quon-
2076 3202 2124 3266 ο
2159 3203 2286 3244 men
2320 3187 2555 3255 Domini,
2580 3185 2871 3257 quominus
2900 3185 3267 3256 intelligerent
3296 3188 3600 3253 veritatem,
3636 3187 3763 3244 odio

441 3286 573 3341 dam
602 3286 852 3342 mortalis
877 3297 1094 3354 exutus,
1126 3288 1181 3343 in
1218 3287 1420 3345 lumine
1442 3300 1835 3360 praeceptorum
1859 3294 2052 3349 cretes-

444 3381 584 3437 tium
612 3381 887 3452 gradiens,
921 3381 989 3437 ad
1016 3382 1200 3438 divina
1231 3384 1436 3439 monita
1464 3394 1519 3439 et
1550 3386 1760 3440 Domini
1792 3388 2050 3444 salutaria

442 3475 688 3547 gerenda
731 3475 1019 3544 mandata,
1066 3476 1366 3531 illuminato
1417 3476 1583 3533 corde
1612 3517 1627 3543 ,
1686 3488 1798 3534 tota
1852 3482 2052 3537 mentis

449 3582 517 3623 ac
567 3566 690 3622 ﬁdei
736 3568 1055 3623 credulitate
1101 3570 1420 3623 convertat?
1470 3580 1526 3624 ut
1564 3584 1723 3640 quem
1769 3574 2052 3643 propheta:

446 3658 911 3731 praedicaverunt,
957 3660 1129 3716 Deum
1177 3671 1398 3727 noscat;
1451 3672 1507 3715 ut
1547 3663 1818 3717 Christum
1861 3665 1953 3733 qui
1992 3681 2052 3722 se

446 3753 632 3824 palam
690 3753 899 3807 mundo
957 3754 1173 3809 venisse
1225 3754 1576 3819 monstravit,
1636 3755 1936 3825 intelligat;
1995 3767 2054 3814 nt

445 3848 742 3916 Scripturis
790 3846 1048 3902 divinitus
1102 3846 1540 3915 testiﬁcantibus,
1598 3849 1693 3904 Dei
1748 3849 1947 3905 Filium
1998 3862 2055 3908 et

447 3942 624 3998 Deum
651 3941 854 3996 credat.
887 3940 1039 3997 Sicut
1076 3942 1192 4010 ipse
1212 3982 1227 4005 ,
1253 3958 1371 4009 qua:
1400 3945 1471 3995 sit
1507 3942 1615 3998 vita
1643 3952 1843 3999 aeterna
1875 3947 2051 4000 mani-

445 4034 611 4089 {estet
638 4031 826 4089 dicens
851 4031 1060 4105 (10am,
1089 4047 1222 4098 xvu,
1244 4032 1300 4103 '5)
1328 4050 1340 4085 :
1378 4031 1499 4087 Htec
1525 4044 1598 4088 est
1624 4045 1814 4098 autem,
1833 4038 1929 4105 ait,
1949 4038 2054 4092 vita

445 4133 664 4190 interna,
684 4133 738 4178 ut
762 4133 1074 4195 cognoscant
1101 4133 1149 4178 te
1167 4125 1335 4179 solum
1355 4134 1401 4178 et
1428 4141 1603 4179 verum
1627 4125 1808 4193 Deum,
1833 4138 1880 4182 et
1904 4140 2055 4198 quem

446 4217 637 4271 misisti
675 4214 855 4271 Iesum
898 4217 1155 4272 Christum
1196 4232 1216 4270 :
1262 4215 1467 4273 docens
1514 4228 1676 4287 atque
1727 4220 2051 4287 ostendens,

449 4310 591 4367 nihil
616 4308 759 4365 aliud
785 4323 905 4365 esse
931 4312 1097 4365 Deum
1121 4323 1304 4375 nosse,
1329 4324 1488 4377 quam
1515 4311 1764 4379 credere,
1793 4321 1849 4366 et
1868 4320 2056 4369 oculos

450 4404 639 4462 cordis
665 4405 721 4459 in
761 4405 1047 4459 Dominum
1089 4418 1295 4473 prona,
1327 4403 1494 4458 immo
1522 4413 1631 4459 tota
1661 4406 1900 4473 pectoris
1950 4407 2058 4463 ﬁde

449 4508 509 4554 et
534 4496 826 4552 devotione
873 4497 1073 4551 mentis
1115 4496 1352 4565 aperire.
1384 4495 1513 4550 Inde
1551 4496 1664 4567 jam
1718 4497 1781 4552 ﬁt
1828 4508 1887 4554 ut
1933 4515 2057 4556 cre—

2155 3280 2421 3337 obdurata
2462 3292 2617 3334 meus
2664 3286 2765 3333 est.
2813 3277 3100 3348 Etiamque
3149 3278 3381 3348 Spiritus
3425 3291 3665 3345 sanatus,
3708 3278 3764 3337 id

2159 3384 2263 3443 est,
2286 3374 2538 3431 Christus
2568 3372 2827 3428 Dominus
2855 3384 3041 3429 noster
3068 3372 3344 3442 profectus
3371 3390 3435 3428 ex
3470 3374 3581 3428 Deo
3605 3374 3763 3430 Patre

2158 3466 2307 3523 venit
2331 3476 2387 3521 ut
2417 3466 2623 3521 salvum
2650 3463 2857 3518 faceret
2909 3464 3053 3533 quod
3107 3464 3344 3533 perierat
3392 3464 3642 3530 Israelis;
3678 3465 3773 3535 qui

2159 3561 2339 3627 major
2364 3573 2427 3610 ac
2451 3556 2642 3611 fortior
2662 3555 2729 3608 ad
2758 3553 3055 3624 subigenda
3083 3555 3481 3609 contumacium
3537 3556 3674 3611 colla
3701 3555 3761 3613 in

2158 3650 2409 3705 timorem
2437 3649 2520 3703 sui
2548 3646 2783 3702 nominis
2800 3655 2855 3701 et
2883 3656 3232 3716 potestatem,
3256 3662 3353 3702 eos
3379 3646 3473 3718 qui
3499 3646 3761 3705 adversus

2157 3741 2376 3798 luminis
2414 3743 2496 3797 sui
2541 3741 2864 3807 claritatem,
2898 3743 3169 3797 obstinata
3199 3743 3360 3798 etiam
3392 3752 3520 3800 tunc
3565 3744 3765 3801 mentis

2159 3840 2402 3894 excitate
2426 3835 2712 3903 durabant,
2734 3835 2801 3890 ad
2820 3835 3062 3890 notitiam
3093 3835 3352 3892 claritatis
3377 3837 3630 3907 etglorite
3647 3851 3763 3892 sum

2160 3944 2267 3989 tam
2294 3934 2448 3989 facile
2475 3931 2774 3995 convertit;
2833 3946 2992 4001 quam
3023 3940 3082 3985 ut
3108 3946 3300 3987 omnes
3332 3932 3513 3987 salvos
3558 3930 3764 3989 faceret

2157 4026 2498 4097 providentia
2515 4039 2625 4079 suae
2641 4023 2836 4079 divinae
2858 4024 3240 4079 misericordiae
3261 4022 3513 4094 dignatus
3525 4022 3764 4081 advenit.

2234 4118 2360 4173 Vlll.
2391 4116 2523 4171 Nam
2556 4124 2614 4170 ut
2633 4114 2756 4171 duri
2777 4111 2961 4170 cordis
2990 4126 3116 4170 tunc
3145 4124 3201 4169 et
3245 4114 3425 4185 impia:
3476 4116 3647 4186 plebis
3690 4113 3762 4171 ad

2159 4212 2611 4277 Dominimetum,
2626 4208 2744 4279 ipso
2767 4206 2997 4263 Domino
3011 4208 3438 4277 evangelizaute,
3463 4220 3760 4263 conversas

2160 4314 2372 4361 mentes
2399 4303 2625 4367 sileam;
2682 4308 2742 4355 ut
2785 4298 3176 4369 Apostolorum
3224 4298 3340 4368 ejus
3383 4298 3765 4367 praedicatione

2159 4399 2573 4469 multiplicatum
2596 4396 2648 4450 in
2674 4402 2788 4450 toto
2834 4394 2968 4449 orbe
2997 4402 3050 4448 et
3097 4407 3373 4448 reversum
3420 4390 3761 4449 credentium

2161 4495 2419 4567 populum
2449 4492 2844 4547 conticescam:
2872 4485 3001 4540 illud
3031 4485 3351 4555 praeclarum
3380 4494 3544 4556 atque
3564 4501 3766 4542 memo-

449 4590 636 4648 dendo
679 4588 979 4660 intelligas,
1004 4588 1375 4660 intelligendo
1403 4588 1547 4659 quod
1582 4588 1764 4646 credis
1790 4633 1805 4659 ,
1849 4592 2050 4650 illumi-
2079 4588 2134 4650 D
2159 4588 2330 4647 rabile
2352 4584 2757 4659 gloriosumque
2798 4577 3012 4636 JASONIS
3063 4577 3277 4634 Hebraai
3326 4576 3642 4645 Christiani,
3704 4588 3765 4635 et

1860 4702 2415 4766 ANNOTATIONES.

454 4840 511 4887 et
557 4829 767 4886 duobus
808 4827 971 4893 aliis;
1017 4835 1360 4896 prwmonente
1404 4824 1457 4879 in
1488 4822 1679 4879 eodem
1724 4823 1912 4880 codice
1937 4867 1951 4888 ,
1986 4842 2054 4882 ex

455 4916 566 4971 quo
589 4903 750 4957 etiam
792 4907 1107 4970 sequentem
1142 4896 1424 4967 periodum
1458 4896 1512 4950 in
1552 4896 1711 4951 editis
1740 4907 2052 4969 corruptam

422 4996 429 5001 ·
460 4974 882 5027 emendavimus.

538 5041 726 5098 Factus
774 5053 849 5098 est
879 5043 994 5096 iste.
1025 5040 1115 5097 Sic
1161 5038 1370 5109 Remig.
1415 5048 1474 5094 et
1523 5038 1613 5093 alii
1666 5038 1775 5094 duo
1811 5057 1823 5092 :
1859 5042 2054 5110 factum

460 5121 539 5169 est
567 5116 704 5169 istud
732 5115 887 5171 editi.

535 5185 775 5240 Credula.
814 5185 904 5241 Sic
932 5182 1166 5251 Remig.;
1197 5182 1346 5247 editi,
1379 5181 1714 5236 credulitatis.

533 5257 727 5311 Cuncta
767 5256 963 5312 saeuli.
994 5256 1167 5309 Aliter
1212 5254 1266 5307 in
1322 5252 1553 5320 quodam
1600 5252 1787 5306 codice
1827 5251 2053 5320 Baluzii,

457 5344 605 5383 nunc
629 5330 971 5383 bibliotheca:
993 5324 1199 5395 Regina,
1222 5334 1403 5378 cuncta
1429 5323 1617 5377 seculo
1635 5322 1930 5395 complexus
1959 5334 2053 5379 est.

453 5400 590 5467 Quae
603 5408 904 5471 sequuntur
925 5393 1206 5471 emendata
1228 5395 1552 5471 auctoritate
1569 5395 1689 5448 cod.
1708 5393 1943 5471 Remjg.,
1970 5396 2056 5471 cui

457 5465 601 5527 alios
625 5465 696 5527 ex'
721 5480 873 5540 parte
907 5468 1196 5540 consentit.
1221 5470 1315 5540 Sic
1354 5466 1629 5540 legebatur
1672 5466 1810 5540 apud
1838 5465 2054 5521 M0rel.:

462 5557 702 5597 conuerso
722 5536 961 5615 '(Pamel.
996 5536 1139 5615 ergo)
1159 5539 1227 5592 ad
1257 5554 1370 5615 eum
1398 5539 1578 5591 timore
1605 5538 1871 5592 credamus
1898 5549 1943 5591 et
1988 5538 2058 5591 ad

462 5610 796 5669 aeternitatem
822 5614 938 5666 vita
966 5612 1075 5679 spei
1106 5610 1312 5680 futuri"
1347 5619 1453 5664 etc.

538 5685 791 5739 Aduersus
826 5699 1035 5737 meram.
1080 5682 1171 5736 Sic
1200 5681 1410 5749 Bernig.
1470 5695 1592 5736 cum
1649 5679 1861 5734 duobus
1911 5679 2053 5742 aliis.

461 5770 692 5827 quorum
754 5756 893 5810 alter
941 5755 1103 5827 habet
1145 5759 1390 5827 adversus
1439 5768 1611 5809 verum
1659 5752 1854 5821 ﬁdem;
1902 5750 2053 5819 editi,

463 5825 708 5891 adversus
731 5828 784 5891 in
810 5841 1003 5893 meram
1029 5826 1115 5890 vel
1138 5825 1192 5886 in
1221 5839 1412 5887 verum.

2232 4816 2379 4877 Tota.
2410 4816 2620 4885 Remig.
2647 4822 2702 4869 et
2754 4812 2912 4885 alius,
2948 4819 3071 4885 toto,
3117 4809 3567 4885 videlicetcorde
3598 4819 3755 4885 toto.

2159 4896 2326 4952 Paulo
2350 4901 2491 4961 post,
2509 4880 2624 4956 quae
2639 4886 2705 4961 s_it
2723 4884 2824 4961 vita
2844 4898 2861 4936 :
2878 4880 3082 4961 Remig.
3095 4924 3109 4945 ,
3124 4883 3210 4951 qui
3226 4882 3288 4936 sit
3305 4898 3325 4945 ;
3348 4882 3508 4961 alius,
3522 4883 3644 4952 quid
3663 4885 3754 4961 sit.

2230 4965 2296 5021 Et
2315 4953 2598 5017 deuotione.
2657 4956 2714 5010 In
2750 4956 2849 5008 hac
2908 4954 3191 5008 verborum
3218 4954 3597 5023 complexione
3619 4953 3749 5009 etin

2160 5034 2510 5108 sequentibus
2535 5028 2777 5108 codicem
2808 5025 3018 5108 itemig.
3058 5034 3311 5108 accurate
3365 5025 3758 5108 setluittturhac

2161 5094 2329 5164 mtilta
2357 5102 2743 5163 emendaturis;
2772 5096 2918 5152 velut
2956 5094 3101 5165 quod
3129 5097 3323 5151 vitiose
3368 5095 3422 5150 in
3474 5094 3635 5149 editis
3678 5095 3757 5150 le-

2158 5181 2405 5253 gebatur,
2436 5184 2541 5253 tota
2558 5168 2777 5253 pectoris
2805 5168 2910 5235 ﬁde
2927 5167 3120 5250 devota:
3140 5168 3320 5253 mentis
3336 5182 3355 5219 :
3376 5177 3560 5253 etnon
3583 5165 3757 5223 multo

2164 5237 2304 5322 post,
2335 5237 2531 5322 Christi
2558 5237 2738 5322 lumen
2763 5250 2927 5310 parta:
2944 5237 3261 5322 iamnsalutis
3287 5238 3523 5322 aspiciat.

2248 5306 2509 5377 Videlicet.
2544 5306 2866 5369 Addidimus
2930 5324 2997 5364 ex
3053 5308 3264 5377 Rcrnig.
3298 5306 3465 5379 Paulo
3514 5322 3637 5379 post
3686 5323 3756 5367 es

2161 5392 2374 5456 eodem,
2405 5404 2505 5455 quo
2533 5401 2647 5439 eum
2673 5382 2944 5456 cernimus,
2981 5395 3077 5450 pro
3091 5394 3157 5436 eo
3182 5378 3323 5451 quod
3345 5389 3463 5435 erat
3496 5379 3552 5435 in
3576 5378 3757 5449 editis,

2160 5482 2264 5537 quo
2288 5453 2497 5537 quidem
2524 5459 2633 5528 ejus
2660 5453 2931 5537 cernimus.

2231 5520 2450 5602 Ac'cepto
2480 5520 2641 5602 totum
2667 5535 2760 5602 est.
2792 5521 3364 5602 Δᾴαηααίομτριιιαεαηι
3389 5532 3463 5578 est
3485 5520 3694 5592 Remig.

2239 5593 2530 5661 Obduratu.
2559 5596 2652 5653 Sic
2677 5595 2913 5664 Remig.;
2932 5593 3088 5658 editi,
3116 5594 3323 5648 durata.

2238 5677 2719 5746 Spiritus_san_gtu_s.
2751 5663 2935 5746 Aliter
2972 5665 3024 5718 in
3080 5664 3291 5734 Remig.
3312 5663 3604 5746 ,.Dom‘inus
3626 5663 3760 5718 enim

2165 5733 2419 5812 Christus,
2453 5742 2548 5798 Da’
2567 5739 2756 5803 Filius,
2781 5736 3034 5812 Dominus
3054 5747 3243 5812 noster,
3261 5737 3349 5807 qui
3372 5733 3650 5807 profectus.

2235 5807 2509 5899 Dignatus.
2539 5812 2613 5876 Ac
2637 5809 2930 5887 dignatione
2958 5807 3170 5881 Remig.
