4172 6202
454 263 525 322 55

1168 270 1366 329 CELSI
1402 270 1630 331 PREF.
1668 272 1755 331 DE
1792 273 1938 331 JUD.
1984 272 2355 333 INCREDUL;
2396 275 2489 333 AD
2527 272 2842 335 VIGILIUM
2880 275 2988 334 ΕΡ.
3684 278 3754 333 56

449 384 672 442 Pansa
698 386 1048 445 Alexandrini
1106 388 1277 444 Judazi
1318 388 1727 460 disceptationis
1768 390 2035 459 occurrit;
2066 394 2122 453 Α
2219 388 2306 447 IX.
2325 389 2485 447 Certe
2504 406 2664 462 quam
2711 390 2842 446 mihi
2891 390 3010 446 laeta
3053 388 3167 458 illa,
3213 405 3377 460 quam
3429 391 3755 463 exoptabilis

446 477 656 536 Judaici
679 481 859 537 cordis
884 482 1211 536 obstinatam
1265 481 1543 546 duritiam,
1598 482 1751 538 brevi
1805 482 2053 539 admoni-

447 573 600 630 tione
622 576 814 632 aeleui
844 576 1216 647 increpatione
1262 574 1558 643 mollitam;
1600 586 1654 632 et
1680 576 1955 633 victricem
1994 577 2047 632 in

452 664 665 736 Papisci
711 667 874 722 corde
903 666 1119 724 Jasonis
1168 667 1237 723 de
1285 668 1518 738 Spiritus
1562 668 1733 723 sancti
1784 667 2049 724 infusione

450 758 786 815 doctrinam:
834 775 939 831 qua
994 761 1253 831 Papiscus
1300 761 1367 815 ad
1418 761 1753 816 intellectum
1805 760 2048 817 veritatis

447 851 737 915 admissus,
769 861 824 908 et
847 852 915 907 ad
948 853 1194 908 timorem
1227 853 1460 919 Domini,
1492 855 1607 923 ipso
1633 854 1855 908 Domino
1883 854 2045 910 mise-

446 950 624 1009 raute,
659 941 946 1011 formatus,
980 956 1035 999 et
1056 944 1240 1001 Jesum
1272 943 1545 1001 Christum
1576 945 1768 1000 Filium
1800 945 1894 1001 Dei
1925 960 2044 1001 cre-

444 1033 600 1099 didit,
632 1044 688 1090 et
716 1045 774 1090 ut
802 1036 1138 1107 signaculum
1160 1039 1760 1109 sumcretdeprecatus,
1789 1039 2041 1095 Jasonem

446 1128 754 1198 postulavit.
785 1128 985 1184 Probat
1009 1130 1111 1184 hoc
1135 1131 1402 1201 scriptura
1433 1132 1855 1188 concertationis
1900 1132 2045 1202 ipso-

444 1236 590 1290 rum,
622 1238 742 1294 quae
787 1223 1154 1279 collidentium
1180 1225 1320 1280 inter
1349 1241 1430 1290 se,
1468 1224 1680 1295 Papisci
1705 1225 2044 1282 adversantis

438 1318 679 1384 Veritati,
713 1326 767 1373 et
787 1317 1003 1374 JilSilniS
1028 1319 1323 1375 asserentis
1351 1327 1407 1375 et
1437 1318 1778 1385 vindicantis,
1806 1318 2040 1389 disposi«

435 1409 639 1466 tionem
695 1421 749 1465 et
796 1412 1184 1481 plenitudinem
1255 1411 1478 1475 Christi,
1540 1412 1711 1470 Graeci
1777 1413 2042 1468 sermonis

418 1517 605 1574 ‘opere.
627 1504 832 1575 signata
858 1513 974 1560 est:
997 1504 1064 1560 ad
1097 1506 1250 1576 cujus
1273 1505 1679 1561 translationem
1701 1506 1767 1561 ad
1794 1505 2040 1561 intellec-

440 1608 554 1653 tum
581 1598 853 1662 Latinum,
889 1600 1163 1655 animante
1186 1601 1280 1655 Dei
1302 1614 1405 1671 ope
1427 1611 1481 1655 et
1522 1600 1759 1669 juvantis
1798 1598 1923 1654 ﬁdei
1949 1598 2040 1653 ﬁr-

436 1692 647 1759 mitate,
703 1702 915 1749 servata
956 1694 1248 1749 verborum
1302 1695 1638 1765 proprietate
1668 1735 1682 1758 ,
1731 1691 2037 1762 intrepidus

2156 482 2275 538 dies
2301 492 2407 549 est,
2436 498 2559 538 cum
2597 482 2972 553 misericordia
3006 481 3219 537 Domini
3245 497 3309 538 ac
3357 482 3540 539 favore
3568 497 3757 540 accer-

2153 577 2348 633 sitione
2378 576 2563 643 dilata,
2595 586 2869 633 senectam
2897 579 3055 632 istam
3098 590 3275 631 meam
3305 574 3548 645 proferre
3577 577 3758 633 conti-

2150 670 2325 739 gerit;
2361 678 2495 725 utet
2521 669 2859 725 orationibus
2882 677 3195 725 sanctorum
3221 668 3467 738 impense
3492 668 3757 742 etjugiter

2153 760 2558 830 deprecantium
2595 761 2882 816 Dominum
2921 760 3175 833 conjungi
3224 775 3462 829 merear,
3483 760 3755 817 utChristi

2150 864 2441 926 martyrem
2496 853 2743 922 videam,
2803 863 2861 910 ut
2905 870 3164 911 coronam
3216 854 3442 926 justitia:
3495 869 3615 926 quae
3662 854 3757 911 tibi

2149 960 2314 1014 penes
2350 946 2638 1002 Dominum
2680 947 2926 1017 deposita
2969 956 3076 1016 est,
3133 958 3352 1018 portare
3392 946 3752 1018 conspiciam.

2148 1037 2266 1095 Non
2288 1049 2466 1094 autem
2499 1041 2779 1112 putaveris
2810 1041 3057 1113 martyrii
3111 1041 3228 1108 tibi,
3285 1041 3584 1097 secundum
3616 1057 3756 1114 prae-

2145 1144 2274 1187 sens
2308 1143 2491 1188 votum
2545 1133 2692 1197 ﬁdei,
2723 1135 2951 1206 gloriam
2978 1133 3163 1190 tribui.
3192 1134 3347 1191 Tunc
3375 1136 3500 1191 inde
3530 1136 3758 1193 felicita-

2146 1224 2213 1277 tis
2241 1223 2401 1294 lmjus
2426 1224 2623 1280 collata
2654 1226 2894 1295 dignatio
2922 1238 3037 1293 est;
3070 1235 3197 1281 tunc
3227 1226 3435 1296 judicio
3461 1227 3612 1299 justo
3649 1231 3753 1284 Do.

2146 1315 2324 1371 minus
2352 1316 2513 1387 elegit
2532 1317 2859 1373 destinatum
2882 1329 3196 1391 martyrem,
3217 1334 3339 1374 cum
3369 1329 3420 1375 te
3439 1331 3752 1392 exemptum

2145 1410 2490 1482 dejustorum
2509 1427 2675 1484 grege
2702 1423 2865 1484 atque
2886 1424 3223 1484 assumptum
3245 1413 3347 1469 sibi
3378 1412 3447 1470 de
3473 1415 3752 1485 inopinato

2143 1504 2424 1559 constituit
2467 1504 2621 1560 altari
2652 1518 2752 1560 suo
2800 1505 3167 1562 sacerdotem.
3226 1504 3498 1561 Prseclara
3526 1520 3748 1576 prorsus

2143 1606 2199 1653 et
2224 1598 2459 1669 gloriosa
2476 1599 2777 1654 vocationis
2800 1599 3020 1667 electio,
3039 1607 3093 1653 et
3108 1599 3175 1653 de
3200 1598 3410 1654 Domini
3436 1597 3749 1669 dignatione

2142 1704 2280 1745 nova
2315 1704 2478 1761 atque
2504 1691 2744 1746 inaudita
2773 1703 2828 1747 et
2875 1692 3010 1747 mira
3042 1690 3305 1747 felicitas:
3370 1692 3747 1747 transmarinas

434 1786 761 1852 acccssi;et
805 1785 889 1841 his
934 1787 1024 1857 qui
1072 1786 1140 1840 ab
1180 1786 1454 1842 intellectu
1492 1785 1694 1842 Graeca:
1746 1783 2036 1839 docilitatis
2066 1787 2114 1848 B
2142 1782 2594 1853 peregrinationis
2634 1782 3048 1838 necessitatibus
3077 1790 3423 1867 occupatum,
3454 1780 3523 1836 ad
3573 1780 3743 1837 desti-

430 1878 760 1945 alienisunt,
793 1879 1139 1951 interpretata
1167 1878 1375 1951 integra
1404 1890 1457 1934 et
1487 1877 1881 1948 signiﬁcatiOne
1907 1890 2033 1932 ver-

434 1968 645 2038 borum,
681 1981 735 2026 et
762 1971 1065 2027 intellectus
1094 1972 1272 2026 omnis
1321 1985 1384 2025 ac
1429 1970 1673 2026 veritatis
1720 1967 2033 2024 manifesta-

434 2061 581 2117 tione
605 2061 893 2132 patefacta,
928 2062 1157 2119 Romani
1188 2062 1459 2119 sermonis
1506 2062 1716 2117 ratione
1762 2060 2026 2130 discussa,

427 2151 679 2209 disserui.
703 2152 871 2224 Cujus
899 2156 1097 2210 laboris
1130 2156 1504 2225 probationem
1534 2154 1650 2222 tibi,
1680 2153 2026 2222 charissime,

423 2249 517 2319 qui
544 2249 821 2320 utriusque
849 2250 1045 2320 lingua:
1099 2250 1457 2305 instructione
1506 2247 1760 2304 fundatus
1785 2263 1869 2315 es,
1922 2249 2026 2303 im-

422 2354 589 2410 pensa
621 2342 877 2412 petitione
892 2340 1202 2397 committo:
1230 2343 1393 2413 utqui
1418 2342 1590 2397 sancti
1616 2341 1847 2413 Spiritus
1862 2355 2030 2397 vene-

422 2433 635 2488 ratione
664 2433 1000 2489 verecundus
1026 2449 1106 2497 es,
1154 2434 1349 2490 collata
1379 2432 1661 2504 utriusque
1688 2432 1868 2502 operis
1912 2431 2025 2488 lec-

421 2525 591 2592 tione,
623 2526 901 2581 audaciam
936 2527 1254 2582 verecundzc
1303 2527 1626 2583 temeritatis
1652 2527 1946 2597 explores;
1972 2535 2028 2583 et

425 2619 679 2676 examine
703 2620 889 2691 judicii
920 2621 1017 2686 tui,
1045 2636 1167 2692 qua:
1186 2621 1364 2676 minus
1386 2637 1414 2675 a
1437 2620 1593 2677 nobis
1616 2621 1701 2675 vel
1730 2620 2026 2691 imprOprie

419 2710 564 2767 forte
584 2711 790 2783 digesta
820 2722 965 2776 sunt,
999 2715 1320 2770 auctoritate
1366 2713 1602 2786 Spiritus
1645 2716 1817 2770 sancti
1847 2715 1937 2783 qui
1970 2714 2024 2770 in

420 2812 613 2873 pectus
671 2813 820 2859 tuum
873 2805 1223 2861 inundatione
1264 2806 1454 2877 gratia:
1494 2806 1732 2862 caelestis
1789 2805 2022 2873 inﬂuxit,

424 2895 750 2964 comprobes
778 2905 831 2951 et
856 2897 1149 2964 emendes;
1181 2899 1359 2971 sitque
1380 2900 1445 2954 ad
1481 2909 1531 2955 te
1558 2899 1628 2956 de
1655 2900 1758 2957 ista
1789 2900 2025 2956 lectione

420 2986 490 3042 ab
519 2987 818 3045 humilitate
850 3000 1031 3046 nostra
1064 2992 1312 3047 mandata
1347 2992 1566 3064 legatio,
1594 3004 1648 3048 et
1701 2993 2023 3049 insinuanda

418 3081 515 3138 tibi
552 3084 602 3137 in
634 3099 729 3139 nos
761 3085 933 3155 prima
976 3084 1281 3141 dilectionis
1314 3087 1540 3156 petitio;
1591 3095 1649 3141 ut
1700 3086 2016 3156 parvitatem

2134 1882 2320 1928 natum
2350 1873 2441 1929 tibi
2471 1890 2686 1940 munus,
2715 1875 2962 1944 ignarum
2989 1890 3055 1930 ac
3093 1873 3338 1930 nescium
3386 1881 3613 1943 repente
3645 1889 3740 1929 ve-

2133 1965 2312 2021 nisse:
2341 1974 2504 2037 atque
2534 1967 2605 2022 ita
2638 1981 2919 2038 regressus
2948 1967 3025 2022 tui
3057 1975 3269 2038 tempus
3297 1965 3363 2021 ad
3396 1966 3500 2022 hoc
3521 1979 3647 2023 esse
3671 1965 3740 2020 li-

2134 2058 2345 2114 bratum
2369 2102 2385 2127 ,
2434 2071 2492 2116 ut
2543 2061 2806 2131 inspirata
2838 2062 3119 2117 celeritate
3163 2060 3434 2128 veniendi,
3470 2060 3740 2132 intellige-

2130 2167 2219 2209 res
2272 2162 2434 2224 atque
2482 2153 2831 2224 dignosceres
2881 2155 3141 2210 honorem
3170 2152 3458 2209 sacerdotii
3499 2152 3738 2208 caelestis

2131 2245 2274 2302 inter
2308 2255 2535 2303 czeteros
2566 2246 2663 2303 tibi
2717 2247 3056 2317 potissimum
3109 2246 3462 2312 destinatum,
3494 2255 3550 2301 et
3591 2245 3733 2316 quod

2124 2337 2373 2408 jussione
2402 2338 2617 2394 Domini
2631 2349 2977 2410 exspectatus
2988 2339 3204 2396 venires
3219 2347 3379 2410 atque
3392 2354 3729 2410 occurreres,

2128 2439 2496 2485 reservatum.
2522 2429 2594 2487 Ut
2621 2431 2764 2487 enim
2797 2431 3058 2487 Ecclesiae
3080 2445 3195 2486 sua:
3223 2431 3482 2487 Dominus
3500 2440 3608 2487 tota
3630 2433 3729 2487 mi-

2126 2523 2414 2577 serationis
2488 2523 2688 2594 pietate
2750 2524 3105 2589 consuleret,
3174 2523 3485 2579 dimicantis
3558 2525 3729 2596 plebis

2129 2628 2302 2681 mora,
2331 2629 2490 2684 quem
2516 2615 2695 2684 potius
2722 2615 2953 2687 eligeret
2995 2617 3337 2687 episcopum,
3369 2626 3420 2672 te
3465 2618 3728 2688 quaerenti

2128 2708 2327 2779 populo
2345 2722 2443 2762 suo
2483 2706 2733 2763 Christus
2763 2709 3102 2780 iuopinatmn
3148 2719 3373 2780 repente
3421 2709 3642 2777 obtulit,
3672 2719 3728 2766 et

2124 2799 2505 2867 complacitum
2532 2800 2636 2856 sibi
2674 2800 2913 2857 caelestis
2940 2802 3293 2872 providentia,
3329 2802 3611 2859 manifeste
3631 2802 3726 2859 ad—

2126 2901 2318 2948 ventus
2343 2894 2414 2948 ttti
2447 2894 2737 2964 improvisa
2760 2895 3076 2951 occursione
3106 2898 3456 2952 monstravit:
3480 2905 3535 2953 et
3560 2895 3728 2952 docu-

2124 2994 2365 3040 mentum
2412 2988 2675 3057 repentini
2724 3002 2787 3044 ae
2828 2990 3065 3062 pernicis
3108 3005 3365 3046 occursus
3391 3033 3406 3056 ,
3464 3006 3725 3062 procura-

2125 3077 2325 3133 tionem
2349 3078 2444 3134 Dei
2470 3080 2761 3136 voluntatis
2789 3061 3057 3146 osteridit;
3086 3091 3143 3137 ut
3167 3082 3310 3154 quod
3336 3061 3540 3140 difﬁcili
3570 3100 3726 3156 expe-

418 3175 547 3232 ﬁdei
575 3193 729 3242 mere,
786 3193 907 3234 cum
954 3178 1341 3250 discipulorum
1392 3189 1604 3234 tuorum
1661 3180 2020 3237 instructione
2048 3168 2093 3232 C
2124 3171 3401 3245 ditionepotuissetoccurrere,faciliceleritate
3420 3178 3721 3249 perfectum

417 3273 902 3341 atqueeruditione
930 3274 1260 3346 conjungas;
1285 3284 1340 3330 et
1370 3289 1629 3345 mequem
1659 3276 1711 3331 in
1742 3275 1847 3329 alia
1867 3283 2021 3346 parte

417 3359 578 3432 hujus
607 3364 899 3433 provincia:
926 3366 1280 3421 constitutum
1314 3376 1536 3436 propter
1556 3367 1815 3422 visendos
1843 3369 2019 3424 vultus

412 3466 537 3512 tuos
562 3474 669 3513 non
700 3459 908 3515 itineris
932 3460 1297 3532 longinquitas
1324 3461 1539 3524 terruit,
1575 3475 1675 3515 nec
1713 3462 1927 3517 senium
1956 3476 2020 3517 ac

416 3547 704 3604 difﬁcultas
738 3549 939 3621 fatigati
982 3568 1044 3606 ac
1092 3552 1216 3607 fessi
1241 3552 1351 3622 jam
1400 3553 1647 3623 corporis
1694 3553 2013 3621 retardavit,

415 3644 512 3699 sed
542 3646 815 3700 animante
857 3646 1115 3701 famulatu
1143 3648 1378 3711 Domini,
1423 3656 1476 3701 et
1508 3658 1734 3718 urgente
1763 3647 2017 3705 festinata

413 3735 712 3805 cupiditate
754 3737 1100 3807 properandi,
1156 3746 1462 3807 contempta
1493 3754 1708 3808 quoque
1735 3739 1883 3793 omni
1912 3740 2013 3794 tri-

409 3829 686 3887 bulatione
734 3831 929 3901 inopia:
957 3841 1118 3902 atque
1169 3833 1428 3902 penurirc,
1462 3842 1899 3905 quantacumque
1930 3835 2011 3889 vi-

410 3920 552 3975 rium
582 3920 833 3975 facultate
874 3922 1127 3977 veniendi
1150 3923 1519 3978 sanctimonia:
1542 3932 1649 3978 tua:
1666 3923 2015 3981 celebrishttc

404 4010 551 4067 fama
580 4014 848 4083 perduxit,
890 4015 954 4069 ad
990 4016 1286 4084 proximam
1317 4015 1622 4072 dilectionis
1651 4026 1756 4071 tum
1778 4018 2015 4073 charita-

414 4113 525 4164 tem
554 4123 674 4162 cum
692 4109 1043 4165 unanimitate
1066 4108 1417 4164 fraternitatis
1445 4109 1730 4175 admittas;
1765 4120 1819 4166 et
1841 4113 2011 4167 amori

410 4206 506 4257 tuo
525 4217 685 4272 quem
715 4201 995 4271 discipulis
1041 4202 1153 4257 suis
1186 4203 1446 4257 Dominus
1497 4202 1825 4257 liceretlitatis
1850 4203 2007 4257 titulo

407 4292 650 4363 reliquit,
678 4293 970 4363 conjnngas
1004 4294 1202 4362 pariter
1227 4303 1282 4349 et
1311 4294 1620 4358 adsciscas;
1650 4304 1706 4348 ut
1727 4306 2009 4365 expectem

407 4387 612 4456 pariter
638 4402 757 4440 cum
779 4385 1032 4441 fratribus
1051 4387 1101 4439 in
1133 4387 1415 4455 apertione
1433 4386 1542 4439 oris
1569 4386 1641 4439 tui
1666 4386 2009 4453 splendorem

400 4476 589 4548 gratia:
607 4476 823 4530 luminis
839 4474 1057 4532 Christi.
1089 4476 1166 4532 Tu
1194 4479 1340 4532 enim
1356 4476 1597 4546 sequeris
1624 4476 1674 4530 in
1699 4479 2010 4535 tractatibus

2123 3265 2449 3336 siturgentis
2466 3266 2677 3321 Domini
2698 3269 2976 3337 jussione;
3007 3277 3064 3323 et
3093 3279 3148 3323 ut
3166 3269 3315 3340 prius
3334 3280 3383 3325 te
3407 3271 3457 3324 in
3479 3270 3721 3327 Ecclesia

2123 3358 2217 3415 Dei
2249 3360 2562 3430 episcopum
2594 3370 2737 3415 stare
2765 3363 3113 3432 conspiceres
3157 3371 3212 3416 et
3254 3370 3526 3434 stuperes,
3557 3377 3717 3434 quam

2119 3451 2333 3507 venisse
2369 3452 2783 3522 dignoscereris.

2193 3546 2419 3623 X.blnde
2435 3547 2779 3603 dilectionem
2806 3546 2917 3618 jam
2944 3554 3120 3603 tecum
3146 3562 3300 3603 suam
3332 3548 3719 3605 Dominusini-

2124 3640 2250 3698 tiata
2273 3641 2539 3698 charitate
2564 3641 2829 3706 ﬁrmavit;
2853 3642 2980 3703 inde
3007 3643 3300 3699 amicitiam
3327 3653 3525 3709 tecum,
3558 3661 3715 3716 quam

2117 3731 2398 3804 discipulis
2447 3735 2559 3790 suis
2593 3735 2694 3791 sub
2723 3735 2999 3807 triumpho
3024 3737 3202 3791 crucis
3234 3753 3346 3791 sua:
3377 3737 3597 3793 tradidit
3618 3737 3716 3794 de-

2118 3824 2440 3895 dicavitque,
2500 3826 2685 3882 dicens
2727 3826 2904 3898 (Joan.
2948 3844 3038 3894 xv,
3075 3829 3165 3899 14)
3202 3846 3214 3881 :
3249 3829 3311 3883 Si
3351 3831 3575 3899 feceritis
3603 3848 3717 3903 qua:

2116 3918 2306 3972 mando
2333 3917 2491 3982 vobis,
2506 3918 2622 3988 jam
2647 3935 2748 3973 non
2765 3919 2881 3972 dico
2894 3934 2981 3972 vos
3003 3935 3193 3984 servos,
3220 3921 3310 3975 sed
3332 3923 3561 3988 amicos;
3589 3923 3713 3979 inde

2117 4012 2471 4085 martyrium,
2534 4011 2659 4067 inde
2720 4011 3008 4067 sacerdotii
3070 4013 3392 4069 electionem
3459 4016 3712 4087 signavit.

2117 4103 2303 4174 Magna
2331 4102 2563 4158 amicitia
2592 4112 2696 4169 est,
2728 4118 2825 4172 per
2876 4119 3035 4173 quam
3062 4104 3128 4159 ad
3165 4103 3362 4161 Christi
3406 4108 3590 4163 vultus
3614 4107 3712 4163 ad-

2116 4196 2370 4262 mitteris,
2404 4196 2830 4252 extraordinaria
2865 4197 3039 4253 hostia
3070 4201 3379 4270 pervenire.
3407 4201 3494 4256 Sic
3510 4202 3715 4271 eligun—

2117 4299 2205 4346 tur
2240 4291 2391 4361 justi,
2462 4291 2543 4345 sic
2589 4290 2885 4361 probantur
2933 4292 3166 4364 religiosi
3216 4309 3279 4348 ac
3330 4293 3601 4364 simplices
3659 4298 3713 4351 in

2114 4382 2315 4439 Christi
2345 4382 2538 4437 timore
2558 4382 2715 4437 electi
2737 4400 2752 4448 ;
2771 4395 2822 4437 ut
2852 4391 2977 4439 ante
2998 4386 3420 4440 remunerationi
3449 4386 3568 4441 ﬁdei
3598 4387 3715 4443 des-

2116 4475 2330 4543 tineris,
2359 4482 2485 4530 ante
2516 4475 2740 4545 praemio
2765 4474 2980 4531 devota:
2999 4478 3259 4542 tncnti,in
3279 4479 3505 4534 Domino
3518 4479 3712 4550 dignus

401 4572 511 4625 tuis
528 4570 706 4625 lumen
730 4572 873 4637 vitae,
892 4571 1032 4642 quod
1055 4572 1583 4643 DominusIostcndit.
1604 4574 1744 4642 quod
1760 4573 2008 4632 Christus
2035 4555 2089 4617 Ῑ)
2117 4568 2386 4635 habeatis.
2417 4583 2578 4639 quam
2620 4568 2822 4622 νεηετίι
2860 4566 2990 4621 Imm
3012 4568 3235 4635 decreti:
3256 4585 3413 4640 (ιιιιηιι
3432 4572 3712 4642 “ceperis

402 4663 702 4720 adveniens
753 4674 1008 4720 aeternam
1060 4681 1119 4722 se
1145 4678 1265 4721 esse
1293 4664 1454 4721 vitam
1488 4668 1824 4723 monstravit.

2116 4661 2436 4719 sententiam
2466 4661 2686 4729 Christi,
2719 4660 2999 4731 probatam
3029 4670 3080 4717 te
3103 4672 3158 4719 et
3188 4672 3429 4733 paratam
3478 4663 3710 4720 ltosuam

1792 4757 2234 4817 ANNOTATION
2242 4756 2343 4813 ES.

476 4874 625 4929 Brevi
652 4871 1016 4929 admonitione.
1039 4871 1129 4929 Sic
1141 4872 1377 4944 Remig;
1409 4872 1559 4939 editi,
1588 4872 1802 4929 Hebrtea
1821 4875 2002 4930 adinv-

401 4947 612 5002 nitione.
1444 4993 1450 4997 .

475 5017 629 5071 Fidei
663 5017 901 5079 iuvantis.
922 5016 1011 5071 Sic
1039 5016 1244 5081 liemig.
1274 5023 1329 5069 et
1355 5015 1510 5079 alius;
1527 5015 1926 5081 editi,vivenlis.

478 5088 773 5143 Famnlutn.
789 5087 880 5141 Sic
909 5085 1140 5155 Remig.;
1166 5085 1318 5152 editi,
1342 5086 1628 5141 stimulata.

481 5161 881 5231 Adjproximam.
903 5158 993 5231 Sic
1016 5156 1188 5222 idem;
1215 5156 1366 5225 editi,
1399 5158 1467 5211 ad
1483 5158 1804 5230 permixtam.
1837 5158 1999 5231 Paulo

403 5243 527 5301 post
546 5228 614 5301 ex
654 5228 843 5283 eodem
868 5228 1096 5298 legimus
1124 5239 1177 5282 ut
1199 5228 1498 5301 exspectem,
1535 5245 1631 5298 pro
1661 5244 1728 5284 eo
1755 5228 1896 5299 quod
1915 5238 2000 5286 est

403 5300 459 5357 in
490 5300 649 5355 editis
677 5308 940 5369 expertum
966 5315 980 5361 ;
1010 5311 1062 5353 et
1087 5309 1140 5353 tu
1163 5300 1294 5354 enim
1323 5302 1543 5370 sequeris
1575 5317 1671 5371 pro
1696 5317 1918 5371 sequar;
1947 5310 2001 5357 et

401 5374 557 5427 vitam
584 5387 638 5423 se
666 5387 771 5423 esse
801 5385 897 5438 pro
927 5371 1079 5423 vitam
1102 5387 1227 5425 esse.

470 5441 820 5514 Misericordia
843 5439 1052 5514 Domini
1078 5458 1138 5496 ac
1160 5446 1353 5513 favore.
1373 5440 1463 5498 Sic
1481 5442 1714 5514 Remig.;
1730 5442 1880 5511 editi,
1904 5444 2001 5497 mi-

394 5513 685 5583 sericordiw
705 5509 911 5565 Domini
927 5516 1119 5583 favore.

467 5581 725 5653 Conjunqi
774 5581 991 5647 merear,
1014 5594 1089 5637 ut.
1115 5582 1243 5638 Haac
1267 5584 1446 5640 addita
1470 5599 1536 5639 ex
1564 5584 1758 5640 eodem
1782 5584 1991 5641 codice.

471 5655 640 5709 Fidei.
666 5653 803 5710 Editi
834 5654 1039 5709 addunt
1068 5665 1287 5718 nostra;
1317 5655 1532 5723 quidam
1579 5656 1796 5711 codices
1827 5673 1981 5722 mss.,

391 5735 601 5801 vestrae;
624 5736 880 5801 neutrum
910 5728 970 5801 iu_
997 5725 1205 5801 Remig.
1237 5726 1405 5785 Paulo
1447 5738 1589 5800 post,
1618 5728 1681 5785 de
1718 5729 1987 5801 inopinato

387 5796 445 5857 in
474 5801 686 5873 Remig.
706 5809 762 5858 et
789 5797 913 5858 aliis
938 5796 1174 5859 duobus.

2185 4872 2350 4927 Altari
2370 4886 2480 4925 suo.
2501 4870 2592 4943 Sic
2617 4871 2855 4943 Remig.;
2884 4872 3040 4927 deest
3063 4888 3155 4926 suo
3182 4872 3232 4927 in
3256 4873 3435 4930 editis.

2183 4942 2466 5017 inspirata.
2498 4942 2821 5017 Sic_l_’temig.
2848 4953 2915 5017 et;
2936 4944 3197 5017 Sor-bon;
3226 4945 3379 5012 editi,
3425 4948 3702 5017 insperata.

2181 5015 2533 5090 Reservatum.
2705 5019 2861 5069 enim.
2889 5015 2980 5070 Sic
3013 5014 3222 5085 Retnig.
3251 5026 3307 5072 et
3336 5018 3424 5072 alii
3455 5014 3601 5090 tres;
3628 5038 3708 5078 re-

2105 5097 2335 5143 servatus
2356 5096 2409 5140 nt
2441 5085 2493 5140 in
2524 5085 2704 5140 editis.

2175 5157 2483 5213 Dimicantis
2514 5156 2694 5228 plebis.
2731 5155 2964 5226 Remig.;
2989 5156 3331 5213 dimicationis
3359 5160 3514 5216 editi.

2176 5228 2426 5303 Bernicia
2471 5228 2682 5303 ﬂemig.
2714 5243 2835 5303 cum
2859 5238 3089 5303 quatuor
3113 5228 3268 5303 aliis;
3295 5234 3529 5303 perennis
3553 5235 3704 5293 editi.

2180 5299 2439 5375 qrgentis.
2471 5299 2547 5375 Ita
2577 5299 2785 5375 llemig.
2811 5313 2933 5375 cum
2959 5299 3532 5375 tribttsaliisaurgenle
3549 5307 3698 5363 editi.

2181 5314 2439 5371 Urgenm.
2471 5314 2547 5354 tta
2577 5314 2785 5425 ttemtlg.
2811 5314 2933 5353 cum
2959 5314 3279 5365 trtnttsaltts;
3323 5315 3507 5375 urgent

2181 5369 2700 5444 Dignoseererisxsic
2770 5372 2961 5444 etnig.;
2994 5369 3507 5444 cdilitdignosceris.

2142 5440 2287 5569 hs”:
2305 5440 2678 5565 triuilnplto.Sic
2691 5441 2908 5497 codices
2926 5456 3056 5497 mss.
3080 5453 3134 5498 et
3154 5440 3367 5514 M6rel.;
3388 5464 3502 5502 cum
3519 5448 3701 5503 trium-

2180 5531 2209 5568 ο
2288 5528 2407 5568 ame
2436 5551 2450 5566 .

2104 5528 2209 5583 pno
2245 5528 2450 5569 ratnet.

2177 5584 2566 5661 Magna._llanc
2608 5598 2793 5661 vocem
2812 5583 3062 5661 addimus
3078 5603 3144 5644 ex
3172 5586 3292 5644 cod.
3318 5588 3523 5661 Remig.
3550 5590 3697 5649 Idem

2100 5669 2222 5731 cum
2254 5655 2553 5731 aliobabet
2581 5656 2869 5731 pervenire;
2893 5659 3044 5727 editi,
3077 5662 3323 5731 pervenis.

2168 5726 2449 5800 lnCltristi
2508 5729 2707 5786 timore.
2755 5727 2845 5788 Sic
2884 5726 3102 5789 codices
3145 5745 3301 5800 mss;
3334 5733 3387 5789 in
3431 5730 3694 5793 Christum

2089 5798 2242 5859 editi.
