4172 6202
331 293 408 348 57
1530 299 1907 361 PREFATIO
1944 304 2011 363 IN
2012 306 2511 381 ﬁLACTANTIUM.
3578 326 3650 384 58

330 409 533 511 electio
559 409 1066 511 etnlestisinveniat.
1093 413 1305 471 Etenim
1332 414 1424 471 ille
1449 424 1521 479 te.
1539 418 1629 487 qui
1654 433 1759 472 non
1784 433 1933 475 men-
1961 423 2016 487 Α
2040 424 2210 481 instar
2236 443 2358 485 esse
2380 432 2618 500 confido,
2678 444 3021 506 peeeatorem
3057 439 3188 510 justi
3235 439 3494 511 petitione
3534 456 3654 501 me-

327 501 439 557 dax
467 510 553 558 est
578 501 741 567 Deus,
772 504 865 574 qui
885 506 1199 579 episcopum
1225 508 1367 578 plebi
1397 523 1509 564 suae
1539 508 1608 565 de
1638 508 1933 581 improviso

327 598 635 663 constituit,
655 598 747 654 ille
774 599 931 669 plena
958 601 1245 660 dilectione
1266 619 1377 659 suae
1398 604 1689 661 voluntatis
1706 615 1757 661 te
1775 622 1931 664 coro-

327 691 508 748 nabit.
534 693 686 749 Tunc
715 704 922 750 tantum
953 706 1007 751 ut
1035 700 1204 753 nostri
1234 698 1551 755 memineris
1598 701 1848 769 petimus,
1879 711 1933 758 et

326 797 574 852 oramus,
604 800 725 840 eum
761 786 954 856 pudice
970 789 1273 844 allectionis
1297 790 1508 845 Domini
1528 792 1749 861 probata
1772 803 1932 865 atque

328 878 677 934 immaculata
710 878 909 946 hostia,
951 890 1076 938 ante
1104 881 1304 938 Christi
1354 884 1587 940 tribunal
1633 884 1925 952 adstiteris,

325 985 457 1027 cum
483 972 652 1040 gloria
678 974 864 1045 gratia:
905 975 1019 1043 Dei,
1054 977 1335 1046 praemium
1376 976 1588 1033 devota:
1632 979 1831 1034 mentis
1868 993 1933 1034 ac

325 1065 824 1121 remunerationem
864 1068 1167 1139 acceperis;
1199 1070 1474 1125 memoriae
1505 1069 1729 1139 haereat,
1776 1079 1830 1127 et
1856 1078 1934 1127 te-

326 1158 541 1213 naciter
562 1159 614 1211 in
628 1159 882 1214 sensibus
907 1161 1011 1215 tuis
1029 1171 1262 1225 maneat,
1287 1176 1445 1231 quam
1462 1162 1620 1217 nobis
1650 1163 1932 1235 impertire

324 1248 589 1319 dignaris,
612 1249 833 1306 dilectio
870 1251 1179 1319 charitatis;
1228 1263 1286 1307 ιιι
1311 1254 1645 1310 orationibus
1676 1256 1781 1312 tuis
1811 1271 1933 1326 pec-

324 1348 455 1394 cata
487 1350 666 1396 nostra
695 1342 908 1397 veniam
932 1354 1354 1416 consequantur,
1394 1356 1449 1400 ut
1473 1348 1683 1403 meritis
1702 1348 1932 1419 justitize

326 1441 462 1500 tute,
490 1434 605 1488 ritas
632 1443 834 1491 nostrae
859 1435 1052 1493 delicta
1078 1447 1394 1510 purgentur.
1428 1438 1643 1495 Etenim
1687 1441 1930 1513 martyrii

2044 519 2221 575 ruisse
2252 521 2477 579 salvari:
2502 535 2557 580 ut
2588 536 2661 592 et,
2691 543 2812 584 cum
2844 531 2960 600 ipse
2987 534 3285 601 promereri
3315 535 3442 605 quid
3470 535 3652 606 preci-

2043 607 2262 668 bustuis
2291 615 2470 671 minus
2498 620 2692 688 possis,
2736 624 2989 695 martyris
3012 626 3220 681 meritis
3251 626 3521 685 libereris.
3558 628 3653 687 Sic

2040 701 2144 757 Job
2171 705 2350 773 justus
2379 724 2473 777 pro
2504 711 2797 767 amicorum
2828 716 2990 771 trium
3022 720 3257 787 peccatis
3279 736 3307 773 a
3335 720 3444 776 Deo
3489 737 3652 793 roga-

2043 802 2194 852 turus
2214 807 2270 854 et
2298 799 2682 869 impetraturus
2700 807 3024 875 ostenditur,
3057 818 3111 863 et
3142 811 3388 880 probatio
3440 812 3651 871 timoris

2040 891 2158 963 ejus
2177 901 2232 949 et
2262 894 2381 949 fidei
2414 895 2773 955 Dominivoce
2798 909 2935 957 teste
2951 903 3213 973 signatur.
3242 904 3376 961 Cum
3415 921 3545 978 ergo
3591 908 3648 962 in

2040 982 2128 1039 die
2177 984 2514 1043 liberationis
2560 998 2684 1056 ture,
2749 991 3092 1065 eharissime,
3141 1008 3535 1067 repraesentare
3598 1008 3652 1056 te

2040 1074 2239 1132 Christi
2265 1079 2498 1135 vultibus
2523 1084 2790 1152 coeperis;
2833 1100 2955 1140 cum
2986 1086 3037 1140 in
3064 1089 3425 1145 aeternitatem
3457 1103 3647 1160 perpe-

2039 1168 2396 1241 tuitatemque
2428 1172 2643 1229 videndi
2693 1191 2918 1247 regnare
2939 1194 3060 1233 cum
3088 1178 3308 1235 Christo
3345 1179 3487 1237 felici
3503 1189 3652 1239 sorte

2040 1263 2401 1318 successeris:
2435 1279 2531 1335 pro
2554 1266 2769 1321 Domini
2808 1268 3179 1326 misericordia
3208 1271 3262 1326 in
3311 1279 3493 1329 mente
3534 1272 3649 1345 jam

2041 1354 2181 1414 habe
2214 1371 2440 1427 puerum
2468 1368 2617 1414 tuum
2639 1359 2881 1430 Celsum,
2918 1362 3283 1421 sanctissime.

1700 1555 2255 1615 ANNOTATIONES.

400 1669 620 1724 Pudice.
643 1670 731 1742 Sic
751 1670 986 1741 Remig.;
1007 1686 1113 1727 non
1136 1672 1274 1729 male
1292 1674 1345 1728 in
1366 1673 1494 1740 alio,
1515 1673 1748 1742 pudicae;
1770 1673 1923 1740 editi,

319 1741 601 1816 pudicitia.
629 1740 959 1816 Auctoritate
983 1742 1225 1813 ejusdem
1244 1746 1367 1800 cod.
1387 1740 1597 1816 Remig.
1621 1755 1676 1801 et
1697 1745 1926 1801 aliorum

319 1812 711 1888 nonnullorum
743 1813 974 1883 legimus
1000 1812 1244 1888 tenaciter
1270 1831 1366 1886 pro
1407 1812 1576 1872 teneas
1611 1826 1687 1882 ut,
1720 1827 1776 1872 et
1800 1833 1926 1888 pro-

315 1885 510 1939 mereri
536 1899 634 1955 pro
666 1901 978 1954 promouere,
1009 1894 1063 1942 et
1089 1887 1195 1945 alia
1224 1885 1482 1944 nunnulla
1504 1885 1872 1946 emendamus.

1588 2028 1798 2036 ...ο-

340 2024 401 2067 ﬁ
424 2025 453 2031 ο
474 2028 479 2029 γ
496 2025 734 2034 κ-ιᾴ-φ-ο-
752 2027 1487 2063 4Εσ⁶ᾙῄυψ

414 2065 1487 2077 Μ

2107 1673 2248 1764 {usti
2266 1675 2532 1764 petitione.
2576 1676 2665 1759 Sic
2720 1678 2930 1764 Retnig.
2977 1678 3111 1764 justi
3156 1680 3400 1764 martyris
3427 1676 3557 1735 edit.
3592 1684 3651 1735 et

2034 1746 2199 1823 paulo
2222 1756 2360 1815 pust,
2379 1748 2635 1823 martyris
2663 1746 3122 1823 precibus'in'eod.
3157 1746 3364 1823 Remig.

2110 1816 2333 1873 Celsum.
2368 1816 2631 1875 Cmcilium
2660 1816 2783 1877 eod.
2810 1820 3021 1893 Remig.

2463 2026 3199 2037 m-.._-.—_—o_.——..—»

2463 2024 3611 2077 νο--ψ--ι--ᾑ-ἒ

1487 2182 2463 2319 PPtZEFATIO

979 2426 1465 2515 NICOLAI
1525 2426 2071 2511 LENGLET
2130 2427 2376 2511 DUF
2381 2426 2676 2514 RESN
2690 2425 2845 2509 ΟΥ
2880 2418 2967 2503 (1)

1203 2647 1408 2760 IN
1484 2642 2766 2765 LACTANTIUM.

1822 2876 2142 2935 εθωῴ

304 3042 309 3047 ε
383 3017 427 3074 l.
471 3016 795 3075 Jamdudum
828 3026 1114 3091 expectant
1149 3018 1343 3076 eruditi
1376 3018 1803 3075 emendatiorem
1850 3027 1932 3075 at—
1960 3038 2009 3100 B
2108 3018 2199 3075 lll.
2234 3018 2455 3086 Verum,
2480 3032 2540 3074 re
2568 3017 2789 3087 infecta,
2813 3033 2958 3075 anno
2979 3020 3140 3086 l75l,
3167 3021 3299 3078 abiit
3324 3022 3390 3079 ad
3417 3036 3647 3095 superos

302 3126 420 3183 que
474 3110 893 3181 perfectiorem,
945 3129 1105 3182 quam
1154 3113 1403 3179 antehac,
1458 3111 1928 3168 Lactantianorum

301 3221 541 3277 operum
574 3206 885 3262 editionem.
923 3206 1072 3262 Hauc
1104 3206 1299 3276 publici
1325 3206 1463 3276 juris
1492 3205 1736 3271 facimus,
1769 3216 1929 3276 atque

304 3298 360 3354 id
412 3300 744 3366 curavimus,
793 3307 852 3355 ιιι
896 3308 1073 3354 textus
1120 3299 1192 3354 sit
1236 3299 1740 3363 emendatissimus;
1786 3308 1929 3354 nota:

253 3418 273 3441 ι
302 3408 442 3449 vero
488 3409 594 3450 non
635 3394 703 3449 ad
743 3394 1183 3459 ostentationem,
1214 3392 1310 3449 sed
1347 3392 1415 3448 ad
1457 3393 1742 3449 utilitatem
1787 3390 1928 3449 refe-

299 3498 524 3545 rantur.
557 3486 635 3543 Ne
675 3496 831 3559 putes
862 3499 1039 3543 tamen
1065 3530 1078 3552 ,
1110 3487 1278 3543 lector
1306 3486 1517 3542 erudite
1541 3528 1556 3553 ,
1603 3487 1718 3541 lucc
1747 3486 1925 3541 omnia

298 3580 408 3635 soli
442 3595 577 3636 mea:
598 3595 745 3636 curae
772 3578 977 3636 deberi.
1007 3579 1063 3634 In
1094 3587 1327 3636 mentem
1354 3578 1602 3649 equidem
1628 3577 1760 3632 mihi
1786 3592 1927 3633 anno

301 3672 456 3729 i707
487 3680 707 3728 venerat
735 3671 873 3727 hanc
894 3686 1112 3743 operam
1145 3671 1197 3725 in
1228 3686 1314 3726 me
1342 3672 1640 3738 suscipere,
1670 3677 1729 3723 ut
1756 3668 1924 3722 otium

301 3765 455 3837 quod
501 3776 617 3820 erat
666 3765 799 3820 mihi
840 3781 870 3820 a
916 3766 1074 3820 seriis
1123 3764 1372 3835 negotiis,
1405 3761 1599 3833 quibus
1647 3761 1927 3815 detinebar

297 3857 499 3912 insulis
528 3856 885 3912 Flandrorum
925 3856 979 3912 in
1006 3855 1125 3911 aula
1154 3851 1789 3913 Bavarico-Coloniensi,
1824 3851 1925 3908 ltoc

293 3948 487 4006 studio
540 3964 895 4015 exercerem;
944 3964 1134 4004 omnes
1187 3949 1297 4003 fere
1345 3946 1609 4003 Lactantii
1658 3945 1924 4001 editiones

294 4056 693 4112 congesseram
714 4083 728 4107 ,
769 4049 932 4112 atque
965 4040 1362 4109 manuscriptos
1391 4038 1689 4111 quosdam,
1727 4047 1835 4092 tum
1870 4036 1922 4091 in

293 4133 499 4204 Belgio
522 4175 539 4199 ,
571 4142 680 4187 tum
712 4142 868 4188 antea
919 4134 1138 4188 Parisiis
1167 4135 1504 4189 contuleram
1532 4152 1545 4197 ;
1591 4145 1745 4187 notas
1794 4133 1923 4187 item

292 4226 575 4297 plurimas
596 4224 813 4280 assiduo
845 4226 1030 4281 labore
1051 4225 1326 4281 confectas
1352 4234 1407 4280 et
1436 4224 1671 4295 undique
1698 4223 1921 4293 conqui-

287 4320 441 4375 sitas
472 4318 526 4372 in
561 4334 724 4372 unum
759 4333 1229 4373 coacervaveram.

2034 3114 2116 3169 vir
2147 3113 2426 3178 eruditus,
2458 3121 2621 3183 atque
2668 3112 2988 3185 quibusdam
3033 3114 3103 3170 ab
3149 3114 3275 3173 hinc
3321 3118 3476 3172 annis
3529 3118 3647 3188 ejus

2035 3207 2168 3261 mihi
2189 3207 2476 3263 commissa
2500 3218 2625 3262 sunt
2661 3208 2880 3275 scrinia,
2907 3219 2962 3264 et
2989 3209 3209 3265 creditae
3240 3213 3643 3271 annotationes.

2034 3300 2141 3358 Sed
2189 3310 2418 3371 quantus
2462 3315 2550 3357 me
2593 3309 2782 3373 stupor
2825 3302 3107 3359 incesserit
3135 3305 3226 3359 vix
3258 3320 3514 3362 enarrare
3563 3306 3645 3363 {as

2031 3403 2135 3459 est,
2169 3409 2292 3448 cum
2337 3392 2584 3460 viderim,
2617 3395 2879 3449 editorem
2912 3409 3044 3449 sane
3076 3396 3369 3465 eruditum,
3398 3398 3645 3469 improbo

2029 3485 2219 3542 decem
2251 3502 2515 3541 annorum
2551 3487 2738 3542 labore
2783 3487 2835 3541 in
2883 3502 2951 3542 eo
2980 3495 3185 3543 tantum
3232 3489 3555 3555 desudasse,
3590 3499 3650 3546 ut

2032 3579 2266 3650 undique
2294 3589 2659 3647 eoacervaret,
2692 3580 2801 3635 imo
2830 3590 2885 3637 et
2912 3582 3230 3639 corraderet
3259 3585 3436 3638 varias
3459 3583 3648 3639 lectio-

2029 3686 2126 3726 nes
2186 3670 2676 3740 manuscriptorum
2734 3672 2980 3728 codicum
3044 3682 3100 3729 et
3165 3674 3640 3731 Lactantianarum

2028 3763 2358 3831 editionum;
2399 3763 2615 3819 omissis
2657 3765 2873 3820 interim
2924 3765 2992 3820 iis
3021 3766 3527 3835 observationibus,
3557 3769 3643 3823 vel

2030 3859 2324 3922 historicis.
2360 3859 2443 3915 vel
2469 3860 2696 3927 criticis,
2727 3876 2847 3931 qua:
2875 3860 2942 3915 ad
2984 3862 3224 3918 auctoris
3264 3872 3500 3918 mentem
3529 3872 3643 3919 tum

2027 3954 2418 4025 assequendam
2445 3996 2461 4021 ,
2504 3964 2617 4009 tum
2648 3956 3044 4023 explanandam
3075 3964 3259 4011 essent
3285 3958 3637 4013 necessariae.

2027 4051 2139 4107 Hac
2171 4052 2297 4106 inita
2331 4052 2562 4119 ratione,
2595 4067 2883 4107 numerum
2933 4054 3308 4110 tantummodo
3336 4055 3637 4111 editionum

2026 4146 2265 4200 auxisset
2293 4144 2532 4199 Joannes
2565 4145 2613 4199 le
2643 4144 2787 4199 Brun
2815 4160 2830 4210 ;
2861 4143 2957 4200 sed
2986 4145 3352 4214 antiquiorum
3396 4163 3501 4203 non
3530 4163 3636 4203 ex-

2026 4239 2274 4293 tinxisset
2302 4237 2651 4298 desiderium,
2687 4238 2797 4292 imo
2826 4238 3004 4306 potius
3034 4238 3383 4295 incendisset.

2098 4331 2186 4386 IV.
2218 4329 2322 4387 Sed
2353 4331 2418 4383 ad
2464 4329 2801 4385 Lactantium
2835 4330 3009 4400 ipsum
3056 4338 3238 4385 nostra
3286 4343 3637 4389 convertatur

368 4409 563 4466 ll.Sed
594 4426 702 4481 quo
731 4421 973 4481 tempore
1016 4411 1130 4465 bmc
1159 4410 1341 4464 animo
1373 4407 1673 4470 versabam.
1708 4415 1762 4462 et
1807 4421 1919 4461 ma-

2027 4421 2218 4477 oratio.
2247 4420 2466 4476 Certum
2496 4430 2581 4477 est
2609 4434 2858 4477 anetores
2900 4421 3042 4476 inter
3081 4421 3301 4478 Latinos
3341 4422 3391 4476 id
3434 4423 3509 4479 illi
3538 4439 3633 4495 pe-

286 4520 434 4562 num
474 4504 861 4569 admovebant,
900 4516 956 4560 ιιι
999 4504 1065 4559 ad
1108 4503 1268 4560 linem
1316 4503 1495 4572 operis
1544 4515 1912 4571 properarem,

289 4599 622 4655 nunciatum
674 4598 806 4653 mihi
850 4597 984 4664 fuit,
1027 4598 1286 4654 Joannem
1332 4597 1628 4667 Baptistam
1684 4596 1733 4650 le
1773 4595 1916 4649 Brun

284 4690 827 4761 Bothomagensein,
858 4691 1083 4748 Aurelia:
1108 4692 1174 4745 ad
1202 4691 1429 4761 Ligerim
1462 4701 1587 4745 tunc
1608 4689 1913 4760 degentem,

296 4800 478 4843 omne
497 4785 758 4847 studium.
778 4786 1017 4842 laborem
1040 4800 1253 4840 omnem
1278 4784 1556 4840 Lactantio
1578 4783 1916 4840 emendando

300 4881 637 4947 intendere;
681 4889 810 4936 tunc
836 4888 1142 4951 susceptum
1172 4894 1306 4950 opus
1344 4879 1598 4951 deposui,
1631 4889 1792 4949 atque
1822 4896 1917 4950 per

294 4974 665 5043 interpositos
688 4975 894 5030 amicos
925 4975 1045 5029 misi
1072 4973 1263 5028 Joanni
1295 4973 1344 5028 le
1385 4974 1524 5027 Brun
1556 4974 1786 5029 selectas
1821 4973 1915 5028 de-

291 5083 432 5126 cem
461 5067 719 5126 editiones
760 5080 814 5124 et
844 5069 1075 5139 amplius
1102 5084 1169 5124 ex
1201 5069 1493 5125 rarioribus
1535 5068 1908 5139 quadraginta,

295 5176 447 5232 quas
473 5177 677 5218 summa
708 5178 835 5219 cura
862 5162 1207 5233 collegeram.
1242 5162 1412 5232 Hujus
1440 5164 1682 5218 doctrina
1712 5172 1765 5218 et
1790 5162 1911 5217 dili—

291 5255 494 5327 gentia
539 5255 665 5311 mihi
711 5273 778 5311 ex
806 5255 967 5310 editis
1003 5255 1061 5312 S.
1097 5255 1303 5311 Paulini
1349 5256 1634 5326 operibus,
1683 5255 1911 5325 aliisque

288 5366 413 5409 non
444 5349 670 5406 indoctis
697 5351 1163 5407 lucubrationibus
1189 5359 1331 5407 notae
1358 5366 1422 5407 ac
1462 5351 1703 5423 probatae
1731 5359 1905 5405 erant.

375 5533 462 5606 (l)
486 5533 649 5600 Cujus
662 5531 989 5606 editionem.
1012 5539 1070 5588 ut
1097 5542 1222 5603 pote
1249 5534 1488 5606 omnium
1508 5531 1772 5606 hactenus
1804 5548 1902 5601 pu-

283 5604 449 5663 blici
475 5606 615 5671 juris
654 5604 917 5661 factarum
958 5607 1076 5662 loco
1118 5605 1452 5669 habendam,
1489 5605 1554 5658 ad
1597 5605 1905 5659 innumero-

284 5692 528 5747 rttmque
552 5685 659 5729 tam
684 5675 946 5731 editorum
966 5693 1121 5745 quam
1151 5677 1637 5745 manuscriptorum
1657 5677 1901 5732 codicum

281 5748 462 5806 ﬁdem
490 5747 856 5813 emendatam,
886 5749 1140 5804 nonnulis
1169 5759 1350 5806 tamen
1379 5751 1463 5807 vel
1489 5749 1543 5806 in
1572 5749 1765 5807 melius
1787 5764 1902 5805 tuu-

285 5821 426 5879 tatis
453 5819 545 5878 vel
566 5818 783 5887 additis,
814 5818 1139 5882 recudimust

2023 4516 2225 4570 culiare
2253 4532 2394 4581 esse,
2428 4526 2484 4569 ιιι
2523 4514 2921 4586 quodammodo
2962 4516 3034 4570 sit
3078 4516 3147 4571 ad
3193 4516 3404 4573 diversa
3452 4519 3635 4576 munia

2026 4621 2264 4680 paratus.
2292 4610 2347 4665 Si
2394 4610 2596 4665 etenim
2629 4609 2681 4663 in
2712 4608 3071 4679 scriptoribus
3112 4610 3501 4667 ecclesiasticis
3543 4627 3634 4668 se-

2018 4703 2277 4770 cundum,
2299 4714 2391 4759 aut
2415 4706 2630 4761 tertium
2655 4704 2995 4761 solummodo
3024 4705 3203 4760 locum
3232 4705 3414 4771 habet,
3442 4706 3634 4775 procul

2018 4798 2182 4855 dubio
2212 4799 2294 4854 vir
2324 4797 2425 4855 fuit
2458 4798 2744 4870 primarius
2792 4798 2843 4853 in
2889 4812 2948 4853 re
2983 4798 3263 4861 litterario,
3294 4806 3518 4868 propter
3542 4813 3634 4852 va-

2018 4891 2153 4945 riam
2210 4891 2328 4962 ejus
2380 4890 2780 4959 eruditionem,
2834 4890 3050 4962 dignam
3107 4889 3326 4945 homine
3369 4890 3629 4945 litterato.

2018 4981 2185 5037 Tanta
2212 4985 2411 5055 quippe
2438 4984 2709 5047 lacundia,
2735 4984 2908 5038 nitore
2940 4991 3112 5052 tanto,
3142 4992 3287 5037 tanta
3319 4984 3479 5038 etiam
3508 4999 3630 5054 gra-

2015 5076 2181 5131 vitate
2225 5076 2292 5131 de
2321 5076 2483 5131 rebus
2526 5076 2759 5131 maxime
2787 5074 2842 5131 in
2872 5076 3135 5146 religione
3178 5075 3495 5131 necessariis
3530 5089 3627 5129 su-

2013 5168 2181 5227 blime
2210 5167 2449 5239 diSpntat
2477 5177 2640 5239 atque
2678 5167 2918 5231 disserit,
2953 5174 3007 5221 ut
3052 5168 3256 5222 nostris
3294 5164 3625 5236 temporibus

2012 5277 2167 5334 aeque
2192 5270 2377 5332 gratus
2408 5261 2498 5330 sit,
2528 5275 2591 5315 ac
2617 5259 2885 5332 prioribus
2914 5258 3174 5315 Ecclesia:
3206 5259 3439 5313 smculis.

2085 5354 2149 5408 V.
2193 5353 2448 5421 Quaerere
2496 5353 2654 5422 vulgo
2696 5350 2911 5417 solent,
2959 5364 3057 5404 cur
3101 5349 3344 5405 eruditos
3389 5365 3453 5405 ac
3506 5350 3625 5406 elo-

2011 5447 2394 5517 quentissintus
2442 5447 2673 5515 scriptor
2711 5457 2836 5498 suas
2872 5442 3100 5497 ediderit
3142 5442 3534 5502 lnstitutiones.
3564 5444 3621 5500 ld

2010 5555 2175 5611 porro
2205 5556 2381 5595 causa:
2419 5540 2514 5594 I’uit
2544 5558 2557 5592 :
2590 5538 2727 5592 sicut
2759 5535 3073 5606 prudentes,
3103 5547 3157 5593 et
3186 5538 3374 5592 arbitri
3405 5539 3618 5608 equita-

2008 5633 2076 5689 tis
2120 5633 2490 5689 Institntiones
2534 5631 2671 5701 juris
2714 5628 2891 5684 civilis
2938 5630 3266 5699 compositas
3294 5629 3614 5699 vulgarunt,

2005 5728 2201 5801 quibus
2228 5723 2604 5782 dissidentium
2650 5723 2770 5781 lites
2812 5722 3295 5792 contentionesque
3335 5721 3609 5789 sapirent,

2006 5823 2083 5879 sic
2118 5820 2332 5879 Divinas
2360 5815 2729 5877 lnstitutiones
2766 5832 2833 5875 eo
2861 5817 3204 5890 potissimum
3245 5809 3445 5884 publici
3470 5810 3610 5880 juris
