4172 6202
542 266 613 327 59
1716 260 2094 322 PREFATIO
2131 260 2197 320 IN
2236 262 2709 322 LAC'I‘AN'I‘IUM.
3778 257 3848 316 60

543 386 668 442 fecit
693 384 1021 451 Lactantius,
1049 394 1107 440 ut
1128 382 1377 439 ﬁdelibus
1405 397 1513 438 uno
1543 379 1696 453 quasi
1724 382 1919 438 intuitu
1946 390 2145 439 cuncta
2173 384 2227 443 Α
2253 381 2379 448 tius,
2427 397 2535 437 non
2573 391 2659 438 est
2704 383 2872 452 usque
2912 379 3047 437 adeo
3085 382 3314 437 certum.
3355 378 3413 435 In
3453 378 3628 434 varias
3671 376 3848 433 critici

540 487 739 550 praesto
779 486 964 535 essent
1008 484 1325 548 argumenta
1346 518 1362 542 ,
1396 476 1591 547 quibus
1619 476 1899 547 gentilium
1931 491 2149 535 errores

536 570 904 636 revincerent,
935 578 990 625 et
1018 578 1327 627 assererem
1356 567 1639 623 infractam
1670 567 1948 639 religionis
1973 568 2150 624 chris-

540 663 701 718 tianzn
754 662 1033 718 veritatem
1083 659 1387 735 (Lactant,
1439 659 1641 730 Insttt.,
1696 661 1785 715 lib.
1832 678 1886 731 ι,
1931 679 2050 734 cap.
2092 663 2146 731 1,

539 750 640 809 col.
674 754 777 810 H6
806 765 942 810 nou.
967 755 1097 827 ed.).

616 845 701 901 Vl.
736 846 865 915 Ejus
903 850 1103 917 quippe
1144 844 1544 913 Insdtutiones,
1587 861 1705 916 quae
1746 845 1897 903 libris
1941 857 2152 918 septem

539 938 917 1004 abSolvuntur,
949 954 1017 995 eo
1047 938 1348 1008 procedunt
1388 937 1599 1001 ordine,
1638 948 1693 992 ut
1740 938 1909 994 tribus
1955 938 2149 1007 priori-

541 1036 641 1092 bus
666 1036 845 1091 cultus
868 1035 1092 1091 deorum
1120 1034 1340 1088 insanos
1362 1033 1636 1100 retundat,
1672 1032 1842 1087 tribus
1872 1033 1994 1087 aliis
2022 1032 2152 1089 tide-

546 1129 628 1184 les
648 1129 975 1185 christianos
998 1128 1065 1184 ad
1089 1129 1366 1183 veritatem
1386 1128 1661 1195 instituat;
1686 1143 1829 1194 nam,
1853 1127 2000 1182 utait
2024 1129 2155 1183 Lac-

542 1225 741 1279 tantius
766 1225 882 1292 ipse
906 1222 1018 1295 (lib.
1054 1238 1091 1288 t,
1122 1237 1238 1291 cap.
1261 1220 1365 1287 25,
1392 1222 1493 1274 col.
1521 1219 1628 1275 252
1653 1230 1784 1274 nou.
1810 1218 1918 1292 ed.)
1944 1236 1956 1271 :
1984 1237 2003 1271 ι
2032 1219 2150 1274 Pri-

544 1334 663 1374 mus
696 1318 973 1387 sapientiae
1002 1315 1202 1387 gradus
1241 1323 1325 1371 est
1354 1311 1487 1368 falsa
1522 1312 1858 1383 intelligere,
1883 1311 2155 1368 secundus

544 1427 670 1468 vera
699 1425 1062 1482 cognoscere;
1097 1429 1116 1462 ι
1143 1409 1336 1464 ultimo
1362 1406 1578 1462 tandem
1610 1406 1750 1462 libro
1772 1405 1839 1460 de
1866 1406 2157 1472 impiorum

545 1504 719 1574 pteuis
748 1511 803 1557 et
829 1502 1182 1566 cruciatibus,
1210 1501 1422 1569 piorum
1453 1514 1579 1554 vero
1608 1498 1900 1552 immortali
1932 1498 2157 1567 praemio

546 1608 601 1654 et
625 1596 961 1653 beatitudine
1005 1596 1134 1665 agit.
1178 1593 1289 1649 Nec
1334 1601 1513 1648 tamen
1550 1592 1770 1656 credas,
1815 1600 1931 1646 toto
1967 1592 2067 1645 hoc
2101 1590 2156 1645 in

548 1704 719 1759 Opere
763 1686 937 1742 omnia
982 1697 1253 1742 momenta
1293 1701 1447 1757 atque
1492 1678 1667 1739 valida
1709 1699 1867 1749 esse;
1910 1678 2157 1754 quaedam

2250 478 2499 534 abierunt
2524 478 2837 534 sententias.
2874 478 3031 534 Putat
3059 476 3223 534 lszeus
3250 494 3393 534 anno
3417 477 3522 534 302
3542 468 3850 533 elaboratos

2250 584 2408 637 esse;
2457 569 2551 625 sed
2588 569 2691 625 hoc
2732 586 2874 625 anno
2909 569 3096 626 ﬁdeles
3132 569 3411 625 christiani
3456 568 3850 640 aliquantulum

2253 679 2385 735 pace
2414 665 2745 729 fruebantur,
2779 678 2966 720 verum
2997 678 3101 734 quo
3133 674 3378 733 tempore
3406 662 3575 719 edidit
3609 675 3737 718 suas
3763 662 3853 718 Iu-

2253 760 2561 815 stitutiones
2601 757 2978 830 persecutione
3013 756 3387 830 exagitabatur
3422 758 3682 813 Ecclesia.
3719 757 3851 813 Exi-

2255 853 2480 908 stimant
2516 850 2641 918 alii,
2688 867 2830 907 anno
2860 850 3002 918 3H;
3050 851 3341 907 cardinalis
3387 850 3683 916 Ba'mnius,
3733 859 3855 921 post

2254 961 2453 1000 annum
2501 946 2636 1012 515;
2692 944 2966 1015 doctiores
3019 945 3293 1013 denique,
3346 942 3519 998 multo
3582 952 3704 1012 post
3758 956 3855 998 an-

2256 1052 2384 1094 num
2412 1040 2538 1103 518,
2569 1038 2707 1095 forte
2732 1050 2875 1093 anno
2901 1038 3009 1094 5‘20
3041 1046 3134 1093 aut
3158 1038 3286 1102 521,
3322 1035 3495 1092 editas
3526 1034 3693 1090 fuisse
3728 1048 3855 1090 sen-

2259 1134 2412 1189 tiunt.
2449 1133 2622 1187 Meum
2650 1148 2756 1187 non
2785 1142 2869 1189 est
2901 1133 2988 1188 hic
3018 1148 3113 1203 per
3146 1131 3344 1186 multas
3386 1142 3697 1186 sermonum
3743 1144 3859 1184 am-

2257 1224 2422 1294 bages
2453 1224 2645 1279 horum
2676 1226 2916 1280 omnium
2947 1224 3151 1294 agitare
3179 1222 3438 1289 rationes,
3468 1231 3522 1277 et
3545 1214 3858 1291 argumenta

2261 1320 2518 1388 utrinque
2549 1320 2708 1373 allata
2737 1319 3005 1374 curiosius
3026 1320 3367 1388 conquirere.
3396 1317 3633 1372 Sufficiat
3665 1316 3862 1387 proba-

2262 1420 2391 1477 tam,
2416 1421 2507 1465 aut
2534 1410 2723 1467 saltem
2759 1411 3172 1481 probabdiorem
3202 1422 3473 1479 exponere
3504 1409 3860 1464 sententiam.

2332 1502 2423 1558 IX.
2456 1503 2824 1559 Nicomediam
2846 1503 3113 1575 Bithynia:
3139 1516 3204 1557 ex
3228 1501 3408 1556 Africa
3432 1502 3637 1557 accitus
3665 1501 3861 1568 fuerat,

2261 1596 2563 1668 imperante
2594 1597 2955 1663 Dioclesiano,
2986 1596 3321 1662 Lactantius,
3355 1606 3495 1649 utea
3528 1595 3580 1648 in
3612 1594 3743 1648 urbe
3771 1593 3863 1648 lit-

2263 1698 2407 1746 teras
2435 1691 2722 1758 oratorias,
2752 1688 2803 1746 id
2836 1700 2939 1759 est,
2972 1691 3271 1745 Romanum
3303 1691 3523 1745 doceret
3551 1689 3862 1759 eloquium;

548 1782 787 1836 rationes
812 1794 933 1850 qua:
975 1793 1116 1834 nunc
1147 1779 1377 1835 leviores
1404 1787 1459 1833 et
1487 1775 1695 1848 frigidge
1727 1777 1993 1841 videntur,
2022 1784 2151 1830 tunc

2268 1785 2440 1855 ibique
2466 1787 2665 1840 mansit
2688 1794 2799 1840 toto
2823 1784 3213 1856 persecutionis
3242 1794 3510 1855 tempore,
3533 1798 3655 1853 quae
3677 1782 3865 1837 decem

547 1889 741 1948 graves
770 1883 925 1929 erant
946 1884 1107 1944 atque
1134 1873 1324 1928 tirone.
1357 1872 1433 1927 Ita
1465 1871 1786 1942 quandoque
1819 1872 1913 1937 fit,
1944 1881 2056 1927 tum
2090 1886 2158 1925 ex

550 1968 788 2039 ingenio,
828 1975 938 2021 tum
975 1982 1041 2022 ex
1074 1965 1315 2021 moribus
1346 1964 1648 2029 hominum,
1684 1973 1740 2019 ιιι
1765 1964 1981 2019 diversa
2017 1974 2154 2018 tem-

550 2076 744 2132 porum
789 2058 1060 2114 curricula
1099 2057 1343 2114 diversas
1374 2057 1535 2114 etiam
1582 2056 1817 2113 habeant
1851 2054 2159 2111 disserendi

555 2152 813 2207 rationes.

623 2242 737 2299 γη.
769 2242 886 2297 Νοη
913 2240 1177 2298 difiitetur
1197 2250 1375 2297 autem
1398 2241 1730 2307 Lactantius,
1754 2241 1885 2312 quin
1909 2236 2159 2298 esindcm

550 2337 692 2392 viam
721 2335 927 2391 emensi
962 2336 1070 2405 jam
1103 2334 1305 2390 fuerint
1332 2334 1549 2404 quidam
1581 2351 1611 2389 e
1642 2335 1841 2389 nostris
1882 2334 2162 2405 scriptori-

554 2426 672 2481 bus.
706 2426 834 2491 Sed,
865 2435 924 2481 ut
967 2426 1083 2496 ipse
1123 2426 1219 2491 ait,
1269 2424 1532 2482 Minucius
1559 2424 1731 2491 Felix,
1778 2426 1868 2496 qui
1917 2426 2163 2481 veritatis

556 2518 784 2574 idoneus
811 2528 1053 2573 assertor
1082 2533 1205 2575 esse
1234 2520 1517 2589 potuisset,
1551 2534 1657 2573 non
1687 2518 1949 2587 integram
1984 2527 2163 2572 tamen

554 2628 656 2669 nec
698 2613 920 2668 omnino
962 2613 1173 2684 plenam
1221 2614 1274 2668 in
1318 2612 1513 2669 tuenda
1550 2612 1811 2684 religione
1838 2610 2165 2682 distuttatio-~

555 2722 678 2762 nem
710 2707 948 2776 scripsit.
981 2705 1038 2761 In
1062 2705 1397 2772 Tertuliano,
1436 2704 1600 2777 idque
1636 2704 1851 2774 merito,
1892 2700 2166 2762 desiderat

558 2800 756 2871 eloquii
789 2802 1227 2871 perspicuitatem
1261 2812 1314 2856 et
1358 2800 1708 2866 facilitatem;
1758 2800 1811 2856 in
1861 2799 2160 2873 Cypriano,

556 2894 807 2965 quamvis
828 2894 1102 2964 eloquenti
1130 2904 1185 2949 et
1208 2905 1422 2960 ornato,
1440 2893 1685 2964 quamvis
1710 2892 1763 2947 in
1788 2892 2166 2962 persuadendo

558 2986 805 3057 potenti,
857 3002 963 3041 non
1009 2993 1093 3041 sat
1144 2996 1325 3056 aptam
1373 2987 1426 3040 iit
1478 2985 1866 3041 convincendis
1918 2984 2165 3055 gentibus

556 3080 904 3150 scriptionem
935 3088 1107 3135 notat.
1142 3082 1214 3134 At
1238 3095 1346 3134 non
1376 3087 1460 3135 est
1500 3078 1801 3150 culpandus
1829 3078 2162 3145 Lactantius,

559 3174 699 3245 quod
746 3185 954 3244 septem
1000 3174 1169 3231 libros
1213 3190 1241 3227 a
1285 3184 1621 3245 pra'ceptore
1650 3171 1897 3229 Aruobio
1934 3173 2168 3243 scriptos

560 3267 776 3323 silentio
821 3268 1246 3339 praetermiserit.
1292 3267 1561 3322 Arnobius
1605 3270 1748 3321 enim
1796 3281 1903 3321 non
1943 3264 2080 3332 nisi,
2111 3274 2170 3320 ut

560 3363 776 3418 videtur
812 3378 954 3417 anno
996 3362 1337 3418 Constantini
1380 3377 1469 3429 xx,
1529 3361 1580 3416 id
1632 3369 1732 3427 est,
1759 3374 1882 3415 tera:
1931 3358 2170 3430 vulgaris

561 3456 669 3514 526
690 3455 791 3529 (1),
820 3458 1169 3513 christianam
1191 3456 1765 3527 suscepitreligionem
1790 3470 1897 3525 quo
1929 3464 2170 3523 tempore

559 3565 685 3607 suas
708 3552 759 3606 itt
785 3551 1061 3607 ethnicatn
1090 3553 1532 3622 superstitionem
1554 3549 1727 3604 edidit
1746 3549 2168 3618 disputationes,

561 3661 655 3702 sex
687 3647 809 3717 plus
840 3652 1019 3701 minus
1045 3646 1203 3701 annis
1235 3656 1355 3716 post
1382 3645 1628 3715 volgatas
1668 3660 1697 3699 a
1729 3640 2008 3699 Lactantio
2047 3654 2172 3697 suas

567 3737 960 3794 lnstitutiones.
995 3738 1187 3794 Mirum
1241 3738 1402 3808 igitur
1449 3746 1557 3792 non
1606 3745 1720 3800 est,
1762 3736 1806 3789 si
1855 3733 2171 3790 Lactntlus

562 3834 1007 3899 Christianorum,
1041 3841 1176 3888 teste
1215 3832 1450 3887 Eusebio
1488 3828 1836 3892 Cesarieusi,
1867 3826 2173 3882 eruditissi-

564 3941 685 3982 mus
715 3937 821 3979 tam
853 3924 1075 3979 arduam
1104 3925 1155 3978 in
1184 3940 1245 3979 se
1267 3924 1571 3994 susceperit
1596 3935 1850 3993 operam;
1877 3934 1975 3973 nec
2006 3917 2173 3972 inulta

567 4018 804 4075 voluerit
835 4032 957 4074 esse
982 4018 1227 4073 convicia
1247 4059 1261 4083 ,
1294 4016 1490 4089 quibus
1528 4014 1852 4071 christianos
1879 4008 2175 4066 consectati

569 4111 787 4169 fuerant
814 4112 923 4167 duo
952 4110 1280 4182 philosophi,
1313 4110 1428 4166 sive
1450 4108 1484 4163 ii
1512 4107 1618 4162 sint
1641 4104 1920 4160 Hierocles
1952 4117 2016 4157 ac
2043 4101 2175 4157 Por-

573 4205 823 4276 pbyrius,
853 4203 969 4259 sive
990 4203 1207 4273 quidam
1236 4202 1349 4257 alii.

640 4294 778 4351 VIII.
810 4294 921 4351 llos
963 4310 1131 4366 porro
1173 4294 1340 4349 libros
1382 4288 1599 4362 quando
1634 4286 1918 4359 scripserit
1946 4286 2178 4343 Lactan-

643 4453 729 4528 (l)_
768 4452 866 4528 Sic
902 4466 1064 4528 porro
1103 4446 1486 4528 ait_Euseb_ius
1516 4463 1529 4500 :
1561 4446 1811 4528 annos:
1857 4442 2179 4527 Constantini

570 4512 822 4581 Arnobius
852 4512 913 4577 in'
938 4520 1115 4593 Africa
1158 4520 1329 4593 rhetor
1366 4517 1535 4593 clarus
1574 4512 1809 4593 habetur,
1842 4515 2085 4593 qni_cunt
2124 4515 2179 4567 in

572 4599 773 4652 civitate
819 4586 994 4651 Sicca!
1028 4594 1095 4646 ad
1143 4590 1535 4645 declamandum
1578 4590 1790 4657 juvenes
1835 4586 2057 4640 eradiret
2083 4625 2098 4652 ,
2129 4593 2177 4639 et

570 4671 739 4724 adhuc
770 4667 995 4722 ethnicus
1048 4664 1116 4717 ad
1141 4663 1493 4717 credulitatem
1523 4662 1736 4715 somniis
1761 4658 2175 4728 compelleretur,

574 4758 731 4812 neque
756 4739 817 4794 ab
848 4737 1098 4812 episc0pis
1127 4735 1420 4812 impetraret
1447 4734 1806 4812 ﬁdem,_qt_tam
1833 4740 1983 4812 antea
2010 4730 2181 4810 impu-

610 4799 1221 4871 nirveratfeluchbravii
1272 4799 1515 4858 adversus
1564 4799 1834 4871 pristinam
1883 4799 2181 4871 religionem

610 4831 853 4871 navarat,
907 4831 1221 4862 etucuuruvu
1272 4831 1514 4858 uuvcuua
1564 4831 1834 4871 piratarum
1884 4831 2181 4871 rcugwucm

575 4831 1005 4939 fueulentissimos
1051 4878 1235 4944 libros,
1269 4882 1314 4930 et
1355 4876 1558 4928 tandem
1596 4875 1729 4945 velut
1755 4871 2061 4945 quibusdam
2091 4870 2181 4925 ob-

574 4954 770 5010 sidibus
800 4952 1002 5022 pietatis
1033 4950 1199 5020 fwdus
1224 4943 1549 5022 impetravit.
1571 4946 1645 5001 Ita
1673 4943 1982 5022 Chronicon
2002 4943 2181 5022 Euse-

575 5027 685 5091 bii;
711 5014 880 5093 eaque
904 5014 1110 5076 ratione
1133 5014 1497 5093 accessionem
1527 5014 1835 5093 Arnobii‘ad
1864 5014 2180 5093 religionem

577 5086 924 5154 cliristia'natu
968 5093 1022 5147 in
1070 5108 1269 5147 annum
1316 5088 1439 5153 520,
1476 5089 1577 5160 qui,
1610 5097 1695 5160 est
1725 5086 2012 5160 vigesimtts
2038 5086 2179 5160 Cou-

577 5168 819 5229 stantini,
852 5162 1432 5237 rejicimus,_qttamvi_s
1462 5154 1529 5216 ιξ.
1554 5156 1621 5237 Ρ.
1662 5154 1933 5237 Remigius
1961 5154 2180 5237 Ceilliel‘

578 5257 697 5298 eam
724 5228 928 5292 statuat
953 5253 1082 5291 ann.
1116 5228 1241 5300 505,
1273 5235 1325 5289 in
1367 5231 1597 5289 Historia
1642 5228 1964 5301 scriptorum
2006 5228 2183 5301 eccle-_

579 5312 954 5375 siasticorum,
986 5319 1133 5363 tumo
1166 5323 1243 5363 tu.
1292 5306 1347 5362 Si
1394 5320 1537 5360 anno
1577 5299 1951 5375 tertio—quarti
1995 5299 2183 5375 saeculi

579 5382 798 5438 Christo
840 5369 1038 5436 nomen
1078 5379 1319 5436 dedisset
1358 5376 1662 5441 Arnobius,
1694 5369 1877 5444 procul
1923 5370 2087 5426 dubio
2131 5369 2184 5425 id

581 5462 894 5510 annotasset
922 5449 1187 5509 Eusebius
1216 5461 1472 5521 regnante
1496 5446 1850 5521 Diocletiano,
1878 5458 1980 5497 non
2005 5452 2182 5521 autem

583 5541 724 5581 anno
768 5540 835 5579 xx
884 5522 1244 5579 Constantini.
1279 5518 1446 5575 Porro
1475 5520 1595 5588 eius
1626 5518 1898 5572 Chronico
1948 5526 2055 5588 non
2102 5520 2186 5567 est

584 5598 892 5667 deneganda
917 5598 1048 5651 fides
1075 5614 1088 5650 :
1120 5598 1220 5667 hoc
1252 5594 1368 5667 ipso
1397 5587 1638 5667 tempore
1665 5590 1797 5642 liber
1820 5588 1909 5642 ille
1939 5587 2036 5640 I'uit
2056 5598 2189 5641 con-

585 5662 817 5738 St-riptus
838 5686 866 5721 a
891 5670 1006 5721 viro
1026 5665 1427 5738 reruditissitno,
1446 5662 1541 5738 qui
1558 5675 1781 5738 omnem
1804 5674 2025 5738 operam
2054 5672 2187 5738 coit—

587 5728 788 5797 tulerat
831 5740 881 5793 in
914 5734 1248 5812 exploranda
1283 5735 1389 5791 vita
1428 5728 1752 5797 doctiorum,
1778 5729 1858 5784 sui
1890 5728 2190 5803 prmsertim

589 5812 794 5873 saeculi.

2262 1887 2317 1933 et
2336 1874 2571 1946 amplius
2594 1888 2765 1932 annos
2788 1878 2841 1933 in
2864 1876 3192 1932 christianos
3228 1874 3422 1931 saeviit.
3452 1868 3523 1930 Ea
3549 1888 3678 1929 vero
3703 1872 3867 1929 ﬁnem

2261 1986 2372 2025 non
2403 1971 2621 2037 habuit,
2670 1971 2774 2025 nisi
2805 1969 2988 2026 medio
3034 1983 3222 2024 mense
3262 1968 3415 2039 junio
3464 1967 3590 2021 anni
3639 1966 3768 2021 515.
3799 1967 3871 2020 At

2263 2062 2532 2121 Eusebius
2564 2062 2757 2117 horum
2790 2073 3093 2133 temporum
3130 2059 3365 2130 scriptor
3421 2057 3869 2126 diligentissimus

2263 2151 2539 2220 admonet,
2568 2160 2634 2209 ex
2659 2153 2911 2225 Bithynia
2938 2153 2991 2207 itt
3015 2151 3220 2207 Gallias
3245 2153 3543 2222 profectum
3570 2163 3676 2204 non
3703 2147 3871 2205 fuisse

2264 2244 2608 2303 Laetantidm
2648 2246 2747 2302 itisi
2797 2262 2940 2302 anno
2977 2246 3099 2302 517.
3145 2244 3346 2301 Verum
3388 2244 3700 2299 Lactantius
3745 2255 3869 2297 cum

2265 2340 2484 2409 scripsit
2524 2341 2924 2395 lnstitutionum
2956 2338 3159 2404 libros,
3196 2348 3322 2391 tunc
3365 2338 3417 2391 in
3464 2336 3712 2407 Bithynia
3759 2348 3870 2389 non

2264 2432 2399 2489 erat.
2434 2448 2455 2485 ι
2489 2433 2620 2504 Ego,
2654 2426 2842 2502 inquit,
2868 2444 2989 2487 cum
3018 2432 3067 2485 in
3094 2428 3345 2502 Bithynia
3368 2428 3629 2483 oratorias
3655 2425 3866 2481 litteras

2268 2528 2476 2582 accitus
2514 2526 2767 2581 docerem
2790 2567 2805 2592 ,
2846 2524 3267 2595 contigissetque
3314 2531 3371 2576 ut
3405 2520 3598 2577 eodem
3629 2528 3871 2588 tempore

2268 2613 2363 2675 Dei
2395 2614 2654 2689 templum
2681 2622 3037 2683 everteretur,
3072 2616 3181 2671 duo
3211 2614 3505 2670 extiterunt
3528 2611 3748 2676 ibidem,
3778 2610 3869 2681 qui

2264 2709 2468 2784 jacenti
2497 2709 2705 2766 veritati
2740 2706 3060 2764 insultarent
3093 2708 3247 2781 (libro
3274 2724 3307 2763 v
3338 2705 3604 2773 lnstitut.,
3643 2720 3761 2773 cap.
3787 2701 3870 2775 2).

2269 2806 2389 2862 Vidi
2442 2821 2571 2877 ego,
2624 2804 2828 2875 inquit,
2880 2804 2932 2859 in
2976 2802 3226 2874 Bithynia
3282 2799 3564 2871 praesidem
3617 2796 3769 2870 (libra
3811 2811 3865 2862 v,

2269 2918 2317 2957 c.
2352 2900 2463 2969 11).
2492 2899 2617 2954 Haec
2645 2898 2806 2969 igitur
2849 2898 3052 2970 jamdiu
3097 2897 3497 2967 praeterieram;
3550 2903 3677 2948 tunc
3703 2892 3774 2948 ab
3803 2906 3871 2949 ea

2269 2993 2581 3050 Lactantius
2621 2993 2808 3046 aberat
2845 2990 3139 3063 provincia.
3178 2989 3304 3045 Ηωο
3333 3002 3466 3060 ergo
3493 2985 3711 3058 scripsit
3749 2993 3874 3057 post

2270 3099 2468 3141 annum
2499 3085 2623 3141 5H.

2196 3199 2239 3261 ρ
2345 3181 2598 3237 Attamen
2631 3177 3036 3252 persecutiones
3064 3185 3436 3234 memorantur
3460 3176 3512 3230 in
3541 3174 3689 3230 libris
3720 3171 3879 3229 Insti-

2275 3279 2540 3331 tutiunum
2575 3292 2588 3329 :
2623 3274 2717 3330 sed
2749 3288 2995 3344 numnam
3046 3275 3164 3328 ista:
3193 3270 3396 3326 fuerint
3439 3283 3505 3326 ex
3547 3270 3665 3339 ipso
3693 3267 3880 3325 videre

2271 3378 2355 3426 est
2389 3368 2687 3424 Lactantio.
2715 3368 2844 3422 Eam
2878 3382 2985 3421 non
3015 3377 3146 3437 puto
3174 3364 3360 3431 fuisse,
3391 3378 3549 3435 quam
3591 3362 3880 3417 desinente

2271 3470 2412 3519 atino
2456 3462 2562 3518 502
2610 3461 3010 3518 meditabantur
3063 3459 3429 3514 Diocletianus
3480 3467 3534 3511 et
3585 3455 3875 3523 Galerius;

2271 3566 2499 3627 quaeque
2546 3556 2769 3624 inrmpit
2808 3552 2897 3609 die
2924 3551 3182 3608 fabruarii
3218 3546 3291 3604 23
3335 3549 3460 3603 anni
3489 3547 3618 3610 5115,
3648 3547 3882 3601 exitum-

2272 3660 2376 3720 que
2410 3647 2590 3704 habuit
2635 3646 2724 3703 die
2753 3646 2821 3702 15
2854 3646 2990 3716 junii
3034 3644 3157 3699 anni
3188 3642 3316 3698 515.
3352 3640 3502 3696 Tunc
3545 3642 3685 3694 enim
3716 3634 3879 3693 Nico-

2274 3742 2465 3797 mediae
2493 3750 2608 3797 erat
2639 3740 2982 3805 Lactantius;
3028 3750 3133 3793 non
3166 3737 3328 3808 igitur
3358 3738 3497 3789 hanc
3540 3740 3606 3787 eo
3651 3730 3754 3787 loci
3784 3742 3881 3801 ap-

2275 3837 2435 3907 pellat
2467 3832 2921 3904 persecutionem.
2951 3830 3164 3886 Clarius
3213 3828 3352 3883 iatud
3398 3825 3661 3882 elucescit
3687 3839 3754 3879 ex
3795 3823 3879 3879 bis

2276 3926 2534 3983 Lactantii
2568 3925 2747 3979 verbis
2769 3922 2882 3992 (lib.
2911 3936 2980 3989 vt,
3012 3937 3058 3974 e.
3090 3918 3179 3991 17)
3207 3936 3220 3972 :
3258 3937 3276 3971 ι
3309 3917 3577 3989 Spectata:
3599 3924 3724 3971 sunt
3751 3922 3881 3984 spe-

2276 4028 2596 4091 ctanturque
2631 4018 2807 4073 adhuc
2837 4014 2916 4091 (t)
2953 4032 3049 4087 per
3085 4015 3273 4071 orbem
3310 4024 3468 4069 terra).
3507 4028 3678 4083 poenae
3708 4011 3883 4067 culto-

2276 4128 2396 4173 rum
2428 4115 2546 4182 Dei,
2586 4113 2639 4168 in
2687 4112 2881 4183 quibus
2927 4108 3307 4166 excruciandis
3339 4122 3479 4163 nova
3531 4116 3587 4162 et
3631 4107 3884 4161 inusitata

2278 4219 2546 4266 tormenta
2576 4208 2876 4278 excogitata
2923 4212 3068 4261 sunt.
3102 4203 3235 4260 Nam
3265 4203 3334 4260 de
3362 4203 3553 4257 mortis
3590 4198 3883 4272 generibus

2279 4304 2463 4359 horret
2493 4301 2703 4356 animus
2729 4297 2999 4356 recordari
3022 4340 3037 4365 ,
3073 4312 3197 4352 cum
3228 4295 3545 4350 immanium
3583 4293 3883 4348 bestiarum

2280 4398 2417 4452 ultra
2448 4396 2619 4466 ipsam
2649 4402 2877 4448 mortem
2920 4390 3230 4447 carnificina
3262 4388 3519 4444 stevierit.
3557 4404 3576 4439 ι
3613 4384 3885 4455 Equidem

2279 4504 2347 4546 eo
2375 4489 2479 4544 loci
2512 4486 2749 4559 loquitur
2780 4484 3090 4540 Lactantius
3122 4481 3192 4537 de
3228 4481 3590 4536 Diocletianea
3623 4492 3885 4549 persecu-

2202 4610 2256 4671 D
2283 4586 2429 4641 tione
2456 4602 2470 4640 :
2501 4581 2595 4639 sed
2638 4596 2700 4638 ea
2741 4589 2866 4635 tunc
2897 4592 3005 4633 non
3043 4576 3323 4633 saeviebat.
3356 4573 3584 4644 Propius
3621 4569 3882 4643 inspicias

2282 4679 2399 4732 hzcc
2428 4672 2612 4740 verba,
2652 4688 2670 4725 t
2701 4670 2972 4739 Spectata;
3012 4677 3141 4725 sunt
3168 4680 3379 4739 pretim;
3414 4672 3684 4722 tormenta
3724 4676 3889 4720 exco—

2283 4770 2447 4841 gitata
2473 4774 2631 4831 sunt;
2661 4763 2851 4819 horret
2873 4763 3088 4818 animus
3110 4759 3418 4824 recordari;
3442 4772 3565 4814 cum
3589 4756 3880 4813 saevieritJ

2286 4857 2556 4928 Numquid
2601 4857 2685 4913 ita:
2730 4856 3029 4911 locutiones
3057 4854 3123 4910 ad
3151 4861 3350 4909 statum
3382 4858 3704 4923 praesentem
3734 4860 3892 4919 spec-

2285 4954 2438 5010 tant?
2460 4950 2721 5022 numquid
2751 4964 2783 5007 e
2808 4949 3084 5005 contrario
3105 4948 3170 5004 ad
3199 4944 3563 5016 praeteritum?
3582 4943 3699 5000 lam
3726 4942 3890 5013 igitur

2284 5047 2401 5103 tunc
2444 5046 2625 5101 omnia
2671 5043 3078 5116 praeterieram,
3126 5054 3251 5096 cutn
3298 5040 3522 5110 scripsit
3550 5036 3888 5095 Lactantius.

2361 5223 2438 5294 (1)
2475 5223 2601 5278 Haec
2643 5235 2775 5294 sane
2807 5215 3309 5294 suntiutelligenda
3356 5217 3438 5294 de
3468 5214 3629 5270 claris
3660 5215 3892 5294 istorum

2292 5287 2592 5363 temporum
2642 5291 3076 5363 confessoribus.
3108 5303 3244 5359 quos
3282 5287 3799 5363 partibus_corporis
3827 5298 3895 5363 ac

2292 5353 2552 5423 membris
2580 5362 2798 5419 mutilos
2826 5361 3066 5416 fecerant
3089 5353 3485 5430 persecutores.
3513 5353 3895 5430 Horu'ntmulti

2294 5436 2652 5493 interfuerunt
2694 5433 2925 5489 concilio
2968 5426 3211 5487 Nicaeuo.
3260 5432 3339 5485 Ex
3384 5432 3449 5484 iis
3478 5438 3632 5484 erant
3660 5426 3755 5482 SS.
3797 5427 3897 5480 Pa-

2288 5510 2550 5581 phnutius
2570 5505 2882 5565 Thebaidis,
2903 5503 3129 5581 Potatno
3154 5498 3707 5581 lleraclem,_Spiridio
3728 5496 3896 5581 Cypri

2291 5570 2698 5650 episcoiiorum,
2742 5590 2971 5646 quorum
3001 5577 3250 5650 stigmata
3282 5587 3381 5643 pro
3404 5570 3628 5650 Christo
3672 5576 3899 5638 accepta

2292 5643 2639 5709 deosculatus
2664 5656 2747 5701 est
2763 5643 2882 5702 'non
2929 5643 3099 5702 semel
3136 5643 3525 5700 Constantinus
3565 5645 3893 5711 imperator,

2290 5707 2443 5796 jfuxta
2470 5721 2782 5796 Eusebium,
2815 5720 3054 5796 inhnjus
3080 5718 3340 5796 principis
3372 5715 3511 5777 Vita,
3544 5707 3749 5796 litigii},

2298 5781 2367 5859 ad
2390 5799 2479 5870 15,
2497 5805 2551 5854 et
2573 5804 2697 5870 post
2718 5781 3013 5854 Eusebium
3035 5781 3189 5850 m'ulti
3209 5781 3506 5869 scriptores
3519 5781 3895 5847 ecclesiastici.
