4172 6202
322 337 395 396 61
1514 340 1890 401 ΡΒΛΕΕΑΤΙΟ
1926 342 1965 401 Ii

2069 343 2498 406 .AC'I‘ANTIUM.
3568 347 3638 405 62

324 453 515 525 Itaque
539 453 709 510 multo
734 462 860 527 post
886 470 1085 511 annum
1112 455 1240 511 515.
1262 454 1464 512 Verum
1487 465 1610 527 post
1632 456 1933 515 Ecclesiam
1959 469 2015 528 Α
2039 471 2246 518 coactus
2295 461 2391 535 est)
2424 470 2481 517 ut
2528 471 2674 519 esset
2720 462 2969 519 omnibus
2998 462 3203 519 clarum
3235 472 3356 536 qua:
3400 466 3470 519 sit
3513 477 3640 519 vera

324 550 633 605 restitutam
655 548 800 603 nulla
826 548 1046 605 omnino
1061 548 1165 604 alia
1191 546 1292 603 fuit
1318 548 1371 604 in
1398 548 1724 605 christianos
1751 564 1938 619 perse-

323 642 510 707 cutio,
556 641 661 697 nisi
703 641 1013 710 Liciniana,
1063 641 1214 714 cujus
1257 642 1469 698 initium
1500 643 1553 698 in
1592 659 1791 699 annum
1830 642 1938 700 520

322 736 688 807 rejiciendum
721 746 825 791 est.
850 737 981 806 Quis
1010 753 1142 793 vero
1169 752 1277 794 non
1310 738 1457 794 videt
1484 738 1552 795 de
1580 738 1793 795 Licinio
1822 755 1939 796 rem

327 846 457 887 esse
488 831 626 887 libro
656 848 710 887 vt
739 831 1142 888 lnstitutionum
1161 877 1176 901 ,
1211 835 1389 905 capite
1417 833 1472 902 6,
1494 832 1601 902 {ubi
1629 835 1709 891 sic
1737 836 1810 889 ait
1838 834 1942 889 La-

324 926 568 980 ctantius
596 943 611 980 :
650 943 670 976 r
702 924 933 993 Quidam
974 927 1243 996 probitate
1276 927 1397 983 ficta
1428 928 1571 984 viam
1614 928 1719 983 sibi
1748 928 1813 983 ad
1846 943 1940 999 po.

331 1021 558 1072 tentiam
590 1017 863 1089 muniunt,
897 1019 1206 1091 faciuntque
1233 1021 1402 1077 multa
1429 1037 1549 1092 qua:
1581 1021 1708 1078 boni
1738 1021 1938 1092 solent,

328 1123 401 1165 eo
427 1110 648 1181 quidem
692 1112 1030 1184 promptius,
1058 1112 1205 1185 quod
1247 1112 1469 1169 fallendi
1496 1115 1665 1185 gratia
1697 1112 1940 1181 faciunt;

331 1203 654 1275 utinamque
679 1204 975 1281 tam_facile
1001 1214 1150 1261 esset
1179 1213 1459 1277 praestare,
1491 1221 1652 1277 quam
1682 1205 1839 1261 facile
1859 1213 1945 1261 est

331 1300 593 1357 simulare
622 1299 957 1355 bonitatem!
992 1299 1099 1356 Sed
1136 1301 1172 1355 ii
1208 1315 1330 1356 cum
1363 1314 1487 1356 esse
1521 1300 1788 1371 cmperint
1815 1313 1942 1369 pro-

334 1396 505 1466 positi
548 1410 611 1451 ac
649 1395 762 1450 voti
805 1395 890 1451 sui
936 1402 1252 1466 compotes,
1298 1404 1354 1449 et
1383 1409 1656 1450 summum
1687 1392 1943 1464 potentiae

331 1488 564 1561 gradum
595 1488 846 1560 ceperint
873 1488 953 1561 (id
979 1498 1055 1544 est
1083 1485 1436 1559 acceperint),
1471 1497 1582 1543 tum
1615 1502 1743 1543 vero
1772 1487 1943 1541 simu-

340 1583 550 1639 latione
593 1584 877 1654 deposita,
920 1597 1102 1639 mores
1126 1595 1254 1637 suos
1292 1581 1581 1653 detegunt,
1624 1582 1950 1652 rapiuntque

336 1678 552 1744 omnia,
581 1684 635 1733 et
673 1677 912 1744 violant,
944 1686 999 1733 et
1038 1682 1275 1742 vexant;
1307 1683 1513 1746 eosque
1548 1674 1722 1729 bonos
1763 1672 1843 1744 (id
1873 1680 1949 1727 est

334 1773 692 1843 christianos)
718 1787 951 1844 quorum
979 1787 1199 1828 causam
1231 1777 1615 1842 susceperant,
1652 1771 1950 1842 insequun-

2041 554 2317 626 majestas.
2354 554 2433 609 illi
2462 556 2605 611 enim
2631 554 2721 626 qui
2755 560 2812 610 ut
2840 556 3033 626 impias
3065 555 3356 625 religiones
3388 556 3643 613 defende-

2042 658 2184 715 rent,
2218 649 2457 705 cmlestis
2486 662 2550 704 ac
2576 649 2867 719 singularis
2897 649 2993 705 Dei
3026 651 3224 705 cultum
3250 651 3440 706 tollere
3462 652 3646 707 volue-

2042 751 2204 809 runt,
2236 741 2500 814 proﬂigati
2525 741 2730 813 jacent,
2765 759 2785 795 ι
2826 742 2940 814 (lib.
2973 754 3045 798 VII
3071 742 3330 808 lnsiitut.,
3358 761 3477 814 t‘ap.
3506 744 3601 818 26)
3627 765 3641 802 :

2044 834 2097 890 in
2146 836 2367 891 exilium
2415 836 2559 892 enim
2591 836 2778 907 pulsus
2823 845 2907 892 est
2959 835 3197 892 Licinius
3225 854 3366 893 anno
3395 838 3522 907 524,
3550 838 3646 896 sed
3700 855 3751 871 θ

2045 928 2312 996 nondum,
2335 939 2390 983 ut
2417 929 2651 995 videtur,
2676 930 2835 984 morti
2864 929 3039 984 fuerat
3069 931 3317 997 traditus,
3342 932 3411 986 ob
3434 947 3519 987 res
3550 949 3646 989 no-

2045 1042 2140 1082 vas
2164 1038 2300 1097 quas
2327 1025 2380 1083 in
2404 1026 2628 1083 Oriente
2656 1027 3009 1093 moliebatur,
3039 1026 3181 1098 quod
3213 1027 3408 1083 factum
3438 1030 3646 1084 solum-

2045 1119 2206 1175 modo
2239 1119 2338 1175 fuit
2382 1132 2524 1175 anno
2551 1119 2678 1177 525.
2729 1120 2861 1176 liinc
2890 1114 3203 1176 Lactantius
3241 1134 3308 1177 eo
3338 1120 3441 1177 loci
3476 1137 3646 1178 veram

2045 1208 2389 1267 Constantini
2435 1214 2669 1284 pietatem
2724 1214 2922 1278 laudat,
2956 1208 3096 1283 quod
3134 1222 3188 1269 et
3230 1215 3386 1269 venia
3438 1226 3490 1269 et
3536 1216 3643 1272 vita

2049 1304 2312 1375 perduelli
2355 1316 2411 1363 et
2456 1307 2676 1363 inimico
2716 1306 3027 1375 concessis,
3073 1320 3194 1363 eum
3228 1310 3389 1364 etiam
3422 1312 3652 1368 comiter

2047 1400 2296 1483 convivio
2326 1405 2625 1474 erceperit.

2121 1493 2187 1548 Χ.
2213 1494 2314 1563 Qui
2337 1486 2561 1565 possunt
2585 1496 2776 1551 eruditi
2818 1492 3032 1568 quidam
3079 1496 3148 1552 de
3186 1495 3271 1553 his
3296 1492 3361 1553 ad
3391 1497 3655 1554 Constan-

2052 1589 2221 1644 tinutn
2264 1582 2601 1645 orationibus
2644 1584 2845 1645 tamdiu
2892 1598 3171 1662 Satagcre;
3225 1598 3401 1646 uirum
3449 1590 3657 1649 scilicet

2054 1680 2363 1754 imperatori
2402 1696 2527 1740 suas
2555 1680 2887 1755 inscripserit
2914 1685 3226 1742 Lactantius
3253 1684 3657 1743 institutiones?

2054 1777 2209 1833 Hunc
2246 1779 2494 1849 equidem
2528 1781 2821 1852 principem
2850 1786 2929 1836 ter
2960 1786 3216 1851 Quaterve
3248 1780 3482 1853 appellat
3508 1797 3571 1836 eo
3603 1781 3658 1838 in

339 1877 463 1934 ιυτν
505 1874 560 1922 ει
599 1866 800 1937 gradus
830 1882 927 1939 P8?
957 1881 1095 1936 quos
1124 1865 1495 1921 ascenderum
1534 1872 1849 1935 amputant.
1883 1877 1949 1918 ηθ
1977 1864 2026 1926 Β
2053 1882 2238 1941 opere.
2265 1868 2372 1925 llas
2397 1872 2672 1927 orationes
2710 1876 2815 1927 non
2854 1868 3091 1928 difliteor
3117 1886 3279 1944 saepe.
3306 1875 3433 1944 quin
3466 1884 3519 1928 et
3549 1889 3654 1928 sae-

338 1960 465 2031 quis
497 1958 619 2015 illos
645 1969 835 2015 contra
867 1961 1014 2029 ipsos
1043 1960 1217 2030 possit
1252 1958 1509 2014 imitari.»
1543 1956 1817 2028 Numquid
1844 1968 1949 2013 non
2053 1964 2274 2035 pissime
2295 1976 2325 2018 a
2353 1976 2483 2020 mss.
2510 1964 2784 2021 codicibus
2812 1964 3021 2032 abesse,
3052 1960 3223 2036 iisque
3244 1966 3654 2037 antiquissimis,

340 2062 429 2108 est
462 2051 550 2106 hic
580 2052 696 2122 ipse
737 2050 1000 2115 Licinius,
1034 2051 1149 2121 qui,
1182 2050 1399 2107 coalitus
1435 2065 1531 2121 per
1560 2051 1798 2121 quietem
1832 2060 1951 2103 mo-

343 2153 516 2199 nente
552 2143 753 2214 angelo
782 2152 838 2198 ut
865 2142 1178 2213 praescripta
1206 2143 1384 2213 procis
1424 2154 1613 2196 norma
1643 2147 1893 2196 exoraret
1922 2152 1953 2194 a

349 2236 463 2291 Deo
489 2251 703 2290 summo
727 2234 1033 2302 vietoriam,
1060 2234 1238 2289 statim
1262 2235 1512 2289 exoravit
1536 2243 1592 2289 et
1619 2232 1952 2304 impetravit.

353 2347 373 2382 ι
407 2327 670 2383 Liciniani
699 2342 855 2399 ergo,
894 2347 913 2380 ›
952 2327 1125 2398 inquit
1168 2334 1355 2382 noster
1379 2325 1716 2391 Lactantius,
1754 2342 1772 2376 ι
1802 2332 1955 2379 scuta

346 2421 667 2492 deponunt,
712 2419 897 2490 galeas
935 2420 1242 2484 resolvunt,
1272 2418 1340 2472 ad
1381 2418 1581 2473 coelum
1613 2431 1805 2471 manus
1837 2425 1956 2471 ten-

348 2513 514 2579 dunt,
543 2511 909 2583 praeeuntibus
940 2511 1278 2582 praepositis,
1307 2518 1363 2565 et
1409 2518 1534 2579 post
1572 2508 1957 2579 imperatorem

352 2604 669 2676 (Licinium)
692 2618 909 2675 precem
934 2603 1139 2658 dicunt.
1168 2602 1249 2657 Illi
1270 2601 1519 2656 oratione
1546 2610 1627 2655 ter
1656 2599 1818 2663 dicta,
1846 2599 1959 2653 vir-

356 2709 474 2755 tute
495 2699 608 2770 jam
652 2699 797 2769 pleni
827 2705 1097 2768 reponunt
1125 2696 1391 2767 capitibus
1420 2696 1603 2767 galeas
1622 2733 1638 2761 ,
1668 2701 1817 2750 scuta
1855 2692 1963 2747 tol-

358 2797 499 2862 lunt,
554 2795 693 2849 tubae
744 2802 968 2857 canunt,
1021 2793 1172 2863 signa
1216 2790 1514 2860 procedunt
1556 2788 1651 2861 (de
1706 2785 1960 2841 Mortibus

355 2896 636 2961 μεῖναι,
679 2902 726 2942 c.
753 2887 847 2951 te,
890 2896 1016 2939 tom.
1055 2887 1152 2954 tt);
1195 2882 1488 2947 Liciniani,
1519 2881 1719 2950 impetu
1772 2878 1953 2944 facto,

355 2980 705 3035 adversarios
749 2977 1009 3032 invadunt
1055 2994 1075 3028 ι
1128 2974 1327 3047 (ιωάη
1359 2992 1404 3028 c.
1447 2975 1513 3029 47
1533 2972 1577 3045 ).
1633 2972 1823 3027 Nonne
1873 2970 1961 3024 hic

356 3074 508 3129 idem
533 3071 653 3143 ipse
679 3079 763 3127 est
790 3070 1052 3134 Licinius,
1081 3068 1174 3139 qui
1215 3068 1346 3122 fecit
1374 3066 1539 3121 multa
1570 3080 1690 3135 quae
1717 3063 1843 3119 boni
1872 3077 1960 3117 so-

357 3167 496 3229 ient,
517 3164 719 3235 quique
745 3181 764 3215 ι
790 3162 860 3218 de
881 3160 1220 3217 restituenda
1238 3158 1481 3214 Ecclesia
1506 3159 1712 3211 litteras
1736 3155 1965 3225 prepoui

2057 2060 2169 2113 tum
2197 2057 2360 2114 etiam
2390 2058 2459 2113 ab
2479 2058 2639 2114 editis
2668 2055 3008 2129 quibusnam.
3033 2052 3243 2129 Aliqua:
3266 2068 3440 2114 tamen
3473 2059 3661 2129 legun-

2057 2164 2143 2210 tnr
2168 2154 2221 2210 in
2263 2153 2503 2225 probatis
2530 2152 2827 2219 codicibus,
2859 2152 2913 2207 at
2943 2156 3049 2208 non
3082 2146 3292 2208 omnes.
3322 2150 3503 2208 Facile
3531 2167 3663 2209 con-

2059 2246 2374 2305 troversiam
2427 2247 2672 2313 dirimes,
2723 2248 2768 2302 si
2822 2244 3095 2317 duplicem
3151 2242 3411 2316 conjicias
3465 2245 3661 2302 factam

2059 2341 2224 2397 fuisse
2243 2352 2271 2396 a
2291 2340 2572 2397 Lactantio
2595 2337 2900 2395 Divinarum
2925 2336 3318 2394 institutionum
3338 2332 3659 2393 editionem:

2061 2446 2219 2489 unam
2265 2433 2509 2489 triStihus
2546 2431 2839 2488 Liciniana:
2880 2428 3267 2501 persecdtionis
3304 2426 3661 2500 temporibus,

2061 2541 2205 2580 anno
2255 2524 2360 2580 320
2390 2528 2481 2579 aut
2510 2524 2883 2592 521,alteram
2938 2531 3059 2594 pust
3102 2518 3348 2578 eumdem
3395 2520 3665 2577 devictum

2061 2626 2224 2691 atoue
2271 2620 2325 2674 iit
2366 2618 2610 2674 ordinem
2655 2618 2930 2673 redactum
2955 2659 2968 2682 ,
2998 2624 3140 2671 anno
3171 2616 3297 2673 52.1.
3326 2610 3479 2672 Tunc
3514 2615 3663 2671 Con-

2062 2716 2332 2772 stantinus
2353 2755 2370 2781 ,
2402 2719 2554 2783 parta
2607 2712 2862 2779 victoria,
2897 2714 2918 2763 ὰ
2966 2708 3247 2776 Maiorum,
3291 2720 3310 2763 ι
3346 2709 3397 2764 id
3427 2712 3508 2765 est
3529 2751 3543 2776 ,
3574 2702 3667 2765 Li-

2064 2807 2189 2862 Cinii
2217 2815 2270 2862 et
2313 2802 2642 2867 Martiniani,
2680 2821 2697 2854 ι
2738 2802 2877 2858 male
2920 2792 3166 2857 consulta
3217 2797 3455 2857 rescidit.
3494 2814 3515 2854 ι
3561 2800 3668 2856 Sed

2068 2901 2389 2969 scriptorem
2430 2904 2488 2952 Se
2532 2894 2947 2952 moderatiorem
2981 2894 3411 2965 prudenti-mque
3441 2892 3672 2965 praebuit

2066 3004 2135 3049 eo
2181 2993 2282 3048 loci
2324 2990 2670 3058 Lactantius,
2716 2996 2820 3045 non
2866 2986 3136 3060 appellato
3186 2984 3403 3045 nomine
3450 2982 3664 3057 Licinii,

2072 3088 2314 3159 proxima
2365 3086 2745 3158 conjunctione
2803 3098 2925 3140 etim
2996 3082 3321 3154 imperatore
3376 3078 3666 3153 conjuncti.

2068 3185 2455 3241 Constantinus
2506 3179 2651 3239 enim
2705 3190 2950 3237 Sororem
3008 3176 3376 3236 Constantiam
3436 3190 3668 3232 nitorem

354 3258 592 3329 jussit...
621 3266 677 3311 ct
702 3256 865 3311 verbo
886 3254 1134 3308 hortatus
1159 3260 1264 3319 est,
1295 3260 1355 3306 ut
1377 3249 1752 3306 conventicula
1793 3246 1962 3319 (chri-
1991 3248 2036 3313 C
2074 3281 2299 3337 Luem-,0
2326 3278 2640 3335 "admorat.

355 3348 691 3420 etianorum)
733 3351 784 3403 in
828 3357 1027 3402 statum
1066 3346 1349 3416 pristinum
1390 3342 1781 3399 redderentur?
1817 3361 1835 3393 ›
1870 3340 1970 3413 (De

358 3445 417 3501 51
426 3455 527 3500 ort.
575 3460 797 3516 penem,
826 3460 870 3497 ε.
897 3443 967 3498 48
988 3482 1001 3507 ,
1032 3443 1182 3495 initio
1211 3451 1257 3495 et
1282 3443 1336 3494 in
1362 3441 1512 3510 ﬁne.)
1542 3440 1797 3495 Attamen
1830 3438 1975 3492 inse-

360 3538 554 3609 quitur
580 3551 676 3592 eos
704 3538 851 3606 ipsos
880 3534 1071 3600 honos,
1103 3546 1334 3605 quorum
1359 3547 1579 3586 causam
1607 3544 1764 3586 antea
1787 3542 1969 3586 susce-

360 3638 545 3703 perat.
581 3629 830 3698 rapitque
854 3628 1057 3693 omnia,
1084 3633 1139 3681 et
1164 3626 1348 3691 violat,
1375 3635 1430 3680 et
1450 3632 1631 3680 vertat.

444 3726 542 3779 Illa
578 3740 708 3781 vero
743 3723 1017 3779 Liciniana
1060 3722 1365 3792 persecutio
1408 3721 1460 3773 in
1498 3718 1722 3774 Oriente
1764 3723 1972 3771 tantum

364 3818 662 3882 saviehat;
685 3815 1050 3872 occidentales
1079 3813 1222 3869 enim
1252 3811 1461 3883 imperii
1491 3823 1671 3881 partes
1693 3826 1810 3879 qute
1833 3806 1976 3864 Con-

364 3911 639 3975 stantino,
665 3923 758 3965 eas
786 3918 844 3962 ut
862 3917 1093 3978 regeret,
1118 3905 1491 3976 obtingebant,
1517 3904 1637 3958 data
1657 3901 1976 3973 jamdudum

366 4018 427 4062 et
474 4005 688 4059 firmata
722 4020 854 4073 pace
904 4002 1259 4057 fruebantur.
1331 4000 1467 4053 Hinc
1504 3997 1820 4053 Laetantius
1863 3997 1980 4065 ipse

364 4114 651 4155 summum
696 4098 1077 4166 imperatorem
1122 4093 1438 4163 alloquens,
1479 4090 1557 4144 ait
1593 4104 1607 4144 :
1647 4107 1667 4142 ι
1700 4087 1856 4143 Maiis
1887 4086 1978 4157 qui

366 4191 556 4246 adhuc
579 4188 840 4244 adversus
863 4187 1040 4257 justos
1066 4187 1117 4240 in
1143 4184 1262 4239 aliis
1292 4193 1559 4238 terrarum
1593 4181 1833 4252 partibus
1871 4193 1978 4233 ste-

366 4286 553 4348 viunt,
586 4290 789 4353 quanto
819 4282 1012 4349 serius,
1044 4290 1197 4334 tanto
1221 4275 1599 4334 vehementius
1628 4274 1769 4330 idem
1795 4273 1983 4330 Omni-

371 4384 577 4448 potens
602 4373 906 4431 mercedem
929 4371 1155 4428 sceleris
1181 4369 1450 4426 exsolvet.
1484 4367 1663 4440 (Libm
1708 4382 1726 4421 ι
1781 4364 1979 4431 lnatit.,

368 4485 422 4524 c.
460 4466 508 4533 1,
539 4467 643 4522 col.
666 4465 789 4533 H7,
816 4475 948 4519 nasi.
973 4465 1102 4532 ινφ),
1136 4463 1246 4518 Hac
1267 4461 1428 4533 igitur
1451 4460 1709 4515 smviente
1730 4456 1979 4513 orientali

372 4558 767 4634 persecutione
795 4573 923 4615 suas
951 4557 1197 4629 scripsit,
1224 4571 1354 4612 suas
1397 4553 1566 4610 edidit
1608 4551 1979 4609 lnstitutiones

371 4653 714 4720 Lactantius,
745 4651 797 4706 id
828 4661 946 4719 est,
975 4664 1118 4706 anno
1158 4649 1295 4705 forte
1324 4646 1432 4705 520
1460 4657 1552 4702 aut
1590 4644 1718 4701 521.
1757 4644 1828 4699 At
1868 4658 1978 4700 non
2003 4639 2057 4704 Ι)

374 4746 506 4803 dum
528 4745 840 4801 exsolverat
870 4745 1006 4798 Deus
1037 4742 1246 4798 Licinio
1278 4738 1584 4796 mercedem
1617 4738 1701 4793 sui
1733 4736 1977 4791 sceleris.

456 4838 654 4893 Verum
698 4835 970 4908 peroratio
1004 4836 1069 4890 ad
1104 4832 1521 4889 Constantinum
1557 4829 1870 4900 posterioris
1900 4828 1982 4884 vi-

379 4931 541 4986 detur
568 4944 688 4986 esse
719 4930 1003 4999 temporis,
1033 4928 1161 4983 anni
1186 4926 1395 4982 scilicet
1420 4925 1700 4995 524,{cum
1730 4922 1833 4979 soli
1862 4921 1987 4976 huic

380 5026 614 5099 principi
635 5036 848 5098 pareret
873 5025 1179 5079 Romanum
1205 5019 1515 5093 imperium,
1543 5017 1750 5074 Licinio
1769 5016 1986 5073 devicto

380 5130 444 5176 et
475 5119 657 5188 procul
684 5136 714 5174 a
744 5117 1020 5188 republica
1045 5125 1278 5172 remoto.
1316 5132 1335 5165 ι
1365 5112 1462 5178 Te,
1494 5131 1514 5165 ›
1546 5111 1721 5182 inquit
1746 5108 1985 5165 Lactan-

385 5214 520 5277 tius,
560 5231 578 5264 ι
607 5212 947 5269 Providentia
998 5224 1226 5266 summa:
1273 5206 1577 5263 Divinitatis
1604 5204 1672 5259 ad
1716 5203 1985 5274 fastigium

382 5307 683 5380 principale
712 5304 992 5378 provexit,
1025 5304 1115 5375 qui
1148 5316 1337 5374 posses
1366 5315 1491 5356 vera
1527 5299 1726 5368 pietate
1754 5297 1985 5353 aliorum

377 5403 523 5458 male
567 5402 815 5458 consulta
863 5396 1210 5462 rescindere,
1243 5404 1465 5465 peccata
1496 5393 1792 5463 corrigere,
1826 5389 1987 5445 saluti

380 5496 661 5552 hominum
685 5504 909 5565 paterna
937 5492 1225 5549 clementia
1253 5490 1559 5562 providere,
1584 5490 1731 5559 ipsos
1752 5486 1987 5558 denique

378 5590 556 5646 malos
574 5605 603 5644 a
637 5587 913 5658 republica
935 5585 1286 5651 submovere,
1314 5597 1451 5655 quos
1478 5596 1687 5638 summa
1718 5588 1986 5651 potestate

377 5683 623 5753 deiectos
648 5682 790 5753 (quis
814 5680 963 5736 verba
988 5678 1243 5735 neminem
1268 5678 1429 5733 alium
1452 5692 1604 5748 quam
1631 5674 1887 5729 Licinium
1906 5674 1988 5728 in-

373 5778 553 5831 dicant
590 5776 644 5828 in
674 5774 909 5828 ordinem
941 5769 1229 5845 redactum)
1260 5772 1313 5827 in
1339 5784 1532 5827 manus
1563 5780 1680 5824 tuas
1710 5767 1849 5823 Deus
1876 5774 1986 5821 tra-

2146 3374 2283 3443 Qnin
2340 3375 2500 3430 etiam
2554 3368 2785 3427 fatentur
2831 3372 3021 3426 omnes
3075 3360 3169 3422 has
3212 3366 3505 3431 orationes,
3560 3372 3668 3419 tam

2075 3469 2295 3524 ineunte
2323 3462 2459 3524 libro
2490 3484 2505 3522 ι
2548 3480 2702 3538 quam
2745 3462 3027 3519 desinente
3070 3463 3323 3531 septimo,
3356 3458 3511 3530 plane
3544 3458 3676 3514 Lac-

2078 3566 2375 3618 tantianum
2405 3576 2709 3617 sermonem
2744 3558 3020 3614 redolere:
3052 3556 3156 3627 dua
3184 3554 3251 3610 de
3282 3564 3339 3609 re
3360 3553 3676 3607 disserimus

2080 3650 2270 3711 iisdem
2301 3652 2352 3709 in
2385 3656 2542 3721 locis,
2572 3651 2781 3708 collatis
2810 3644 2995 3705 Iiaruth
3039 3644 3261 3703 vocibus
3299 3662 3418 3704 cum
3465 3642 3678 3701 indubi-

2079 3748 2204 3803 tatis
2232 3740 2494 3802 Lactantii
2524 3742 2774 3815 loquendi
2827 3734 3092 3796 formulis.
3121 3737 3227 3795 Sed
3263 3736 3404 3793 unde
3428 3738 3543 3791 ﬁeri
3578 3750 3675 3806 po-

2082 3849 2204 3907 te5t,
2236 3842 2292 3895 ut
2320 3848 2465 3908 Saepe
2490 3852 2556 3893 ex
2587 3832 2671 3891 his
2697 3834 3032 3892 orationibus
3075 3846 3175 3888 una
3219 3842 3311 3886 aut
3348 3824 3538 3895 altera,
3570 3844 3677 3883 non

2081 3942 2258 3988 autem
2282 3928 2474 3987 ultima
2504 3931 2709 3999 legatur
2728 3922 3045 3999 quibusdam
3078 3924 3130 3979 in
3160 3920 3537 3991 manuscriptis
3560 3918 3680 3991 (i)?

2083 4020 2140 4082 id
2170 4040 2300 4080 sane
2334 4018 2431 4079 fuit
2458 4023 2655 4078 factum
2688 4029 2909 4091 propter
2936 4014 3169 4082 diversa,
3202 4032 3266 4072 ex
3287 4016 3479 4086 qubus
3503 4020 3681 4085 poste-

2084 4119 2256 4175 riores
2287 4117 2500 4174 codices
2532 4110 2786 4184 descripti
2810 4116 2954 4176 sunt,
2993 4112 3344 4180 exemplaria.
3389 4110 3522 4163 Cum
3551 4108 3682 4162 istas

2083 4214 2356 4270 orationes
2379 4208 2689 4267 Lactantius
2714 4205 2826 4263 suis
2857 4203 3062 4261 addidit
3106 4201 3553 4265 institutionibus,
3591 4215 3683 4255 so-

2087 4306 2170 4363 lus
2192 4306 2414 4378 regebat
2451 4298 2837 4358 Constantinus
2859 4296 3159 4354 Romanum
3205 4295 3508 4363 imperium.
3540 4293 3605 4345 At
3635 4291 3683 4346 si

2085 4398 2255 4456 altera
2304 4398 2441 4454 facta
2473 4402 2559 4453 est
2606 4394 2890 4450 Lactantio
2940 4392 3247 4447 Divinarum
3282 4382 3680 4441 Institutionutn

2086 4488 2252 4548 editio
2279 4500 2421 4546 anno
2448 4488 2573 4554 521,
2610 4486 2801 4559 putuit,
2832 4484 2979 4540 verbi
3012 4485 3200 4553 gratia,
3234 4481 3372 4535 inter
3402 4477 3685 4533 luereticos

2087 4582 2359 4656 appellare
2408 4582 2637 4637 Arianos
2684 4577 2797 4651 (lib.
2829 4593 2881 4633 tv
2929 4568 3181 4641 Iastium,
3212 4586 3258 4627 ε.
3297 4571 3411 4642 30),
3449 4580 3681 4637 quorum

2086 4691 2281 4733 nomen
2331 4675 2387 4729 in
2441 4672 2726 4745 plurimis,
2785 4672 2957 4741 iisque
3018 4667 3248 4738 antiquis
3308 4664 3685 4734 nianuscriptis

2086 4772 2302 4843 legitur.
2354 4766 2472 4825 Jain
2518 4768 2662 4824 enim
2726 4765 2887 4822 Atius
2938 4764 3006 4821 ab
3060 4757 3370 4819 Alexandro
3429 4759 3685 4828 episcopo

2088 4862 2411 4920 Alexandria
2454 4861 2625 4916 fuerat
2670 4860 2895 4931 ejectus,
2951 4864 3005 4912 et
3057 4855 3344 4911 damnatus
3381 4851 3590 4907 duabus
3629 4850 3685 4905 in

2090 4956 2334 5029 synodis,
2369 4954 2524 5009 antiis
2559 4951 2806 5008 videlicet
2833 4950 3012 5006 319m
3035 4947 3159 5003 3‘24.

2159 5042 2250 5106 XI.
2284 5048 2541 5118 Quamvis
2585 5045 2814 5118 gentiles
2851 5041 3174 5098 cei-tioribus
3204 5036 3505 5110 smpissime
3531 5051 3684 5091 coar-

2085 5142 2265 5214 guerit
2306 5140 2674 5211 argumentis,
2724 5135 2969 5207 quamvis
3022 5133 3336 5203 religionem
3386 5132 3595 5184 sincere
3631 5134 3689 5183 et

2088 5234 2317 5292 candide
2340 5233 2570 5289 coluerit
2591 5228 2916 5292 Lactantius,
2946 5240 3053 5281 non
3080 5223 3315 5279 difﬂteor
3336 5234 3534 5287 tamen,
3559 5235 3683 5275 eum

2089 5328 2409 5403 quibusdam
2451 5325 2767 5381 obstrictum
2796 5322 2966 5378 fuisse
3004 5318 3300 5374 erroribus.
3335 5315 3443 5370 llos
3470 5313 3687 5369 diverso

2091 5424 2272 5479 animo
2313 5420 2720 5491 unusquisque,
2765 5425 2926 5486 prout
2951 5412 3178 5468 allectus
3206 5418 3292 5465 est
3321 5408 3688 5479 reprehendit.

2095 5518 2263 5573 Recte
2282 5516 2350 5572 de
2368 5508 2648 5572 Lactantio
2669 5526 2790 5566 cum
2815 5506 2872 5565 S.
2894 5502 3221 5579 Hieronymo
3248 5502 3446 5577 (Epist.
3467 5503 3534 5555 ad
3558 5500 3699 5554 Pau-

2100 5610 2287 5682 linum)
2336 5609 2565 5666 dicimus
2612 5622 2624 5660 :
2665 5625 2683 5658 ι
2720 5604 2932 5661 Utinam
2986 5611 3092 5656 tam
3140 5607 3324 5657 uestra
3375 5596 3696 5653 coniirtnare

2182 5773 2263 5846 (l)
2291 5772 2381 5846 Sic
2412 5771 2462 5825 in
2499 5780 2601 5846 nis.
2631 5758 2892 5821 Lactantii
2928 5756 3305 5846 Patrapapuc.
3338 5754 3396 5813 S.
3441 5748 3698 5826 Honorati

385 5871 550 5935 sidit
577 5868 728 5947 (quia
766 5866 999 5931 Licinius
1045 5866 1119 5928 bis
1160 5830 1564 5929 a'Comtautino
1601 5862 1792 5936 rictus,
1835 5861 2013 5925 cedere
2109 5830 2295 5911 Oratio
2325 5844 2418 5906 lib.
2453 5857 2471 5909 t
2504 5840 2716 5918 legitur.
2747 5849 2799 5896 at
2828 5852 2935 5901 non
2966 5850 3029 5897 ea
3055 5830 3150 5898 lib.
3178 5847 3270 5903 vn.
