4172 6202
510 271 581 331 63
1688 280 2059 340 ΡΒιΕῐιἋΤΙΟ
2095 283 2124 339 ll

2230 281 2661 344 .ACTANTIUM.
3744 283 3817 343 64

513 389 797 462 potuisset,
835 406 995 463 quam
1022 390 1180 449 facile
1225 393 1398 450 aliena
1429 394 1730 452 deSIruxit!
1761 397 1869 454 Sed
1912 412 2018 454 non
2045 412 2112 453 eo
2136 400 2188 462 Α
2215 398 2490 456 οΙιτεοπιωη
2506 400 2777 471 dogmata,
2795 398 3322 473 quaequandoquein
3340 399 3662 473 quibusdam
3677 414 3813 458 mss.

510 481 910 553 progredimur,
956 492 1012 538 ut
1051 498 1174 540 eum
1203 500 1323 541 cum
1353 486 1592 545 Antonio
1620 487 1895 545 Raudensi
1931 487 2009 563 (l)
2045 506 2112 547 ex

514 574 706 631 ordine
753 577 1042 644 Minorutn,
1086 580 1270 635 saeculi
1312 596 1383 636 xv
1431 581 1704 653 theologo,
1752 583 2109 656 exagitemus,

515 670 668 741 quasi
700 670 816 742 ejus
848 671 971 727 libri
1002 671 1301 729 haeresibus
1336 684 1393 731 et
1433 676 1709 747 impietate
1752 677 1989 750 undique
2028 694 2114 736 re-

515 761 637 817 ferti
665 762 792 817 siut.
825 763 977 819 Mens
999 780 1120 820 mea
1151 781 1258 820 non
1284 775 1366 822 est
1397 766 1449 823 in
1483 768 1657 823 varias
1694 767 1998 826 doctiorum
2031 771 2114 827 in-

514 870 736 914 currere
763 859 1237 930 reprehensiones,
1267 875 1337 917 ue
1368 860 1557 917 eadem
1588 863 1641 918 in
1665 878 1753 919 me
1778 864 2000 920 dicteria
2028 864 2111 920 in-

516 949 788 1022 ferantur,
818 954 997 1025 qualia
1032 963 1290 1025 expertus
1325 964 1411 1012 est
1453 955 1755 1012 Raudensis
1794 957 1923 1024 ille,
1952 973 2113 1030 quem

515 1058 625 1103 non
677 1045 851 1101 solum
903 1046 1143 1102 Adamus
1198 1046 1279 1120 (2)
1330 1047 1550 1119 quidam
1580 1088 1596 1115 ,
1654 1049 1956 1106 monachus
2008 1050 2116 1108 Ge-

518 1138 761 1205 nuensis,
787 1145 940 1194 notat
966 1137 1320 1195 vehementer
1344 1148 1403 1196 ut
1427 1141 1695 1208 insanum,
1726 1156 1912 1197 verum
1951 1143 2113 1199 etiam

518 1231 843 1290 Franciscus
868 1234 1132 1291 Philelfus
1159 1234 1425 1290 bonarum
1474 1235 1566 1293 ille
1608 1236 1910 1293 litterarum
1942 1238 2119 1294 cultor

517 1326 790 1382 assiduus.
823 1327 916 1383 Sic
945 1327 1088 1383 enim
1126 1327 1423 1383 Antonium
1456 1328 1800 1386 Baudensem
1826 1330 2119 1401 alloquitur

519 1419 828 1493 (Philelfus,
872 1420 963 1475 lib.
992 1437 1027 1476 v
1066 1420 1262 1493 Ερὶει.,
1292 1422 1363 1477 ad
1387 1438 1475 1477 an.
1511 1423 1693 1495 1445),
1725 1432 1944 1496 propter
1978 1424 2120 1482 male

519 1521 576 1568 et
596 1512 795 1568 insulse
812 1512 1199 1584 reprehensum
1224 1512 1293 1568 ab
1310 1528 1377 1569 eo
1400 1514 1572 1571 tribus
1588 1514 1742 1571 libris
1757 1515 2116 1572 Lactantium:

526 1624 546 1658 ι
577 1604 784 1661 Vellem
810 1605 1083 1677 equidem,
1113 1605 1275 1663 Pater
1299 1606 1523 1677 optime,
1547 1606 1617 1664 ab
1640 1608 1788 1663 omni
1819 1607 2121 1665 istiusmodi

521 1699 793 1756 scribendi
843 1714 1044 1771 genere
1071 1708 1123 1756 te
1160 1700 1542 1766 continuisses,
1573 1715 1751 1772 neque
1798 1716 1924 1757 cum
1976 1701 2122 1757 insa-

2217 491 2337 563 ejus
2359 494 2637 549 codicibus
2662 509 2727 549 ac
2749 494 2909 550 editis
2934 495 3207 566 leguntur.
3246 495 3321 551 Ea
3351 496 3497 552 enim
3524 495 3617 551 vix
3651 509 3814 567 repe-

2216 588 2324 643 ries
2353 588 2406 643 in
2430 588 2655 643 vetustis
2684 588 3116 660 exemplaribus;
3142 599 3234 646 aut
3266 590 3461 646 saltem
3488 590 3544 647 in
3573 592 3816 663 margine

2218 680 2578 752 quorumdam
2608 681 2879 754 adscripta
2912 694 3072 749 sunt,
3109 684 3257 741 velut
3281 696 3536 742 extranea
3569 697 3625 742 et
3659 701 3818 757 pere-

2216 774 2393 845 grina.
2423 776 2492 830 At
2520 791 2629 830 uno
2658 775 2844 845 verbo,
2872 776 3183 835 Manichaeis
3216 793 3324 835 nou
3355 778 3654 836 adhaesisse
3677 780 3816 837 Lac-

2218 868 2447 922 tantium
2470 908 2483 933 ,
2529 883 2595 924 ex
2636 868 2855 924 silentio
2886 868 2946 925 S.
2979 869 3292 944 Hieronymi
3331 880 3387 927 et
3424 871 3483 929 S.
3527 873 3816 944 Augustini

2218 958 2562 1032 aliorumque
2587 961 2911 1031 scriptorum
2936 963 3281 1021 manifestum
3293 974 3395 1021 est.
3415 965 3473 1021 In
3494 965 3818 1024 Manichaeo-

2218 1067 2337 1107 rum
2375 1067 2540 1123 grege
2572 1053 2753 1110 nullus
2793 1070 3028 1125 unquam
3068 1071 3191 1112 eum
3223 1059 3632 1127 annumeravit,
3672 1060 3816 1131 quod

2220 1146 2404 1216 procul
2426 1146 2591 1202 dubio
2613 1161 2721 1203 non
2736 1148 3066 1215 omisissent,
3081 1150 3128 1205 si
3154 1165 3342 1205 ansam
3357 1150 3410 1206 in
3440 1165 3507 1208 eo
3520 1150 3818 1223 reprehen-

2219 1238 2388 1294 sionis
2401 1237 2641 1295 dedisset
2653 1238 2984 1295 Lactantius.
2999 1241 3092 1297 lite
3107 1241 3309 1298 etenim
3323 1242 3627 1315 impietates
3639 1246 3821 1316 saepisn

2222 1329 2361 1385 sime
2381 1340 2578 1386 assuta:
2600 1333 2769 1387 textui
2793 1332 3147 1390 Lactantiano
3176 1350 3282 1392 non
3314 1335 3476 1392 modo
3500 1338 3824 1408 perturbant

2223 1421 2517 1493 Scriptoris
2571 1440 2901 1492 sermonem,
2953 1443 3138 1484 verum
3181 1429 3345 1485 etiam
3395 1429 3513 1502 ejus
3552 1430 3817 1489 doctrina:

2223 1515 2384 1586 plane
2413 1525 2540 1572 sunt
2567 1520 2872 1583 contrarim,
2906 1529 2963 1575 ut
2983 1519 3110 1575 data
3140 1520 3434 1579 occasione
3454 1522 3820 1580 ostendimus.

2296 1605 2438 1665 XIV.
2469 1608 2727 1679 Quamvis
2755 1611 2809 1666 in
2836 1611 3157 1683 explicanda
3185 1613 3347 1671 Verbi
3384 1614 3561 1671 divini
3598 1630 3823 1688 genera-

2224 1698 2375 1756 tione
2402 1717 2509 1756 nou
2537 1702 2801 1759 erraverit
2828 1704 3165 1773 Lactantius,
3198 1706 3376 1762 minus
3404 1716 3585 1763 tamen
3612 1708 3826 1765 theolo-

523 1794 707 1850 nieute
737 1793 978 1850 Candido
1024 1793 1317 1850 Decembre
1361 1794 1613 1866 desipere
1652 1794 1769 1866 ipse
1805 1794 2072 1851 voluisses
2103 1813 2118 1851 :
2149 1797 2198 1859 Β
2224 1795 2343 1864 gice
2372 1795 2585 1851 locutus
2606 1804 2689 1851 est
2718 1814 2732 1850 :
2763 1796 2858 1852 sed
2892 1795 3339 1869 philosophorum
3367 1799 3623 1872 loquendi
3649 1800 3827 1858 modis

524 1887 579 1946 id
609 1897 755 1944 certe
775 1887 967 1943 fuisset
989 1899 1043 1944 et
1062 1886 1290 1954 ordinis,
1312 1897 1368 1943 et
1392 1887 1667 1959 dignitatis
1685 1895 1809 1943 tuae.
1825 1886 1958 1955 Quae
1977 1887 2119 1945 enim

527 1998 624 2055 per
652 1981 1014 2038 immortalem
1034 1981 1204 2038 Deum
1227 1980 1455 2037 fanatica
1486 1980 1627 2036 ratio
1649 1989 1702 2036 te
1732 1980 2042 2048 commovit,
2067 1988 2124 2036 ut

523 2076 749 2150 perinde
773 2085 935 2147 atque
961 2075 1158 2131 infesto
1197 2075 1454 2146 quodam,
1481 2082 1644 2146 atque
1667 2075 1886 2131 inimico
1906 2074 2121 2130 afﬂatus

525 2169 752 2242 Spiritu,
782 2170 836 2225 in
866 2169 1038 2224 virum
1066 2168 1215 2224 illum
1238 2167 1615 2224 doctissimum
1642 2176 1804 2237 atque
1832 2167 2125 2223 disertissi—

525 2281 671 2322 mum
705 2273 813 2320 tam
841 2262 1162 2329 insolenter,
1195 2270 1302 2318 tam
1337 2261 1613 2333 injuriose,
1646 2270 1752 2317 tam
1785 2261 1948 2332 impie
1974 2262 2127 2319 inve-

526 2357 755 2423 hereris,
798 2366 859 2412 ut
895 2371 1001 2413 non
1032 2370 1121 2413 res
1149 2355 1324 2412 solum
1369 2369 1508 2427 pene
1537 2354 1963 2412 innumerabiles
1988 2369 2122 2412 con-

525 2451 667 2507 sulto
695 2449 832 2506 male
853 2448 1242 2521 interpreteris,
1266 2448 1363 2505 sed
1397 2462 1592 2503 nomen
1614 2448 1775 2503 etiam
1798 2446 1900 2502 viri
1929 2446 2125 2518 depra-

527 2560 657 2602 vare
699 2544 1004 2611 studueris;
1034 2551 1218 2614 utpote
1246 2557 1406 2613 quem
1435 2541 1755 2598 Lacteusium
1779 2556 1878 2612 pro
1898 2540 2124 2596 Lactan-

528 2640 599 2696 tio
626 2639 909 2695 nomines?
937 2637 1069 2693 Nam
1100 2637 1171 2694 de
1210 2637 1374 2693 rebus
1413 2636 1547 2707 ipsis
1585 2635 1712 2706 quid
1739 2636 1960 2706 loquar,
1993 2650 2127 2706 quas

526 2732 612 2788 vel
643 2731 825 2802 pueris
854 2740 1011 2786 notas
1033 2728 1161 2785 dum
1186 2743 1534 2800 corrumpere
1569 2727 1786 2784 laboras
1805 2769 1821 2797 ,
1858 2737 1910 2783 te
1950 2727 2129 2782 omni-

528 2822 630 2881 bus
652 2822 882 2879 eruditis
911 2831 968 2878 et
994 2821 1329 2894 gravissimis
1354 2821 1486 2877 viris
1507 2821 1736 2877 ridiculo
1756 2820 1989 2893 praebes.
2023 2820 2128 2876 Pu-

527 2916 620 2973 det
647 2931 732 2972 me
760 2916 1001 2987 profecto
1025 2931 1087 2973 ea
1116 2916 1170 2971 in
1202 2915 1438 2973 medium
1461 2915 1726 2987 proferre,
1745 2930 1864 2986 qua:
1894 2929 1924 2969 a
1951 2922 2003 2970 te
2020 2928 2129 2970 non

527 3013 709 3084 inepte
734 3011 933 3076 minus,
962 3026 1125 3082 quam
1152 3025 1435 3082 perperam
1474 3018 1655 3065 notata
1697 3018 1825 3064 sunt
1847 3018 2009 3079 atque
2040 3023 2129 3064 re-

529 3104 819 3176 prehensa.
855 3125 875 3159 ι
905 3104 1176 3175 Nusquam
1218 3101 1333 3158 vidi
1374 3100 1594 3158 Antonii
1635 3101 1788 3157 istius
1830 3100 2129 3157 Raudensis

2226 1888 2411 1953 utitur,
2443 1888 2587 1958 quod
2613 1889 2887 1946 interdum
2919 1891 3104 1947 evenit
3125 1891 3192 1948 iis
3211 1892 3545 1963 auctoribus,
3572 1893 3664 1965 qui
3688 1904 3817 1952 ante

2222 1980 2502 2039 Nictenum
2553 1982 2892 2053 scripserunt
2931 1983 3224 2041 concilium
3247 2027 3262 2053 ,
3306 1999 3415 2057 quo
3442 2001 3551 2042 non
3578 1986 3827 2043 doctrina

2228 2079 2437 2129 tantum
2464 2075 2730 2132 catholica
2760 2076 3048 2134 dilucidius
3083 2089 3138 2135 et
3170 2078 3383 2150 planius
3407 2095 3569 2151 quam
3597 2082 3830 2139 antehac

2227 2167 2490 2238 explicata
2515 2179 2819 2233 est,verum
2849 2171 3009 2226 etiam
3043 2186 3204 2228 voces
3226 2170 3490 2229 doctrinae
3511 2172 3825 2231 christiana:

2228 2262 2463 2316 maxime
2490 2275 2746 2318 consona:
2768 2260 3013 2318 formatae
3038 2272 3168 2320 sunt
3192 2271 3250 2320 et
3273 2264 3605 2323 constitutae.
3636 2264 3815 2323 Caete-

2228 2367 2347 2408 rum
2377 2352 2543 2409 verba
2573 2369 2693 2425 quae
2723 2370 2787 2411 ex
2814 2355 2990 2427 capite
3019 2355 3053 2413 9
3109 2354 3230 2412 libri
3269 2357 3494 2414 secundi
3534 2356 3833 2414 Institutio-

2231 2461 2357 2500 num
2381 2455 2567 2501 contra
2598 2462 2815 2503 sensum
2835 2447 3093 2504 Ecclesiae
3117 2459 3372 2522 excerpta
3400 2465 3523 2508 esse
3547 2460 3824 2524 putantur,

2235 2551 2299 2594 ea
2328 2552 2428 2593 nec
2457 2538 2509 2592 in
2538 2538 2774 2610 antiquis
2819 2541 3069 2611 leguntur
3109 2542 3541 2613 exemplaribus,
3585 2558 3686 2599 nec
3720 2543 3829 2598 illis

2228 2631 2489 2685 convenit
2530 2645 2653 2686 cum
2685 2631 2931 2688 doctrina
2975 2632 3271 2703 Lactantii,
3304 2635 3395 2707 qui
3434 2635 3693 2704 Verbum,
3739 2637 3833 2693 Dei

2229 2723 2425 2780 Filium
2447 2767 2463 2791 ,
2515 2735 2644 2782 ante
2682 2726 2876 2782 smcula
2906 2727 3070 2784 fuisse
3097 2729 3336 2800 genitum
3375 2731 3685 2801 pronuntiat
3715 2732 3733 2796 (
3760 2731 3831 2786 li-

2230 2819 2320 2875 bro
2371 2836 2423 2875 tv
2468 2819 2665 2888 Instit.,
2716 2838 2764 2875 c.
2798 2821 2878 2892 6),
2921 2822 3065 2894 quod
3104 2823 3374 2896 negabant
3415 2826 3623 2881 Ariani.
3668 2824 3825 2882 Hunc

2230 2914 2393 2970 etiam
2432 2932 2450 2966 t
2478 2930 2689 2970 summo
2719 2914 2865 2970 Patri
2895 2915 3125 2971 similem
3145 2936 3164 2969 ι
3199 2918 3514 2988 pronuntiat
3544 2917 3653 2990 (lib.
3681 2933 3754 2986 tv,
3776 2933 3824 2973 c.

2233 3007 2322 3070 15,
2353 3006 2524 3076 initio)
2558 3024 2571 3060 :
2602 3007 2731 3078 quin
2761 3008 2871 3062 imo
2896 3005 3059 3063 Isaias
3082 3008 3724 3082 inquit(ibid.)Cbristum
3746 3020 3833 3067 «ct

2236 3098 2401 3154 Deum
2424 3098 2590 3155 fuisse
2617 3109 2673 3154 et
2689 3098 2961 3155 hominem
2982 3110 3229 3156 testatur.
3265 3120 3284 3155 ι
3315 3101 3405 3158 Sic
3429 3118 3589 3172 porro
3617 3103 3691 3158 ait
3710 3117 3830 3174 cap.

530 3206 835 3252 erratorum
862 3194 1124 3250 Lactantii
1156 3194 1322 3250 libros
1349 3202 1458 3249 tres
1487 3193 1627 3266 typis
1648 3192 1971 3249 commissos
1996 3209 2011 3248 :
2034 3207 2126 3247 eo-
2154 3190 2200 3254 C
2234 3192 2303 3249 l9
2324 3191 2445 3246 libri
2479 3208 2548 3246 vn
2577 3209 2589 3245 :
2622 3211 2641 3245 ι
2683 3191 2777 3247 Hic
2802 3201 2887 3248 est
2912 3193 3054 3248 enim
3084 3193 3362 3259 liberator,
3397 3204 3452 3250 et
3466 3193 3657 3264 judex,
3678 3204 3735 3250 ct
3759 3196 3838 3250 ul-

529 3303 649 3344 rum
690 3289 745 3344 in
782 3287 1116 3343 Bibliotheca
1144 3287 1305 3358 Regia
1353 3286 1450 3340 tria
1495 3286 1743 3341 novimus
1780 3283 2117 3355 exemplaria

534 3397 699 3438 manu
725 3388 978 3447 exarata;
1016 3379 1174 3436 editae
1197 3388 1402 3436 tantum
1437 3378 1654 3435 luerunt
1682 3393 1751 3434 ex
1776 3378 1842 3434 iis
1879 3376 2128 3451 quaedam

532 3473 803 3544 decerpta:
823 3473 1223 3529 annotationes.

604 3566 722 3625 XII.
752 3565 985 3622 Nimium
1006 3567 1168 3622 etiam
1199 3563 1441 3622 excrevit
1465 3563 1691 3634 Josephi
1720 3564 1833 3619 lsmi
1864 3578 2127 3633 censura,

533 3676 638 3732 qua
668 3662 720 3715 in
744 3660 1029 3716 Lactantio
1052 3657 1525 3730 reprehenduntur
1547 3657 1948 3729 propositiones
1964 3672 2132 3714 nona-

532 3757 682 3829 ginta
728 3765 979 3827 qnatuor,
1022 3769 1250 3824 quarum
1284 3762 1463 3809 tamen
1506 3749 1787 3822 quaedam,
1831 3752 1949 3821 ipso
1995 3760 2133 3807 teste

532 3849 668 3907 Isaeo
687 3890 704 3917 ,
732 3848 963 3919 benigna
993 3861 1158 3903 sensu
1183 3855 1306 3902 sunt
1343 3842 1762 3915 interpretandae
1781 3885 1798 3911 ,
1840 3842 1986 3914 quod
2018 3842 2122 3897 ali-

531 3940 748 4013 quando
768 3939 879 3995 lieri
898 3939 1035 3995 solet
1049 3939 1100 3992 in
1125 3937 1607 3994 vetustissimorum
1628 3945 1931 4005 temporum
1968 3936 2133 4005 scrip-

534 4034 739 4088 toribus
781 4032 1187 4089 ecclesiasticis.
1242 4030 1497 4086 Libeuter
1527 4029 1705 4099 potius
1755 4026 2133 4098 amplectimur

532 4127 756 4185 Joannis
803 4126 982 4183 Mariae
1023 4125 1333 4183 Brasichelli
1388 4125 1763 4180 annotationes
1808 4121 2121 4190 censorias,

534 4238 655 4294 qua:
678 4221 938 4276 moderati
965 4228 1091 4275 sunt
1118 4218 1377 4289 theologi.
1411 4216 1582 4287 Hujus
1604 4213 2128 4281 animadversiones,

537 4317 638 4374 etsi
670 4316 972 4382 Lactantio,
1007 4314 1097 4370 ubi
1125 4327 1259 4386 opus
1292 4321 1432 4378 erat,
1460 4309 2015 4374 accomodaverimus,
2042 4322 2137 4363 eas

535 4409 1033 4467 nihilominnsinl‘ra
1059 4408 1281 4464 subnuo
1315 4406 1465 4479 quasi
1479 4413 1771 4476 conspectu
1788 4403 2128 4460 exhibemus.

608 4504 751 4561 Xlll.
780 4506 888 4560 Nec
907 4504 1067 4561 etiam
1084 4504 1367 4561 Lactantio
1383 4499 1659 4573 adjudices
1675 4498 1837 4570 impia
1851 4498 1941 4554 illa
1961 4496 2137 4554 Mani-

609 4665 694 4733 (l)
722 4663 858 4720 Vide
883 4664 1082 4720 Lucam
1105 4664 1428 4733 Wadingum
1454 4662 1508 4717 in
1535 4660 2023 4733 libroSeriptorum
2046 4673 2135 4714 or-

538 4729 687 4791 dinis
708 4735 995 4794 Minorum.
1028 4735 1263 4799 in-l'olio,
1286 4729 1471 4790 Romae
1495 4732 1656 4787 1650.
1676 4731 1773 4785 llic
1788 4741 1965 4784 autem
1988 4729 2137 4785 Rau-

535 4807 717 4861 densis
741 4807 935 4862 librum
964 4807 1132 4862 edidit
1154 4807 1313 4861 alium
1336 4806 1400 4859 de
1430 4802 1595 4857 Verbo
1617 4803 1769 4873 bono.
1789 4817 1948 4873 quem
1973 4816 2138 4873 prop-

539 4878 841 4950 tcrstylum
873 4878 1099 4933 multum
1125 4878 1360 4948 exagitat
1388 4874 1710 4950 Laurentius
1726 4872 1900 4927 Valla.

613 4948 884 5021 (2)‘Hujus
908 4953 958 5003 iu
989 4950 1329 5021 Ratulensem
1361 4948 1687 5021 epigramma
1720 4958 1974 5021 versuum
2013 4951 2139 5021 octo

537 5013 732 5091 legitur
753 5013 813 5077 in
829 5022 1066 5077 editione
1096 5020 1359 5075 Lactantii
1383 5013 1625 5091 Romana
1657 5016 1782 5091 anni
1808 5014 1968 5091 “68,
1995 5013 2137 5084 apud

538 5085 758 5147 Patrum
791 5092 860 5149 de
891 5092 1166 5155 Maximis.
1217 5091 1358 5146 unde
1400 5089 1533 5144 illud
1562 5086 1849 5152 exscripsit
1879 5085 2138 5141 Albertus

542 5163 821 5220 Fabricius
880 5164 1233 5219 Bibliotheca:
1295 5161 1499 5217 Latinte
1542 5158 1966 5228 Supplemeuto,
2010 5171 2134 5229 pag.

541 5235 668 5291 395.
701 5237 813 5292 Hoc
838 5252 901 5292 eo
931 5236 1035 5291 loci
1055 5235 1185 5290 dare
1213 5234 1369 5289 nobis
1400 5234 1572 5288 visum
1599 5240 1721 5286 est:

602 5371 696 5422 Hic
719 5374 848 5422 male
873 5375 1109 5438 corripuit
1131 5372 1323 5438 stolidis
1346 5370 1589 5438 Antonius
1611 5367 1904 5438 (Hapdensis
1919 5367 2053 5419 ausis

694 5439 961 5485 Auctorem
985 5430 1076 5485 {in
1098 5436 1245 5486 variis
1264 5446 1409 5484 causa
1434 5433 1604 5495 pianda
1626 5430 1765 5483 locis.

601 5495 709 5548 Non
732 5506 841 5547 erat
864 5500 915 5549 in
938 5499 1163 5548 tenebris
1185 5505 1414 5547 errantes
1439 5496 1666 5557 imaginis
1689 5499 1874 5544 astrum

696 5559 900 5622 Dicere,
929 5560 1006 5610 vel
1030 5558 1242 5622 nitidum
1263 5559 1371 5622 luce
1397 5570 1577 5622 carere
1592 5558 1754 5622 jubar.

602 5621 833 5683 Denique
857 5620 966 5673 cum
991 5628 1173 5673 sancta:
1206 5620 1446 5671 Ecclesiw
1470 5620 1546 5681 pia
1566 5620 1749 5669 lumina
1770 5623 1984 5670 constet.

697 5682 950 5749 Obsequio
974 5698 1039 5735 ex
1064 5692 1199 5749 tanto
1220 5684 1516 5749 conticuisse
1538 5682 1678 5749 vi_ro_;

601 5747 677 5799 Tu
701 5742 1072 5812 verofcloquio
1094 5748 1263 5809 lingua
1284 5744 1546 5812 interdicta
1559 5742 1743 5812 Latino
1764 5781 1778 5809 ,

698 5806 720 5859 Ι
741 5804 987 5875 cubitum;
1011 5823 1123 5866 nam
1144 5804 1197 5864 te
1217 5805 1435 5873 pensitat
1455 5804 1750 5863 elleborum;

2236 3296 2341 3353 tor,
2370 3296 2423 3342 et
2454 3285 2591 3353 Rex,
2612 3295 2667 3341 et
2699 3287 2860 3353 Deus,
2885 3302 3047 3357 quem
3080 3302 3179 3343 nos
3199 3286 3473 3342 Christum
3505 3301 3782 3343 vocamus.
3811 3307 3831 3342 ι

2236 3377 2343 3435 Sed
2376 3378 2674 3433 doctrinam
2699 3377 3056 3446 catholicam,
3098 3377 3312 3449 qualem
3357 3393 3479 3434 eam
3516 3378 3754 3449 reperias
3782 3379 3838 3435 in

2234 3472 2486 3529 Patribus
2514 3471 3103 3543 ante—Nicaeuis,atque
3119 3472 3170 3528 in
3193 3472 3432 3543 probatis
3452 3472 3665 3527 illorum
3697 3481 3838 3528 tem-

2234 3580 2425 3636 porum
2458 3564 2821 3634 scriptoribus
2852 3564 3258 3630 ecclesiasticis,
3293 3564 3476 3622 multis
3502 3563 3683 3619 verbis
3709 3579 3838 3635 pra:-

2234 3656 2378 3713 dicat
2401 3667 2591 3713 auctor
2618 3666 2822 3715 noster.
2858 3675 2878 3710 t
2901 3655 3036 3714 Cum
3059 3657 3306 3725 dicimus,
3328 3657 3519 3728 inquit,
3545 3656 3714 3713 Deum
3735 3656 3841 3713 Pa-

2238 3758 2372 3804 trem
2406 3758 2461 3806 et
2493 3750 2662 3806 Deum
2693 3750 2889 3805 Filium
2911 3792 2926 3817 ,
2970 3764 3076 3804 non
3113 3749 3387 3806 diversum
3418 3748 3681 3816 dicimus,
3734 3765 3833 3807 nec

2237 3847 2526 3910 utrumque
2556 3841 2909 3904 secernimns,
2938 3841 3060 3910 quia
3091 3855 3192 3895 nec
3223 3840 3382 3896 Pater
3416 3842 3535 3898 sine
3558 3841 3698 3897 Filio
3718 3856 3840 3898 esse

2239 3941 2438 4004 potest,
2463 3945 2565 3987 nec
2580 3931 2750 3988 Filius
2767 3947 2796 3985 a
2818 3932 2978 3988 Patre
3003 3933 3286 3988 secerni...
3310 3930 3444 3988 Cum
3469 3933 3631 4004 igitur
3657 3942 3713 3989 et
3739 3933 3839 3989 Pa-

2239 4033 2322 4081 ter
2349 4023 2542 4080 Filium
2560 4023 2739 4091 faciat,
2769 4024 3013 4081 etFilius
3032 4025 3268 4093 Patrem,
3299 4042 3405 4081 una
3429 4029 3643 4098 utrique
3664 4041 3837 4095 mens,

2236 4131 2377 4173 unus
2404 4116 2646 4188 spiritus,
2674 4133 2779 4173 una
2804 4117 3091 4173 substantia
3112 4127 3256 4173 est...
3287 4117 3355 4173 Et
3384 4116 3554 4173 Filius
3578 4132 3642 4173 ac
3669 4118 3831 4174 Pater

2236 4211 2328 4283 qui
2357 4211 2643 4267 unanimes
2682 4212 2926 4267 incolunt
2979 4212 3235 4267 mundum
3269 4211 3410 4268 Deus
3435 4227 3575 4268 unus
3593 4253 3608 4278 ,
3633 4213 3757 4284 quia
3785 4221 3844 4269 et

2237 4316 2376 4359 unus
2400 4311 2485 4359 est
2514 4313 2787 4375 tamquam
2817 4303 2944 4371 duo,
2972 4311 3029 4360 et
3051 4302 3159 4358 duo
3191 4312 3461 4375 tamquam
3485 4317 3690 4360 unus...
3722 4303 3830 4360 De-

2238 4396 2402 4468 nique
2447 4411 2613 4452 unum
2649 4397 2818 4452 Deum
2857 4411 2979 4452 esse
3023 4405 3129 4451 tam
3173 4396 3384 4451 Patrem
3432 4411 3592 4468 quam
3643 4395 3840 4453 Filium

2239 4489 2405 4547 Isaias
2435 4491 2690 4547 ostendit.
2717 4509 2737 4543 ι
2762 4490 2888 4545 Haec
2915 4490 3094 4544 omnia
3122 4488 3407 4560 scriptoris
3445 4500 3570 4545 sunt
3593 4488 3841 4562 apprime

2163 4588 2218 4650 Ι)
2240 4583 2529 4650 catholici,
2564 4593 2725 4654 atque
2751 4592 2862 4637 tum
2899 4597 2929 4637 a
2956 4582 3159 4650 verbis,
3190 4590 3302 4637 tum
3334 4598 3363 4637 a
3400 4592 3581 4639 mente
3613 4584 3841 4641 Ariano-

2239 4691 2357 4731 rum
2384 4676 2606 4731 omnino
2630 4676 2827 4741 aliena,
2844 4676 3016 4747 iisque
3040 4678 3272 4731 maxime
3287 4678 3579 4732 contraria.
3605 4677 3668 4733 Hi
3689 4680 3835 4734 enim

2238 4782 2499 4839 nusquam
2524 4768 2776 4823 dixerunt
2792 4768 3006 4824 Patrem
3034 4778 3089 4825 et
3112 4768 3306 4824 Filium
3338 4786 3358 4821 ι
3392 4771 3551 4825 unius
3568 4785 3688 4826 esse
3705 4771 3836 4827 sub-

2238 4864 2469 4919 stantiae.
2510 4883 2529 4917 ›
2556 4863 2756 4919 Verum
2788 4872 2988 4919 tantam
3011 4863 3113 4920 sibi
3144 4863 3473 4927 Lactantius,
3505 4872 3614 4919 tum
3635 4866 3704 4920 ob
3728 4864 3840 4921 sin-

2239 4955 2485 5027 gularem
2527 4954 2857 5022 facundiam,
2888 4965 2998 5011 tum
3029 4955 3098 5011 ob
3129 4958 3329 5010 variam
3376 4956 3844 5027 multiplicemque

2242 5051 2625 5119 eruditionem,
2668 5050 3051 5105 conciliaverat
3094 5048 3235 5120 apud
3259 5049 3512 5121 antiquos
3551 5050 3845 5106 auctorita-

2242 5153 2374 5208 tem,
2405 5153 2467 5199 ut
2495 5143 2614 5215 ejus
2638 5143 2867 5214 scripta,
2898 5153 3169 5212 tamquam
3208 5142 3311 5197 sibi
3338 5140 3607 5211 faverent,
3648 5158 3722 5199 ex
3763 5143 3845 5199 in-

2241 5236 2401 5308 genio
2430 5234 2776 5306 corruperint
2806 5234 3045 5290 litcretici
3085 5232 3338 5306 quidam,
3383 5234 3496 5290 sive
3532 5233 3844 5305 Manichati,

2242 5328 2359 5384 sive
2383 5328 2593 5384 Ariani.

2314 5419 2432 5476 XV.
2453 5421 2521 5475 At
2536 5434 2833 5491 suspensus
2855 5419 3039 5476 haereo
3062 5430 3283 5493 propter
3305 5421 3362 5478 S.
3384 5420 3696 5492 Hieronymi
3717 5434 3847 5477 auc-

2248 5514 2538 5571 :‘oritatem.
2561 5513 2791 5570 Sanctus
2816 5515 2961 5569 enim
2995 5515 3194 5570 Doctor
3233 5514 3308 5568 ait
3346 5512 3542 5586 (Epist.
3574 5513 3644 5566 ad
3689 5511 3847 5569 Pant-

2240 5607 2438 5683 mach.)
2472 5606 2841 5677 Lactantium,
2882 5627 2899 5662 ι
2927 5623 3115 5666 errore
3142 5606 3368 5664 Judaico
3406 5606 3460 5661 in
3506 5605 3661 5662 libris
3700 5606 3843 5676 suis,

2244 5702 2476 5758 maxime
2507 5702 2559 5756 in
2587 5700 2832 5772 epistolis
2846 5702 2912 5758 ad
2930 5700 3350 5768 Demetrianum,
3373 5714 3569 5772 negare
3589 5701 3845 5775 substan-

2246 5794 2379 5852 tlam
2407 5793 2642 5867 Spiritus
2672 5794 2864 5853 sancti.
2896 5813 2916 5846 ι
2949 5786 3149 5851 Verum
3178 5789 3339 5859 huius
3358 5792 3561 5851 erroris
3577 5776 3648 5856 tie
3677 5786 3841 5851 vestit
