4172 6202
293 198 364 256 65
1452 201 1823 262 l’R/EFATIO
1860 201 1929 262 IN
1966 199 2443 264 LACTANTIUM.
3523 205 3596 267 66

293 314 431 387 gium
461 310 675 382 quidem
706 316 853 369 extat
883 309 935 369 in
965 310 1391 383 Institutionum,
1421 316 1649 390 aliiSqnc
1679 322 1795 390 ejus
1823 320 1889 376 li-
1915 323 1965 382 Α
1994 320 2208 391 quidam
2239 317 2598 385 adhibendus,
2619 330 2688 374 ne
2714 318 3060 376 amanuensis
3079 326 3316 377 erratum
3337 317 3459 378 loco
3480 321 3594 378 veri

292 406 420 461 bris.
448 404 584 460 Hinc
607 420 729 460 cum
752 404 942 461 eodem
965 405 1296 480 Hieronymo
1317 409 1428 479 (tib.
1453 412 1540 465 tin
1570 411 1796 483 Epistol.
1822 414 1890 467 ad

293 497 486 563 (λεῖαι,
510 513 558 552 c.
585 495 646 568 4)
674 497 854 553 dicere
887 498 1041 554 nobis
1069 499 1228 555 liceat
1254 519 1266 554 :
1288 519 1306 553 ι
1341 501 1471 569 Quis
1501 503 1630 557 mihi
1661 503 1888 559 interdi-

289 606 414 648 cere
457 597 634 661 potest
672 605 743 646 ne
783 591 956 660 legam
1006 591 1404 648 lnstitutionum
1453 595 1652 662 libros,
1695 597 1892 666 quibus

290 693 474 740 contra
503 683 706 740 Gentes
741 684 958 755 scripsit
988 684 1298 751 fortissime,
1331 688 1453 752 quia
1485 690 1732 758 superior
1763 705 1891 744 sen-

292 777 453 834 tentia
479 776 798 832 detestenda
821 777 941 832 est?
970 796 988 829 ›
1023 776 1097 831 Ita
1130 793 1292 847 porro
1323 777 1530 836 locutus
1553 788 1635 834 est
1660 781 1891 835 erravit-

290 886 393 942 qtte
420 869 734 925 Lactantius
782 886 802 921 t
839 886 936 940 per
962 870 1282 941 imperitiam
1309 872 1711 944 Scripturarum
1731 916 1743 940 ,
1764 893 1782 927 ›
1817 875 1895 931 ait

293 963 434 1020 idem
466 972 686 1017 sanctus
715 961 932 1017 Doctor.

366 1055 502 1112 XVI.
533 1053 722 1110 Nullus
755 1064 934 1110 tamen
976 1055 1271 1122 difﬁtetur,
1303 1055 1357 1111 in
1394 1059 1717 1114 sententiam
1747 1073 1896 1115 erro-

294 1162 489 1219 resque
524 1146 943 1202 Millenariorum
974 1147 1319 1204 descendisse
1355 1149 1713 1206 Lactantium.
1745 1151 1898 1206 Exis-

295 1241 678 1306 timavitenim,
701 1257 824 1296 cum
844 1241 970 1296 viris
991 1253 1116 1298 tunc
1132 1242 1376 1314 apprime
1389 1243 1692 1309 catholicis,
1712 1243 1899 1300 Chris-

296 1345 408 1391 tum
437 1334 744 1400 Dominum,
777 1343 1038 1405 vergente
1073 1333 1140 1389 ad
1172 1334 1332 1389 ﬁnem
1363 1335 1592 1402 mundo,
1628 1351 1724 1406 per
1755 1337 1899 1392 mille

295 1441 467 1484 annos
492 1442 612 1484 cum
635 1425 795 1497 justis
828 1425 1134 1482 hominibus
1165 1427 1218 1481 in
1253 1437 1394 1482 terra
1425 1438 1796 1500 regnaturum.
1831 1431 1901 1485 At

291 1521 401 1592 jam
433 1536 462 1574 a
497 1520 666 1575 multo
696 1529 944 1590 tempore
970 1519 1216 1576 sublatus
1241 1529 1325 1577 est
1351 1537 1383 1578 a
1419 1522 1724 1579 Christiana
1767 1525 1898 1580 reli-

294 1612 458 1684 gione
486 1611 572 1668 hic
597 1627 770 1676 error,
789 1611 944 1681 cujus
971 1626 1164 1681 parens
1179 1611 1278 1668 fuit
1299 1613 1606 1684 virquidam
1631 1617 1771 1686 pius,
1801 1616 1901 1670 Pa-

1993 413 2317 482 scriptorum
2352 413 2618 468 sermonis
2641 412 2986 481 suscipiatur.

2067 503 2267 558 Eorum
2289 506 2739 575 qualemcumque
2768 505 3141 575 pertexuimus
3169 506 3425 574 indicem,
3447 507 3598 563 addi-

1997 603 2070 659 to,
2097 607 2352 665 quantum
2389 599 2440 652 in
2483 597 2636 652 nobis
2665 597 2778 660 fuit,
2813 598 3121 668 scriptionis
3143 607 3410 670 tempore,
3444 616 3513 656 ne
3542 599 3598 656 in

1995 701 2280 741 censuram
2309 688 2643 742 eruditorum
2683 688 3105 744 incurreremus.
3137 690 3244 746 Nec
3282 690 3446 762 igitur
3482 692 3601 748 sine

1996 781 2205 835 ratione
2245 779 2480 836 Gallzeus
2509 781 2788 850 culpatur,
2825 782 3021 838 merito
3050 782 3215 838 lsmus
3255 784 3369 854 ipse
3400 784 3603 854 impro-

1997 872 2174 941 batur,
2209 875 2301 944 qtti
2329 890 2452 930 cum
2479 874 2765 931 duodecim
2791 875 3080 932 Vaticanos
3109 878 3324 934 codices
3353 880 3601 949 inspexe-

1999 969 2102 1032 rit,
2129 982 2316 1022 eorum
2351 977 2530 1024 tamen
2563 978 2776 1026 aetatem
2801 987 2909 1025 non
2945 971 3219 1028 indicavit.
3253 973 3420 1029 Recte
3449 989 3600 1044 ergo,

1998 1060 2126 1129 quin
2159 1060 2266 1114 imo
2289 1069 2346 1115 et
2375 1063 2700 1130 rectissime,
2734 1063 3116 1120 Bunemannus
3143 1065 3218 1120 ait
3242 1065 3606 1136 (Prwfationis

1998 1167 2106 1205 suae
2127 1151 2483 1208 Lactantiana:
2507 1155 2768 1219 editionis,
2803 1173 2924 1228 pag.
2959 1155 3015 1229 7)
3043 1171 3056 1208 :
3095 1157 3239 1212 «Non
3270 1158 3455 1214 dubito
3483 1168 3607 1229 post

1998 1244 2120 1299 Ismi
2147 1253 2389 1312 tempora
2425 1249 2607 1317 plures
2638 1249 2854 1305 codices
2879 1250 2930 1304 in
2959 1250 3268 1307 Vaticanam
3296 1253 3604 1324 (Bibliothe-

2001 1350 2112 1389 cam
2140 1335 2324 1408 fuisse)
2354 1338 2554 1393 illatos.
2591 1338 2838 1405 Utinam,
2887 1342 3089 1412 inquit,
3132 1343 3430 1412 Opitulante
3465 1345 3597 1400 Eut-

2003 1443 2316 1485 Nenrtssmo
2342 1430 2658 1499 PASStom-zo,
2689 1435 2959 1504 praecipuo
2987 1435 3287 1490 litterarum
3303 1436 3604 1505 elegantio-

2004 1537 2124 1576 rum
2159 1532 2416 1592 patrono,
2459 1525 2652 1594 aliquis
2693 1525 2818 1581 inde
2856 1526 2923 1581 ad
2955 1527 3295 1584 Lactantium
3327 1529 3605 1586 illustran-

2005 1611 2133 1666 dum
2162 1611 2370 1668 l'ructus
2395 1615 2557 1669 etiam
2585 1617 2917 1684 postliminio
2947 1619 3305 1676 redundaret!
3339 1639 3358 1672 ι

294 1707 413 1778 pias
428 1705 651 1769 scilicet,
669 1705 958 1774 episcopus
971 1703 1385 1775 Hierapoleosin
1412 1706 1663 1779 Phrygia,
1681 1708 1899 1764 ineunte
1927 1704 1975 1765 B
2074 1703 2258 1762 XVIII.
2290 1705 2464 1761 Variae
2484 1725 2626 1764 nunc
2646 1710 2794 1765 brevi
2821 1713 3199 1781 percurrendze
3224 1723 3351 1770 sunt
3377 1714 3606 1772 Lactan-

294 1799 500 1858 sarculo
519 1797 772 1855 secundo.
797 1797 954 1854 Hunc
981 1809 1190 1865 autem,
1215 1814 1282 1855 ex
1307 1815 1590 1871 perperam
1622 1802 1898 1857 intellecto

296 1892 697 1964 Apocalypseos
719 1891 898 1962 capite
926 1907 999 1947 xx
1027 1900 1205 1948 ortum
1227 1933 1242 1957 ,
1275 1892 1517 1950 studiose
1545 1895 1901 1967 comprobare

295 1985 484 2040 nititur
509 1984 839 2052 Lactantius,
883 1993 996 2040 tum
1038 2001 1105 2041 ex
1134 1986 1382 2042 versibus
1406 1987 1712 2058 Virgilianis
1732 2031 1745 2054 ,
1789 2000 1900 2045 tum

296 2095 356 2136 ex
385 2078 544 2134 libris
569 2077 878 2150 Sybillinis,
910 2078 1002 2148 qui
1033 2079 1212 2134 medio
1239 2078 1431 2135 eodem
1471 2082 1667 2137 saeculo
1693 2081 1901 2139 exarati

295 2173 618 2238 creduntur,
659 2172 860 2242 quique
897 2171 1038 2240 apud
1067 2172 1273 2242 ipsum,
1317 2182 1476 2244 atque
1505 2173 1641 2230 alios
1667 2176 1899 2246 scripto-

295 2281 380 2322 res
399 2263 825 2330 ecclesiasticos,
850 2263 1140 2334 plurimum
1169 2274 1436 2334 poterant.
1460 2266 1567 2324 Sed
1595 2267 1671 2324 illi
1689 2284 1796 2325 non
1819 2279 1903 2326 est

296 2358 453 2413 venia
475 2354 812 2426 deneganda,
842 2371 1002 2426 quam
1031 2355 1122 2411 alii
1148 2357 1217 2411 ob
1249 2357 1390 2412 istud
1418 2368 1656 2415 erratum
1681 2375 1904 2432 accepe-

294 2459 444 2506 runt.
465 2449 655 2505 Merito
667 2459 847 2504 tamen
870 2457 925 2504 et
940 2450 1211 2519 sapienter
1227 2447 1475 2507 Gelasius
1497 2467 1656 2522 papa,
1673 2463 1904 2510 exeunte

294 2545 508 2602 szeculo
534 2545 740 2615 quinto,
760 2543 1024 2598 Lactantii
1055 2559 1219 2614 opera
1251 2560 1354 2599 una
1384 2561 1504 2601 cum
1536 2547 1750 2617 scriptis
1773 2563 1903 2618 apo—

293 2637 523 2709 cryphis
547 2646 863 2692 annumerat
885 2678 900 2702 ,
931 2635 1075 2706 quod
1113 2651 1175 2692 ea
1207 2652 1314 2692 non
1347 2646 1600 2707 poterant
1637 2639 1903 2696 inotl‘ensa

297 2730 526 2784 omnino
555 2727 799 2784 doctrina
824 2727 1087 2783 catholica
1118 2728 1318 2800 perlegi
1343 2745 1371 2783 a
1402 2731 1608 2787 cunctis
1632 2732 1901 2789 ﬁdelibus.

367 2822 455 2878 Ne
473 2831 654 2877 autem
675 2821 935 2877 lectorem
955 2821 1120 2878 verba
1138 2831 1192 2877 et
1216 2824 1510 2880 auctoritas
1524 2823 1786 2880 Lactantii
1811 2826 1906 2882 de-

297 2915 523 2985 cipiant,
543 2920 600 2970 et
612 2913 869 2968 inducant
885 2914 935 2968 in
951 2913 1068 2983 ejus
1081 2929 1320 2984 errores,
1345 2931 1450 2971 non
1472 2926 1678 2972 tantum
1697 2918 1747 2973 in
1766 2918 1905 2974 notis

300 3009 426 3064 illos
448 3006 797 3078 depellimus,
825 3006 920 3063 sed
948 3007 1108 3062 etiam
1139 3008 1191 3062 in
1223 3006 1382 3078 hujus
1405 3011 1533 3064 tomi
1578 3010 1740 3082 primi
1770 3027 1907 3080 pra:-

299 3103 524 3159 monitis
541 3101 845 3172 diligenter,
860 3117 924 3158 ex
945 3101 1106 3157 variis
1119 3103 1449 3172 auctoribus,
1465 3104 1840 3160 admonemus.

372 3194 543 3252 XVII.
583 3193 944 3250 Nihilominus
991 3193 1291 3250 doctissimi
1336 3196 1537 3268 quique
1582 3197 1700 3267 ejus
1743 3197 1910 3253 libros

302 3303 520 3344 summo
543 3289 598 3343 in
629 3288 802 3359 pretio
831 3287 1132 3353 habebant;
1161 3293 1322 3358 atque
1351 3287 1547 3343 mirum
1573 3298 1674 3355 est,
1699 3297 1830 3359 quot
1857 3289 1910 3343 in

307 3386 434 3440 orbe
459 3383 733 3440 litterario
775 3382 1250 3438 Lactantianorum
1286 3396 1513 3450 operum
1550 3379 1768 3436 codices
1796 3395 1912 3436 ma-

307 3479 572 3549 nuscripti
600 3478 961 3549 reperiantur.
999 3474 1054 3530 In
1077 3474 1192 3530 sola
1222 3473 1512 3530 Parisiensi
1542 3473 1674 3529 urbe
1697 3472 1911 3544 triginta

308 3580 518 3642 septem
561 3580 617 3627 et
651 3570 881 3641 amplius
921 3569 1272 3624 innotuerunt
1313 3567 1443 3622 mihi
1474 3584 1490 3622 :
1519 3567 1693 3634 multo
1730 3565 1913 3635 plures

309 3667 560 3725 invenias
587 3668 642 3724 in
670 3667 793 3725 aliis
817 3665 1005 3722 Galliae
1029 3672 1228 3719 nostra:
1258 3661 1633 3724 bibliOtbecis;
1665 3658 1755 3730 qui
1782 3671 1914 3713 vero

313 3772 540 3819 ceteras
581 3761 816 3831 Europae
863 3758 1112 3830 regiones
1171 3754 1556 3826 perlustraret,
1608 3750 1913 3806 uberiorem

306 3872 440 3914 sane
465 3865 715 3927 segetem
733 3860 1174 3924 consequeretur.
1193 3848 1451 3904 Vaticana
1475 3844 1780 3910 duodecim,
1804 3843 1916 3899 Re-

307 3951 391 4020 gia
417 3949 778 4006 Taurinensis
802 3945 1130 4003 bibliotheca
1151 3958 1345 3999 novem
1376 3939 1654 3998 exhibent.
1680 3938 1818 4006 Quid
1849 3936 1916 3992 ab

309 4043 647 4115 Hispanicis,
676 4041 911 4097 maxime
941 4038 1288 4105 Scorialensi,
1308 4035 1528 4092 omnino
1550 4032 1775 4089 eruditis
1794 4046 1918 4087 nos-

311 4138 552 4194 tratibus
566 4139 746 4208 ignota
768 4177 783 4202 ,
807 4137 1054 4206 quamvis
1067 4132 1265 4189 referta
1293 4129 1587 4184 rarioribus
1613 4141 1769 4190 mss.,
1789 4123 1920 4194 quid

313 4245 341 4284 a
368 4229 771 4301 Neapolitanis,
789 4223 1208 4296 ,Vindobonensi
1225 4265 1241 4291 ,
1261 4223 1464 4279 Veneta
1483 4262 1496 4284 ,
1523 4219 1877 4274 Ambrosiana
1899 4257 1914 4284 ,

313 4322 667 4389 Florentina,
701 4319 1010 4377 Cassinensi
1032 4361 1047 4386 ,
1090 4317 1286 4374 Siculis
1311 4312 1706 4384 expectandum
1739 4311 1921 4367 esset?

312 4416 429 4474 Non
457 4431 660 4474 omnes
680 4427 858 4471 tamen
883 4428 1036 4484 aeque
1066 4420 1189 4468 sunt
1208 4409 1411 4480 antiqui
1439 4419 1492 4462 et
1519 4407 1737 4477 optimae
1754 4415 1917 4461 notaz.

2005 1799 2062 1853 tii
2093 1800 2380 1857 editiones.
2417 1802 2518 1858 Vix
2546 1819 2684 1858 unus
2712 1814 2804 1860 aut
2834 1807 2972 1862 alter
3012 1818 3094 1862 est
3137 1809 3431 1878 scriptores
3463 1810 3608 1867 inter

2005 1894 2286 1962 profanos,
2341 1910 2411 1950 ne
2453 1895 2629 1952 dicam
2657 1899 3078 1966 ecclesiasticos,
3099 1916 3259 1971 quem
3283 1903 3484 1972 saepius
3510 1903 3603 1959 vel

2005 1983 2150 2039 docti
2176 1986 2610 2054 emendaverint,
2647 1989 2729 2043 vel
2765 1990 3084 2046 excuderint
3106 1991 3432 2062 bibliopolae.
3462 1995 3612 2050 Cen-

2007 2081 2108 2137 ties
2148 2082 2358 2153 integer
2387 2085 2552 2154 praelo
2588 2084 2862 2154 subjectus
2883 2094 2967 2142 est
2994 2103 3009 2142 ε
3041 2087 3158 2156 ejus
3185 2103 3315 2144 vero
3356 2089 3479 2144 libri
3508 2089 3607 2144 ali-

2004 2175 2148 2245 quod
2177 2175 2489 2246 quindecies
2519 2187 2574 2232 et
2607 2178 2841 2249 amplius
2881 2193 3002 2233 cum
3035 2180 3177 2236 notis
3219 2181 3420 2253 vulgati
3458 2191 3604 2238 sunt.

2005 2268 2184 2337 Atque
2209 2268 2278 2322 ab
2303 2269 2436 2338 ipsis
2469 2269 2837 2341 typographiae
2864 2271 3224 2339 incunabulis,
3256 2286 3382 2329 ante
3407 2290 3607 2332 annum

2007 2357 2241 2429 primum
2266 2359 2453 2415 saeculi
2482 2361 2679 2416 decimi
2722 2362 2882 2431 sexti,
2912 2363 3094 2420 decies
3115 2365 3317 2435 septies
3344 2367 3398 2421 in
3429 2368 3607 2423 lucem

2005 2453 2322 2524 prodierunt
2343 2473 2355 2509 :
2373 2454 2515 2525 quod
2529 2455 2616 2509 vix
2642 2455 2884 2525 reperias
2908 2457 2960 2512 in
2979 2457 3160 2529 aliquo
3189 2458 3296 2513 alio
3319 2461 3608 2530 scriptore.

2008 2545 2316 2616 Aliquando
2358 2556 2474 2613 ter,
2513 2547 2715 2617 saepius
2751 2547 2833 2602 his
2857 2563 3183 2620 unoquoque
3208 2564 3352 2606 anno
3380 2552 3612 2609 diversis

2009 2638 2062 2694 in
2094 2639 2319 2696 urbibus
2349 2640 2545 2710 publici
2565 2640 2707 2711 juris
2731 2641 2976 2698 fecerunt
3003 2658 3127 2699 eum
3167 2646 3365 2700 eruditi
3393 2655 3504 2702 tum
3531 2663 3614 2704 ca-

2009 2731 2228 2799 tholici,
2271 2742 2382 2788 tum
2417 2749 2446 2788 a
2474 2735 2622 2790 cultu
2658 2738 2930 2792 catholico
2966 2739 3213 2795 Romano
3244 2741 3427 2798 alieni.
3462 2743 3610 2812 Itali,

2008 2824 2171 2893 Galli,
2200 2827 2486 2894 Germani,
2531 2829 2775 2900 Hispani,
2811 2832 3032 2902 Batavi,
3076 2835 3233 2906 Angli
3275 2836 3418 2892 hunc
3448 2838 3610 2905 notis,

2009 2929 2270 2988 quantum
2304 2921 2356 2976 in
2398 2921 2465 2975 iis
2492 2920 2606 2988 fuit,
2648 2922 3008 2980 illustrarunt.
3041 2929 3292 2984 Attamen
3326 2945 3433 2984 non
3461 2945 3616 3001 mque

2009 3025 2200 3068 omnes
2221 3022 2348 3067 sunt
2380 3013 2538 3070 utiles
2563 3032 2575 3069 :
2601 3013 2778 3071 adhuc
2804 3017 3025 3089 aliquid.
3059 3035 3166 3074 non
3194 3020 3370 3075 solum
3407 3031 3466 3076 ut
3493 3032 3610 3077 tex-

1935 3097 1980 3162 C
2017 3114 2099 3160 tus
2125 3105 2193 3161 ab
2210 3105 2460 3162 omnibus
2485 3111 2895 3165 amanuensium
2923 3111 3134 3168 mendis
3155 3112 3294 3168 liber
3321 3114 3497 3181 ﬁeret,
3517 3129 3613 3171 ve-

2014 3213 2136 3253 rum
2174 3199 2338 3254 etiam
2369 3210 2425 3254 ut
2456 3201 2698 3270 apprime
2739 3213 2977 3260 mentem
3025 3206 3260 3260 auctoris
3293 3221 3614 3277 assequere—

2018 3307 2178 3358 mur,
2236 3293 2622 3351 desiderabant
2662 3296 2936 3353 doctiores
2991 3300 3227 3370 quiquef;
3273 3300 3620 3373 fatenturque

2017 3384 2297 3454 (Nicolaus
2342 3390 2390 3440 te
2419 3385 2638 3458 Naurry
2659 3429 2673 3453 ,
2707 3405 2734 3442 e
2771 3392 3170 3461 congregatione
3206 3391 3269 3447 S.
3315 3392 3492 3447 Mauri
3520 3393 3622 3449 Be-

2017 3479 2324 3543 nedictinus,
2360 3477 2413 3532 in
2454 3479 2727 3550 Apparatu
2751 3481 2820 3534 ad
2850 3481 3099 3537 Biblioth.
3132 3483 3240 3538 SS.
3281 3483 3458 3553 Patr.,
3489 3495 3525 3540 t.
3559 3503 3618 3553 tt,

2017 3569 2121 3624 col.
2153 3571 2282 3642 658)
2310 3588 2329 3621 t
2364 3570 2570 3627 nullam
2611 3587 2677 3628 ex
2709 3573 2960 3629 omnibus
2996 3574 3078 3628 his
3122 3575 3452 3632 editionibus
3499 3593 3623 3633 esse

2017 3664 2242 3718 omnino
2273 3661 2972 3736 perfectam,omnihusque
2999 3667 3113 3722 suis
3143 3669 3389 3724 numeris
3420 3680 3474 3725 et
3495 3685 3622 3740 par-

2019 3753 2165 3808 tibus
2186 3753 2479 3824 expletam.
2509 3773 2528 3807 ι
2581 3756 2841 3827 Equidem
2865 3758 3246 3816 vetustissimae
3268 3761 3390 3816 loco
3418 3772 3622 3818 tantum

2019 3859 2144 3905 sunt
2163 3863 2294 3905 mss.
2313 3850 2584 3918 codicum,
2612 3865 2749 3922 quos
2775 3857 3254 3924 repraesentantSi
3276 3857 3418 3912 enim
3437 3874 3624 3915 exem-

2020 3942 2211 4014 plaria,
2227 3960 2293 3999 ex
2309 3944 2506 4015 quibus
2522 3948 2920 4017 exprimuntur,
2942 3959 3187 4004 truncata
3203 3949 3490 4009 fueruntet
3505 3968 3628 4009 cor-

2021 4047 2198 4106 rupta,
2228 4038 2415 4106 procul
2441 4037 2606 4093 dubio
2637 4039 2842 4095 editum
2879 4057 3131 4098 mancum
3155 4053 3238 4098 est
3261 4055 3316 4099 et
3338 4046 3627 4116 imperfec-

2025 4141 2156 4188 tum.
2191 4133 2282 4189 Sic
2303 4133 2470 4191 editio
2491 4135 2767 4192 rarissima
2799 4139 2927 4192 anni
2955 4139 3097 4194 M63
3120 4139 3172 4193 in
3207 4141 3391 4196 multis
3418 4142 3622 4210 deﬁcit,

2024 4228 2224 4297 quippe
2245 4243 2368 4298 quae
2398 4229 2466 4284 ab
2493 4245 2602 4285 uno
2626 4238 2832 4286 tantum
2852 4231 3061 4298 codice,
3081 4249 3255 4304 eoque
3286 4235 3625 4304 imperfecto,

2024 4318 2188 4375 fuerit
2236 4320 2578 4391 deprompta.
2635 4323 2821 4378 Grreca
2875 4325 3200 4394 quandoque
3257 4330 3627 4394 praetermissa

2026 4423 2180 4480 sunt;
2214 4415 2413 4486 saepius
2443 4415 2606 4471 etiam
2653 4417 2850 4473 absunt
2885 4418 3102 4488 quidam
3141 4433 3333 4474 versus
3381 4429 3436 4474 et
3477 4435 3628 4476 com-

313 4511 508 4568 Nullus
542 4522 718 4566 tamen
745 4518 827 4565 est
856 4504 1368 4580 praetermillendUS.
1399 4503 1595 4573 quippe
1621 4501 1709 4571 (ιιιί
1739 4515 1806 4555 ex
1823 4515 1922 4553 all-
1945 4501 2002 4562 D
2025 4517 2189 4562 mata.
2227 4506 2300 4561 Ita
2331 4506 2444 4562 fere
2469 4518 2552 4562 est
2573 4508 2639 4564 de
2666 4511 2847 4577 editis,
2873 4526 2993 4580 quae
3026 4513 3241 4582 vulgata
3266 4523 3394 4568 sunt
3432 4518 3629 4586 priori-

316 4606 546 4677 tiquiori
580 4604 882 4671 descriptus
922 4600 992 4656 sit
1029 4597 1347 4670 exemplari.
1384 4593 1521 4650 Hinc
1563 4591 1777 4649 erudito
1808 4591 1918 4646 leco

320 4701 426 4755 tori
457 4712 781 4771 persuasum
805 4710 926 4751 esse
940 4693 1122 4763 debet,
1154 4690 1339 4762 quanti
1369 4689 1685 4758 scriptorem
1702 4685 1921 4756 elegan-

320 4793 598 4847 tissimum
623 4789 852 4845 fecerint
880 4787 1112 4856 majores
1143 4783 1334 4841 nostri.
1360 4781 1555 4837 Multos
1573 4789 1751 4835 tamen
1769 4793 1927 4848 repe-

322 4885 438 4940 rias
463 4883 678 4940 saeculis
710 4897 802 4936 xtv
831 4889 887 4937 et
911 4895 983 4934 xv
1011 4887 1279 4935 exaratos.
1315 4874 1463 4930 Tunc
1495 4871 1756 4942 temporis
1783 4871 1926 4927 enim

324 4979 535 5034 iterum
556 4977 745 5034 ardere
769 4985 1083 5047 cmperunt,
1127 4975 1179 5029 in
1208 4971 1358 5027 Italia
1389 4969 1688 5041 przcsertim
1706 5011 1719 5034 ,
1754 4965 1928 5023 studia

326 5074 678 5139 litterarum;
719 5082 882 5144 atque
908 5069 1241 5126 Lactantium
1268 5080 1376 5120 non
1406 5073 1628 5134 propter
1653 5062 1826 5117 solum
1853 5058 1933 5112 la-

329 5169 435 5223 tini
463 5169 723 5224 sermonis
751 5167 1009 5233 nitorem,
1028 5163 1121 5220 sed
1155 5169 1374 5230 propter
1395 5158 1597 5212 variam
1620 5171 1684 5210 ac
1711 5154 1932 5209 minime

328 5262 612 5332 vulgarem
651 5261 1010 5317 eruditionem
1053 5263 1310 5312 curarunt
1338 5251 1537 5322 ubique
1575 5246 1827 5304 describi.
1875 5244 1932 5299 In

329 5355 690 5412 emendandis
744 5371 910 5427 porro
961 5353 1247 5424 diligenter
1298 5347 1608 5404 auctoribus
1660 5341 1930 5414 antiquis,

333 5467 483 5506 unus
514 5466 616 5507 non
669 5451 871 5506 suiticit
913 5446 1306 5517 manuscriptus
1352 5443 1560 5507 codex,
1606 5439 1700 5496 sed
1752 5439 1936 5510 plures

333 5553 471 5598 sunt
494 5543 800 5598 adhibendi.
831 5540 928 5597 ille
949 5538 1164 5607 quidem
1183 5536 1669 5609 veramjectionem
1695 5529 1933 5603 profert:

332 5634 441 5691 sed
468 5634 603 5692 alius
629 5651 748 5692 eam
778 5633 1095 5700 conﬁrmat;
1135 5645 1238 5688 nec
1271 5628 1386 5686 sine
1417 5628 1647 5700 plurium
1688 5623 1930 5680 testimo-

332 5729 436 5792 nio
462 5727 661 5801 aliquid
680 5728 819 5786 certi
841 5727 1164 5800 depromere
1186 5726 1333 5783 licet.
1367 5726 1618 5780 Attamen
1645 5725 1730 5777 est
1745 5717 1936 5776 modus

2026 4600 2126 4656 bus
2155 4598 2270 4655 istis
2301 4600 2652 4670 temporibus.
2685 4601 2785 4656 Vix
2833 4611 3010 4658 textus
3053 4606 3376 4664 emendatus
3421 4620 3632 4666 utcum-

2027 4709 2134 4765 que
2165 4693 2320 4748 nobis
2345 4692 2582 4764 suppetit
2603 4703 2728 4750 ante
2747 4695 2973 4751 Aldinas
3001 4698 3270 4756 editiones
3298 4715 3402 4773 ope
3430 4712 3484 4758 et
3502 4719 3632 4760 cura

2030 4796 2142 4842 tum
2171 4787 2424 4857 Baptista:
2453 4787 2688 4858 Egnatii,
2719 4797 2829 4844 tum
2860 4789 3117 4848 Honorati
3145 4792 3630 4853 Fasitellii.Verum

2030 4879 2100 4935 ab
2130 4895 2195 4935 eo
2219 4889 2466 4951 tempore
2487 4881 2554 4937 ad
2579 4898 2784 4938 annum
2810 4885 2971 4952 1544,
3003 4902 3115 4956 quo
3145 4889 3343 4957 prodiit
3372 4891 3632 4947 emenda-

2031 4972 2145 5027 tior
2172 4971 2338 5028 editio
2363 4971 2731 5044 Coloniensis,
2760 4976 2850 5032 vix
2880 4977 2986 5033 ulla
3009 4988 3113 5048 est,
3143 4994 3264 5051 qua:
3286 4982 3474 5038 lectori
3507 4997 3636 5054 pos-

2032 5063 2102 5118 sit
2128 5063 2459 5120 satisfacere.

2105 5155 2250 5211 XIX.
2297 5154 2403 5212 Sed
2442 5156 2510 5213 ad
2543 5157 2878 5216 Lactantium
2925 5162 3136 5234 planius
3184 5164 3586 5236 intelligendum
3613 5211 3629 5238 ,

2033 5259 2255 5320 pr0pter
2287 5251 2492 5308 variam
2524 5253 2641 5324 ejus
2666 5254 2965 5311 doctrinam
2985 5300 3001 5325 ,
3045 5260 3364 5314 necessariae
3389 5270 3516 5316 sunt
3541 5277 3638 5317 an-

2039 5345 2364 5402 notationes.
2395 5349 2570 5418 Atque
2598 5348 2802 5418 primus
2846 5350 3086 5405 omnium
3122 5351 3326 5423 Xystus
3361 5353 3638 5412 Betuleius

2039 5437 2273 5507 integras
2339 5438 2650 5503 elaboravit,
2703 5457 2823 5510 quae
2888 5457 3030 5497 anno
3088 5444 3274 5512 1565,
3335 5459 3455 5518 post
3519 5451 3636 5521 ejus

2041 5539 2292 5596 mortem,
2321 5531 2548 5587 Basileae
2578 5532 2804 5602 vulgatae
2847 5533 3078 5592 fuerunt.
3128 5538 3384 5596 Erasmus
3411 5543 3631 5612 quidem

2035 5623 2148 5694 jam
2197 5638 2339 5678 anno
2385 5622 2525 5679 1529
2552 5666 2566 5692 ,
2617 5623 2669 5677 in
2723 5624 2918 5682 librum
2948 5628 3015 5685 de
3056 5629 3282 5700 Opiﬁcio
3326 5633 3419 5687 Dei
3465 5647 3632 5687 anno-

2044 5716 2364 5774 tatiunculas
2391 5715 2663 5788 ediderat,
2711 5719 2849 5776 sicut
2872 5729 2928 5778 et
2951 5721 3258 5781 Willichius
3300 5739 3440 5780 anno
3465 5723 3627 5786 1512.
