4172 6202
505 157 581 225 67
1673 152 2049 223 PMFATIO
2087 160 2155 224 IN
2192 158 2664 223 LACTANTIUM.
3754 158 3833 223 68

507 277 613 337 Sed
666 276 943 337 Betuleius
983 271 1092 335 vix'
1117 288 1251 335 mss.
1283 274 1534 335 codicum
1562 271 1853 334 'rationem
1882 277 2104 335 habuit.
2136 280 2183 342 Α
2213 290 2414 337 metam
2447 293 2584 351 opus
2614 286 2722 334 tam
2752 275 3011 335 eximium
3042 289 3149 334 non
3176 274 3535 349 perduxisse;
3562 290 3685 336 cum
3714 280 3825 350 jam

508 368 641 439 Ejus
695 381 836 427 nota:
879 372 1051 427 multo
1080 385 1239 443 quam
1271 385 1368 440 par
1411 377 1517 426 est.
1543 370 1903 440 prolixiores,
1953 378 2010 425 et
2046 368 2115 426 ad
2219 372 2394 436 tortis,
2419 373 2530 443 jam
2576 372 2813 443 ingentis
2848 386 3040 429 cursus
3083 385 3337 427 emensus
3376 381 3522 429 esset
3567 373 3825 444 spatium.

506 465 828 522 eruditionis
886 465 1047 520 variat
1100 464 1556 529 ostentationem,
1634 479 1742 520 non
1805 463 1872 519 ad
1931 463 2115 533 legen-
2217 465 2303 521 Nil
2335 464 2475 519 factu
2504 473 2622 519 erat
2649 464 2855 525 facilius
2907 481 2919 515 :
2972 464 3151 518 minus
3189 463 3375 535 procul
3414 464 3581 520 dubio
3624 464 3829 522 laboris

506 557 641 615 tium
667 557 952 615 utilitatem
997 567 1125 613 sunt
1171 556 1482 613 elaboratae.
1532 555 1757 611 Michael
1792 554 2115 612 Thomasitts
2218 557 2407 615 fuisset
2451 574 2516 612 ex
2548 557 2787 627 antiquis
2823 571 2886 611 ea
2933 555 3227 628 colligere,
3274 571 3398 625 qute
3432 564 3555 627 apta
3598 566 3725 612 sunt
3764 556 3832 614 ad

506 649 867 719 Taxaquetius
898 648 1091 707 melius
1121 649 1321 720 aliquid
1354 649 1572 705 molitus
1608 658 1691 704 est
1732 663 1745 701 :
1798 647 1893 703 sed
1928 647 2114 718 jejune
2219 650 2363 706 hunc
2391 660 2665 707 auctorem
2710 650 3126 720 explicandum;
3182 650 3303 721 plus
3329 658 3507 707 tamen
3550 651 3828 720 scientias,

506 741 795 799 admodum
819 756 948 801 usus
983 752 1067 799 est
1101 740 1312 801 duobus
1340 741 1733 812 antiquissimis
1756 740 2116 797 Bononiensi-

506 834 609 893 bus
633 833 1035 903 exemplaribus
1076 842 1131 889 et
1160 832 1433 895 Vaticanis
1458 844 1667 903 septem
1686 874 1701 898 ,
1733 848 1853 903 qua:
1884 831 2110 889 viderat.

508 924 673 982 Plane
715 924 878 997 igitur
926 934 982 981 et
1028 925 1265 996 perfecte
1308 924 1569 985 medicam
1619 940 1836 982 manum
1867 925 2118 983 omnibus

508 1018 845 1079 Lactantiani
896 1028 1079 1076 textus
1124 1019 1440 1083 vulneribus
1485 1034 1593 1075 non
1633 1018 1898 1077 adhibuit.
1950 1018 2118 1075 Multo

508 1110 801 1184 perfectior
827 1120 912 1168 est
941 1112 1057 1167 lsa’i
1085 1112 1395 1171 emendatio
1422 1151 1439 1177 ,
1472 1127 1591 1182 qua:
1617 1109 1856 1168 Camena:
1887 1112 1940 1165 in
1967 1110 2119 1167 Italia

508 1204 722 1277 vulgata
753 1203 925 1259 fuitin
953 1218 1095 1259 anno
1126 1202 1287 1271 1646,
1316 1218 1385 1260 ex
1412 1201 1690 1260 Vaticanis
1716 1202 2001 1261 duodecim
2028 1218 2120 1259 co-

509 1295 722 1353 dictbus
771 1310 1052 1366 expressa.
1102 1293 1334 1357 Criticas
1382 1310 1488 1355 non
1544 1296 1760 1364 solum,
1814 1294 1911 1352 sed
1957 1296 2120 1352 etiam

513 1388 843 1460 theologicas
892 1389 1271 1446 annotationcs
1316 1389 1583 1460 apposuit.
1636 1388 1872 1461 Thysius
1918 1403 2123 1458 paueas

514 1480 826 1547 admodum,
859 1490 913 1538 et
944 1482 1144 1539 nullius
1171 1479 1289 1539 fere
1312 1483 1570 1541 momenti
1601 1491 1757 1543 nOtas
1799 1484 1965 1541 textui
1990 1482 2120 1539 Lac-

515 1576 754 1629 tantiano
778 1578 1040 1645 aspersit;
1065 1577 1379 1647 primusque
1402 1576 1532 1631 mihi
1563 1576 1711 1633 visus
1736 1586 1819 1632 est
1844 1584 2121 1632 auctorem

2222 744 2341 813 plus
2380 743 2703 797 contulisset
2732 742 2960 814 ingenii.

2289 836 2408 891 XX.
2451 835 2588 904 Quid
2637 837 2725 892 alii
2770 836 2823 890 in
2855 835 3070 892 edendo
3114 835 3397 892 Lactantio
3442 837 3831 909 praestiterint,

2220 929 2490 992 diximus;
2534 928 2661 998 quid
2689 927 2800 996 jam
2829 927 2883 982 in
2928 927 3027 983 hac
3057 928 3298 985 editione
3323 940 3677 999 praestemus,
3708 944 3837 987 nos-

2222 1029 2365 1076 trum
2387 1029 2471 1076 est
2493 1035 2772 1075 enarrare.
2796 1019 3118 1091 Quanquam
3148 1021 3217 1077 de
3258 1030 3480 1078 auctore
3512 1033 3702 1079 nostro
3731 1038 3834 1094 op-

2224 1113 2351 1168 time
2371 1112 2444 1167 sit
2470 1113 2695 1167 meritus
2720 1111 2879 1168 Joan.
2904 1112 3062 1183 Bapt.
3114 1113 3167 1169 le
3191 1113 3358 1181 Brun,
3378 1114 3627 1185 quadam
3654 1125 3833 1172 tamen

2222 1205 2341 1278 ejus
2365 1205 2805 1262 annotationibus
2843 1206 3094 1263 addenda
3139 1222 3262 1264 esse
3308 1210 3514 1278 putavi.
3561 1208 3663 1265 Vix
3698 1210 3831 1266 mihi

2223 1300 2487 1356 creditum
2539 1310 2623 1356 est
2671 1301 2830 1372 hujus
2886 1301 3115 1358 editoris
3159 1304 3554 1375 autographum
3601 1303 3835 1361 Lactan-

2226 1393 2451 1457 tianum,
2467 1406 2587 1448 cum
2618 1393 2671 1449 in
2692 1400 2933 1449 mentem
2955 1392 3265 1460 mihivenit,
3287 1403 3345 1450 ut
3374 1409 3508 1466 quas
3535 1396 3653 1467 ipse
3679 1404 3838 1452 notas

2226 1500 2601 1559 congesseram
2631 1487 2799 1554 olim,
2841 1487 2896 1542 in
2940 1502 3106 1542 unum
3147 1502 3271 1543 cum
3318 1487 3486 1543 variis
3512 1488 3840 1544 lectionibus

2224 1597 2254 1636 a
2272 1581 2478 1638 Joanne
2499 1582 2551 1638 le
2572 1582 2716 1638 Brun
2740 1581 2982 1638 collectis
3004 1581 3319 1653 copularem
3346 1593 3509 1654 atque
3527 1583 3835 1655 jungerem.

516 1679 758 1729 nostrum
785 1670 1091 1741 corrupisse
1120 1669 1241 1727 libri
1268 1687 1307 1738 ι,
1334 1669 1510 1739 capite
1536 1671 1622 1726 15.
1646 1670 1818 1738 Quam
1845 1679 2123 1740 corrupte-
2151 1670 2200 1732 Β
2227 1674 2339 1732 Hac
2385 1675 2592 1733 ratione
2638 1674 2941 1730 existimavi
2990 1674 3104 1729 ﬁeri
3152 1689 3346 1745 posse,
3396 1684 3457 1730 ut
3500 1675 3838 1731 eruditorum

515 1762 621 1817 lam
648 1763 926 1834 amplexus
955 1772 1038 1819 est
1058 1806 1071 1828 ,
1102 1771 1261 1832 atque
1289 1764 1516 1833 longiori
1546 1806 1559 1827 ,
1586 1779 1745 1833 quam
1774 1779 1869 1834 par
1895 1774 1999 1826 est,
2026 1778 2122 1817 an-

516 1854 791 1913 notatioue
828 1864 1014 1913 contra
1046 1855 1215 1913 honos
1248 1870 1426 1915 mores
1453 1870 1517 1913 ao
1564 1856 1846 1911 veritatem
1891 1870 2122 1925 evange-

516 1947 674 2009 licam
700 1947 941 2013 defendit
975 1947 1210 2009 Galltetts
1237 1989 1254 2016 ,
1297 1957 1354 2007 ut
1386 1964 1483 2017 pro
1522 1963 1682 2005 usura
1720 1958 2118 2019 propugnaret;

517 2056 617 2101 nec
642 2056 760 2097 eam
788 2040 1080 2101 emendare
1108 2048 1419 2111 sategeruut
1447 2039 1708 2110 Sparkius
1737 2053 1791 2095 et
1820 2040 2119 2097 Walchius.

517 2133 751 2193 Gallmus
776 2138 890 2206 ipse
913 2176 927 2201 ,
976 2150 1118 2195 anno
1149 2133 1317 2203 1660,
1357 2134 1783 2193 emendatiorem
1813 2151 1877 2190 ac
1905 2136 2124 2201 nitidio-

517 2244 630 2283 retn
654 2228 867 2298 juvenis
892 2229 1109 2287 molitus
1148 2240 1231 2291 est
1277 2227 1539 2291 Lactantii
1578 2228 1916 2296 editionem,
1958 2244 2120 2299 quam

518 2323 659 2378 uotis
708 2321 943 2393 undique
995 2322 1353 2392 conquisitis,
1394 2322 1669 2379 extraneis
1721 2336 1868 2391 saepe
1894 2363 1908 2387 ,
1956 2330 2015 2377 et
2051 2320 2122 2379 ad

517 2414 916 2477 controversias
983 2413 1316 2484 theologicas
1377 2413 1746 2485 spectantibus
1810 2414 2119 2470 illustravit.

518 2506 778 2579 Sparkius
804 2505 1010 2565 Gallaeo
1029 2547 1043 2575 ,
1088 2508 1191 2565 etsi
1234 2506 1406 2567 multo
1431 2506 1664 2576 parcior,
1698 2505 1910 2562 doctior
1938 2514 2123 2563 tamen

518 2600 636 2657 fuit.
668 2598 1128 2671 Cantabrigiensia
1158 2599 1332 2657 editor
1360 2598 1583 2667 fatetur,
1609 2614 1670 2655 se
1690 2599 1890 2657 iterum
1918 2597 2122 2655 cudere

519 2693 940 2755 Thomasianum
981 2700 1211 2757 textum.
1246 2691 1514 2749 Cellarius
1541 2690 1806 2763 quasdam
1827 2732 1844 2757 ,
1893 2691 1989 2751 sed
2019 2705 2123 2748 nec

517 2786 736 2843 inutiles
752 2795 927 2853 notas,
944 2801 1043 2853 nec
1060 2785 1306 2849 indoctas
1319 2783 1575 2855 adiunxit
1592 2794 1677 2843 sat
1690 2783 1993 2843 emendata:
2008 2798 2123 2840 suae

518 2880 760 2939 editioni.
783 2879 1023 2939 Joannes
1040 2878 1311 2950 Georgius
1338 2877 1620 2937 Walchius
1647 2878 1733 2935 vix
1758 2892 1934 2934 annos
1963 2886 2123 2937 natus

522 2974 710 3046 viginti
738 2975 790 3029 in
822 2973 1105 3035 Lactantio
1133 2972 1477 3035 emendando
1496 2972 1773 3042 Specimen
1802 2971 1945 3028 acris
1968 2969 2117 3041 judit

2227 1769 2465 1825 omnium
2496 1768 2997 1824 animadversiones
3035 1766 3151 1822 haec
3196 1767 3491 1822 novissima
3525 1783 3832 1839 repraesen-

2227 1869 2366 1916 taret
2414 1859 2617 1928 editio,
2674 1868 2836 1930 atque
2875 1867 3190 1915 cunctarum
3242 1860 3412 1914 instar
3449 1872 3573 1913 esse
3628 1868 3837 1929 posset.

2227 1955 2396 2022 Alias,
2427 1970 2537 2009 non
2565 1968 2758 2011 omnes
2784 1962 2990 2018 tamen,
3022 1966 3211 2007 verum
3252 1951 3481 2006 selectas
3512 1959 3569 2006 et
3594 1951 3841 2007 utiliores

2226 2049 2524 2119 conquisivi
2556 2058 2610 2102 et
2647 2047 2786 2119 elegi
2816 2047 2872 2102 in
2906 2047 3161 2112 Erasmo,
3196 2043 3477 2111 Betuleio,
3506 2043 3839 2114 Thomasio,

2225 2142 2357 2199 Isaeo
2377 2183 2392 2207 ,
2423 2139 2627 2196 Gallico
2647 2181 2660 2205 ,
2704 2137 2935 2209 Sparkio
2961 2180 2976 2205 ,
3019 2136 3252 2193 Cellario
3272 2180 3286 2203 ,
3332 2133 3584 2191 Walchio
3613 2143 3667 2191 et
3697 2134 3840 2190 Heu-

2226 2249 2447 2290 manno.
2497 2233 2569 2289 At
2616 2233 2735 2288 Istei
2773 2232 2940 2287 editio
2988 2245 3108 2287 cum
3161 2245 3285 2286 raro
3322 2243 3520 2285 venum
3546 2238 3669 2296 eat,
3722 2228 3840 2300 ejus

2228 2337 2404 2385 tamen
2428 2337 2569 2383 notas
2590 2326 2700 2382 sint
2727 2325 2974 2392 eruditae,
3003 2336 3059 2380 et
3084 2323 3152 2379 ad
3179 2326 3442 2379 rationem
3477 2322 3839 2395 theologicam

2226 2424 2425 2493 saepius
2474 2429 2711 2477 exarata:
2742 2462 2756 2485 ,
2788 2420 3030 2489 integras
3074 2432 3167 2474 eas
3208 2418 3502 2489 adjungere
3532 2417 3703 2472 visum
3757 2424 3843 2473 est

2225 2517 2291 2573 ad
2318 2517 2525 2572 calcem
2576 2513 2774 2583 prioris
2815 2512 3147 2577 voluminis,
3192 2526 3260 2569 ne
3283 2510 3596 2567 desiderent
3634 2510 3839 2582 aliquid

2225 2608 2462 2666 lectores
2489 2607 2540 2661 in
2568 2605 2671 2661 hac
2690 2606 2877 2661 ultima
2902 2603 3169 2660 Lactantii
3208 2603 3471 2670 editione,
3503 2620 3624 2675 qua:
3651 2616 3841 2659 omnes

2225 2699 2356 2755 alias
2386 2713 2495 2754 uno
2535 2698 2689 2767 quasi
2736 2695 2932 2751 intuitu
2983 2695 3385 2766 complectitur.
3436 2694 3493 2752 Si
3536 2709 3668 2766 ergo
3706 2695 3840 2750 sub-

2220 2793 2438 2865 jiciatur
2467 2792 2635 2847 textui
2678 2790 3033 2846 Lactantiano
3061 2788 3309 2860 quaedam
3350 2788 3631 2844 annotatio
3669 2787 3841 2843 histo-

2226 2887 2337 2943 rica
2363 2894 2457 2941 aut
2479 2885 2692 2951 critica,
2724 2899 2791 2939 ne
2819 2882 3054 2947 dubites,
3081 2896 3144 2937 ea
3169 2888 3255 2937 est
3279 2880 3547 2952 Lengletii
3580 2895 3595 2933 :
3632 2880 3679 2935 si
3704 2893 3841 2936 vero

2222 2977 2439 3034 suhsint
2469 2976 2731 3033 lectiones
2757 2973 2923 3029 variae
2942 3014 2956 3038 ,
3002 2986 3097 3028 eas
3121 3013 3135 3037 ,
3184 2971 3505 3042 quibusdam
3536 2979 3718 3026 tamen
3745 2985 3842 3026 ex-

520 3069 587 3129 cii
602 3067 771 3124 edidit
791 3076 951 3138 atque
975 3067 1384 3136 dominasque
1414 3080 1560 3122 nunc
1586 3066 1639 3121 in
1674 3064 2123 3137 patriaillustrior
2149 3074 2197 3141 α
2225 3070 2396 3140 ceptis
2422 3111 2437 3137 ,
2470 3067 2666 3125 Joanni
2720 3066 2771 3123 le
2804 3065 2951 3120 Bruti
2998 3063 3296 3135 adjudices.
3346 3063 3473 3119 Haec
3517 3072 3601 3119 est
3649 3076 3842 3118 norma

521 3162 770 3228 habetur;
790 3162 1067 3231 mirorque
1083 3160 1138 3219 in
1157 3158 1486 3227 bacjuvenili
1500 3167 1659 3215 mtate
1678 3172 1817 3228 opus
1826 3158 1998 3214 senile
2013 3173 2122 3214 non

520 3254 718 3309 obiisse
747 3252 931 3323 modo,
964 3252 1061 3311 sed
1088 3260 1146 3313 et
1172 3251 1532 3320 excogitasse.
1560 3249 1988 3319 Christopltorus
2013 3250 2125 3306 Au-

521 3355 710 3419 gustus
741 3345 1091 3409 Heumannus
1129 3344 1435 3414 elegantem
1467 3358 1599 3405 sane
1622 3342 1875 3411 excudit,
1914 3350 2025 3398 tum
2054 3344 2124 3399 ob

524 3450 701 3496 textus
730 3436 1069 3497 Lactantiani
1094 3435 1558 3501 emendationem.
1578 3450 1743 3509 quam
1769 3443 1971 3501 tamen,
2004 3434 2123 3505 ipso

521 3531 746 3599 fatente,
767 3545 798 3585 a
828 3529 1221 3599 Christoplioro
1236 3527 1472 3591 Cellario
1488 3536 1764 3587 mutamus
1776 3536 1883 3596 est,
1914 3536 2025 3583 tum
2052 3527 2126 3582 ob

523 3640 651 3682 suas
678 3633 988 3693 notas,qum
1003 3622 1279 3692 singulare
1307 3621 1359 3675 in
1390 3628 1512 3679 arte
1540 3619 1726 3679 critica
1746 3619 2010 3685 studium,
2032 3634 2127 3675 ac-

524 3729 871 3787 curatamque
888 3714 1220 3786 diligentiam
1243 3712 1523 3773 exhibent.
1539 3713 1706 3769 Multo
1733 3714 1887 3784 plura
1914 3724 2124 3781 tamen,

523 3828 684 3884 quam
745 3810 1054 3876 debuisset,
1096 3809 1423 3879 glossemata
1474 3808 1747 3879 excogitat
1790 3809 1846 3864 ia
1890 3807 2124 3863 Lactan-

526 3908 658 3965 tium
686 3921 719 3961 a
762 3905 895 3961 viris
938 3918 1125 3975 parum
1162 3903 1419 3963 litteratis
1453 3901 1671 3959 inducta
1711 3900 1897 3958 fuisse.
1924 3903 2127 3958 Occur-

525 4002 670 4060 ritne
712 3998 932 4059 diliicile
981 3996 1188 4067 aliquid
1219 4037 1234 4063 ,
1288 4004 1416 4052 tunc
1466 3996 1655 4053 subest
1708 3994 1788 4051 illi
1843 3995 2126 4068 cujusdam

525 4094 876 4153 additamenti
924 4092 1206 4164 suspicio,
1256 4099 1351 4147 aut
1394 4090 1560 4154 etiam
1606 4090 1829 4162 querela
1863 4132 1880 4159 ,
1934 4106 2125 4148 verum

528 4191 828 4261 saepissime
867 4188 1041 4251 falsa,
1094 4196 1280 4257 utpote
1329 4186 1533 4243 nullius
1581 4184 1715 4241 fulta
1768 4186 2126 4258 manuscripti

527 4284 732 4341 codicis
770 4280 1133 4339 auctoritate?
1179 4278 1421 4337 Tandem
1467 4277 1622 4335 Joan.
1678 4278 1994 4350 Ludolphus
2020 4281 2128 4336 Bu-

528 4392 831 4437 ttemannus
854 4376 908 4432 in
932 4372 1150 4433 edendo
1174 4372 1455 4431 Lactantio
1480 4372 1712 4442 palmam
1738 4372 1859 4433 aliis
1873 4373 2127 4429 omnibus

2226 3162 2387 3233 hujus
2428 3175 2588 3217 curas
2635 3159 2703 3216 ab
2747 3157 2970 3215 alterius
3023 3171 3188 3227 opera
3235 3155 3581 3212 secernendi.
3627 3154 3836 3211 Verum

2224 3274 2345 3330 qua:
2374 3257 2439 3313 ad
2480 3255 2924 3329 grammaticam,
2965 3252 3306 3322 aliorumque
3344 3251 3671 3321 scriptorum
3717 3264 3842 3305 cum

2224 3353 2490 3410 Lactantii
2523 3351 2705 3408 verbis
2734 3349 3079 3406 collationem
3105 3354 3383 3417 spectant,
3415 3345 3506 3399 vix
3531 3345 3830 3414 attigimus.

2225 3448 2281 3504 Si
2310 3446 2395 3503 cui
2422 3460 2584 3516 porro
2616 3441 2939 3498 necessariae
2970 3440 3149 3494 forent
3178 3445 3320 3492 nota:
3346 3478 3361 3504 ,
3395 3436 3483 3493 vel
3514 3436 3693 3507 potius
3719 3434 3840 3491 dis-

2226 3541 2542 3613 quisitiones
2578 3538 2634 3593 in
2663 3536 3006 3593 Lactantium
3036 3531 3360 3602 theologicae
3381 3574 3398 3599 ,
3443 3544 3537 3586 eas
3566 3528 3845 3584 uberrime

2224 3636 2374 3691 dabit
2401 3635 2643 3690 Domnus
2682 3628 2932 3685 Nicolaus
2977 3627 3029 3682 le
3065 3625 3302 3696 Nourry,
3350 3638 3382 3680 ο
3419 3620 3839 3694 congregatione

2226 3729 2285 3786 S.
2320 3728 2488 3783 Mauri
2526 3721 2939 3787 Benedictinus,
2973 3729 3105 3774 tom.
3139 3733 3175 3773 ιι
3203 3717 3511 3787 Apparatus
3535 3713 3601 3768 ad
3634 3711 3840 3769 Biblio-

2228 3821 2438 3877 thecam
2464 3818 2790 3875 Sanctorum
2822 3814 3066 3875 Patrum,
3097 3825 3127 3864 a
3157 3810 3410 3865 columna
3437 3806 3536 3863 671
3573 3804 3643 3865 ad
3672 3804 3837 3861 H72.

2298 3913 2440 3970 XXI.
2470 3911 2719 3967 Attamen
2745 3905 3005 3978 quosdam
3035 3901 3429 3974 manuscriptos
3448 3898 3693 3965 codices,
3721 3896 3841 3954 edi-

2229 4004 2509 4075 tionesque
2537 3998 2826 4057 nonnullas
2851 4012 2880 4053 a
2913 3996 3123 4052 Joanne
3150 3994 3204 4050 le
3230 3992 3376 4048 Bruti
3402 4005 3665 4062 nusquam
3694 3988 3843 4045 visas

2228 4096 2555 4169 conquisivi.
2574 4092 2829 4151 Codicem
2860 4105 3030 4147 unum
3048 4088 3331 4153 eximium,
3354 4087 3456 4143 etsi
3477 4085 3844 4157 quadringen-

2230 4202 2409 4248 torum
2445 4196 2653 4245 tantum
2692 4197 2960 4240 annorum
2982 4224 2999 4250 ,
3030 4179 3397 4253 suppeditavit
3418 4175 3843 4250 exquisitissima

2229 4282 2567 4339 Bibliotheca
2594 4275 3020 4335 Eminentissimi
3048 4272 3339 4331 cardinalis
3365 4271 3437 4328 de
3466 4269 3681 4336 Bohau,
3714 4283 3847 4324 nus—

2230 4391 2393 4448 quam
2422 4390 2454 4429 a
2487 4371 2780 4443 theologis,
2804 4370 2916 4429 imo
2954 4382 3055 4425 nec
3084 4383 3113 4421 a
3144 4364 3399 4425 litteratis
3430 4363 3685 4419 omnibus
3722 4361 3847 4417 sine

530 4472 825 4544 prmripuil-
875 4470 1045 4533 Tanta
1088 4468 1234 4529 enim
1274 4465 1544 4527 variarum
1597 4466 2127 4523 animadversionum
2152 4465 2206 4527 Β
2232 4468 2391 4525 laude
2406 4463 2743 4523 nominandi.
2772 4462 3029 4518 Codieem
3052 4460 3223 4514 alium
3250 4464 3617 4513 trecentorum
3648 4461 3707 4511 et
3725 4467 3844 4508 am-

532 4566 749 4622 ubertas
768 4604 786 4632 ,
817 4563 1154 4620 diversarum
1184 4561 1478 4619 lectionum
1510 4568 1617 4617 tam
1647 4560 1926 4632 multiplex
1958 4559 2135 4617 affluit
2236 4562 2374 4632 ptius
2402 4573 2669 4615 annorum
2693 4552 3119 4627 perhumaniter,
3141 4559 3201 4605 ut
3232 4550 3394 4614 solet,
3410 4545 3847 4605 subministravit

530 4662 709 4732 copia,
766 4668 873 4714 tam
902 4664 1151 4728 argutum
1175 4655 1550 4727 judiciieaitet
1575 4669 1801 4712 acumen
1824 4655 1878 4710 in
1908 4653 2010 4710 hac
2034 4670 2132 4710 sua
2236 4655 2303 4710 Ρ..
2336 4654 2398 4710 Ρ.
2430 4654 2669 4708 Domuus
2694 4646 2997 4703 Ludovicus
3028 4642 3373 4708 Lemcrault,
3400 4640 3587 4710 Regia:
3610 4638 3847 4709 Sanger-

532 4755 804 4820 editione,
852 4763 910 4809 ut
948 4752 1131 4809 nullus
1172 4760 1303 4809 ante
1332 4751 1483 4808 illum
1513 4766 1581 4807 eo
1608 4765 1782 4821 usque
1810 4764 2132 4821 progressus
2237 4741 2849 4803 manensiBibliothecaa
2890 4737 3179 4810 praefectus
3209 4754 3222 4791 :
3247 4734 3568 4792 eollatioues
3582 4745 3844 4803 quoruml-

532 4850 715 4908 fuerit.
755 4849 850 4913 Sat
877 4847 978 4919 ipsi
1010 4862 1116 4905 non
1154 4845 1253 4913 fuit
1278 4855 1359 4902 tot
1375 4844 1769 4908 mss.codices.
1793 4854 1902 4905 tam
1932 4844 2134 4899 multas
2235 4841 2358 4896 dam
2387 4837 2698 4893 Italicorum
2726 4831 3263 4901 manuscriptoruma
3291 4826 3486 4882 Latino
3730 4823 3847 4879 fac-

535 4944 819 5013 variasque
860 4939 1110 4999 conferre
1150 4939 1456 5007 editiones;
1502 4938 1834 5009 Scriptorem
1880 4945 2127 4992 austrum
2236 4941 2338 4999 tas,
2378 4945 2498 5002 qua:
2532 4928 2587 4984 in
2616 4931 2737 4999 ejus
2773 4923 3107 4981 Bibliotheca
3139 4936 3249 4977 non
3290 4920 3565 4992 leguntur,
3603 4918 3849 5013 aliasque

536 5053 658 5093 cum
708 5011 889 5091 latinze
930 5036 1127 5105 linguae
1174 5032 1508 5105 principibus
1555 5047 1709 5102 atque
1754 5031 2022 5098 contulit,
2073 5038 2133 5086 ut
2231 5028 2442 5084 etiame
2472 5026 2635 5081 Petro
2678 5021 2969 5081 Ciacconio
3006 5017 3265 5074 collectas
3293 5015 3439 5071 ultro
3485 5011 3850 5105 commodavit

535 5145 854 5207 persuasum
902 5130 975 5187 sit
1021 5129 1316 5197 omnibus,
1362 5126 1703 5182 Lactantium
1755 5134 2004 5180 auctores
2042 5124 2130 5180 in-

538 5235 624 5285 ter
643 5223 1043 5285 ecclesiasticos
1061 5220 1506 5279 disseﬂissiuutm
1528 5218 1721 5279 fuisse.
1746 5217 1905 5273 {tunc
1935 5216 2135 5288 quippe

538 5318 606 5373 ad
658 5316 1038 5389 quutquagiuta
1090 5314 1230 5373 duos
1280 5327 1414 5368 mss.
1463 5311 1681 5373 codices
1710 5352 1725 5377 ,
1786 5310 2138 5381 vulgatasque

536 5413 921 5484 quinquaginta
953 5411 1190 5480 quinque
1227 5405 1560 5463 emendavit.
1596 5404 1785 5459 Merito
1818 5404 1983 5475 igitur
2019 5416 2139 5456 ma-

538 5519 702 5577 gnam
745 5506 801 5563 iu
834 5502 1123 5565 Germania
1174 5500 1390 5557 laudem
1418 5499 1492 5559 ob
1514 5497 1862 5555 emendatum
1904 5496 2137 5553 Lactan-

542 5600 682 5657 tium
719 5603 1048 5653 consecutus
1087 5600 1172 5650 est
1195 5592 1278 5648 vir
1305 5590 1722 5649 eruditissimus.
1756 5588 1924 5647 uiror
1950 5597 2138 5645 tamen

540 5691 723 5765 illum,
744 5689 1001 5748 adhibitis
1018 5687 1293 5747 historicis
1320 5685 1777 5757 amtotationibus,
1806 5685 1875 5742 ad
1896 5692 2137 5758 optatam

2238 5122 2302 5177 D.
2326 5118 2589 5176 Claudius
2615 5114 2896 5174 Prevotius
2917 5110 3213 5169 canonicus
3240 5107 3505 5179 regularis
3544 5122 3609 5163 ex
3652 5102 3848 5174 regalis

2235 5214 2469 5271 abbatiae
2523 5208 2904 5268 Geuovetlaate
2954 5202 3286 5261 Bibliotheca
3318 5201 3654 5271 desumptas.
3701 5197 3849 5255 Duos

2236 5308 2455 5366 codices
2478 5314 2535 5361 ut
2560 5304 2627 5360 ad
2641 5319 2728 5359 me
2744 5303 3089 5356 mitterentur
3098 5295 3333 5367 benigne
3346 5292 3617 5353 concessit
3635 5288 3851 5359 insigne

2239 5403 2532 5473 capitulum
2553 5397 2953 5457 Cameracense
2973 5435 2989 5460 ,
3016 5407 3185 5448 unum
3217 5390 3410 5448 decimi
3433 5386 3514 5443 vel
3546 5381 3846 5449 undecimi,

2236 5494 2336 5552 sed
2358 5494 2621 5559 lacerum,
2651 5491 2880 5545 alterum
2919 5486 3186 5557 integrum
3212 5481 3408 5543 decimi
3432 5478 3606 5549 quinti
3636 5481 3849 5533 tantum

2241 5589 2445 5647 steculi.
2465 5587 2724 5656 Quintum
2752 5579 2970 5637 tandem
3001 5579 3287 5638 habuimus
3310 5590 3381 5632 ex
3408 5570 3738 5631 Bibliotheca
3755 5579 3851 5637 pa-

2238 5692 2383 5740 trum
2409 5679 2809 5757 Capucinorum
2851 5680 3151 5732 conventus
3178 5665 3351 5727 sancti
3394 5662 3656 5725 Honorati
3690 5656 3847 5727 Pari-
