4172 6202
293 237 371 297 69
1472 236 1850 306 PREFATIO
1887 245 1957 307 IN
1995 246 2464 310 LACTANTIUM.
3536 260 3616 319 70

292 359 353 412 si.
379 356 517 423 usis,
555 355 800 427 ejusdem
842 356 957 415 fere
993 356 1304 429 scriptionis
1345 374 1409 418 ac
1450 369 1534 418 est
1574 363 1901 433 Saugerma-
1928 367 1979 424 Α
2007 373 2061 420 et
2097 365 2161 419 ad
2203 364 2578 437 Asclepiadem
2608 364 2778 422 libros
2809 365 2980 429 duos:
3025 367 3095 424 de
3134 367 3519 428 Persecutione
3546 372 3616 428 li-

292 452 484 506 nensis
518 452 712 518 codex,
748 452 906 521 paulo
947 462 1128 509 tamen
1173 457 1546 512 recentiorem.
1576 457 1733 512 Manu
1765 473 1897 512 exa-

289 554 472 599 ratum
491 544 731 599 codicem
754 544 1017 602 Lactantii
1040 547 1300 605 librorum
1322 549 1390 603 de
1410 548 1491 604 Ira
1514 559 1568 604 et
1589 550 1657 604 de
1672 550 1899 620 Opificio

291 635 390 691 Dei
407 635 930 706 quadringentorum
947 637 1163 693 circiter
1175 655 1441 694 annorum
1472 639 1634 695 habet
1658 639 1815 696 Joan.
1850 641 1899 697 lo

288 728 448 792 Bent,
482 730 665 797 Regia:
693 730 1111 802 Inscriptionum
1137 748 1200 788 ac
1227 734 1556 790 Litterarum
1587 735 1898 791 Academia:

291 822 501 878 socius.
526 821 683 878 Hunc
715 822 948 878 libenter
978 824 1236 881 utendum
1276 826 1343 881 ad
1374 843 1461 883 me
1499 828 1666 892 misit,
1704 845 1771 884 ex
1798 843 1897 884 eo-

289 927 401 981 que
427 912 603 983 aliqua
633 913 1022 983 decerpsimus.
1048 916 1466 987 Manuscriptnm
1497 918 1764 989 quoddam
1793 920 1897 975 Co-

290 1004 549 1062 loniense
589 1005 813 1062 exhibet
856 1007 1119 1076 praelara
1158 1019 1212 1065 et
1250 1010 1533 1066 emendata
1569 1010 1735 1067 editio
1772 1011 1899 1066 anni

292 1099 465 1156 i5“.
500 1099 581 1155 Ad
617 1100 960 1171 septuaginta
997 1102 1163 1173 igitur
1201 1104 1443 1174 quinque
1476 1103 1715 1170 codices,
1761 1119 1899 1174 quos

291 1194 654 1250 enumerabat
679 1192 920 1250 Joannes
947 1195 999 1252 le
1028 1196 1197 1265 Brun,
1222 1198 1395 1254 additi
1422 1211 1549 1255 sunt
1575 1213 1605 1253 a
1637 1214 1723 1255 me
1744 1200 1903 1271 quin-

294 1300 426 1356 que,
460 1296 552 1343 aut
578 1287 748 1342 etiam
776 1301 874 1342 sex
905 1286 1015 1343 alii.
1547 1338 1555 1345 .

370 1378 518 1435 idem
559 1378 631 1435 sit
666 1378 929 1449 judicium
971 1379 1040 1437 de
1078 1380 1344 1451 pluribus,
1394 1381 1571 1452 iisque
1609 1381 1900 1438 rarissimis

288 1470 643 1534 editionibus.
673 1487 807 1541 quas
827 1487 934 1531 non
967 1471 1177 1529 viderat
1201 1472 1360 1531 Joan.
1390 1474 1441 1530 le
1470 1474 1640 1538 Bruti,
1672 1488 1735 1530 ac
1762 1489 1902 1544 prmo

286 1565 455 1635 cipue
490 1565 559 1623 de
596 1564 910 1623 Sublacensi
948 1566 1077 1623 anni
1120 1567 1282 1632 1465,
1328 1583 1451 1637 quae
1480 1568 1720 1625 omnium
1754 1568 1899 1637 prin-

286 1673 422 1728 ceps
448 1668 540 1714 est
566 1669 620 1714 et
648 1657 925 1727 primaria,
962 1659 1091 1727 quin
1122 1659 1283 1715 etiam
1313 1668 1366 1714 et
1392 1660 1699 1725 rarissima;
1740 1658 1899 1729 hujus

2004 456 2157 512 brttm
2186 475 2379 522 unum;
2404 460 2470 513 ad
2504 459 2733 516 Probum
2765 461 3127 530 Epistolarum
3148 465 3313 520 libros
3337 478 3566 535 quatuor
3594 485 3610 532 ;

2003 549 2070 605 ad
2104 550 2362 606 Severum
2396 551 2765 621 Epistolarum
2795 554 2961 610 libros
2990 555 3162 619 duos;
3203 558 3268 612 ad
3313 559 3616 615 Demetria-

2003 659 2132 698 num
2178 643 2483 699 auditorem
2528 661 2682 701 suum
2716 646 3079 718 Epistolarum
3122 650 3288 706 libros
3329 651 3497 721 duos;
3538 652 3608 708 ad

2003 735 2254 791 eumdem
2285 736 2351 791 de
2376 735 2605 807 Opitlcio
2639 739 2753 805 Dei,
2787 741 2868 794 vel
2892 738 3237 797 Formatione
3266 741 3503 797 hominis
3542 743 3614 798 li-

2001 827 2157 883 brum
2189 844 2378 883 unum.
2412 828 2508 883 ilic
2533 838 2774 885 extrema
2800 842 3078 887 senectute
3101 834 3355 903 magister
3379 832 3616 890 Caesaris

2002 918 2197 988 Crispi,
2231 920 2323 974 lilii
2363 919 2725 990 Constantini,
2758 923 2810 977 in
2852 922 3025 979 Callia
3067 923 3186 992 fuit,
3223 926 3315 996 qui
3347 934 3537 996 postea
3578 940 3609 980 a

2004 1020 2155 1082 patre
2176 1012 2494 1068 interfectus
2515 1023 2615 1070 est.
2655 1033 2675 1067 ι

2075 1104 2155 1160 Ex
2178 1106 2263 1162 his
2291 1107 2462 1162 sancti
2494 1108 2734 1163 Doctoris
2760 1108 2935 1164 verbis
2960 1150 2975 1175 ,
3011 1108 3237 1180 aliisque
3266 1109 3612 1167 documentis

2003 1197 2148 1265 elici,
2179 1212 2285 1254 non
2317 1208 2471 1255 certo
2501 1199 2739 1271 quidem,
2770 1200 2866 1257 sed
2899 1215 3004 1255 non
3032 1202 3377 1273 improbabili
3400 1204 3617 1275 conjec-

2009 1298 2128 1344 tura
2163 1300 2361 1358 potest,
2392 1297 2608 1361 tempus
2641 1306 2751 1361 quo
2783 1307 3221 1363 unumquemque
3262 1294 3455 1349 librum
3494 1295 3615 1351 edi-

2006 1378 2151 1437 derit
2193 1380 2523 1439 Lactantius.
2553 1380 2670 1437 Jam
2704 1383 2749 1437 is
2786 1392 3086 1439 extremam
3127 1394 3466 1440 Senectutem
3498 1395 3617 1442 erat

2004 1472 2258 1543 adeptus,
2289 1489 2412 1529 cum
2443 1474 2495 1529 in
2527 1473 2729 1530 Gallias
2751 1476 2951 1531 missus
2975 1485 3057 1531 est
3082 1491 3112 1531 a
3143 1476 3523 1544 Constantino,
3551 1486 3611 1533 ut

2005 1564 2255 1635 Crispum
2310 1566 2477 1621 lilium
2524 1567 2715 1622 litteris
2763 1567 3044 1635 erudiret,
3085 1570 3230 1640 quod
3280 1570 3477 1625 factum
3508 1580 3614 1639 est,

1998 1656 2155 1729 juxta
2204 1658 2419 1715 Eusebii
2472 1658 2805 1729 Chronico",
2850 1662 2993 1717 circa
3050 1676 3251 1719 annum
3300 1662 3429 1717 318.
3461 1662 3615 1717 Hane

285 1753 502 1822 quippe
540 1752 771 1821 quinque
798 1753 887 1805 vix
926 1752 1165 1820 reperias
1197 1753 1527 1821 exemplaria
1554 1769 1567 1806 :
1592 1767 1758 1806 unum
1793 1751 1893 1806 Ro-
1926 1762 1977 1823 Β
2003 1760 2337 1808 senectutem
2355 1761 2651 1807 extremam
2674 1753 2944 1824 conjicere
2976 1754 3103 1809 licet
3121 1753 3289 1809 fuisse
3318 1756 3384 1809 ad
3407 1769 3611 1810 annum

287 1860 415 1908 me,
452 1844 508 1899 in
536 1843 827 1901 Barberina
854 1842 1222 1910 Bibliotheca;
1270 1844 1498 1900 alterum
1549 1845 1602 1899 itt
1643 1843 1902 1914 Mogonti-

285 1939 479 1993 nensis
518 1938 766 1995 ecclesias
782 1936 1028 1993 archivio
1046 1938 1346 2005 litterario;
1380 1939 1598 1994 tertium
1632 1939 1683 1992 in
1704 1938 1905 1993 eximio

284 2045 498 2086 musaeo
514 2031 614 2086 viri
633 2031 923 2087 clarissimi
951 2046 1015 2086 ae
1030 2030 1228 2087 eruditi
1256 2030 1466 2086 Claudii
1493 2031 1561 2086 de
1579 2032 1741 2096 Boze,
1763 2032 1898 2085 utri-

282 2140 458 2195 usque
475 2124 812 2192 Academitc,
829 2136 938 2180 tum
956 2123 1177 2181 Gallice
1194 2165 1209 2190 ,
1247 2136 1359 2179 tum
1386 2123 1569 2195 Regia:
1595 2124 1903 2196 Inscriptio.

279 2232 410 2273 num
439 2217 781 2287 soeii,atque
801 2215 1092 2286 Regiorum
1111 2215 1506 2273 Numismatum
1531 2218 1744 2273 scriniis
1773 2233 1905 2287 prte-

276 2311 445 2380 positi
475 2318 765 2381 :quartum
788 2309 1065 2379 exemplar
1084 2309 1265 2379 Tignri
1295 2317 1463 2381 extat,
1481 2308 1534 2365 in
1567 2309 1901 2366 Bibliotheca

280 2400 575 2467 Carolina;
627 2402 875 2471 quintum
925 2402 1139 2459 tandem
1191 2403 1246 2458 in
1296 2401 1629 2459 Bibliotheca
1687 2402 1903 2460 Scitula:

278 2494 714 2550 Zwickztviensis
753 2493 1049 2567 (Cycueze)
1105 2504 1371 2553 servatur.
1422 2495 1593 2564 Hujus
1645 2496 1902 2552 editionis

272 2589 456 2643 variae
486 2587 745 2645 lectiones
784 2586 1059 2656 sigillatim
1119 2586 1205 2644 hic
1251 2588 1502 2647 edentur.
1559 2588 1903 2649 Contulimus

269 2690 554 2751 praeterea
587 2682 731 2735 hunc
776 2691 1053 2737 auctorem
1082 2688 1326 2736 nostrum
1364 2680 1431 2734 ad
1455 2680 1759 2737 Parisiense
1784 2680 1902 2737 edi-

274 2787 399 2829 tttm
423 2789 569 2830 anno
594 2774 755 2841 1515,
792 2774 1042 2845 quamvis
1064 2774 1279 2831 caeteris
1309 2775 1490 2834 minus
1524 2776 1896 2833 emendatum.

270 2869 392 2925 Sed
450 2883 783 2939 magnopere
834 2868 1164 2925 attendimus
1211 2868 1542 2925 editionibus
1586 2868 1900 2929 Coloniensi

268 2962 410 3016 anni
442 2961 608 3028 1544.
636 2961 1057 3021 lleumannianie
1085 2960 1213 3017 anni
1245 2959 1413 3027 1756,
1438 2972 1603 3032 atque
1632 2960 1757 3022 aliis
1788 2962 1904 3034 qui-

268 3054 534 3123 busdam,
561 3070 697 3124 quas
717 3070 827 3109 non
857 3055 1171 3125 inspexerat
1192 3054 1434 3113 Joannes
1463 3055 1515 3111 le
1541 3055 1714 3113 Brun.

2009 1846 2225 1902 circiter
2278 1848 2760 1918 septuagesimum.
2822 1848 2907 1904 Ab
2963 1849 3120 1903 annis
3185 1850 3348 1919 igitur
3405 1851 3512 1906 518
3571 1849 3617 1905 si

2009 1937 2309 2009 dempseris
2361 1941 2737 2009 septuaginta,
2794 1951 3085 2012 supersunt
3143 1940 3286 2006 248,
3332 1956 3441 2011 quo
3491 1957 3619 1998 mm

2007 2032 2318 2087 christiana!
2340 2047 2483 2087 anno
2515 2042 2673 2088 natus
2694 2033 2878 2087 forsan
2912 2040 2996 2088 est
3024 2032 3343 2087 Lactantius
3370 2041 3577 2089 noster.

2067 2124 2135 2181 At
2154 2124 2304 2194 juxta
2327 2125 2737 2196 Hieronymum,
2756 2126 2861 2188 hic,
2879 2139 3000 2180 cum
3019 2132 3165 2180 esset
3179 2124 3616 2181 adolescentulus

2010 2218 2066 2273 in
2108 2218 2313 2274 scholis
2366 2217 2597 2282 Africae,
2642 2217 2863 2288 scripsit
2918 2217 3263 2289 Symposium
3316 2206 3501 2281 anno,
3559 2223 3618 2271 ut

2006 2321 2157 2382 puto,
2181 2310 2310 2367 268.
2332 2311 2443 2368 Hoc
2456 2310 2798 2381 deperditum
2815 2310 3167 2367 crediderunt
3185 2310 3403 2365 eruditi.
3421 2310 3489 2369 At
3505 2324 3617 2366 non
3658 2318 3661 2321 '

2007 2406 2178 2461 semel
2208 2405 2339 2461 illud
2370 2404 2541 2461 edidit
2565 2405 2668 2464 sub
2694 2404 2913 2461 nomine
2933 2403 3199 2461 Lactantii
3232 2403 3614 2470 Heumannus;

2008 2511 2107 2552 nec
2127 2498 2349 2551 multum
2379 2498 2561 2551 :ihnuit
2591 2497 2995 2552 Buuemannus.
3023 2495 3274 2551 Attamen
3306 2493 3424 2551 haec
3448 2494 3617 2565 enig-

2006 2601 2148 2649 mata
2207 2590 2495 2662 Symposio
2534 2589 2747 2647 cuidam
2808 2605 2837 2643 a
2891 2588 3166 2645 veteribus
3196 2587 3528 2654 tribuuntur,
3560 2598 3619 2644 ut

2004 2686 2248 2755 apprime
2274 2693 2426 2743 notat
2454 2684 2708 2745 Albertus
2731 2682 3015 2739 Frabicius
3047 2684 3098 2738 in
3123 2682 3477 2739 Bibliotheca!
3505 2682 3615 2737 La-

2004 2777 2131 2832 tinae
2166 2776 2543 2848 supplemento
2587 2792 2641 2846 p.
2683 2776 2807 2831 271.
2853 2774 3220 2832 Nihilominus
3267 2783 3449 2837 tamen
3482 2773 3617 2830 illud

2005 2870 2205 2928 iterum
2235 2871 2431 2929 excudi
2454 2873 2642 2927 curavi
2672 2881 2821 2926 tumo
2846 2886 2882 2926 tt
2909 2869 3136 2940 hujusce
3163 2869 3437 2925 editionis.
3466 2868 3615 2927 Istud

2003 2975 2181 3021 autem
2226 2962 2608 3034 Symposium,
2655 2977 2792 3031 opus
2827 2960 3045 3032 quidem
3082 2959 3351 3031 juvenile,
3392 2968 3614 3016 centum

2003 3057 2541 3128 continctmnigmata
2560 3055 2809 3112 versibus
2825 3064 3065 3121 exarata,
3086 3069 3207 3125 quae
3226 3054 3371 3123 prius
3397 3052 3617 3123 vulgata

347 3149 475 3208 Jatn
502 3159 704 3207 metam
733 3148 936 3205 laboris
961 3148 1292 3219 attingebatn
1315 3188 1330 3214 ,
1358 3163 1485 3208 eum
1514 3147 1648 3205 mihi
1679 3148 1895 3207 nuntiav
1921 3151 1967 3216 ο
2001 3147 2218 3205 fuerant
2242 3149 2344 3204 suh
2371 3147 2685 3221 Symphosii
2705 3147 2789 3205 vel
2820 3146 3114 3220 Symposii,
3148 3146 3315 3218 ignoti
3333 3146 3615 3217 cujusdam

272 3254 394 3301 tum
446 3244 547 3299 fuit
589 3259 619 3298 a
668 3258 876 3314 magna:
921 3243 1035 3314 spei
1083 3241 1398 3313 juvenibus,
1443 3242 1744 3299 doctissimi
1793 3242 1893 3301 viri

271 3335 434 3395 Joan.
460 3335 680 3407 Georgii
699 3335 937 3394 Walehii
956 3334 1105 3398 filiis.
1129 3349 1251 3395 cum
1274 3350 1362 3393 me
1386 3333 1608 3395 Parisiis
1634 3335 1893 3402 invisere,

273 3432 461 3487 virum
501 3444 659 3501 teque
694 3429 1058 3487 clarissimum
1089 3442 1154 3485 ac
1182 3427 1635 3491 eruditissimum,
1669 3427 1756 3482 Jo.
1790 3426 1899 3485 [δυο

272 3522 551 3594 dolphum
583 3521 1012 3588 Bunemannum,
1048 3520 1399 3579 novissimam
1427 3534 1572 3579 anno
1592 3520 1752 3586 H39,
1780 3518 1898 3577 vul-

274 3631 445 3687 gasse
488 3614 543 3669 in
585 3612 875 3671 Germania
916 3613 1393 3673 Lactantianorum
1434 3626 1663 3681 operum
1701 3611 1897 3671 editio-

276 3725 431 3765 nem.
478 3706 612 3767 Eam
652 3706 832 3765 statim
874 3705 1196 3776 conquisivi.
1237 3715 1401 3775 atque
1438 3719 1503 3765 ex
1540 3718 1603 3761 ea
1647 3702 1896 3773 decerpsi

278 3816 389 3857 non
420 3814 623 3870 paucas
647 3799 1042 3864 annotationes,
1074 3811 1169 3859 eas
1190 3798 1378 3865 etiam,
1402 3811 1525 3866 quae
1546 3793 1672 3853 huic
1695 3804 1896 3851 nostrai

277 3892 653 3951 emendationi
704 3891 1083 3953 adversantur.
1143 3889 1379 3961 illasque
1428 3888 1663 3959 praemisi
1721 3887 1895 3947 textui

276 3988 650 4049 Lactantiano
672 3986 725 4042 in
752 3996 984 4057 utroque
1010 3985 1237 4056 hujusce
1262 3984 1519 4047 editionis
1541 3983 1841 4041 volumine.

346 4082 531 4139 XXII.
564 4081 677 4143 llue
703 4095 873 4151 usque
892 4080 961 4139 de
987 4080 1191 4141 Divinis
1221 4086 1427 4137 tantum
1455 4075 1887 4139 Institutionihus

272 4182 447 4240 verba
487 4178 593 4235 feci
624 4178 769 4235 talia
815 4185 996 4235 tamen
1040 4173 1298 4244 npuscula
1338 4170 1890 4252 edidit-Lactantius,

274 4289 515 4347 quorum
576 4274 727 4342 plura
794 4270 880 4327 vel
945 4268 1315 4332 interierunt,
1385 4266 1468 4325 vel
1531 4265 1725 4325 alicubi
1796 4263 1895 4323 de-

274 4370 568 4424 litescunt.
622 4362 818 4420 Verum
878 4377 990 4433 quo
1053 4368 1311 4430 putantur
1362 4357 1557 4421 ordine
1616 4356 1893 4415 elaborata

273 4475 409 4517 esse
436 4500 453 4525 ,
499 4474 608 4514 non
656 4456 752 4511 abs
790 4470 853 4511 re
885 4454 992 4509 erit
1043 4453 1342 4523 inquirere.
1388 4448 1546 4518 Quod
1586 4456 1646 4503 ut
1685 4446 1891 4505 rectius

1998 3249 2172 3312 poetae
2202 3240 2423 3296 nomine
2456 3257 2469 3292 :
2499 3239 2697 3310 aliqua:
2728 3247 2908 3295 tamen
2942 3236 3212 3295 editiones
3242 3239 3451 3297 titulum
3476 3253 3617 3309 prae-

1997 3330 2179 3388 ferunt
2204 3348 2217 3386 :
2252 3330 2399 3386 Curtii
2429 3329 2686 3385 Firntiani
2713 3329 2977 3401 Symposii
3008 3326 3212 3384 Poetae.

2072 3427 2385 3497 Elegantius
2410 3440 2543 3485 vero
2567 3423 2893 3481 estCarmen
2906 3423 2975 3479 de
2992 3422 3273 3489 Pliteniee,
3295 3423 3440 3495 quod
3470 3424 3614 3480 acris

1997 3536 2149 3592 teque
2171 3536 2235 3576 ac
2253 3518 2423 3574 limati
2444 3517 2633 3589 judicii
2649 3518 2751 3582 vir,
2769 3514 3022 3575 Nicolaus
3045 3514 3319 3583 Heinsius,
3346 3516 3614 3575 Lactantii

1997 3613 2187 3669 foetum
2210 3611 2456 3683 agnoscit
2474 3618 2529 3665 et
2555 3608 2833 3680 praedicat.
2858 3607 3007 3665 Idem
3022 3618 3216 3666 censet
3236 3609 3429 3670 Petrus
3446 3608 3613 3665 Lam-

1998 3704 2182 3762 becius
2212 3705 2264 3760 in
2294 3702 2684 3761 eruditissimis
2722 3700 2790 3757 de
2817 3701 3155 3759 Bibliotheca
3184 3700 3614 3759 Caesareo-Vin-

1997 3797 2298 3855 doboneasi
2317 3794 2764 3860 Commentariis,
2792 3794 2834 3851 l.
2868 3810 2930 3861 tt,
2953 3809 3074 3863 cap.
3100 3795 3154 3856 8.
3176 3809 3229 3864 p.
3263 3794 3389 3852 788.
3415 3797 3493 3850 Ac
3515 3793 3614 3851 do-

1997 3893 2203 3948 ctiores
2214 3889 2432 3962 quidam
2452 3898 2563 3945 tum
2575 3897 2726 3956 ante,
2745 3895 2860 3945 tum
2876 3894 3003 3958 post
3014 3886 3444 3956 Lambeciutn,in
3462 3902 3611 3945 eam-

1998 3985 2123 4041 dem
2153 3985 2453 4055 loquuntur
2480 3980 2809 4038 sententiam
2832 3996 2847 4045 ;
2870 3988 3034 4050 atque
3070 3978 3255 4037 multis
3299 3979 3350 4034 in
3374 3995 3483 4038 ms.
3509 3980 3612 4035 sub

1996 4077 2260 4134 [iactandi
2278 4076 2498 4133 nomine
2514 4074 2729 4146 legitur.
2741 4071 2832 4131 Sic
2844 4074 3008 4131 etiam
3022 4072 3183 4133 habet
3193 4071 3364 4133 codex
3388 4070 3615 4141 Saoger-

1998 4172 2274 4226 manensis
2302 4186 2313 4222 :
2339 4185 2358 4223 ι
2390 4166 2497 4224 lsta
2536 4167 2781 4229 carmina
2820 4166 3079 4225 dicuntur
3109 4179 3233 4222 esse
3262 4165 3552 4225 Lactantii.
3584 4181 3605 4218 ι

1997 4261 2130 4330 Quae
2157 4261 2202 4316 si
2227 4260 2337 4319 sint
2355 4259 2638 4331 scriptoris
2661 4257 2845 4329 hujus.
2879 4258 2966 4315 illa
2980 4257 3124 4315 circa
3141 4271 3341 4317 annum
3355 4256 3463 4317 κει)
3478 4256 3617 4312 scri-

1996 4364 2088 4427 pta
2108 4364 2257 4419 sunt,
2276 4370 2397 4409 eum
2426 4352 2535 4423 jam
2560 4353 2612 4411 in
2643 4352 2995 4411 maturiorem
3011 4358 3225 4409 etatem
3250 4349 3566 4409 adoleverat
3594 4364 3607 4400 :

1998 4450 2237 4505 nondum
2286 4457 2464 4504 tamen
2510 4445 2733 4501 Christo
2772 4457 2968 4503 nomen
3009 4441 3237 4503 dederat
3270 4439 3606 4501 Lactantius.

276 4556 398 4621 fut,
446 4551 578 4621 quid
625 4550 694 4605 de
732 4550 1001 4620 scriptore
1048 4546 1142 4607 illo
1183 4546 1388 4605 dixerit
1415 4543 1476 4605 Β.
1522 4542 1887 4614 Hieronymus
1911 4545 1966 4609 1)
1992 4543 2067 4600 Ea
2095 4544 2257 4600 etiam
2289 4540 2539 4597 dedimus
2570 4550 2717 4597 tomo
2740 4536 2989 4595 secundo
3018 4545 3220 4593 nostrre
3249 4533 3527 4595 editionis.

271 4647 369 4719 (de
396 4644 710 4713 δατήριοι-ἐὺ.
741 4643 1122 4709 ecclesiasticis,
1153 4656 1270 4709 cap.
1304 4637 1421 4708 80),
1454 4638 1508 4695 in
1539 4635 1779 4695 medium
1809 4644 1895 4691 est

273 4737 649 4796 aﬂ’ereudum.
682 4754 703 4789 ι
740 4736 1068 4802 Firmianus,
1112 4730 1307 4804 inquit,
1350 4730 1526 4802 quiet
1556 4728 1892 4798 Lactantius,

275 4834 514 4894 Arnobii
551 4833 873 4904 discipulus,
906 4831 1009 4887 sub
1051 4829 1386 4889 Diocletiano
1416 4825 1659 4896 principe
1690 4824 1895 4883 accitus

274 4944 418 4987 cum
442 4926 643 4982 Fannio
658 4926 1038 4998 grammatico,
1056 4924 1211 4994 cujus
1223 4923 1294 4983 de
1310 4920 1718 4985 Medicinalihus
1734 4934 1895 4984 versu

273 5022 583 5091 compositi
611 5031 790 5077 extant
810 5021 957 5086 libri,
987 5017 1316 5076 Nicomedia
1340 5016 1665 5075 rhetoricam
1688 5014 1898 5087 docuit,

276 5134 354 5177 ac
401 5115 627 5186 penuria
666 5116 1054 5187 discipulorum
1099 5113 1172 5169 oh
1210 5126 1445 5184 graecam
1484 5109 1779 5174 civitatem,
1826 5107 1894 5169 ait

276 5206 642 5266 scribendum
667 5225 726 5265 se
760 5210 1012 5265 contulit.
1056 5206 1326 5263 Habemus
1356 5204 1478 5275 ejus
1514 5202 1895 5275 Symposium,

277 5302 440 5374 quod
492 5302 930 5359 adolescentulus
975 5302 1029 5357 in
1074 5297 1277 5361 scholis
1315 5296 1535 5367 scripsit
1575 5293 1796 5362 Atriam.
1837 5302 1898 5357 et

280 5394 638 5472 Ὀδοιπορυών
665 5395 735 5452 de
760 5394 942 5451 Africa
970 5406 1139 5463 usque
1156 5390 1544 5454 Nicomediam.
1566 5386 1898 5447 hexametris

279 5491 553 5559 scriptum
589 5488 871 5553 versibus,
914 5496 970 5544 et
1008 5485 1172 5545 alium
1217 5483 1409 5545 librum
1457 5480 1547 5552 qui
1586 5479 1898 5543 inscribitur

277 5581 709 5647 Grammaticus,
738 5591 795 5639 et
831 5580 995 5637 alium
1028 5577 1451 5651 pulcherrimum
1474 5575 1547 5635 de
1575 5574 1661 5631 Ira
1691 5574 1810 5641 Dei,
1842 5580 1900 5635 et

280 5677 693 5733 lnstitutionum
714 5676 1023 5734 Divinarum
1047 5674 1308 5737 adversus
1326 5671 1535 5731 Gentes
1566 5670 1738 5735 libros
1766 5682 1897 5740 sep-

284 5781 428 5840 tena,
448 5782 505 5829 et
523 5770 795 5847 Ἐπιτομήν
811 5770 1052 5844 ejusdem
1073 5768 1258 5843 operis
1280 5767 1336 5825 in
1356 5765 1498 5829 libro
1516 5779 1623 5827 uno
1640 5762 1895 5842 ἆκινάλωο

2063 4638 2135 4691 At
2179 4648 2302 4690 cum
2328 4674 2341 4697 .
2389 4632 2723 4691 Diocletiano
2754 4632 3056 4700 imperante
3080 4671 3097 4695 ,
3131 4644 3198 4687 ex
3230 4627 3411 4689 Africa
3443 4626 3615 4684 Nico-

1998 4729 2231 4787 mediam
2271 4728 2479 4784 aceitus
2526 4725 2687 4783 fuerit
2732 4723 2983 4792 Scriptor
3028 4721 3464 4793 elegantissimus
3490 4761 3507 4787 .
3555 4727 3617 4778 ιιι

1997 4824 2321 4882 rhetoricam
2354 4822 2576 4877 doceret
2600 4860 2615 4886 ,
2645 4827 2807 4889 atque
2835 4814 3206 4893 Ὀδοιπορικόν,
3236 4814 3291 4871 id
3331 4823 3418 4877 est
3458 4814 3615 4877 itine-

1998 4921 2195 4976 rarium
2223 4933 2409 4983 suum,
2444 4914 2779 4973 hexametris
2810 4912 3062 4971 versibus
3100 4909 3381 4979 scripserit
3407 4948 3423 4974 ,
3457 4922 3614 4965 mens

1999 5030 2117 5069 mea
2148 5022 2231 5068 est
2259 5026 2459 5067 annum
2488 5009 2706 5065 circiter
2734 5006 2841 5067 290
2872 5005 2926 5059 in
2958 5002 3267 5075 Bithyniam
3295 5001 3613 5059 advocatum

1997 5109 2141 5166 hunc
2192 5107 2380 5164 fuisse.
2415 5104 2785 5161 Diocletianus
2814 5099 2961 5157 enim
2995 5114 3103 5155 non
3136 5106 3220 5155 est
3251 5095 3480 5166 imperio
3509 5109 3610 5164 po-

1997 5204 2150 5270 titus,
2182 5201 2284 5257 nisi
2311 5214 2459 5255 anno
2484 5196 2613 5252 εει.
2646 5194 2889 5253 Peractis
2918 5199 3099 5249 autem
3128 5189 3184 5251 in
3211 5190 3426 5256 Eumpa
3455 5185 3614 5247 bellis

1996 5293 2317 5366 quihusdam
2336 5334 2351 5358 ,
2380 5290 2562 5351 Asiam
2586 5287 2804 5358 repetiit
2830 5300 2974 5349 anno
2999 5282 3124 5349 l89,
3153 5297 3183 5338 a
3210 5297 3336 5352 quo,
3367 5289 3426 5341 ut
3457 5290 3609 5352 puto,

2000 5387 2274 5457 petierunt
2298 5380 2743 5443 Nicomedienses
2762 5420 2779 5446 ,
2805 5386 2867 5434 ut
2893 5376 2960 5435 ad
2993 5391 3054 5433 se
3082 5375 3165 5430 vir
3194 5375 3288 5435 ille
3315 5373 3617 5437 disertissi-

2004 5494 2127 5539 mus
2165 5486 2555 5537 accerseretur.
2597 5473 2657 5533 ω
2696 5486 2828 5532 vero
2867 5485 2896 5525 a
2930 5468 3050 5533 solo
3088 5475 3339 5538 poterant
3372 5465 3618 5539 Impera.

2007 5580 2126 5635 tore
2155 5583 2389 5633 exorare
2418 5577 2583 5639 atque
2610 5566 2923 5637 impetrare.
2957 5561 3167 5621 Eodem
3202 5563 3340 5625 forte
3372 5571 3617 5634 tempore

2004 5663 2431 5727 Grammatieum
2483 5658 2705 5731 scripsit
2751 5655 3089 5719 Lactantius.
3142 5654 3387 5729 Uterque
3431 5663 3615 5720 autem

2004 5757 2142 5817 liber
2168 5773 2276 5815 non
2306 5753 2602 5813 invenitur.
