  <div class='ocr_page' id='page_1' title='image "/cluster/home/n/w/nwhite01/storage/ocr_20150623/6/hvd.32044096580345/041.png"; bbox 0 0 4172 6202; ppageno 0'>
   <div class='ocr_carea' id='block_1_1' title="bbox 529 179 3850 242">
    <p class='ocr_par' dir='ltr' id='par_1_1' title="bbox 529 179 3850 242">
     <span class='ocr_line' id='line_1_1' title="bbox 529 179 3850 242; baseline 0 -2"><span class='ocrx_word' id='word_1_1' title='bbox 529 185 596 241; x_wconf 86' lang='grc'><strong>71</strong></span> <span class='ocrx_word' id='word_1_2' title='bbox 1701 179 2077 242; x_wconf 65' lang='grc' dir='ltr'><strong>ΡΒΕΡΑΤΙΟ</strong></span> <span class='ocrx_word' id='word_1_3' title='bbox 2104 180 2171 240; x_wconf 81' lang='lat' dir='ltr'><strong>IN</strong></span> <span class='ocrx_word' id='word_1_4' title='bbox 2209 181 2683 242; x_wconf 83' lang='lat' dir='ltr'><strong>LACTANTIUM.</strong></span> <span class='ocrx_word' id='word_1_5' title='bbox 3776 183 3850 242; x_wconf 74' lang='grc'>72</span> 
     </span>
    </p>
   </div>
   <div class='ocr_carea' id='block_1_2' title="bbox 600 293 3848 371">
    <p class='ocr_par' dir='ltr' id='par_1_2' title="bbox 600 293 3848 371">
     <span class='ocr_line' id='line_1_2' title="bbox 600 293 3848 371; baseline 0 -18"><span class='ocrx_word' id='word_1_6' title='bbox 600 295 706 353; x_wconf 86' lang='lat' dir='ltr'><strong>Sed</strong></span> <span class='ocrx_word' id='word_1_7' title='bbox 737 310 860 353; x_wconf 91' lang='lat' dir='ltr'><strong>cum</strong></span> <span class='ocrx_word' id='word_1_8' title='bbox 889 293 1107 354; x_wconf 82' lang='lat' dir='ltr'><strong>Christo</strong></span> <span class='ocrx_word' id='word_1_9' title='bbox 1134 294 1298 352; x_wconf 88' lang='lat' dir='ltr'><strong>fuerit</strong></span> <span class='ocrx_word' id='word_1_10' title='bbox 1325 302 1514 368; x_wconf 88' lang='lat' dir='ltr'><strong>postea</strong></span> <span class='ocrx_word' id='word_1_11' title='bbox 1545 298 1914 370; x_wconf 77' lang='lat' dir='ltr'><strong>mancipatus,</strong></span> <span class='ocrx_word' id='word_1_12' title='bbox 1951 315 2132 355; x_wconf 83' lang='lat' dir='ltr'><strong>veram</strong></span> <span class='ocrx_word' id='word_1_13' title='bbox 2163 303 2212 362; x_wconf 82' lang='grc' dir='ltr'>Α</span> <span class='ocrx_word' id='word_1_14' title='bbox 2241 301 2378 371; x_wconf 85' lang='lat' dir='ltr'><strong>giam</strong></span> <span class='ocrx_word' id='word_1_15' title='bbox 2424 301 2569 356; x_wconf 86' lang='lat' dir='ltr'><strong>venit</strong></span> <span class='ocrx_word' id='word_1_16' title='bbox 2615 295 3004 355; x_wconf 87' lang='lat' dir='ltr'><strong>Bibliothecam</strong></span> <span class='ocrx_word' id='word_1_17' title='bbox 3028 339 3043 365; x_wconf 93' lang='lat'><strong>,</strong></span> <span class='ocrx_word' id='word_1_18' title='bbox 3080 296 3291 369; x_wconf 87' lang='lat' dir='ltr'><strong>copiam</strong></span> <span class='ocrx_word' id='word_1_19' title='bbox 3335 296 3466 353; x_wconf 89' lang='lat' dir='ltr'><strong>mihi</strong></span> <span class='ocrx_word' id='word_1_20' title='bbox 3491 296 3637 366; x_wconf 87' lang='lat' dir='ltr'><strong>fecit,</strong></span> <span class='ocrx_word' id='word_1_21' title='bbox 3683 297 3848 355; x_wconf 88' lang='lat' dir='ltr'><strong>insito</strong></span> 
     </span>
    </p>
   </div>
   <div class='ocr_carea' id='block_1_3' title="bbox 525 391 2139 462">
    <p class='ocr_par' dir='ltr' id='par_1_3' title="bbox 525 391 2139 462">
     <span class='ocr_line' id='line_1_3' title="bbox 525 391 2139 462; baseline 0 -16"><span class='ocrx_word' id='word_1_22' title='bbox 525 391 580 446; x_wconf 90' lang='lat' dir='ltr'><strong>in</strong></span> <span class='ocrx_word' id='word_1_23' title='bbox 613 392 741 448; x_wconf 87' lang='lat' dir='ltr'><strong>Asia</strong></span> <span class='ocrx_word' id='word_1_24' title='bbox 775 393 1015 462; x_wconf 75' lang='lat' dir='ltr'><strong>suscepit</strong></span> <span class='ocrx_word' id='word_1_25' title='bbox 1046 391 1366 462; x_wconf 82' lang='lat' dir='ltr'><strong>religionem</strong></span> <span class='ocrx_word' id='word_1_26' title='bbox 1396 435 1409 456; x_wconf 92' lang='lat'><strong>,</strong></span> <span class='ocrx_word' id='word_1_27' title='bbox 1446 391 1628 446; x_wconf 78' lang='lat' dir='ltr'><strong>forsan</strong></span> <span class='ocrx_word' id='word_1_28' title='bbox 1663 407 1810 446; x_wconf 89' lang='lat' dir='ltr'><strong>anno</strong></span> <span class='ocrx_word' id='word_1_29' title='bbox 1839 392 1980 458; x_wconf 69' lang='lat'><strong>295,</strong></span> <span class='ocrx_word' id='word_1_30' title='bbox 2015 408 2139 462; x_wconf 81' lang='lat' dir='ltr'><strong>scp-</strong></span> 
     </span>
    </p>
   </div>
   <div class='ocr_carea' id='block_1_4' title="bbox 531 484 2140 554">
    <p class='ocr_par' dir='ltr' id='par_1_4' title="bbox 531 484 2140 554">
     <span class='ocr_line' id='line_1_4' title="bbox 531 484 2140 554; baseline 0.001 -16"><span class='ocrx_word' id='word_1_31' title='bbox 531 493 638 540; x_wconf 89' lang='lat' dir='ltr'><strong>tem</strong></span> <span class='ocrx_word' id='word_1_32' title='bbox 672 484 756 540; x_wconf 88' lang='lat' dir='ltr'><strong>vel</strong></span> <span class='ocrx_word' id='word_1_33' title='bbox 784 492 908 539; x_wconf 90' lang='lat' dir='ltr'><strong>octo</strong></span> <span class='ocrx_word' id='word_1_34' title='bbox 934 485 1093 538; x_wconf 89' lang='lat' dir='ltr'><strong>annis</strong></span> <span class='ocrx_word' id='word_1_35' title='bbox 1123 495 1412 554; x_wconf 90' lang='lat' dir='ltr'><strong>antequam</strong></span> <span class='ocrx_word' id='word_1_36' title='bbox 1445 484 1498 539; x_wconf 90' lang='lat' dir='ltr'><strong>in</strong></span> <span class='ocrx_word' id='word_1_37' title='bbox 1533 485 1748 540; x_wconf 82' lang='lat' dir='ltr'><strong>Fideles</strong></span> <span class='ocrx_word' id='word_1_38' title='bbox 1783 487 1982 541; x_wconf 88' lang='lat' dir='ltr'><strong>fureret</strong></span> <span class='ocrx_word' id='word_1_39' title='bbox 2016 501 2140 554; x_wconf 87' lang='lat' dir='ltr'><strong>per-</strong></span> 
     </span>
    </p>
   </div>
   <div class='ocr_carea' id='block_1_5' title="bbox 529 576 2141 648">
    <p class='ocr_par' dir='ltr' id='par_1_5' title="bbox 529 576 2141 648">
     <span class='ocr_line' id='line_1_5' title="bbox 529 576 2141 648; baseline -0.001 -14"><span class='ocrx_word' id='word_1_40' title='bbox 529 577 758 634; x_wconf 88' lang='lat' dir='ltr'><strong>secutio.</strong></span> <span class='ocrx_word' id='word_1_41' title='bbox 805 576 917 631; x_wconf 84' lang='lat' dir='ltr'><strong>Hac</strong></span> <span class='ocrx_word' id='word_1_42' title='bbox 956 579 1244 643; x_wconf 72' lang='lat' dir='ltr'><strong>saeviente,</strong></span> <span class='ocrx_word' id='word_1_43' title='bbox 1297 578 1516 648; x_wconf 74' lang='lat' dir='ltr'><strong>scripsit</strong></span> <span class='ocrx_word' id='word_1_44' title='bbox 1559 579 1872 634; x_wconf 80' lang='lat' dir='ltr'><strong>Lactantius</strong></span> <span class='ocrx_word' id='word_1_45' title='bbox 1901 579 2141 634; x_wconf 86' lang='lat' dir='ltr'><strong>libellum</strong></span> 
     </span>
    </p>
   </div>
   <div class='ocr_carea' id='block_1_6' title="bbox 527 671 2143 744">
    <p class='ocr_par' dir='ltr' id='par_1_6' title="bbox 527 671 2143 744">
     <span class='ocr_line' id='line_1_6' title="bbox 527 671 2143 744; baseline -0.001 -14"><span class='ocrx_word' id='word_1_46' title='bbox 527 673 789 730; x_wconf 86' lang='lat' dir='ltr'><strong>eximium</strong></span> <span class='ocrx_word' id='word_1_47' title='bbox 820 672 888 728; x_wconf 89' lang='lat' dir='ltr'><strong>de</strong></span> <span class='ocrx_word' id='word_1_48' title='bbox 918 671 1148 744; x_wconf 84' lang='lat' dir='ltr'><strong>Opiﬁcio</strong></span> <span class='ocrx_word' id='word_1_49' title='bbox 1181 673 1309 740; x_wconf 86' lang='lat' dir='ltr'><strong>Dei,</strong></span> <span class='ocrx_word' id='word_1_50' title='bbox 1341 675 1485 728; x_wconf 89' lang='lat' dir='ltr'><strong>circa</strong></span> <span class='ocrx_word' id='word_1_51' title='bbox 1518 687 1718 728; x_wconf 91' lang='lat' dir='ltr'><strong>annum</strong></span> <span class='ocrx_word' id='word_1_52' title='bbox 1751 673 1889 741; x_wconf 86' lang='grc'>510,</span> <span class='ocrx_word' id='word_1_53' title='bbox 1935 673 1999 726; x_wconf 91' lang='lat' dir='ltr'><strong>ad</strong></span> <span class='ocrx_word' id='word_1_54' title='bbox 2044 673 2143 728; x_wconf 90' lang='lat' dir='ltr'><strong>De-</strong></span> 
     </span>
    </p>
   </div>
   <div class='ocr_carea' id='block_1_7' title="bbox 530 765 2142 836">
    <p class='ocr_par' dir='ltr' id='par_1_7' title="bbox 530 765 2142 836">
     <span class='ocr_line' id='line_1_7' title="bbox 530 765 2142 836; baseline -0.002 -14"><span class='ocrx_word' id='word_1_55' title='bbox 530 766 852 822; x_wconf 89' lang='lat' dir='ltr'><strong>metrianum</strong></span> <span class='ocrx_word' id='word_1_56' title='bbox 911 766 1186 836; x_wconf 87' lang='lat' dir='ltr'><strong>quondam</strong></span> <span class='ocrx_word' id='word_1_57' title='bbox 1247 765 1550 821; x_wconf 79' lang='lat' dir='ltr'><strong>auditorem</strong></span> <span class='ocrx_word' id='word_1_58' title='bbox 1604 781 1804 831; x_wconf 91' lang='lat' dir='ltr'><strong>suum,</strong></span> <span class='ocrx_word' id='word_1_59' title='bbox 1867 775 1926 820; x_wconf 89' lang='lat' dir='ltr'><strong>ut</strong></span> <span class='ocrx_word' id='word_1_60' title='bbox 1983 781 2142 835; x_wconf 84' lang='lat' dir='ltr'><strong>quem</strong></span> 
     </span>
    </p>
   </div>
   <div class='ocr_carea' id='block_1_8' title="bbox 534 859 2146 930">
    <p class='ocr_par' dir='ltr' id='par_1_8' title="bbox 534 859 2146 930">
     <span class='ocr_line' id='line_1_8' title="bbox 534 859 2146 930; baseline -0.002 -14"><span class='ocrx_word' id='word_1_61' title='bbox 534 862 728 916; x_wconf 78' lang='lat' dir='ltr'><strong>litteris</strong></span> <span class='ocrx_word' id='word_1_62' title='bbox 769 861 904 916; x_wconf 85' lang='lat' dir='ltr'><strong>nihil</strong></span> <span class='ocrx_word' id='word_1_63' title='bbox 933 859 1080 914; x_wconf 89' lang='lat' dir='ltr'><strong>aliud</strong></span> <span class='ocrx_word' id='word_1_64' title='bbox 1113 875 1272 930; x_wconf 91' lang='lat' dir='ltr'><strong>quam</strong></span> <span class='ocrx_word' id='word_1_65' title='bbox 1306 861 1540 930; x_wconf 85' lang='lat' dir='ltr'><strong>linguam</strong></span> <span class='ocrx_word' id='word_1_66' title='bbox 1577 859 1969 915; x_wconf 89' lang='lat' dir='ltr'><strong>instruentibus</strong></span> <span class='ocrx_word' id='word_1_67' title='bbox 2008 875 2146 914; x_wconf 91' lang='lat' dir='ltr'><strong>eru-</strong></span> 
     </span>
    </p>
   </div>
   <div class='ocr_carea' id='block_1_9' title="bbox 529 953 2147 1025">
    <p class='ocr_par' dir='ltr' id='par_1_9' title="bbox 529 953 2147 1025">
     <span class='ocr_line' id='line_1_9' title="bbox 529 953 2147 1025; baseline -0.005 -13"><span class='ocrx_word' id='word_1_68' title='bbox 529 956 738 1023; x_wconf 88' lang='lat' dir='ltr'><strong>dierat,</strong></span> <span class='ocrx_word' id='word_1_69' title='bbox 773 956 871 1025; x_wconf 89' lang='lat' dir='ltr'><strong>ipsi</strong></span> <span class='ocrx_word' id='word_1_70' title='bbox 905 971 1012 1010; x_wconf 91' lang='lat' dir='ltr'><strong>non</strong></span> <span class='ocrx_word' id='word_1_71' title='bbox 1043 955 1258 1010; x_wconf 87' lang='lat' dir='ltr'><strong>deesset</strong></span> <span class='ocrx_word' id='word_1_72' title='bbox 1291 953 1624 1009; x_wconf 87' lang='lat' dir='ltr'><strong>honestioris</strong></span> <span class='ocrx_word' id='word_1_73' title='bbox 1651 955 1762 1020; x_wconf 91' lang='lat' dir='ltr'><strong>rei,</strong></span> <span class='ocrx_word' id='word_1_74' title='bbox 1796 953 2147 1022; x_wconf 89' lang='lat' dir='ltr'><strong>meliorisque</strong></span> 
     </span>
    </p>
   </div>
   <div class='ocr_carea' id='block_1_10' title="bbox 533 1046 2147 1120">
    <p class='ocr_par' dir='ltr' id='par_1_10' title="bbox 533 1046 2147 1120">
     <span class='ocr_line' id='line_1_10' title="bbox 533 1046 2147 1120; baseline -0.002 -16"><span class='ocrx_word' id='word_1_75' title='bbox 533 1048 798 1105; x_wconf 72' lang='lat' dir='ltr'><strong>doctrinm</strong></span> <span class='ocrx_word' id='word_1_76' title='bbox 827 1057 1133 1120; x_wconf 65' lang='lat' dir='ltr'><strong>praeceptor</strong></span> <span class='ocrx_word' id='word_1_77' title='bbox 1158 1046 1275 1118; x_wconf 89' lang='lat' dir='ltr'><strong>(De</strong></span> <span class='ocrx_word' id='word_1_78' title='bbox 1299 1046 1523 1117; x_wconf 80' lang='lat' dir='ltr'><strong>Opiﬁcio</strong></span> <span class='ocrx_word' id='word_1_79' title='bbox 1557 1047 1650 1101; x_wconf 87' lang='lat' dir='ltr'><strong>Dei</strong></span> <span class='ocrx_word' id='word_1_80' title='bbox 1675 1090 1688 1112; x_wconf 92' lang='lat'><strong>,</strong></span> <span class='ocrx_word' id='word_1_81' title='bbox 1722 1065 1840 1116; x_wconf 82' lang='lat' dir='ltr'><strong>cap.</strong></span> <span class='ocrx_word' id='word_1_82' title='bbox 1869 1047 1959 1120; x_wconf 95' lang='lat'><strong>1).</strong></span> <span class='ocrx_word' id='word_1_83' title='bbox 1995 1047 2147 1102; x_wconf 83' lang='lat' dir='ltr'><strong>Hunc</strong></span> 
     </span>
    </p>
   </div>
   <div class='ocr_carea' id='block_1_11' title="bbox 530 1140 2147 1212">
    <p class='ocr_par' dir='ltr' id='par_1_11' title="bbox 530 1140 2147 1212">
     <span class='ocr_line' id='line_1_11' title="bbox 530 1140 2147 1212; baseline 0 -16"><span class='ocrx_word' id='word_1_84' title='bbox 530 1140 728 1197; x_wconf 86' lang='lat' dir='ltr'><strong>librum</strong></span> <span class='ocrx_word' id='word_1_85' title='bbox 759 1143 830 1196; x_wconf 90' lang='lat' dir='ltr'><strong>ita</strong></span> <span class='ocrx_word' id='word_1_86' title='bbox 865 1141 1242 1211; x_wconf 86' lang='lat' dir='ltr'><strong>philosophice</strong></span> <span class='ocrx_word' id='word_1_87' title='bbox 1273 1140 1489 1212; x_wconf 89' lang='lat' dir='ltr'><strong>scripsit</strong></span> <span class='ocrx_word' id='word_1_88' title='bbox 1520 1142 1864 1206; x_wconf 89' lang='lat' dir='ltr'><strong>Lactantius,</strong></span> <span class='ocrx_word' id='word_1_89' title='bbox 1899 1151 1955 1195; x_wconf 90' lang='lat' dir='ltr'><strong>ut</strong></span> <span class='ocrx_word' id='word_1_90' title='bbox 1986 1157 2050 1196; x_wconf 84' lang='lat' dir='ltr'><strong>ex</strong></span> <span class='ocrx_word' id='word_1_91' title='bbox 2082 1155 2147 1196; x_wconf 90' lang='lat' dir='ltr'><strong>eo</strong></span> 
     </span>
    </p>
   </div>
   <div class='ocr_carea' id='block_1_12' title="bbox 536 1232 2144 1290">
    <p class='ocr_par' dir='ltr' id='par_1_12' title="bbox 536 1232 2144 1290">
     <span class='ocr_line' id='line_1_12' title="bbox 536 1232 2144 1290; baseline -0.001 0"><span class='ocrx_word' id='word_1_92' title='bbox 536 1246 714 1290; x_wconf 88' lang='lat' dir='ltr'><strong>tamen</strong></span> <span class='ocrx_word' id='word_1_93' title='bbox 759 1233 916 1289; x_wconf 81' lang='lat' dir='ltr'><strong>facile</strong></span> <span class='ocrx_word' id='word_1_94' title='bbox 959 1233 1300 1288; x_wconf 87' lang='lat' dir='ltr'><strong>Christianus</strong></span> <span class='ocrx_word' id='word_1_95' title='bbox 1332 1232 1580 1287; x_wconf 89' lang='lat' dir='ltr'><strong>mandata</strong></span> <span class='ocrx_word' id='word_1_96' title='bbox 1622 1233 1864 1289; x_wconf 74' lang='lat' dir='ltr'><strong>coelestia</strong></span> <span class='ocrx_word' id='word_1_97' title='bbox 1909 1233 2144 1288; x_wconf 85' lang='lat' dir='ltr'><strong>hauriat.</strong></span> 
     </span>
    </p>
   </div>
   <div class='ocr_carea' id='block_1_13' title="bbox 535 1324 2144 1397">
    <p class='ocr_par' dir='ltr' id='par_1_13' title="bbox 535 1324 2144 1397">
     <span class='ocr_line' id='line_1_13' title="bbox 535 1324 2144 1397; baseline -0.002 -15"><span class='ocrx_word' id='word_1_98' title='bbox 535 1327 833 1383; x_wconf 87' lang='lat' dir='ltr'><strong>Obscurius</strong></span> <span class='ocrx_word' id='word_1_99' title='bbox 861 1326 1232 1393; x_wconf 84' lang='lat' dir='ltr'><strong>nihilominus,</strong></span> <span class='ocrx_word' id='word_1_100' title='bbox 1257 1327 1376 1396; x_wconf 90' lang='lat' dir='ltr'><strong>ipso</strong></span> <span class='ocrx_word' id='word_1_101' title='bbox 1404 1324 1606 1381; x_wconf 89' lang='lat' dir='ltr'><strong>fatente</strong></span> <span class='ocrx_word' id='word_1_102' title='bbox 1637 1325 1752 1397; x_wconf 88' lang='lat' dir='ltr'><strong>(De</strong></span> <span class='ocrx_word' id='word_1_103' title='bbox 1779 1325 2002 1396; x_wconf 78' lang='lat' dir='ltr'><strong>Opiﬁcio</strong></span> <span class='ocrx_word' id='word_1_104' title='bbox 2029 1325 2144 1391; x_wconf 89' lang='lat' dir='ltr'><strong>Dei,</strong></span> 
     </span>
    </p>
   </div>
   <div class='ocr_carea' id='block_1_14' title="bbox 535 1418 2146 1490">
    <p class='ocr_par' dir='ltr' id='par_1_14' title="bbox 535 1418 2146 1490">
     <span class='ocr_line' id='line_1_14' title="bbox 535 1418 2146 1490; baseline 0 -16"><span class='ocrx_word' id='word_1_105' title='bbox 535 1436 651 1489; x_wconf 83' lang='lat' dir='ltr'><strong>cap.</strong></span> <span class='ocrx_word' id='word_1_106' title='bbox 685 1419 824 1490; x_wconf 69' lang='lat'><strong>20),</strong></span> <span class='ocrx_word' id='word_1_107' title='bbox 858 1419 1070 1474; x_wconf 92' lang='lat' dir='ltr'><strong>locutus</strong></span> <span class='ocrx_word' id='word_1_108' title='bbox 1111 1429 1226 1485; x_wconf 89' lang='lat' dir='ltr'><strong>est,</strong></span> <span class='ocrx_word' id='word_1_109' title='bbox 1259 1434 1420 1489; x_wconf 89' lang='lat' dir='ltr'><strong>quam</strong></span> <span class='ocrx_word' id='word_1_110' title='bbox 1463 1418 1676 1483; x_wconf 89' lang='lat' dir='ltr'><strong>decuit,</strong></span> <span class='ocrx_word' id='word_1_111' title='bbox 1711 1418 1873 1488; x_wconf 91' lang='lat' dir='ltr'><strong>idque</strong></span> <span class='ocrx_word' id='word_1_112' title='bbox 1915 1433 2013 1489; x_wconf 93' lang='lat' dir='ltr'><strong>pro</strong></span> <span class='ocrx_word' id='word_1_113' title='bbox 2057 1434 2146 1474; x_wconf 89' lang='lat' dir='ltr'><strong>re-</strong></span> 
     </span>
    </p>
   </div>
   <div class='ocr_carea' id='block_1_15' title="bbox 539 1510 2144 1581">
    <p class='ocr_par' dir='ltr' id='par_1_15' title="bbox 539 1510 2144 1581">
     <span class='ocr_line' id='line_1_15' title="bbox 539 1510 2144 1581; baseline -0.002 -14"><span class='ocrx_word' id='word_1_114' title='bbox 539 1529 660 1568; x_wconf 88' lang='lat' dir='ltr'><strong>rtnn</strong></span> <span class='ocrx_word' id='word_1_115' title='bbox 693 1527 756 1566; x_wconf 90' lang='lat' dir='ltr'><strong>ac</strong></span> <span class='ocrx_word' id='word_1_116' title='bbox 789 1511 1046 1581; x_wconf 89' lang='lat' dir='ltr'><strong>temporis</strong></span> <span class='ocrx_word' id='word_1_117' title='bbox 1077 1511 1433 1577; x_wconf 87' lang='lat' dir='ltr'><strong>necessitate,</strong></span> <span class='ocrx_word' id='word_1_118' title='bbox 1471 1511 1623 1581; x_wconf 90' lang='lat' dir='ltr'><strong>plura</strong></span> <span class='ocrx_word' id='word_1_119' title='bbox 1665 1520 1719 1565; x_wconf 91' lang='lat' dir='ltr'><strong>et</strong></span> <span class='ocrx_word' id='word_1_120' title='bbox 1761 1511 1985 1566; x_wconf 77' lang='lat' dir='ltr'><strong>meliora</strong></span> <span class='ocrx_word' id='word_1_121' title='bbox 2027 1510 2144 1565; x_wconf 87' lang='lat' dir='ltr'><strong>edi-</strong></span> 
     </span>
    </p>
   </div>
   <div class='ocr_carea' id='block_1_16' title="bbox 538 1603 2145 1675">
    <p class='ocr_par' dir='ltr' id='par_1_16' title="bbox 538 1603 2145 1675">
     <span class='ocr_line' id='line_1_16' title="bbox 538 1603 2145 1675; baseline -0.003 -13"><span class='ocrx_word' id='word_1_122' title='bbox 538 1617 715 1671; x_wconf 85' lang='lat' dir='ltr'><strong>turus,</strong></span> <span class='ocrx_word' id='word_1_123' title='bbox 747 1605 791 1661; x_wconf 91' lang='lat' dir='ltr'><strong>si</strong></span> <span class='ocrx_word' id='word_1_124' title='bbox 821 1605 1156 1675; x_wconf 81' lang='lat' dir='ltr'><strong>indulgentia</strong></span> <span class='ocrx_word' id='word_1_125' title='bbox 1181 1605 1398 1661; x_wconf 72' lang='lat' dir='ltr'><strong>ccnlitus</strong></span> <span class='ocrx_word' id='word_1_126' title='bbox 1422 1605 1651 1660; x_wconf 87' lang='lat' dir='ltr'><strong>venerit.</strong></span> <span class='ocrx_word' id='word_1_127' title='bbox 1679 1605 1809 1670; x_wconf 69' lang='lat' dir='ltr'><strong>Qum</strong></span> <span class='ocrx_word' id='word_1_128' title='bbox 1831 1603 1994 1658; x_wconf 88' lang='lat' dir='ltr'><strong>verba</strong></span> <span class='ocrx_word' id='word_1_129' title='bbox 2022 1617 2145 1671; x_wconf 85' lang='lat' dir='ltr'><strong>pro-</strong></span> 
     </span>
    </p>
   </div>
   <div class='ocr_carea' id='block_1_17' title="bbox 2244 392 3847 463">
    <p class='ocr_par' dir='ltr' id='par_1_17' title="bbox 2244 392 3847 463">
     <span class='ocr_line' id='line_1_17' title="bbox 2244 392 3847 463; baseline 0.001 -16"><span class='ocrx_word' id='word_1_130' title='bbox 2244 394 2474 463; x_wconf 88' lang='lat' dir='ltr'><strong>quodam</strong></span> <span class='ocrx_word' id='word_1_131' title='bbox 2509 394 2590 447; x_wconf 92' lang='lat' dir='ltr'><strong>vel</strong></span> <span class='ocrx_word' id='word_1_132' title='bbox 2625 395 2808 448; x_wconf 90' lang='lat' dir='ltr'><strong>innato</strong></span> <span class='ocrx_word' id='word_1_133' title='bbox 2842 393 3020 462; x_wconf 90' lang='lat' dir='ltr'><strong>potius</strong></span> <span class='ocrx_word' id='word_1_134' title='bbox 3047 407 3155 462; x_wconf 92' lang='lat' dir='ltr'><strong>quo</strong></span> <span class='ocrx_word' id='word_1_135' title='bbox 3183 401 3270 448; x_wconf 89' lang='lat' dir='ltr'><strong>est</strong></span> <span class='ocrx_word' id='word_1_136' title='bbox 3300 392 3352 446; x_wconf 92' lang='lat' dir='ltr'><strong>in</strong></span> <span class='ocrx_word' id='word_1_137' title='bbox 3383 408 3497 447; x_wconf 90' lang='lat' dir='ltr'><strong>rem</strong></span> <span class='ocrx_word' id='word_1_138' title='bbox 3529 392 3847 448; x_wconf 85' lang='lat' dir='ltr'><strong>litterariam</strong></span> 
     </span>
    </p>
   </div>
   <div class='ocr_carea' id='block_1_18' title="bbox 2245 484 3851 555">
    <p class='ocr_par' dir='ltr' id='par_1_18' title="bbox 2245 484 3851 555">
     <span class='ocr_line' id='line_1_18' title="bbox 2245 484 3851 555; baseline 0.001 -15"><span class='ocrx_word' id='word_1_139' title='bbox 2245 501 2428 540; x_wconf 87' lang='lat' dir='ltr'><strong>amore</strong></span> <span class='ocrx_word' id='word_1_140' title='bbox 2453 484 2707 542; x_wconf 88' lang='lat' dir='ltr'><strong>Claudius</strong></span> <span class='ocrx_word' id='word_1_141' title='bbox 2734 486 2946 552; x_wconf 88' lang='lat' dir='ltr'><strong>Sallier,</strong></span> <span class='ocrx_word' id='word_1_142' title='bbox 2979 485 3158 555; x_wconf 75' lang='lat' dir='ltr'><strong>Regia:</strong></span> <span class='ocrx_word' id='word_1_143' title='bbox 3186 485 3536 540; x_wconf 80' lang='lat' dir='ltr'><strong>Biblimheca:</strong></span> <span class='ocrx_word' id='word_1_144' title='bbox 3565 486 3851 555; x_wconf 63' lang='lat' dir='ltr'><strong>praefectus</strong></span> 
     </span>
    </p>
   </div>
   <div class='ocr_carea' id='block_1_19' title="bbox 2246 577 3847 635">
    <p class='ocr_par' dir='ltr' id='par_1_19' title="bbox 2246 577 3847 635">
     <span class='ocr_line' id='line_1_19' title="bbox 2246 577 3847 635; baseline 0 -1"><span class='ocrx_word' id='word_1_145' title='bbox 2246 580 2402 634; x_wconf 86' lang='lat' dir='ltr'><strong>alter.</strong></span> <span class='ocrx_word' id='word_1_146' title='bbox 2435 580 2692 635; x_wconf 83' lang='lat' dir='ltr'><strong>Codiccm</strong></span> <span class='ocrx_word' id='word_1_147' title='bbox 2724 583 2866 635; x_wconf 87' lang='lat' dir='ltr'><strong>hunc</strong></span> <span class='ocrx_word' id='word_1_148' title='bbox 2888 595 3009 634; x_wconf 93' lang='lat' dir='ltr'><strong>cum</strong></span> <span class='ocrx_word' id='word_1_149' title='bbox 3039 578 3200 635; x_wconf 83' lang='lat' dir='ltr'><strong>editis</strong></span> <span class='ocrx_word' id='word_1_150' title='bbox 3227 579 3426 635; x_wconf 89' lang='lat' dir='ltr'><strong>iterum</strong></span> <span class='ocrx_word' id='word_1_151' title='bbox 3455 577 3847 634; x_wconf 89' lang='lat' dir='ltr'><strong>conferendum</strong></span> 
     </span>
    </p>
   </div>
   <div class='ocr_carea' id='block_1_20' title="bbox 2246 671 3846 742">
    <p class='ocr_par' dir='ltr' id='par_1_20' title="bbox 2246 671 3846 742">
     <span class='ocr_line' id='line_1_20' title="bbox 2246 671 3846 742; baseline -0.002 -14"><span class='ocrx_word' id='word_1_152' title='bbox 2246 687 2367 728; x_wconf 90' lang='lat' dir='ltr'><strong>esse</strong></span> <span class='ocrx_word' id='word_1_153' title='bbox 2401 673 2563 738; x_wconf 79' lang='lat' dir='ltr'><strong>duxi,</strong></span> <span class='ocrx_word' id='word_1_154' title='bbox 2609 681 2664 726; x_wconf 89' lang='lat' dir='ltr'><strong>et</strong></span> <span class='ocrx_word' id='word_1_155' title='bbox 2701 672 2947 742; x_wconf 83' lang='lat' dir='ltr'><strong>quaedam</strong></span> <span class='ocrx_word' id='word_1_156' title='bbox 2991 688 3180 728; x_wconf 87' lang='lat' dir='ltr'><strong>rursus</strong></span> <span class='ocrx_word' id='word_1_157' title='bbox 3221 672 3404 742; x_wconf 88' lang='lat' dir='ltr'><strong>(qttod</strong></span> <span class='ocrx_word' id='word_1_158' title='bbox 3431 672 3518 725; x_wconf 85' lang='lat' dir='ltr'><strong>vix</strong></span> <span class='ocrx_word' id='word_1_159' title='bbox 3545 671 3779 742; x_wconf 90' lang='lat' dir='ltr'><strong>credas)</strong></span> <span class='ocrx_word' id='word_1_160' title='bbox 3818 685 3846 725; x_wconf 87' lang='lat' dir='ltr'><strong>a</strong></span> 
     </span>
    </p>
   </div>
   <div class='ocr_carea' id='block_1_21' title="bbox 2248 765 3848 836">
    <p class='ocr_par' dir='ltr' id='par_1_21' title="bbox 2248 765 3848 836">
     <span class='ocr_line' id='line_1_21' title="bbox 2248 765 3848 836; baseline -0.001 -14"><span class='ocrx_word' id='word_1_161' title='bbox 2248 768 2461 834; x_wconf 89' lang='lat' dir='ltr'><strong>multis,</strong></span> <span class='ocrx_word' id='word_1_162' title='bbox 2497 768 2668 835; x_wconf 85' lang='lat' dir='ltr'><strong>iisque</strong></span> <span class='ocrx_word' id='word_1_163' title='bbox 2709 769 2838 822; x_wconf 86' lang='lat' dir='ltr'><strong>viris</strong></span> <span class='ocrx_word' id='word_1_164' title='bbox 2877 767 3138 836; x_wconf 87' lang='lat' dir='ltr'><strong>eruditis,</strong></span> <span class='ocrx_word' id='word_1_165' title='bbox 3173 767 3540 836; x_wconf 69' lang='lat' dir='ltr'><strong>praetermissa</strong></span> <span class='ocrx_word' id='word_1_166' title='bbox 3571 765 3848 822; x_wconf 88' lang='lat' dir='ltr'><strong>annotavi.</strong></span> 
     </span>
    </p>
   </div>
   <div class='ocr_carea' id='block_1_22' title="bbox 2248 859 3852 932">
    <p class='ocr_par' dir='ltr' id='par_1_22' title="bbox 2248 859 3852 932">
     <span class='ocr_line' id='line_1_22' title="bbox 2248 859 3852 932; baseline 0.001 -19"><span class='ocrx_word' id='word_1_167' title='bbox 2248 859 2320 913; x_wconf 91' lang='lat' dir='ltr'><strong>Ita</strong></span> <span class='ocrx_word' id='word_1_168' title='bbox 2356 860 2601 914; x_wconf 88' lang='lat' dir='ltr'><strong>utetiam</strong></span> <span class='ocrx_word' id='word_1_169' title='bbox 2637 860 3000 931; x_wconf 85' lang='lat' dir='ltr'><strong>expresserim</strong></span> <span class='ocrx_word' id='word_1_170' title='bbox 3033 861 3084 914; x_wconf 90' lang='lat' dir='ltr'><strong>in</strong></span> <span class='ocrx_word' id='word_1_171' title='bbox 3117 861 3260 915; x_wconf 89' lang='lat' dir='ltr'><strong>notis</strong></span> <span class='ocrx_word' id='word_1_172' title='bbox 3301 876 3420 932; x_wconf 65' lang='lat' dir='ltr'><strong>qua:</strong></span> <span class='ocrx_word' id='word_1_173' title='bbox 3461 859 3664 915; x_wconf 81' lang='lat' dir='ltr'><strong>fuerint</strong></span> <span class='ocrx_word' id='word_1_174' title='bbox 3702 874 3852 914; x_wconf 86' lang='lat' dir='ltr'><strong>ama-</strong></span> 
     </span>
    </p>
   </div>
   <div class='ocr_carea' id='block_1_23' title="bbox 2247 951 3853 1021">
    <p class='ocr_par' dir='ltr' id='par_1_23' title="bbox 2247 951 3853 1021">
     <span class='ocr_line' id='line_1_23' title="bbox 2247 951 3853 1021; baseline 0.001 -15"><span class='ocrx_word' id='word_1_175' title='bbox 2247 952 2469 1007; x_wconf 87' lang='lat' dir='ltr'><strong>nucnsis</strong></span> <span class='ocrx_word' id='word_1_176' title='bbox 2499 963 2699 1007; x_wconf 90' lang='lat' dir='ltr'><strong>errata.</strong></span> <span class='ocrx_word' id='word_1_177' title='bbox 2735 952 2810 1007; x_wconf 88' lang='lat' dir='ltr'><strong>Ea</strong></span> <span class='ocrx_word' id='word_1_178' title='bbox 2840 953 2985 1007; x_wconf 90' lang='lat' dir='ltr'><strong>cnim</strong></span> <span class='ocrx_word' id='word_1_179' title='bbox 3017 952 3327 1021; x_wconf 62' lang='lat' dir='ltr'><strong>sepissime</strong></span> <span class='ocrx_word' id='word_1_180' title='bbox 3355 951 3693 1007; x_wconf 91' lang='lat' dir='ltr'><strong>doctioribus</strong></span> <span class='ocrx_word' id='word_1_181' title='bbox 3722 952 3853 1007; x_wconf 90' lang='lat' dir='ltr'><strong>dant</strong></span> 
     </span>
    </p>
   </div>
   <div class='ocr_carea' id='block_1_24' title="bbox 2246 1045 3846 1117">
    <p class='ocr_par' dir='ltr' id='par_1_24' title="bbox 2246 1045 3846 1117">
     <span class='ocr_line' id='line_1_24' title="bbox 2246 1045 3846 1117; baseline 0.003 -19"><span class='ocrx_word' id='word_1_182' title='bbox 2246 1045 2424 1099; x_wconf 91' lang='lat' dir='ltr'><strong>locum</strong></span> <span class='ocrx_word' id='word_1_183' title='bbox 2442 1089 2456 1112; x_wconf 95' lang='lat'><strong>,</strong></span> <span class='ocrx_word' id='word_1_184' title='bbox 2483 1061 2674 1100; x_wconf 91' lang='lat' dir='ltr'><strong>novam</strong></span> <span class='ocrx_word' id='word_1_185' title='bbox 2699 1061 2760 1101; x_wconf 92' lang='lat' dir='ltr'><strong>ac</strong></span> <span class='ocrx_word' id='word_1_186' title='bbox 2785 1046 3052 1101; x_wconf 89' lang='lat' dir='ltr'><strong>utiliorem</strong></span> <span class='ocrx_word' id='word_1_187' title='bbox 3077 1053 3171 1100; x_wconf 89' lang='lat' dir='ltr'><strong>aut</strong></span> <span class='ocrx_word' id='word_1_188' title='bbox 3189 1046 3583 1117; x_wconf 78' lang='lat' dir='ltr'><strong>elegantiorem</strong></span> <span class='ocrx_word' id='word_1_189' title='bbox 3607 1045 3846 1116; x_wconf 82' lang='lat' dir='ltr'><strong>fingendi</strong></span> 
     </span>
    </p>
   </div>
   <div class='ocr_carea' id='block_1_25' title="bbox 2247 1137 3848 1208">
    <p class='ocr_par' dir='ltr' id='par_1_25' title="bbox 2247 1137 3848 1208">
     <span class='ocr_line' id='line_1_25' title="bbox 2247 1137 3848 1208; baseline 0.003 -17"><span class='ocrx_word' id='word_1_190' title='bbox 2247 1137 2772 1208; x_wconf 88' lang='lat' dir='ltr'><strong>interpretationem.</strong></span> <span class='ocrx_word' id='word_1_191' title='bbox 2799 1138 2905 1193; x_wconf 86' lang='lat' dir='ltr'><strong>Sed</strong></span> <span class='ocrx_word' id='word_1_192' title='bbox 2932 1154 3001 1194; x_wconf 89' lang='lat' dir='ltr'><strong>ne</strong></span> <span class='ocrx_word' id='word_1_193' title='bbox 3027 1138 3231 1208; x_wconf 90' lang='lat' dir='ltr'><strong>aliquid</strong></span> <span class='ocrx_word' id='word_1_194' title='bbox 3259 1138 3475 1194; x_wconf 85' lang='lat' dir='ltr'><strong>deesset</strong></span> <span class='ocrx_word' id='word_1_195' title='bbox 3502 1139 3625 1194; x_wconf 88' lang='lat' dir='ltr'><strong>huic</strong></span> <span class='ocrx_word' id='word_1_196' title='bbox 3651 1149 3848 1196; x_wconf 75' lang='lat' dir='ltr'><strong>nostra:</strong></span> 
     </span>
    </p>
   </div>
   <div class='ocr_carea' id='block_1_26' title="bbox 2246 1209 3846 1304">
    <p class='ocr_par' dir='ltr' id='par_1_26' title="bbox 2246 1209 3846 1304">
     <span class='ocr_line' id='line_1_26' title="bbox 2246 1209 3846 1304; baseline 0.003 -18"><span class='ocrx_word' id='word_1_197' title='bbox 2246 1231 2505 1297; x_wconf 89' lang='lat' dir='ltr'><strong>editioni,</strong></span> <span class='ocrx_word' id='word_1_198' title='bbox 2535 1209 2990 1299; x_wconf 65' lang='lat' dir='ltr'><strong>commentarios,</strong></span> <span class='ocrx_word' id='word_1_199' title='bbox 3022 1249 3162 1303; x_wconf 91' lang='lat' dir='ltr'><strong>quos</strong></span> <span class='ocrx_word' id='word_1_200' title='bbox 3192 1233 3244 1288; x_wconf 91' lang='lat' dir='ltr'><strong>in</strong></span> <span class='ocrx_word' id='word_1_201' title='bbox 3279 1233 3692 1304; x_wconf 87' lang='lat' dir='ltr'><strong>Ultrajectinam</strong></span> <span class='ocrx_word' id='word_1_202' title='bbox 3719 1233 3846 1291; x_wconf 87' lang='lat' dir='ltr'><strong>anni</strong></span> 
     </span>
    </p>
   </div>
   <div class='ocr_carea' id='block_1_27' title="bbox 2249 1324 3846 1394">
    <p class='ocr_par' dir='ltr' id='par_1_27' title="bbox 2249 1324 3846 1394">
     <span class='ocr_line' id='line_1_27' title="bbox 2249 1324 3846 1394; baseline 0.004 -16"><span class='ocrx_word' id='word_1_203' title='bbox 2249 1324 2391 1379; x_wconf 74' lang='grc'><strong>1692</strong></span> <span class='ocrx_word' id='word_1_204' title='bbox 2420 1335 2770 1394; x_wconf 81' lang='lat' dir='ltr'><strong>congesserat</strong></span> <span class='ocrx_word' id='word_1_205' title='bbox 2799 1325 3001 1380; x_wconf 83' lang='lat' dir='ltr'><strong>Paulus</strong></span> <span class='ocrx_word' id='word_1_206' title='bbox 3031 1325 3284 1391; x_wconf 85' lang='lat' dir='ltr'><strong>Bauldri,</strong></span> <span class='ocrx_word' id='word_1_207' title='bbox 3319 1341 3412 1381; x_wconf 89' lang='lat' dir='ltr'><strong>eos</strong></span> <span class='ocrx_word' id='word_1_208' title='bbox 3443 1342 3664 1392; x_wconf 91' lang='lat' dir='ltr'><strong>omnes,</strong></span> <span class='ocrx_word' id='word_1_209' title='bbox 3699 1328 3846 1384; x_wconf 91' lang='lat' dir='ltr'><strong>nullo</strong></span> 
     </span>
    </p>
   </div>
   <div class='ocr_carea' id='block_1_28' title="bbox 2248 1418 3851 1490">
    <p class='ocr_par' dir='ltr' id='par_1_28' title="bbox 2248 1418 3851 1490">
     <span class='ocr_line' id='line_1_28' title="bbox 2248 1418 3851 1490; baseline 0 -16"><span class='ocrx_word' id='word_1_210' title='bbox 2248 1418 2506 1489; x_wconf 89' lang='lat' dir='ltr'><strong>dempto,</strong></span> <span class='ocrx_word' id='word_1_211' title='bbox 2539 1419 2725 1475; x_wconf 87' lang='lat' dir='ltr'><strong>recudi</strong></span> <span class='ocrx_word' id='word_1_212' title='bbox 2759 1420 3092 1475; x_wconf 89' lang='lat' dir='ltr'><strong>curavimus.</strong></span> <span class='ocrx_word' id='word_1_213' title='bbox 3126 1419 3294 1490; x_wconf 86' lang='lat' dir='ltr'><strong>quue</strong></span> <span class='ocrx_word' id='word_1_214' title='bbox 3325 1429 3468 1475; x_wconf 87' lang='lat' dir='ltr'><strong>tanta</strong></span> <span class='ocrx_word' id='word_1_215' title='bbox 3501 1419 3604 1476; x_wconf 86' lang='lat' dir='ltr'><strong>fide</strong></span> <span class='ocrx_word' id='word_1_216' title='bbox 3637 1437 3698 1475; x_wconf 89' lang='lat' dir='ltr'><strong>ac</strong></span> <span class='ocrx_word' id='word_1_217' title='bbox 3722 1421 3851 1476; x_wconf 69' lang='lat' dir='ltr'><strong>dili.</strong></span> 
     </span>
    </p>
   </div>
   <div class='ocr_carea' id='block_1_29' title="bbox 2247 1511 3853 1584">
    <p class='ocr_par' dir='ltr' id='par_1_29' title="bbox 2247 1511 3853 1584">
     <span class='ocr_line' id='line_1_29' title="bbox 2247 1511 3853 1584; baseline 0.002 -19"><span class='ocrx_word' id='word_1_218' title='bbox 2247 1511 2426 1581; x_wconf 88' lang='lat' dir='ltr'><strong>gentia</strong></span> <span class='ocrx_word' id='word_1_219' title='bbox 2448 1553 2462 1578; x_wconf 94' lang='lat'><strong>,</strong></span> <span class='ocrx_word' id='word_1_220' title='bbox 2495 1521 2551 1564; x_wconf 92' lang='lat' dir='ltr'><strong>ut</strong></span> <span class='ocrx_word' id='word_1_221' title='bbox 2579 1528 2766 1566; x_wconf 90' lang='lat' dir='ltr'><strong>eorum</strong></span> <span class='ocrx_word' id='word_1_222' title='bbox 2791 1512 2954 1566; x_wconf 89' lang='lat' dir='ltr'><strong>etiam</strong></span> <span class='ocrx_word' id='word_1_223' title='bbox 2985 1513 3289 1568; x_wconf 86' lang='lat' dir='ltr'><strong>notationes</strong></span> <span class='ocrx_word' id='word_1_224' title='bbox 3315 1515 3624 1579; x_wconf 87' lang='lat' dir='ltr'><strong>censorias,</strong></span> <span class='ocrx_word' id='word_1_225' title='bbox 3657 1513 3853 1584; x_wconf 84' lang='lat' dir='ltr'><strong>quibus</strong></span> 
     </span>
    </p>
   </div>
   <div class='ocr_carea' id='block_1_30' title="bbox 2248 1601 3854 1672">
    <p class='ocr_par' dir='ltr' id='par_1_30' title="bbox 2248 1601 3854 1672">
     <span class='ocr_line' id='line_1_30' title="bbox 2248 1601 3854 1672; baseline 0.002 -16"><span class='ocrx_word' id='word_1_226' title='bbox 2248 1603 2467 1672; x_wconf 83' lang='lat' dir='ltr'><strong>gravius</strong></span> <span class='ocrx_word' id='word_1_227' title='bbox 2507 1619 2670 1672; x_wconf 90' lang='lat' dir='ltr'><strong>quam</strong></span> <span class='ocrx_word' id='word_1_228' title='bbox 2718 1601 2876 1659; x_wconf 89' lang='lat' dir='ltr'><strong>decet</strong></span> <span class='ocrx_word' id='word_1_229' title='bbox 2920 1605 2972 1657; x_wconf 91' lang='lat' dir='ltr'><strong>in</strong></span> <span class='ocrx_word' id='word_1_230' title='bbox 3016 1603 3325 1658; x_wconf 89' lang='lat' dir='ltr'><strong>Doctrinam</strong></span> <span class='ocrx_word' id='word_1_231' title='bbox 3357 1605 3854 1661; x_wconf 87' lang='lat' dir='ltr'><strong>catholico-roma-</strong></span> 
     </span>
    </p>
   </div>
   <div class='ocr_carea' id='block_1_31' title="bbox 534 1695 3852 1768">
    <p class='ocr_par' dir='ltr' id='par_1_31' title="bbox 534 1695 3852 1768">
     <span class='ocr_line' id='line_1_31' title="bbox 534 1695 3852 1768; baseline 0 -14"><span class='ocrx_word' id='word_1_232' title='bbox 534 1701 621 1755; x_wconf 88' lang='lat' dir='ltr'><strong>cul</strong></span> <span class='ocrx_word' id='word_1_233' title='bbox 665 1699 830 1754; x_wconf 87' lang='lat' dir='ltr'><strong>dubio</strong></span> <span class='ocrx_word' id='word_1_234' title='bbox 870 1699 1179 1753; x_wconf 73' lang='lat' dir='ltr'><strong>smvientem</strong></span> <span class='ocrx_word' id='word_1_235' title='bbox 1223 1698 1460 1752; x_wconf 89' lang='lat' dir='ltr'><strong>indicant</strong></span> <span class='ocrx_word' id='word_1_236' title='bbox 1505 1698 1956 1768; x_wconf 82' lang='lat' dir='ltr'><strong>persecutionem.</strong></span> <span class='ocrx_word' id='word_1_237' title='bbox 1988 1697 2139 1752; x_wconf 92' lang='lat' dir='ltr'><strong>Tunc</strong></span> <span class='ocrx_word' id='word_1_238' title='bbox 2169 1697 2216 1757; x_wconf 92' lang='lat' dir='ltr'><strong>B</strong></span> <span class='ocrx_word' id='word_1_239' title='bbox 2245 1710 2368 1749; x_wconf 91' lang='lat' dir='ltr'><strong>nam</strong></span> <span class='ocrx_word' id='word_1_240' title='bbox 2404 1695 2718 1758; x_wconf 91' lang='lat' dir='ltr'><strong>incurrunt,</strong></span> <span class='ocrx_word' id='word_1_241' title='bbox 2763 1711 2873 1750; x_wconf 87' lang='lat' dir='ltr'><strong>non</strong></span> <span class='ocrx_word' id='word_1_242' title='bbox 2914 1697 3392 1767; x_wconf 85' lang='lat' dir='ltr'><strong>praetermiserim,</strong></span> <span class='ocrx_word' id='word_1_243' title='bbox 3434 1698 3617 1753; x_wconf 90' lang='lat' dir='ltr'><strong>addita</strong></span> <span class='ocrx_word' id='word_1_244' title='bbox 3653 1698 3852 1755; x_wconf 90' lang='lat' dir='ltr'><strong>nihilo-</strong></span> 
     </span>
    </p>
   </div>
   <div class='ocr_carea' id='block_1_32' title="bbox 540 1789 2138 1861">
    <p class='ocr_par' dir='ltr' id='par_1_32' title="bbox 540 1789 2138 1861">
     <span class='ocr_line' id='line_1_32' title="bbox 540 1789 2138 1861; baseline -0.003 -15"><span class='ocrx_word' id='word_1_245' title='bbox 540 1801 724 1847; x_wconf 85' lang='lat' dir='ltr'><strong>autem</strong></span> <span class='ocrx_word' id='word_1_246' title='bbox 780 1791 1138 1845; x_wconf 82' lang='lat' dir='ltr'><strong>meditabatur</strong></span> <span class='ocrx_word' id='word_1_247' title='bbox 1195 1791 1505 1846; x_wconf 83' lang='lat' dir='ltr'><strong>Lactantius</strong></span> <span class='ocrx_word' id='word_1_248' title='bbox 1562 1790 1819 1861; x_wconf 85' lang='lat' dir='ltr'><strong>grandius</strong></span> <span class='ocrx_word' id='word_1_249' title='bbox 1869 1789 2138 1860; x_wconf 88' lang='lat' dir='ltr'><strong>quoddam</strong></span> 
     </span>
    </p>
   </div>
   <div class='ocr_carea' id='block_1_33' title="bbox 533 1881 2142 1953">
    <p class='ocr_par' dir='ltr' id='par_1_33' title="bbox 533 1881 2142 1953">
     <span class='ocr_line' id='line_1_33' title="bbox 533 1881 2142 1953; baseline -0.002 -13"><span class='ocrx_word' id='word_1_250' title='bbox 533 1886 789 1941; x_wconf 88' lang='lat' dir='ltr'><strong>volumen</strong></span> <span class='ocrx_word' id='word_1_251' title='bbox 835 1897 1024 1938; x_wconf 91' lang='lat' dir='ltr'><strong>contra</strong></span> <span class='ocrx_word' id='word_1_252' title='bbox 1073 1882 1458 1953; x_wconf 87' lang='lat' dir='ltr'><strong>philosophos,</strong></span> <span class='ocrx_word' id='word_1_253' title='bbox 1495 1894 1546 1937; x_wconf 90' lang='lat' dir='ltr'><strong>et</strong></span> <span class='ocrx_word' id='word_1_254' title='bbox 1579 1883 1644 1936; x_wconf 92' lang='lat' dir='ltr'><strong>de</strong></span> <span class='ocrx_word' id='word_1_255' title='bbox 1675 1884 1741 1937; x_wconf 90' lang='lat' dir='ltr'><strong>iis</strong></span> <span class='ocrx_word' id='word_1_256' title='bbox 1769 1899 1889 1950; x_wconf 78' lang='lat' dir='ltr'><strong>quae</strong></span> <span class='ocrx_word' id='word_1_257' title='bbox 1919 1881 1986 1936; x_wconf 90' lang='lat' dir='ltr'><strong>ad</strong></span> <span class='ocrx_word' id='word_1_258' title='bbox 2018 1882 2142 1936; x_wconf 71' lang='lat' dir='ltr'><strong>vita:</strong></span> 
     </span>
    </p>
   </div>
   <div class='ocr_carea' id='block_1_34' title="bbox 538 1975 2142 2048">
    <p class='ocr_par' dir='ltr' id='par_1_34' title="bbox 538 1975 2142 2048">
     <span class='ocr_line' id='line_1_34' title="bbox 538 1975 2142 2048; baseline -0.004 -12"><span class='ocrx_word' id='word_1_259' title='bbox 538 1981 715 2036; x_wconf 79' lang='lat' dir='ltr'><strong>beatae</strong></span> <span class='ocrx_word' id='word_1_260' title='bbox 745 1987 940 2034; x_wconf 85' lang='lat' dir='ltr'><strong>statum</strong></span> <span class='ocrx_word' id='word_1_261' title='bbox 975 1987 1219 2047; x_wconf 81' lang='lat' dir='ltr'><strong>Spectant</strong></span> <span class='ocrx_word' id='word_1_262' title='bbox 1244 1976 1414 2046; x_wconf 86' lang='lat' dir='ltr'><strong>(Ibid.</strong></span> <span class='ocrx_word' id='word_1_263' title='bbox 1436 1979 1472 2048; x_wconf 92' lang='lat'><strong>).</strong></span> <span class='ocrx_word' id='word_1_264' title='bbox 1498 1976 1597 2031; x_wconf 88' lang='lat' dir='ltr'><strong>Hic</strong></span> <span class='ocrx_word' id='word_1_265' title='bbox 1621 1993 1724 2030; x_wconf 93' lang='lat' dir='ltr'><strong>non</strong></span> <span class='ocrx_word' id='word_1_266' title='bbox 1748 1977 1977 2031; x_wconf 87' lang='lat' dir='ltr'><strong>obscure</strong></span> <span class='ocrx_word' id='word_1_267' title='bbox 2001 1975 2142 2030; x_wconf 89' lang='lat' dir='ltr'><strong>indi-</strong></span> 
     </span>
    </p>
   </div>
   <div class='ocr_carea' id='block_1_35' title="bbox 535 2071 2142 2141">
    <p class='ocr_par' dir='ltr' id='par_1_35' title="bbox 535 2071 2142 2141">
     <span class='ocr_line' id='line_1_35' title="bbox 535 2071 2142 2141; baseline -0.002 -14"><span class='ocrx_word' id='word_1_268' title='bbox 535 2083 616 2127; x_wconf 90' lang='lat' dir='ltr'><strong>cat</strong></span> <span class='ocrx_word' id='word_1_269' title='bbox 653 2071 873 2127; x_wconf 89' lang='lat' dir='ltr'><strong>Divinas</strong></span> <span class='ocrx_word' id='word_1_270' title='bbox 899 2071 1289 2135; x_wconf 88' lang='lat' dir='ltr'><strong>Institutiones,</strong></span> <span class='ocrx_word' id='word_1_271' title='bbox 1316 2087 1541 2140; x_wconf 84' lang='lat' dir='ltr'><strong>quarum</strong></span> <span class='ocrx_word' id='word_1_272' title='bbox 1572 2071 1691 2125; x_wconf 89' lang='lat' dir='ltr'><strong>libri</strong></span> <span class='ocrx_word' id='word_1_273' title='bbox 1721 2073 1929 2141; x_wconf 87' lang='lat' dir='ltr'><strong>priores</strong></span> <span class='ocrx_word' id='word_1_274' title='bbox 1955 2080 2142 2125; x_wconf 89' lang='lat' dir='ltr'><strong>contra</strong></span> 
     </span>
    </p>
   </div>
   <div class='ocr_carea' id='block_1_36' title="bbox 533 2165 2142 2235">
    <p class='ocr_par' dir='ltr' id='par_1_36' title="bbox 533 2165 2142 2235">
     <span class='ocr_line' id='line_1_36' title="bbox 533 2165 2142 2235; baseline -0.003 -12"><span class='ocrx_word' id='word_1_275' title='bbox 533 2166 896 2235; x_wconf 81' lang='lat' dir='ltr'><strong>Phi1050phos</strong></span> <span class='ocrx_word' id='word_1_276' title='bbox 936 2165 1120 2234; x_wconf 90' lang='lat' dir='ltr'><strong>scripti</strong></span> <span class='ocrx_word' id='word_1_277' title='bbox 1147 2174 1301 2229; x_wconf 90' lang='lat' dir='ltr'><strong>sunt,</strong></span> <span class='ocrx_word' id='word_1_278' title='bbox 1338 2165 1557 2218; x_wconf 88' lang='lat' dir='ltr'><strong>ultimus</strong></span> <span class='ocrx_word' id='word_1_279' title='bbox 1587 2165 1652 2218; x_wconf 91' lang='lat' dir='ltr'><strong>de</strong></span> <span class='ocrx_word' id='word_1_280' title='bbox 1684 2165 1799 2218; x_wconf 83' lang='lat' dir='ltr'><strong>Vita</strong></span> <span class='ocrx_word' id='word_1_281' title='bbox 1837 2165 1999 2220; x_wconf 83' lang='lat' dir='ltr'><strong>Beata</strong></span> <span class='ocrx_word' id='word_1_282' title='bbox 2032 2165 2142 2218; x_wconf 84' lang='lat' dir='ltr'><strong>dis-</strong></span> 
     </span>
    </p>
   </div>
   <div class='ocr_carea' id='block_1_37' title="bbox 532 2255 2144 2329">
    <p class='ocr_par' dir='ltr' id='par_1_37' title="bbox 532 2255 2144 2329">
     <span class='ocr_line' id='line_1_37' title="bbox 532 2255 2144 2329; baseline -0.003 -14"><span class='ocrx_word' id='word_1_283' title='bbox 532 2261 685 2316; x_wconf 86' lang='lat' dir='ltr'><strong>serit.</strong></span> <span class='ocrx_word' id='word_1_284' title='bbox 721 2259 838 2314; x_wconf 81' lang='lat' dir='ltr'><strong>Non</strong></span> <span class='ocrx_word' id='word_1_285' title='bbox 871 2257 1029 2329; x_wconf 87' lang='lat' dir='ltr'><strong>igitur</strong></span> <span class='ocrx_word' id='word_1_286' title='bbox 1063 2259 1181 2313; x_wconf 91' lang='lat' dir='ltr'><strong>illas</strong></span> <span class='ocrx_word' id='word_1_287' title='bbox 1208 2260 1317 2327; x_wconf 89' lang='lat' dir='ltr'><strong>jam</strong></span> <span class='ocrx_word' id='word_1_288' title='bbox 1352 2257 1595 2313; x_wconf 85' lang='lat' dir='ltr'><strong>ediderat</strong></span> <span class='ocrx_word' id='word_1_289' title='bbox 1625 2257 1970 2325; x_wconf 90' lang='lat' dir='ltr'><strong>Lactantius,</strong></span> <span class='ocrx_word' id='word_1_290' title='bbox 2002 2255 2144 2329; x_wconf 89' lang='lat' dir='ltr'><strong>quod</strong></span> 
     </span>
    </p>
   </div>
   <div class='ocr_carea' id='block_1_38' title="bbox 535 2351 2146 2422">
    <p class='ocr_par' dir='ltr' id='par_1_38' title="bbox 535 2351 2146 2422">
     <span class='ocr_line' id='line_1_38' title="bbox 535 2351 2146 2422; baseline -0.002 -14"><span class='ocrx_word' id='word_1_291' title='bbox 535 2353 706 2408; x_wconf 90' lang='lat' dir='ltr'><strong>multo</strong></span> <span class='ocrx_word' id='word_1_292' title='bbox 732 2353 931 2408; x_wconf 87' lang='lat' dir='ltr'><strong>clarius</strong></span> <span class='ocrx_word' id='word_1_293' title='bbox 960 2352 1136 2408; x_wconf 86' lang='lat' dir='ltr'><strong>elucet</strong></span> <span class='ocrx_word' id='word_1_294' title='bbox 1163 2351 1466 2422; x_wconf 88' lang='lat' dir='ltr'><strong>legentibus</strong></span> <span class='ocrx_word' id='word_1_295' title='bbox 1493 2364 1653 2422; x_wconf 85' lang='lat' dir='ltr'><strong>caput</strong></span> <span class='ocrx_word' id='word_1_296' title='bbox 1679 2352 1750 2407; x_wconf 73' lang='lat'><strong>‘20</strong></span> <span class='ocrx_word' id='word_1_297' title='bbox 1779 2352 1898 2408; x_wconf 91' lang='lat' dir='ltr'><strong>libri</strong></span> <span class='ocrx_word' id='word_1_298' title='bbox 1925 2351 1992 2407; x_wconf 92' lang='lat' dir='ltr'><strong>de</strong></span> <span class='ocrx_word' id='word_1_299' title='bbox 2019 2351 2146 2422; x_wconf 85' lang='lat' dir='ltr'><strong>Opi-</strong></span> 
     </span>
    </p>
   </div>
   <div class='ocr_carea' id='block_1_39' title="bbox 537 2445 813 2501">
    <p class='ocr_par' dir='ltr' id='par_1_39' title="bbox 537 2445 813 2501">
     <span class='ocr_line' id='line_1_39' title="bbox 537 2445 813 2501; baseline -0.004 -1"><span class='ocrx_word' id='word_1_300' title='bbox 537 2445 662 2500; x_wconf 83' lang='lat' dir='ltr'><strong>ﬁcio</strong></span> <span class='ocrx_word' id='word_1_301' title='bbox 697 2445 813 2501; x_wconf 88' lang='lat' dir='ltr'><strong>Dei.</strong></span> 
     </span>
    </p>
   </div>
   <div class='ocr_carea' id='block_1_40' title="bbox 608 2537 2148 2608">
    <p class='ocr_par' dir='ltr' id='par_1_40' title="bbox 608 2537 2148 2608">
     <span class='ocr_line' id='line_1_40' title="bbox 608 2537 2148 2608; baseline -0.001 -14"><span class='ocrx_word' id='word_1_302' title='bbox 608 2538 812 2594; x_wconf 91' lang='lat' dir='ltr'><strong>Eodem</strong></span> <span class='ocrx_word' id='word_1_303' title='bbox 856 2537 1037 2593; x_wconf 81' lang='lat' dir='ltr'><strong>forsan</strong></span> <span class='ocrx_word' id='word_1_304' title='bbox 1088 2546 1330 2608; x_wconf 87' lang='lat' dir='ltr'><strong>tempore</strong></span> <span class='ocrx_word' id='word_1_305' title='bbox 1370 2538 1586 2608; x_wconf 88' lang='lat' dir='ltr'><strong>scripsit</strong></span> <span class='ocrx_word' id='word_1_306' title='bbox 1631 2537 1700 2593; x_wconf 91' lang='lat' dir='ltr'><strong>ad</strong></span> <span class='ocrx_word' id='word_1_307' title='bbox 1743 2537 2148 2593; x_wconf 87' lang='lat' dir='ltr'><strong>Demetrianum</strong></span> 
     </span>
    </p>
   </div>
   <div class='ocr_carea' id='block_1_41' title="bbox 537 2629 2151 2700">
    <p class='ocr_par' dir='ltr' id='par_1_41' title="bbox 537 2629 2151 2700">
     <span class='ocr_line' id='line_1_41' title="bbox 537 2629 2151 2700; baseline -0.001 -14"><span class='ocrx_word' id='word_1_308' title='bbox 537 2629 710 2700; x_wconf 88' lang='lat' dir='ltr'><strong>ipsum</strong></span> <span class='ocrx_word' id='word_1_309' title='bbox 748 2629 1112 2699; x_wconf 86' lang='lat' dir='ltr'><strong>Epistolarum</strong></span> <span class='ocrx_word' id='word_1_310' title='bbox 1141 2629 1248 2684; x_wconf 92' lang='lat' dir='ltr'><strong>duo</strong></span> <span class='ocrx_word' id='word_1_311' title='bbox 1271 2629 1541 2685; x_wconf 89' lang='lat' dir='ltr'><strong>volumina</strong></span> <span class='ocrx_word' id='word_1_312' title='bbox 1562 2671 1577 2694; x_wconf 92' lang='lat'><strong>,</strong></span> <span class='ocrx_word' id='word_1_313' title='bbox 1601 2646 1752 2700; x_wconf 63' lang='lat' dir='ltr'><strong>quae,</strong></span> <span class='ocrx_word' id='word_1_314' title='bbox 1779 2631 1918 2686; x_wconf 85' lang='lat' dir='ltr'><strong>sicut</strong></span> <span class='ocrx_word' id='word_1_315' title='bbox 1947 2640 2001 2686; x_wconf 90' lang='lat' dir='ltr'><strong>et</strong></span> <span class='ocrx_word' id='word_1_316' title='bbox 2030 2631 2151 2685; x_wconf 67' lang='lat' dir='ltr'><strong>alia:</strong></span> 
     </span>
    </p>
   </div>
   <div class='ocr_carea' id='block_1_42' title="bbox 536 2723 2150 2794">
    <p class='ocr_par' dir='ltr' id='par_1_42' title="bbox 536 2723 2150 2794">
     <span class='ocr_line' id='line_1_42' title="bbox 536 2723 2150 2794; baseline 0 -15"><span class='ocrx_word' id='word_1_317' title='bbox 536 2725 657 2794; x_wconf 85' lang='lat' dir='ltr'><strong>ejus</strong></span> <span class='ocrx_word' id='word_1_318' title='bbox 685 2723 928 2793; x_wconf 74' lang='lat' dir='ltr'><strong>epistola:</strong></span> <span class='ocrx_word' id='word_1_319' title='bbox 953 2765 966 2789; x_wconf 94' lang='lat'><strong>,</strong></span> <span class='ocrx_word' id='word_1_320' title='bbox 1002 2723 1431 2780; x_wconf 88' lang='lat' dir='ltr'><strong>interciderunt:</strong></span> <span class='ocrx_word' id='word_1_321' title='bbox 1467 2723 1725 2793; x_wconf 88' lang='lat' dir='ltr'><strong>quasdam</strong></span> <span class='ocrx_word' id='word_1_322' title='bbox 1759 2732 1974 2790; x_wconf 87' lang='lat' dir='ltr'><strong>tamen,</strong></span> <span class='ocrx_word' id='word_1_323' title='bbox 2007 2724 2150 2780; x_wconf 84' lang='lat' dir='ltr'><strong>desi-</strong></span> 
     </span>
    </p>
   </div>
   <div class='ocr_carea' id='block_1_43' title="bbox 536 2816 2152 2888">
    <p class='ocr_par' dir='ltr' id='par_1_43' title="bbox 536 2816 2152 2888">
     <span class='ocr_line' id='line_1_43' title="bbox 536 2816 2152 2888; baseline -0.001 -16"><span class='ocrx_word' id='word_1_324' title='bbox 536 2827 725 2888; x_wconf 86' lang='lat' dir='ltr'><strong>nente,</strong></span> <span class='ocrx_word' id='word_1_325' title='bbox 742 2816 942 2872; x_wconf 75' lang='lat' dir='ltr'><strong>s;eculo</strong></span> <span class='ocrx_word' id='word_1_326' title='bbox 961 2831 1072 2884; x_wconf 80' lang='lat' dir='ltr'><strong>xvr,</strong></span> <span class='ocrx_word' id='word_1_327' title='bbox 1093 2816 1300 2871; x_wconf 90' lang='lat' dir='ltr'><strong>viderat</strong></span> <span class='ocrx_word' id='word_1_328' title='bbox 1318 2816 1619 2871; x_wconf 86' lang='lat' dir='ltr'><strong>Hadrianus</strong></span> <span class='ocrx_word' id='word_1_329' title='bbox 1636 2817 1824 2872; x_wconf 80' lang='lat' dir='ltr'><strong>Junius</strong></span> <span class='ocrx_word' id='word_1_330' title='bbox 1841 2818 1890 2872; x_wconf 91' lang='lat' dir='ltr'><strong>in</strong></span> <span class='ocrx_word' id='word_1_331' title='bbox 1910 2817 2152 2886; x_wconf 88' lang='lat' dir='ltr'><strong>Egmun-</strong></span> 
     </span>
    </p>
   </div>
   <div class='ocr_carea' id='block_1_44' title="bbox 537 2908 2156 2975">
    <p class='ocr_par' dir='ltr' id='par_1_44' title="bbox 537 2908 2156 2975">
     <span class='ocr_line' id='line_1_44' title="bbox 537 2908 2156 2975; baseline 0.001 -11"><span class='ocrx_word' id='word_1_332' title='bbox 537 2909 664 2964; x_wconf 88' lang='lat' dir='ltr'><strong>dani</strong></span> <span class='ocrx_word' id='word_1_333' title='bbox 687 2908 998 2964; x_wconf 85' lang='lat' dir='ltr'><strong>monasterii</strong></span> <span class='ocrx_word' id='word_1_334' title='bbox 1022 2908 1352 2965; x_wconf 90' lang='lat' dir='ltr'><strong>Bibliotheca</strong></span> <span class='ocrx_word' id='word_1_335' title='bbox 1371 2952 1387 2975; x_wconf 92' lang='lat'><strong>,</strong></span> <span class='ocrx_word' id='word_1_336' title='bbox 1414 2926 1516 2964; x_wconf 92' lang='lat' dir='ltr'><strong>ms.</strong></span> <span class='ocrx_word' id='word_1_337' title='bbox 1540 2911 1815 2965; x_wconf 89' lang='lat' dir='ltr'><strong>codicibus</strong></span> <span class='ocrx_word' id='word_1_338' title='bbox 1837 2911 1962 2966; x_wconf 90' lang='lat' dir='ltr'><strong>olim</strong></span> <span class='ocrx_word' id='word_1_339' title='bbox 1987 2910 2156 2965; x_wconf 87' lang='lat' dir='ltr'><strong>refer-</strong></span> 
     </span>
    </p>
   </div>
   <div class='ocr_carea' id='block_1_45' title="bbox 541 3000 2150 3070">
    <p class='ocr_par' dir='ltr' id='par_1_45' title="bbox 541 3000 2150 3070">
     <span class='ocr_line' id='line_1_45' title="bbox 541 3000 2150 3070; baseline 0 -14"><span class='ocrx_word' id='word_1_340' title='bbox 541 3001 745 3057; x_wconf 86' lang='lat' dir='ltr'><strong>tissima</strong></span> <span class='ocrx_word' id='word_1_341' title='bbox 773 3001 1072 3070; x_wconf 81' lang='lat' dir='ltr'><strong>(Hadrian.</strong></span> <span class='ocrx_word' id='word_1_342' title='bbox 1107 3002 1294 3056; x_wconf 85' lang='lat' dir='ltr'><strong>Junius</strong></span> <span class='ocrx_word' id='word_1_343' title='bbox 1316 3042 1331 3065; x_wconf 96' lang='lat'><strong>,</strong></span> <span class='ocrx_word' id='word_1_344' title='bbox 1355 3007 1407 3056; x_wconf 80' lang='lat' dir='ltr'><strong>in</strong></span> <span class='ocrx_word' id='word_1_345' title='bbox 1429 3000 1661 3056; x_wconf 71' lang='lat' dir='ltr'><strong>Batavia:</strong></span> <span class='ocrx_word' id='word_1_346' title='bbox 1693 3001 1951 3070; x_wconf 81' lang='lat' dir='ltr'><strong>Historia,</strong></span> <span class='ocrx_word' id='word_1_347' title='bbox 1984 3001 2150 3070; x_wconf 70' lang='lat' dir='ltr'><strong>iri-4°,</strong></span> 
     </span>
    </p>
   </div>
   <div class='ocr_carea' id='block_1_46' title="bbox 2244 1788 3855 1862">
    <p class='ocr_par' dir='ltr' id='par_1_46' title="bbox 2244 1788 3855 1862">
     <span class='ocr_line' id='line_1_46' title="bbox 2244 1788 3855 1862; baseline 0.004 -21"><span class='ocrx_word' id='word_1_348' title='bbox 2244 1788 2426 1842; x_wconf 93' lang='lat' dir='ltr'><strong>minus</strong></span> <span class='ocrx_word' id='word_1_349' title='bbox 2458 1788 2690 1857; x_wconf 85' lang='lat' dir='ltr'><strong>quadam</strong></span> <span class='ocrx_word' id='word_1_350' title='bbox 2713 1831 2728 1855; x_wconf 94' lang='lat'><strong>,</strong></span> <span class='ocrx_word' id='word_1_351' title='bbox 2765 1788 2852 1842; x_wconf 93' lang='lat' dir='ltr'><strong>ubi</strong></span> <span class='ocrx_word' id='word_1_352' title='bbox 2881 1803 3019 1858; x_wconf 91' lang='lat' dir='ltr'><strong>opus</strong></span> <span class='ocrx_word' id='word_1_353' title='bbox 3049 1798 3172 1854; x_wconf 90' lang='lat' dir='ltr'><strong>est,</strong></span> <span class='ocrx_word' id='word_1_354' title='bbox 3204 1789 3715 1859; x_wconf 89' lang='lat' dir='ltr'><strong>animadversione,</strong></span> <span class='ocrx_word' id='word_1_355' title='bbox 3750 1806 3855 1862; x_wconf 87' lang='lat' dir='ltr'><strong>qua</strong></span> 
     </span>
    </p>
   </div>
   <div class='ocr_carea' id='block_1_47' title="bbox 2245 1880 3853 1952">
    <p class='ocr_par' dir='ltr' id='par_1_47' title="bbox 2245 1880 3853 1952">
     <span class='ocr_line' id='line_1_47' title="bbox 2245 1880 3853 1952; baseline 0.002 -17"><span class='ocrx_word' id='word_1_356' title='bbox 2245 1882 2298 1935; x_wconf 91' lang='lat' dir='ltr'><strong>in</strong></span> <span class='ocrx_word' id='word_1_357' title='bbox 2331 1890 2706 1935; x_wconf 90' lang='lat' dir='ltr'><strong>aunotatorem</strong></span> <span class='ocrx_word' id='word_1_358' title='bbox 2750 1880 2996 1952; x_wconf 88' lang='lat' dir='ltr'><strong>rejicitur</strong></span> <span class='ocrx_word' id='word_1_359' title='bbox 3033 1896 3206 1936; x_wconf 91' lang='lat' dir='ltr'><strong>error.</strong></span> <span class='ocrx_word' id='word_1_360' title='bbox 3252 1881 3333 1937; x_wconf 85' lang='lat' dir='ltr'><strong>Ad</strong></span> <span class='ocrx_word' id='word_1_361' title='bbox 3374 1882 3502 1952; x_wconf 90' lang='lat' dir='ltr'><strong>quid</strong></span> <span class='ocrx_word' id='word_1_362' title='bbox 3543 1885 3690 1938; x_wconf 91' lang='lat' dir='ltr'><strong>enim</strong></span> <span class='ocrx_word' id='word_1_363' title='bbox 3734 1884 3853 1938; x_wconf 74' lang='lat' dir='ltr'><strong>ista:</strong></span> 
     </span>
    </p>
   </div>
   <div class='ocr_carea' id='block_1_48' title="bbox 2247 1974 3849 2043">
    <p class='ocr_par' dir='ltr' id='par_1_48' title="bbox 2247 1974 3849 2043">
     <span class='ocr_line' id='line_1_48' title="bbox 2247 1974 3849 2043; baseline 0.002 -15"><span class='ocrx_word' id='word_1_364' title='bbox 2247 1982 2354 2028; x_wconf 91' lang='lat' dir='ltr'><strong>tam</strong></span> <span class='ocrx_word' id='word_1_365' title='bbox 2382 1974 2775 2042; x_wconf 71' lang='lat' dir='ltr'><strong>intempestiva:</strong></span> <span class='ocrx_word' id='word_1_366' title='bbox 2821 1975 3211 2040; x_wconf 83' lang='lat' dir='ltr'><strong>excursiones,</strong></span> <span class='ocrx_word' id='word_1_367' title='bbox 3244 1975 3334 2029; x_wconf 90' lang='lat' dir='ltr'><strong>ubi</strong></span> <span class='ocrx_word' id='word_1_368' title='bbox 3355 1975 3423 2030; x_wconf 89' lang='lat' dir='ltr'><strong>de</strong></span> <span class='ocrx_word' id='word_1_369' title='bbox 3449 1975 3678 2030; x_wconf 88' lang='lat' dir='ltr'><strong>historia</strong></span> <span class='ocrx_word' id='word_1_370' title='bbox 3699 2018 3714 2043; x_wconf 95' lang='lat'><strong>,</strong></span> <span class='ocrx_word' id='word_1_371' title='bbox 3743 1992 3849 2034; x_wconf 91' lang='lat' dir='ltr'><strong>non</strong></span> 
     </span>
    </p>
   </div>
   <div class='ocr_carea' id='block_1_49' title="bbox 2246 2067 3854 2139">
    <p class='ocr_par' dir='ltr' id='par_1_49' title="bbox 2246 2067 3854 2139">
     <span class='ocr_line' id='line_1_49' title="bbox 2246 2067 3854 2139; baseline 0.002 -17"><span class='ocrx_word' id='word_1_372' title='bbox 2246 2067 2313 2123; x_wconf 92' lang='lat' dir='ltr'><strong>de</strong></span> <span class='ocrx_word' id='word_1_373' title='bbox 2343 2069 2505 2122; x_wconf 89' lang='lat' dir='ltr'><strong>rebus</strong></span> <span class='ocrx_word' id='word_1_374' title='bbox 2534 2069 2707 2138; x_wconf 88' lang='lat' dir='ltr'><strong>agitur</strong></span> <span class='ocrx_word' id='word_1_375' title='bbox 2738 2069 3089 2139; x_wconf 83' lang='lat' dir='ltr'><strong>theologicis?</strong></span> <span class='ocrx_word' id='word_1_376' title='bbox 3129 2067 3239 2124; x_wconf 81' lang='lat' dir='ltr'><strong>Hac</strong></span> <span class='ocrx_word' id='word_1_377' title='bbox 3267 2069 3478 2124; x_wconf 90' lang='lat' dir='ltr'><strong>ratione</strong></span> <span class='ocrx_word' id='word_1_378' title='bbox 3523 2077 3767 2124; x_wconf 88' lang='lat' dir='ltr'><strong>nostram</strong></span> <span class='ocrx_word' id='word_1_379' title='bbox 3801 2069 3854 2125; x_wconf 93' lang='lat' dir='ltr'><strong>in</strong></span> 
     </span>
    </p>
   </div>
   <div class='ocr_carea' id='block_1_50' title="bbox 2248 2161 3860 2234">
    <p class='ocr_par' dir='ltr' id='par_1_50' title="bbox 2248 2161 3860 2234">
     <span class='ocr_line' id='line_1_50' title="bbox 2248 2161 3860 2234; baseline 0.001 -18"><span class='ocrx_word' id='word_1_380' title='bbox 2248 2161 2542 2217; x_wconf 87' lang='lat' dir='ltr'><strong>editionem</strong></span> <span class='ocrx_word' id='word_1_381' title='bbox 2571 2177 2631 2215; x_wconf 90' lang='lat' dir='ltr'><strong>ea</strong></span> <span class='ocrx_word' id='word_1_382' title='bbox 2665 2162 2844 2216; x_wconf 92' lang='lat' dir='ltr'><strong>omnia</strong></span> <span class='ocrx_word' id='word_1_383' title='bbox 2873 2161 3237 2228; x_wconf 86' lang='lat' dir='ltr'><strong>contulimus,</strong></span> <span class='ocrx_word' id='word_1_384' title='bbox 3265 2177 3387 2233; x_wconf 62' lang='lat' dir='ltr'><strong>quae</strong></span> <span class='ocrx_word' id='word_1_385' title='bbox 3432 2162 3581 2232; x_wconf 93' lang='lat' dir='ltr'><strong>prius</strong></span> <span class='ocrx_word' id='word_1_386' title='bbox 3623 2162 3860 2234; x_wconf 89' lang='lat' dir='ltr'><strong>undique</strong></span> 
     </span>
    </p>
   </div>
   <div class='ocr_carea' id='block_1_51' title="bbox 2248 2255 3861 2329">
    <p class='ocr_par' dir='ltr' id='par_1_51' title="bbox 2248 2255 3861 2329">
     <span class='ocr_line' id='line_1_51' title="bbox 2248 2255 3861 2329; baseline 0.003 -21"><span class='ocrx_word' id='word_1_387' title='bbox 2248 2255 2522 2324; x_wconf 86' lang='lat' dir='ltr'><strong>sigillatim</strong></span> <span class='ocrx_word' id='word_1_388' title='bbox 2565 2256 2887 2327; x_wconf 88' lang='lat' dir='ltr'><strong>conquirere</strong></span> <span class='ocrx_word' id='word_1_389' title='bbox 2927 2266 3045 2311; x_wconf 91' lang='lat' dir='ltr'><strong>erat</strong></span> <span class='ocrx_word' id='word_1_390' title='bbox 3088 2272 3347 2324; x_wconf 90' lang='lat' dir='ltr'><strong>necesse,</strong></span> <span class='ocrx_word' id='word_1_391' title='bbox 3396 2266 3452 2311; x_wconf 92' lang='lat' dir='ltr'><strong>ut</strong></span> <span class='ocrx_word' id='word_1_392' title='bbox 3498 2256 3706 2329; x_wconf 88' lang='lat' dir='ltr'><strong>integra</strong></span> <span class='ocrx_word' id='word_1_393' title='bbox 3759 2258 3861 2313; x_wconf 88' lang='lat' dir='ltr'><strong>La-</strong></span> 
     </span>
    </p>
   </div>
   <div class='ocr_carea' id='block_1_52' title="bbox 2249 2351 3858 2420">
    <p class='ocr_par' dir='ltr' id='par_1_52' title="bbox 2249 2351 3858 2420">
     <span class='ocr_line' id='line_1_52' title="bbox 2249 2351 3858 2420; baseline 0.002 -17"><span class='ocrx_word' id='word_1_394' title='bbox 2249 2351 2432 2404; x_wconf 88' lang='lat' dir='ltr'><strong>ctantii</strong></span> <span class='ocrx_word' id='word_1_395' title='bbox 2480 2366 2680 2420; x_wconf 90' lang='lat' dir='ltr'><strong>opera,</strong></span> <span class='ocrx_word' id='word_1_396' title='bbox 2731 2351 3020 2420; x_wconf 88' lang='lat' dir='ltr'><strong>variosque</strong></span> <span class='ocrx_word' id='word_1_397' title='bbox 3073 2351 3126 2405; x_wconf 91' lang='lat' dir='ltr'><strong>in</strong></span> <span class='ocrx_word' id='word_1_398' title='bbox 3173 2366 3234 2406; x_wconf 92' lang='lat' dir='ltr'><strong>ea</strong></span> <span class='ocrx_word' id='word_1_399' title='bbox 3283 2351 3706 2406; x_wconf 90' lang='lat' dir='ltr'><strong>commentarios</strong></span> <span class='ocrx_word' id='word_1_400' title='bbox 3753 2351 3858 2407; x_wconf 86' lang='lat' dir='ltr'><strong>sibi</strong></span> 
     </span>
    </p>
   </div>
   <div class='ocr_carea' id='block_1_53' title="bbox 2250 2443 3082 2511">
    <p class='ocr_par' dir='ltr' id='par_1_53' title="bbox 2250 2443 3082 2511">
     <span class='ocr_line' id='line_1_53' title="bbox 2250 2443 3082 2511; baseline 0.004 -15"><span class='ocrx_word' id='word_1_401' title='bbox 2250 2452 2594 2511; x_wconf 86' lang='lat' dir='ltr'><strong>compararet</strong></span> <span class='ocrx_word' id='word_1_402' title='bbox 2620 2444 2790 2499; x_wconf 89' lang='lat' dir='ltr'><strong>lector</strong></span> <span class='ocrx_word' id='word_1_403' title='bbox 2816 2443 3082 2499; x_wconf 86' lang='lat' dir='ltr'><strong>eruditus.</strong></span> 
     </span>
    </p>
   </div>
   <div class='ocr_carea' id='block_1_54' title="bbox 2324 2534 3861 2608">
    <p class='ocr_par' dir='ltr' id='par_1_54' title="bbox 2324 2534 3861 2608">
     <span class='ocr_line' id='line_1_54' title="bbox 2324 2534 3861 2608; baseline 0.002 -17"><span class='ocrx_word' id='word_1_404' title='bbox 2324 2534 2576 2608; x_wconf 89' lang='lat' dir='ltr'><strong>Crispus,</strong></span> <span class='ocrx_word' id='word_1_405' title='bbox 2605 2551 2750 2590; x_wconf 90' lang='lat' dir='ltr'><strong>anno</strong></span> <span class='ocrx_word' id='word_1_406' title='bbox 2774 2537 2902 2602; x_wconf 90' lang='grc'>517,</span> <span class='ocrx_word' id='word_1_407' title='bbox 2931 2537 3107 2592; x_wconf 65' lang='lat' dir='ltr'><strong>aetatis</strong></span> <span class='ocrx_word' id='word_1_408' title='bbox 3139 2537 3401 2608; x_wconf 89' lang='lat' dir='ltr'><strong>vigesimo</strong></span> <span class='ocrx_word' id='word_1_409' title='bbox 3424 2582 3438 2604; x_wconf 92' lang='lat'><strong>,</strong></span> <span class='ocrx_word' id='word_1_410' title='bbox 3473 2536 3660 2593; x_wconf 68' lang='lat' dir='ltr'><strong>Cmsar</strong></span> <span class='ocrx_word' id='word_1_411' title='bbox 3687 2536 3861 2594; x_wconf 87' lang='lat' dir='ltr'><strong>factus</strong></span> 
     </span>
    </p>
   </div>
   <div class='ocr_carea' id='block_1_55' title="bbox 2253 2628 3860 2702">
    <p class='ocr_par' dir='ltr' id='par_1_55' title="bbox 2253 2628 3860 2702">
     <span class='ocr_line' id='line_1_55' title="bbox 2253 2628 3860 2702; baseline 0.002 -20"><span class='ocrx_word' id='word_1_412' title='bbox 2253 2636 2337 2682; x_wconf 84' lang='lat' dir='ltr'><strong>est</strong></span> <span class='ocrx_word' id='word_1_413' title='bbox 2365 2643 2394 2682; x_wconf 91' lang='lat' dir='ltr'><strong>a</strong></span> <span class='ocrx_word' id='word_1_414' title='bbox 2419 2628 2778 2682; x_wconf 84' lang='lat' dir='ltr'><strong>Constantino</strong></span> <span class='ocrx_word' id='word_1_415' title='bbox 2807 2638 2981 2698; x_wconf 87' lang='lat' dir='ltr'><strong>patre.</strong></span> <span class='ocrx_word' id='word_1_416' title='bbox 3016 2629 3168 2685; x_wconf 91' lang='lat' dir='ltr'><strong>Tunc</strong></span> <span class='ocrx_word' id='word_1_417' title='bbox 3198 2631 3248 2685; x_wconf 90' lang='lat' dir='ltr'><strong>in</strong></span> <span class='ocrx_word' id='word_1_418' title='bbox 3277 2631 3706 2702; x_wconf 87' lang='lat' dir='ltr'><strong>Galliisuterque</strong></span> <span class='ocrx_word' id='word_1_419' title='bbox 3722 2641 3860 2700; x_wconf 88' lang='lat' dir='ltr'><strong>erat,</strong></span> 
     </span>
    </p>
   </div>
   <div class='ocr_carea' id='block_1_56' title="bbox 2254 2721 3865 2794">
    <p class='ocr_par' dir='ltr' id='par_1_56' title="bbox 2254 2721 3865 2794">
     <span class='ocr_line' id='line_1_56' title="bbox 2254 2721 3865 2794; baseline 0.002 -18"><span class='ocrx_word' id='word_1_420' title='bbox 2254 2737 2363 2792; x_wconf 92' lang='lat' dir='ltr'><strong>quo</strong></span> <span class='ocrx_word' id='word_1_421' title='bbox 2391 2723 2596 2776; x_wconf 90' lang='lat' dir='ltr'><strong>accitus</strong></span> <span class='ocrx_word' id='word_1_422' title='bbox 2628 2721 2729 2777; x_wconf 90' lang='lat' dir='ltr'><strong>fuit</strong></span> <span class='ocrx_word' id='word_1_423' title='bbox 2757 2721 3108 2789; x_wconf 90' lang='lat' dir='ltr'><strong>Lactantius,</strong></span> <span class='ocrx_word' id='word_1_424' title='bbox 3159 2723 3250 2794; x_wconf 93' lang='lat' dir='ltr'><strong>qui</strong></span> <span class='ocrx_word' id='word_1_425' title='bbox 3304 2724 3471 2778; x_wconf 88' lang='lat' dir='ltr'><strong>lilium</strong></span> <span class='ocrx_word' id='word_1_426' title='bbox 3520 2724 3865 2794; x_wconf 89' lang='lat' dir='ltr'><strong>imperatoris</strong></span> 
     </span>
    </p>
   </div>
   <div class='ocr_carea' id='block_1_57' title="bbox 2255 2816 3866 2888">
    <p class='ocr_par' dir='ltr' id='par_1_57' title="bbox 2255 2816 3866 2888">
     <span class='ocr_line' id='line_1_57' title="bbox 2255 2816 3866 2888; baseline 0 -16"><span class='ocrx_word' id='word_1_427' title='bbox 2255 2816 2466 2873; x_wconf 89' lang='lat' dir='ltr'><strong>litteras</strong></span> <span class='ocrx_word' id='word_1_428' title='bbox 2495 2818 2753 2872; x_wconf 88' lang='lat' dir='ltr'><strong>edoceret</strong></span> <span class='ocrx_word' id='word_1_429' title='bbox 2786 2817 3158 2872; x_wconf 90' lang='lat' dir='ltr'><strong>humaniores.</strong></span> <span class='ocrx_word' id='word_1_430' title='bbox 3206 2819 3380 2888; x_wconf 82' lang='lat' dir='ltr'><strong>Atque</strong></span> <span class='ocrx_word' id='word_1_431' title='bbox 3409 2818 3478 2873; x_wconf 90' lang='lat' dir='ltr'><strong>ab</strong></span> <span class='ocrx_word' id='word_1_432' title='bbox 3516 2833 3582 2872; x_wconf 90' lang='lat' dir='ltr'><strong>eo</strong></span> <span class='ocrx_word' id='word_1_433' title='bbox 3625 2827 3866 2888; x_wconf 88' lang='lat' dir='ltr'><strong>tempore</strong></span> 
     </span>
    </p>
   </div>
   <div class='ocr_carea' id='block_1_58' title="bbox 2258 2909 3868 2981">
    <p class='ocr_par' dir='ltr' id='par_1_58' title="bbox 2258 2909 3868 2981">
     <span class='ocr_line' id='line_1_58' title="bbox 2258 2909 3868 2981; baseline 0.002 -18"><span class='ocrx_word' id='word_1_434' title='bbox 2258 2925 2364 2963; x_wconf 88' lang='lat' dir='ltr'><strong>non</strong></span> <span class='ocrx_word' id='word_1_435' title='bbox 2394 2909 2545 2964; x_wconf 91' lang='lat' dir='ltr'><strong>solus</strong></span> <span class='ocrx_word' id='word_1_436' title='bbox 2571 2925 2671 2980; x_wconf 87' lang='lat' dir='ltr'><strong>ego</strong></span> <span class='ocrx_word' id='word_1_437' title='bbox 2702 2909 2890 2964; x_wconf 91' lang='lat' dir='ltr'><strong>multis</strong></span> <span class='ocrx_word' id='word_1_438' title='bbox 2918 2910 3116 2965; x_wconf 86' lang='lat' dir='ltr'><strong>ductus</strong></span> <span class='ocrx_word' id='word_1_439' title='bbox 3143 2909 3446 2965; x_wconf 89' lang='lat' dir='ltr'><strong>rationibus</strong></span> <span class='ocrx_word' id='word_1_440' title='bbox 3472 2913 3669 2981; x_wconf 90' lang='lat' dir='ltr'><strong>opinor</strong></span> <span class='ocrx_word' id='word_1_441' title='bbox 3694 2911 3868 2966; x_wconf 88' lang='lat' dir='ltr'><strong>editas</strong></span> 
     </span>
    </p>
   </div>
   <div class='ocr_carea' id='block_1_59' title="bbox 2259 3001 3870 3070">
    <p class='ocr_par' dir='ltr' id='par_1_59' title="bbox 2259 3001 3870 3070">
     <span class='ocr_line' id='line_1_59' title="bbox 2259 3001 3870 3070; baseline 0.001 -15"><span class='ocrx_word' id='word_1_442' title='bbox 2259 3002 2428 3057; x_wconf 90' lang='lat' dir='ltr'><strong>fuisse</strong></span> <span class='ocrx_word' id='word_1_443' title='bbox 2474 3002 2694 3057; x_wconf 92' lang='lat' dir='ltr'><strong>Divinas</strong></span> <span class='ocrx_word' id='word_1_444' title='bbox 2739 3002 3114 3070; x_wconf 90' lang='lat' dir='ltr'><strong>lntitutiones,</strong></span> <span class='ocrx_word' id='word_1_445' title='bbox 3168 3019 3354 3058; x_wconf 86' lang='lat' dir='ltr'><strong>verum</strong></span> <span class='ocrx_word' id='word_1_446' title='bbox 3401 3003 3452 3056; x_wconf 91' lang='lat' dir='ltr'><strong>in</strong></span> <span class='ocrx_word' id='word_1_447' title='bbox 3496 3001 3743 3058; x_wconf 88' lang='lat' dir='ltr'><strong>eamdem</strong></span> <span class='ocrx_word' id='word_1_448' title='bbox 3790 3002 3870 3059; x_wconf 85' lang='lat' dir='ltr'><strong>lo-</strong></span> 
     </span>
    </p>
   </div>
   <div class='ocr_carea' id='block_1_60' title="bbox 539 3092 3871 3168">
    <p class='ocr_par' dir='ltr' id='par_1_60' title="bbox 539 3092 3871 3168">
     <span class='ocr_line' id='line_1_60' title="bbox 539 3092 3871 3168; baseline 0.001 -19"><span class='ocrx_word' id='word_1_449' title='bbox 539 3093 784 3166; x_wconf 80' lang='lat' dir='ltr'><strong>Lugduni</strong></span> <span class='ocrx_word' id='word_1_450' title='bbox 811 3093 993 3148; x_wconf 86' lang='lat' dir='ltr'><strong>Batav.</strong></span> <span class='ocrx_word' id='word_1_451' title='bbox 1022 3093 1184 3161; x_wconf 78' lang='lat'><strong>1588,</strong></span> <span class='ocrx_word' id='word_1_452' title='bbox 1209 3111 1331 3165; x_wconf 86' lang='lat' dir='ltr'><strong>pag.</strong></span> <span class='ocrx_word' id='word_1_453' title='bbox 1359 3093 1508 3166; x_wconf 87' lang='grc'>511).</span> <span class='ocrx_word' id='word_1_454' title='bbox 1535 3096 1602 3148; x_wconf 90' lang='grc' dir='ltr'>Αι</span> <span class='ocrx_word' id='word_1_455' title='bbox 1621 3096 1732 3164; x_wconf 88' lang='lat' dir='ltr'><strong>jam</strong></span> <span class='ocrx_word' id='word_1_456' title='bbox 1757 3095 1824 3147; x_wconf 89' lang='lat' dir='ltr'><strong>ab</strong></span> <span class='ocrx_word' id='word_1_457' title='bbox 1845 3110 1986 3148; x_wconf 91' lang='lat' dir='ltr'><strong>anno</strong></span> <span class='ocrx_word' id='word_1_458' title='bbox 2012 3094 2152 3148; x_wconf 81' lang='grc'>1575</span> <span class='ocrx_word' id='word_1_459' title='bbox 2179 3092 2223 3156; x_wconf 90' lang='lat' dir='ltr'>C</span> <span class='ocrx_word' id='word_1_460' title='bbox 2256 3106 2498 3167; x_wconf 91' lang='lat' dir='ltr'><strong>quuntur</strong></span> <span class='ocrx_word' id='word_1_461' title='bbox 2522 3097 2850 3153; x_wconf 88' lang='lat' dir='ltr'><strong>sententiam</strong></span> <span class='ocrx_word' id='word_1_462' title='bbox 2878 3098 3150 3153; x_wconf 87' lang='lat' dir='ltr'><strong>Antonius</strong></span> <span class='ocrx_word' id='word_1_463' title='bbox 3179 3098 3375 3168; x_wconf 85' lang='lat' dir='ltr'><strong>Pagius</strong></span> <span class='ocrx_word' id='word_1_464' title='bbox 3410 3096 3640 3168; x_wconf 86' lang='lat' dir='ltr'><strong>(Critica</strong></span> <span class='ocrx_word' id='word_1_465' title='bbox 3668 3098 3736 3149; x_wconf 85' lang='lat' dir='ltr'><strong>ad</strong></span> <span class='ocrx_word' id='word_1_466' title='bbox 3764 3098 3871 3152; x_wconf 84' lang='lat' dir='ltr'><strong>An-</strong></span> 
     </span>
    </p>
   </div>
   <div class='ocr_carea' id='block_1_61' title="bbox 543 3186 2153 3258">
    <p class='ocr_par' dir='ltr' id='par_1_61' title="bbox 543 3186 2153 3258">
     <span class='ocr_line' id='line_1_61' title="bbox 543 3186 2153 3258; baseline 0.001 -17"><span class='ocrx_word' id='word_1_467' title='bbox 543 3190 741 3243; x_wconf 84' lang='lat' dir='ltr'><strong>sublati</strong></span> <span class='ocrx_word' id='word_1_468' title='bbox 772 3197 925 3244; x_wconf 89' lang='lat' dir='ltr'><strong>erant</strong></span> <span class='ocrx_word' id='word_1_469' title='bbox 955 3189 1008 3242; x_wconf 93' lang='lat' dir='ltr'><strong>hi</strong></span> <span class='ocrx_word' id='word_1_470' title='bbox 1039 3189 1146 3243; x_wconf 90' lang='lat' dir='ltr'><strong>duo</strong></span> <span class='ocrx_word' id='word_1_471' title='bbox 1178 3189 1334 3252; x_wconf 91' lang='lat' dir='ltr'><strong>libri,</strong></span> <span class='ocrx_word' id='word_1_472' title='bbox 1363 3202 1500 3258; x_wconf 90' lang='lat' dir='ltr'><strong>quos</strong></span> <span class='ocrx_word' id='word_1_473' title='bbox 1540 3186 1702 3242; x_wconf 88' lang='lat' dir='ltr'><strong>Junio</strong></span> <span class='ocrx_word' id='word_1_474' title='bbox 1730 3187 1898 3242; x_wconf 89' lang='lat' dir='ltr'><strong>abbas</strong></span> <span class='ocrx_word' id='word_1_475' title='bbox 1930 3187 2153 3257; x_wconf 89' lang='lat' dir='ltr'><strong>hujusce</strong></span> 
     </span>
    </p>
   </div>
   <div class='ocr_carea' id='block_1_62' title="bbox 540 3281 1380 3339">
    <p class='ocr_par' dir='ltr' id='par_1_62' title="bbox 540 3281 1380 3339">
     <span class='ocr_line' id='line_1_62' title="bbox 540 3281 1380 3339; baseline -0.006 0"><span class='ocrx_word' id='word_1_476' title='bbox 540 3282 856 3339; x_wconf 88' lang='lat' dir='ltr'><strong>monasterii</strong></span> <span class='ocrx_word' id='word_1_477' title='bbox 890 3292 1017 3337; x_wconf 86' lang='lat' dir='ltr'><strong>tunc</strong></span> <span class='ocrx_word' id='word_1_478' title='bbox 1047 3281 1380 3336; x_wconf 85' lang='lat' dir='ltr'><strong>ostenderat.</strong></span> 
     </span>
    </p>
   </div>
   <div class='ocr_carea' id='block_1_63' title="bbox 615 3371 2152 3444">
    <p class='ocr_par' dir='ltr' id='par_1_63' title="bbox 615 3371 2152 3444">
     <span class='ocr_line' id='line_1_63' title="bbox 615 3371 2152 3444; baseline -0.003 -14"><span class='ocrx_word' id='word_1_479' title='bbox 615 3377 672 3431; x_wconf 92' lang='lat' dir='ltr'><strong>ln</strong></span> <span class='ocrx_word' id='word_1_480' title='bbox 714 3375 905 3432; x_wconf 90' lang='lat' dir='ltr'><strong>eadem</strong></span> <span class='ocrx_word' id='word_1_481' title='bbox 947 3375 1086 3430; x_wconf 87' lang='lat' dir='ltr'><strong>forte</strong></span> <span class='ocrx_word' id='word_1_482' title='bbox 1131 3373 1512 3444; x_wconf 90' lang='lat' dir='ltr'><strong>persecutione</strong></span> <span class='ocrx_word' id='word_1_483' title='bbox 1552 3373 1751 3428; x_wconf 89' lang='lat' dir='ltr'><strong>multas</strong></span> <span class='ocrx_word' id='word_1_484' title='bbox 1791 3371 2008 3443; x_wconf 87' lang='lat' dir='ltr'><strong>scripsit</strong></span> <span class='ocrx_word' id='word_1_485' title='bbox 2048 3371 2152 3426; x_wconf 89' lang='lat' dir='ltr'><strong>La-</strong></span> 
     </span>
    </p>
   </div>
   <div class='ocr_carea' id='block_1_64' title="bbox 549 3465 2155 3538">
    <p class='ocr_par' dir='ltr' id='par_1_64' title="bbox 549 3465 2155 3538">
     <span class='ocr_line' id='line_1_64' title="bbox 549 3465 2155 3538; baseline -0.005 -13"><span class='ocrx_word' id='word_1_486' title='bbox 549 3469 784 3525; x_wconf 87' lang='lat' dir='ltr'><strong>ctantius</strong></span> <span class='ocrx_word' id='word_1_487' title='bbox 821 3467 1096 3538; x_wconf 87' lang='lat' dir='ltr'><strong>Epistolas</strong></span> <span class='ocrx_word' id='word_1_488' title='bbox 1134 3467 1200 3522; x_wconf 90' lang='lat' dir='ltr'><strong>ad</strong></span> <span class='ocrx_word' id='word_1_489' title='bbox 1247 3466 1648 3538; x_wconf 82' lang='lat' dir='ltr'><strong>Asclepiadem.</strong></span> <span class='ocrx_word' id='word_1_490' title='bbox 1697 3465 1832 3520; x_wconf 89' lang='lat' dir='ltr'><strong>Huic</strong></span> <span class='ocrx_word' id='word_1_491' title='bbox 1861 3480 1993 3519; x_wconf 90' lang='lat' dir='ltr'><strong>sane</strong></span> <span class='ocrx_word' id='word_1_492' title='bbox 2033 3478 2155 3518; x_wconf 89' lang='lat' dir='ltr'><strong>cum</strong></span> 
     </span>
    </p>
   </div>
   <div class='ocr_carea' id='block_1_65' title="bbox 551 3557 2158 3633">
    <p class='ocr_par' dir='ltr' id='par_1_65' title="bbox 551 3557 2158 3633">
     <span class='ocr_line' id='line_1_65' title="bbox 551 3557 2158 3633; baseline -0.004 -16"><span class='ocrx_word' id='word_1_493' title='bbox 551 3560 958 3633; x_wconf 88' lang='lat' dir='ltr'><strong>elegantissimo</strong></span> <span class='ocrx_word' id='word_1_494' title='bbox 987 3559 1252 3630; x_wconf 90' lang='lat' dir='ltr'><strong>scriptore</strong></span> <span class='ocrx_word' id='word_1_495' title='bbox 1297 3569 1481 3614; x_wconf 90' lang='lat' dir='ltr'><strong>nostro</strong></span> <span class='ocrx_word' id='word_1_496' title='bbox 1523 3557 1860 3614; x_wconf 91' lang='lat' dir='ltr'><strong>consuetudo</strong></span> <span class='ocrx_word' id='word_1_497' title='bbox 1893 3557 2158 3611; x_wconf 88' lang='lat' dir='ltr'><strong>interces-</strong></span> 
     </span>
    </p>
   </div>
   <div class='ocr_carea' id='block_1_66' title="bbox 545 3649 2160 3720">
    <p class='ocr_par' dir='ltr' id='par_1_66' title="bbox 545 3649 2160 3720">
     <span class='ocr_line' id='line_1_66' title="bbox 545 3649 2160 3720; baseline -0.003 -11"><span class='ocrx_word' id='word_1_498' title='bbox 545 3663 697 3709; x_wconf 82' lang='lat' dir='ltr'><strong>serat</strong></span> <span class='ocrx_word' id='word_1_499' title='bbox 723 3662 778 3708; x_wconf 89' lang='lat' dir='ltr'><strong>et</strong></span> <span class='ocrx_word' id='word_1_500' title='bbox 807 3652 1165 3706; x_wconf 85' lang='lat' dir='ltr'><strong>familiaritas.</strong></span> <span class='ocrx_word' id='word_1_501' title='bbox 1209 3651 1359 3705; x_wconf 90' lang='lat' dir='ltr'><strong>Sicut</strong></span> <span class='ocrx_word' id='word_1_502' title='bbox 1389 3650 1534 3704; x_wconf 89' lang='lat' dir='ltr'><strong>enim</strong></span> <span class='ocrx_word' id='word_1_503' title='bbox 1568 3649 1949 3720; x_wconf 89' lang='lat' dir='ltr'><strong>Asclepiades,</strong></span> <span class='ocrx_word' id='word_1_504' title='bbox 1998 3657 2160 3704; x_wconf 87' lang='lat' dir='ltr'><strong>caete—</strong></span> 
     </span>
    </p>
   </div>
   <div class='ocr_carea' id='block_1_67' title="bbox 547 3741 2156 3810">
    <p class='ocr_par' dir='ltr' id='par_1_67' title="bbox 547 3741 2156 3810">
     <span class='ocr_line' id='line_1_67' title="bbox 547 3741 2156 3810; baseline -0.003 -9"><span class='ocrx_word' id='word_1_505' title='bbox 547 3761 668 3801; x_wconf 88' lang='lat' dir='ltr'><strong>rum</strong></span> <span class='ocrx_word' id='word_1_506' title='bbox 697 3745 789 3799; x_wconf 84' lang='lat' dir='ltr'><strong>vix</strong></span> <span class='ocrx_word' id='word_1_507' title='bbox 818 3753 1012 3810; x_wconf 90' lang='lat' dir='ltr'><strong>notus,</strong></span> <span class='ocrx_word' id='word_1_508' title='bbox 1046 3742 1142 3798; x_wconf 91' lang='lat' dir='ltr'><strong>sed</strong></span> <span class='ocrx_word' id='word_1_509' title='bbox 1171 3751 1264 3796; x_wconf 92' lang='lat' dir='ltr'><strong>aut</strong></span> <span class='ocrx_word' id='word_1_510' title='bbox 1291 3743 1499 3798; x_wconf 65' lang='lat' dir='ltr'><strong>Graecia</strong></span> <span class='ocrx_word' id='word_1_511' title='bbox 1522 3783 1536 3808; x_wconf 93' lang='lat'><strong>,</strong></span> <span class='ocrx_word' id='word_1_512' title='bbox 1570 3751 1661 3796; x_wconf 89' lang='lat' dir='ltr'><strong>aut</strong></span> <span class='ocrx_word' id='word_1_513' title='bbox 1695 3743 1820 3796; x_wconf 80' lang='lat' dir='ltr'><strong>Asia</strong></span> <span class='ocrx_word' id='word_1_514' title='bbox 1865 3741 2156 3805; x_wconf 90' lang='lat' dir='ltr'><strong>oriundus,</strong></span> 
     </span>
    </p>
   </div>
   <div class='ocr_carea' id='block_1_68' title="bbox 547 3833 2158 3902">
    <p class='ocr_par' dir='ltr' id='par_1_68' title="bbox 547 3833 2158 3902">
     <span class='ocr_line' id='line_1_68' title="bbox 547 3833 2158 3902; baseline -0.004 -10"><span class='ocrx_word' id='word_1_515' title='bbox 547 3846 607 3892; x_wconf 89' lang='lat' dir='ltr'><strong>ut</strong></span> <span class='ocrx_word' id='word_1_516' title='bbox 651 3851 848 3892; x_wconf 89' lang='lat' dir='ltr'><strong>nomen</strong></span> <span class='ocrx_word' id='word_1_517' title='bbox 892 3835 1128 3901; x_wconf 87' lang='lat' dir='ltr'><strong>indicat,</strong></span> <span class='ocrx_word' id='word_1_518' title='bbox 1175 3833 1240 3889; x_wconf 88' lang='lat' dir='ltr'><strong>ad</strong></span> <span class='ocrx_word' id='word_1_519' title='bbox 1282 3833 1622 3889; x_wconf 87' lang='lat' dir='ltr'><strong>Lactantium</strong></span> <span class='ocrx_word' id='word_1_520' title='bbox 1654 3833 1850 3888; x_wconf 90' lang='lat' dir='ltr'><strong>librum</strong></span> <span class='ocrx_word' id='word_1_521' title='bbox 1880 3847 2158 3902; x_wconf 85' lang='lat' dir='ltr'><strong>nuncupa-</strong></span> 
     </span>
    </p>
   </div>
   <div class='ocr_carea' id='block_1_69' title="bbox 546 3924 2157 3998">
    <p class='ocr_par' dir='ltr' id='par_1_69' title="bbox 546 3924 2157 3998">
     <span class='ocr_line' id='line_1_69' title="bbox 546 3924 2157 3998; baseline -0.006 -12"><span class='ocrx_word' id='word_1_522' title='bbox 546 3939 703 3986; x_wconf 88' lang='lat' dir='ltr'><strong>verat</strong></span> <span class='ocrx_word' id='word_1_523' title='bbox 727 3929 796 3985; x_wconf 89' lang='lat' dir='ltr'><strong>de</strong></span> <span class='ocrx_word' id='word_1_524' title='bbox 831 3944 1040 3984; x_wconf 90' lang='lat' dir='ltr'><strong>summa</strong></span> <span class='ocrx_word' id='word_1_525' title='bbox 1086 3928 1182 3984; x_wconf 91' lang='lat' dir='ltr'><strong>Dei</strong></span> <span class='ocrx_word' id='word_1_526' title='bbox 1229 3927 1580 3982; x_wconf 88' lang='lat' dir='ltr'><strong>Providentia</strong></span> <span class='ocrx_word' id='word_1_527' title='bbox 1623 3925 1753 3998; x_wconf 77' lang='lat' dir='ltr'><strong>(tib.</strong></span> <span class='ocrx_word' id='word_1_528' title='bbox 1810 3941 1882 3980; x_wconf 84' lang='lat' dir='ltr'><strong>vtt</strong></span> <span class='ocrx_word' id='word_1_529' title='bbox 1927 3924 2157 3979; x_wconf 83' lang='lat' dir='ltr'><strong>lnstitut.</strong></span> 
     </span>
    </p>
   </div>
   <div class='ocr_carea' id='block_1_70' title="bbox 549 4018 2163 4092">
    <p class='ocr_par' dir='ltr' id='par_1_70' title="bbox 549 4018 2163 4092">
     <span class='ocr_line' id='line_1_70' title="bbox 549 4018 2163 4092; baseline -0.004 -13"><span class='ocrx_word' id='word_1_530' title='bbox 549 4024 698 4092; x_wconf 86' lang='lat' dir='ltr'><strong>Div.,</strong></span> <span class='ocrx_word' id='word_1_531' title='bbox 731 4041 778 4078; x_wconf 91' lang='lat' dir='ltr'><strong>c.</strong></span> <span class='ocrx_word' id='word_1_532' title='bbox 811 4024 934 4091; x_wconf 68' lang='lat' dir='ltr'><strong>4,in</strong></span> <span class='ocrx_word' id='word_1_533' title='bbox 964 4022 1132 4092; x_wconf 84' lang='lat' dir='ltr'><strong>ﬁne);</strong></span> <span class='ocrx_word' id='word_1_534' title='bbox 1167 4021 1404 4077; x_wconf 89' lang='lat' dir='ltr'><strong>vicissim</strong></span> <span class='ocrx_word' id='word_1_535' title='bbox 1436 4021 1535 4090; x_wconf 90' lang='lat' dir='ltr'><strong>ipsi</strong></span> <span class='ocrx_word' id='word_1_536' title='bbox 1568 4019 1705 4074; x_wconf 89' lang='lat' dir='ltr'><strong>duos</strong></span> <span class='ocrx_word' id='word_1_537' title='bbox 1736 4018 1904 4074; x_wconf 88' lang='lat' dir='ltr'><strong>libros</strong></span> <span class='ocrx_word' id='word_1_538' title='bbox 1932 4018 2163 4073; x_wconf 87' lang='lat' dir='ltr'><strong>Lactan-</strong></span> 
     </span>
    </p>
   </div>
   <div class='ocr_carea' id='block_1_71' title="bbox 553 4113 1848 4186">
    <p class='ocr_par' dir='ltr' id='par_1_71' title="bbox 553 4113 1848 4186">
     <span class='ocr_line' id='line_1_71' title="bbox 553 4113 1848 4186; baseline -0.008 -12"><span class='ocrx_word' id='word_1_539' title='bbox 553 4119 660 4174; x_wconf 90' lang='lat' dir='ltr'><strong>tius</strong></span> <span class='ocrx_word' id='word_1_540' title='bbox 687 4115 986 4186; x_wconf 87' lang='lat' dir='ltr'><strong>inscripsit.</strong></span> <span class='ocrx_word' id='word_1_541' title='bbox 1021 4113 1220 4170; x_wconf 82' lang='lat' dir='ltr'><strong>Verum</strong></span> <span class='ocrx_word' id='word_1_542' title='bbox 1253 4115 1304 4167; x_wconf 89' lang='lat' dir='ltr'><strong>hi</strong></span> <span class='ocrx_word' id='word_1_543' title='bbox 1338 4115 1523 4183; x_wconf 89' lang='lat' dir='ltr'><strong>utique</strong></span> <span class='ocrx_word' id='word_1_544' title='bbox 1555 4113 1848 4183; x_wconf 90' lang='lat' dir='ltr'><strong>perierunt.</strong></span> 
     </span>
    </p>
   </div>
   <div class='ocr_carea' id='block_1_72' title="bbox 621 4204 2161 4282">
    <p class='ocr_par' dir='ltr' id='par_1_72' title="bbox 621 4204 2161 4282">
     <span class='ocr_line' id='line_1_72' title="bbox 621 4204 2161 4282; baseline -0.006 -16"><span class='ocrx_word' id='word_1_545' title='bbox 621 4210 819 4266; x_wconf 89' lang='lat' dir='ltr'><strong>Sedata</strong></span> <span class='ocrx_word' id='word_1_546' title='bbox 849 4208 1210 4264; x_wconf 88' lang='lat' dir='ltr'><strong>Diocletianea</strong></span> <span class='ocrx_word' id='word_1_547' title='bbox 1239 4206 1648 4277; x_wconf 90' lang='lat' dir='ltr'><strong>persecutione,</strong></span> <span class='ocrx_word' id='word_1_548' title='bbox 1683 4220 1813 4275; x_wconf 89' lang='lat' dir='ltr'><strong>pace</strong></span> <span class='ocrx_word' id='word_1_549' title='bbox 1837 4204 2161 4282; x_wconf 74' lang='lat' dir='ltr'><strong>composita,</strong></span> 
     </span>
    </p>
   </div>
   <div class='ocr_carea' id='block_1_73' title="bbox 548 4299 2163 4374">
    <p class='ocr_par' dir='ltr' id='par_1_73' title="bbox 548 4299 2163 4374">
     <span class='ocr_line' id='line_1_73' title="bbox 548 4299 2163 4374; baseline -0.005 -14"><span class='ocrx_word' id='word_1_550' title='bbox 548 4303 858 4360; x_wconf 88' lang='lat' dir='ltr'><strong>christianis</strong></span> <span class='ocrx_word' id='word_1_551' title='bbox 890 4305 945 4358; x_wconf 89' lang='lat' dir='ltr'><strong>in</strong></span> <span class='ocrx_word' id='word_1_552' title='bbox 974 4304 1242 4374; x_wconf 90' lang='lat' dir='ltr'><strong>integrum</strong></span> <span class='ocrx_word' id='word_1_553' title='bbox 1277 4301 1537 4357; x_wconf 87' lang='lat' dir='ltr'><strong>restitutis</strong></span> <span class='ocrx_word' id='word_1_554' title='bbox 1563 4342 1578 4368; x_wconf 94' lang='lat'><strong>,</strong></span> <span class='ocrx_word' id='word_1_555' title='bbox 1611 4299 1924 4354; x_wconf 90' lang='lat' dir='ltr'><strong>Lactantius</strong></span> <span class='ocrx_word' id='word_1_556' title='bbox 1971 4300 2163 4355; x_wconf 88' lang='lat' dir='ltr'><strong>librum</strong></span> 
     </span>
    </p>
   </div>
   <div class='ocr_carea' id='block_1_74' title="bbox 551 4393 2164 4467">
    <p class='ocr_par' dir='ltr' id='par_1_74' title="bbox 551 4393 2164 4467">
     <span class='ocr_line' id='line_1_74' title="bbox 551 4393 2164 4467; baseline -0.004 -15"><span class='ocrx_word' id='word_1_557' title='bbox 551 4398 620 4453; x_wconf 91' lang='lat' dir='ltr'><strong>de</strong></span> <span class='ocrx_word' id='word_1_558' title='bbox 648 4397 908 4453; x_wconf 85' lang='lat' dir='ltr'><strong>Mortibus</strong></span> <span class='ocrx_word' id='word_1_559' title='bbox 939 4405 1344 4467; x_wconf 89' lang='lat' dir='ltr'><strong>persecutorum</strong></span> <span class='ocrx_word' id='word_1_560' title='bbox 1374 4394 1621 4464; x_wconf 89' lang='lat' dir='ltr'><strong>scripsit,</strong></span> <span class='ocrx_word' id='word_1_561' title='bbox 1650 4409 1813 4456; x_wconf 92' lang='lat' dir='ltr'><strong>anno,</strong></span> <span class='ocrx_word' id='word_1_562' title='bbox 1845 4402 1900 4447; x_wconf 90' lang='lat' dir='ltr'><strong>ut</strong></span> <span class='ocrx_word' id='word_1_563' title='bbox 1930 4393 2164 4459; x_wconf 92' lang='lat' dir='ltr'><strong>videtur,</strong></span> 
     </span>
    </p>
   </div>
   <div class='ocr_carea' id='block_1_75' title="bbox 2259 3187 3868 3260">
    <p class='ocr_par' dir='ltr' id='par_1_75' title="bbox 2259 3187 3868 3260">
     <span class='ocr_line' id='line_1_75' title="bbox 2259 3187 3868 3260; baseline -0.001 -18"><span class='ocrx_word' id='word_1_564' title='bbox 2259 3189 2368 3242; x_wconf 86' lang='lat' dir='ltr'><strong>nal.</strong></span> <span class='ocrx_word' id='word_1_565' title='bbox 2402 3187 2645 3255; x_wconf 87' lang='lat' dir='ltr'><strong>Baronii,</strong></span> <span class='ocrx_word' id='word_1_566' title='bbox 2677 3190 2744 3242; x_wconf 84' lang='lat' dir='ltr'><strong>ad</strong></span> <span class='ocrx_word' id='word_1_567' title='bbox 2774 3206 2862 3242; x_wconf 86' lang='lat' dir='ltr'><strong>an.</strong></span> <span class='ocrx_word' id='word_1_568' title='bbox 2897 3189 3024 3252; x_wconf 87' lang='grc'>515,</span> <span class='ocrx_word' id='word_1_569' title='bbox 3060 3206 3112 3242; x_wconf 84' lang='grc' dir='ltr'><strong>η.</strong></span> <span class='ocrx_word' id='word_1_570' title='bbox 3147 3188 3241 3260; x_wconf 88' lang='grc'><strong>6),</strong></span> <span class='ocrx_word' id='word_1_571' title='bbox 3275 3187 3653 3242; x_wconf 89' lang='lat' dir='ltr'><strong>Tillemonlius</strong></span> <span class='ocrx_word' id='word_1_572' title='bbox 3684 3187 3868 3259; x_wconf 81' lang='lat' dir='ltr'><strong>(Hist.</strong></span> 
     </span>
    </p>
   </div>
   <div class='ocr_carea' id='block_1_76' title="bbox 2259 3279 3870 3352">
    <p class='ocr_par' dir='ltr' id='par_1_76' title="bbox 2259 3279 3870 3352">
     <span class='ocr_line' id='line_1_76' title="bbox 2259 3279 3870 3352; baseline 0 -18"><span class='ocrx_word' id='word_1_573' title='bbox 2259 3281 2432 3347; x_wconf 82' lang='lat' dir='ltr'><strong>Eccl.,</strong></span> <span class='ocrx_word' id='word_1_574' title='bbox 2459 3291 2580 3335; x_wconf 91' lang='lat' dir='ltr'><strong>tom.</strong></span> <span class='ocrx_word' id='word_1_575' title='bbox 2605 3297 2676 3348; x_wconf 72' lang='lat' dir='ltr'><strong>vr,</strong></span> <span class='ocrx_word' id='word_1_576' title='bbox 2706 3299 2758 3351; x_wconf 87' lang='lat' dir='ltr'><strong>p.</strong></span> <span class='ocrx_word' id='word_1_577' title='bbox 2787 3280 2962 3352; x_wconf 71' lang='lat'><strong>728),</strong></span> <span class='ocrx_word' id='word_1_578' title='bbox 2983 3280 3239 3336; x_wconf 90' lang='lat' dir='ltr'><strong>Nicolaus</strong></span> <span class='ocrx_word' id='word_1_579' title='bbox 3271 3280 3320 3334; x_wconf 91' lang='lat' dir='ltr'><strong>le</strong></span> <span class='ocrx_word' id='word_1_580' title='bbox 3349 3279 3561 3345; x_wconf 79' lang='lat' dir='ltr'><strong>Nourry</strong></span> <span class='ocrx_word' id='word_1_581' title='bbox 3591 3281 3870 3350; x_wconf 79' lang='lat' dir='ltr'><strong>(Apparat.</strong></span> 
     </span>
    </p>
   </div>
   <div class='ocr_carea' id='block_1_77' title="bbox 2258 3371 3873 3444">
    <p class='ocr_par' dir='ltr' id='par_1_77' title="bbox 2258 3371 3873 3444">
     <span class='ocr_line' id='line_1_77' title="bbox 2258 3371 3873 3444; baseline 0.001 -18"><span class='ocrx_word' id='word_1_582' title='bbox 2258 3374 2326 3427; x_wconf 84' lang='lat' dir='ltr'><strong>ad</strong></span> <span class='ocrx_word' id='word_1_583' title='bbox 2355 3373 2599 3429; x_wconf 75' lang='lat' dir='ltr'><strong>Bibliot/t.</strong></span> <span class='ocrx_word' id='word_1_584' title='bbox 2625 3374 2733 3430; x_wconf 88' lang='lat' dir='ltr'><strong>SS.</strong></span> <span class='ocrx_word' id='word_1_585' title='bbox 2760 3374 3016 3441; x_wconf 88' lang='lat' dir='ltr'><strong>Patrum,</strong></span> <span class='ocrx_word' id='word_1_586' title='bbox 3042 3384 3166 3428; x_wconf 83' lang='lat' dir='ltr'><strong>tant.</strong></span> <span class='ocrx_word' id='word_1_587' title='bbox 3198 3389 3233 3428; x_wconf 88' lang='lat' dir='ltr'><strong>tt</strong></span> <span class='ocrx_word' id='word_1_588' title='bbox 3252 3415 3266 3440; x_wconf 93' lang='lat'><strong>,</strong></span> <span class='ocrx_word' id='word_1_589' title='bbox 3300 3390 3354 3444; x_wconf 81' lang='grc' dir='ltr'><strong>ρ.</strong></span> <span class='ocrx_word' id='word_1_590' title='bbox 3378 3373 3486 3428; x_wconf 82' lang='grc'>556</span> <span class='ocrx_word' id='word_1_591' title='bbox 3507 3381 3553 3426; x_wconf 88' lang='lat' dir='ltr'><strong>et</strong></span> <span class='ocrx_word' id='word_1_592' title='bbox 3575 3371 3705 3443; x_wconf 78' lang='lat' dir='ltr'><strong>56b)</strong></span> <span class='ocrx_word' id='word_1_593' title='bbox 3725 3414 3738 3436; x_wconf 96' lang='lat'><strong>,</strong></span> <span class='ocrx_word' id='word_1_594' title='bbox 3767 3372 3873 3428; x_wconf 80' lang='lat' dir='ltr'><strong>Re-</strong></span> 
     </span>
    </p>
   </div>
   <div class='ocr_carea' id='block_1_78' title="bbox 2260 3465 3869 3538">
    <p class='ocr_par' dir='ltr' id='par_1_78' title="bbox 2260 3465 3869 3538">
     <span class='ocr_line' id='line_1_78' title="bbox 2260 3465 3869 3538; baseline -0.002 -15"><span class='ocrx_word' id='word_1_595' title='bbox 2260 3469 2455 3538; x_wconf 89' lang='lat' dir='ltr'><strong>migius</strong></span> <span class='ocrx_word' id='word_1_596' title='bbox 2481 3467 2890 3537; x_wconf 84' lang='lat' dir='ltr'><strong>Ceillier(Hist.</strong></span> <span class='ocrx_word' id='word_1_597' title='bbox 2920 3469 2983 3523; x_wconf 86' lang='lat' dir='ltr'><strong>de</strong></span> <span class='ocrx_word' id='word_1_598' title='bbox 3007 3470 3154 3522; x_wconf 79' lang='lat' dir='ltr'><strong>Auct.</strong></span> <span class='ocrx_word' id='word_1_599' title='bbox 3176 3469 3326 3531; x_wconf 83' lang='lat' dir='ltr'><strong>eccl.,</strong></span> <span class='ocrx_word' id='word_1_600' title='bbox 3356 3477 3481 3521; x_wconf 75' lang='lat' dir='ltr'><strong>tant.</strong></span> <span class='ocrx_word' id='word_1_601' title='bbox 3514 3483 3591 3532; x_wconf 87' lang='grc' dir='ltr'><strong>ιιι,</strong></span> <span class='ocrx_word' id='word_1_602' title='bbox 3622 3485 3676 3538; x_wconf 80' lang='lat' dir='ltr'><strong>p.</strong></span> <span class='ocrx_word' id='word_1_603' title='bbox 3702 3465 3869 3538; x_wconf 71' lang='lat'><strong>592),</strong></span> 
     </span>
    </p>
   </div>
   <div class='ocr_carea' id='block_1_79' title="bbox 2261 3561 3870 3632">
    <p class='ocr_par' dir='ltr' id='par_1_79' title="bbox 2261 3561 3870 3632">
     <span class='ocr_line' id='line_1_79' title="bbox 2261 3561 3870 3632; baseline -0.002 -15"><span class='ocrx_word' id='word_1_604' title='bbox 2261 3572 2488 3632; x_wconf 90' lang='lat' dir='ltr'><strong>uterque</strong></span> <span class='ocrx_word' id='word_1_605' title='bbox 2538 3561 2959 3627; x_wconf 88' lang='lat' dir='ltr'><strong>Beuedictinus,</strong></span> <span class='ocrx_word' id='word_1_606' title='bbox 3007 3561 3248 3618; x_wconf 86' lang='lat' dir='ltr'><strong>Joannes</strong></span> <span class='ocrx_word' id='word_1_607' title='bbox 3300 3562 3538 3632; x_wconf 86' lang='lat' dir='ltr'><strong>Baptista</strong></span> <span class='ocrx_word' id='word_1_608' title='bbox 3589 3562 3636 3614; x_wconf 90' lang='lat' dir='ltr'><strong>le</strong></span> <span class='ocrx_word' id='word_1_609' title='bbox 3684 3561 3870 3628; x_wconf 90' lang='lat' dir='ltr'><strong>Brun,</strong></span> 
     </span>
    </p>
   </div>
   <div class='ocr_carea' id='block_1_80' title="bbox 2261 3653 3871 3727">
    <p class='ocr_par' dir='ltr' id='par_1_80' title="bbox 2261 3653 3871 3727">
     <span class='ocr_line' id='line_1_80' title="bbox 2261 3653 3871 3727; baseline -0.002 -17"><span class='ocrx_word' id='word_1_610' title='bbox 2261 3657 2463 3726; x_wconf 91' lang='lat' dir='ltr'><strong>aliique</strong></span> <span class='ocrx_word' id='word_1_611' title='bbox 2483 3656 2623 3712; x_wconf 90' lang='lat' dir='ltr'><strong>bene</strong></span> <span class='ocrx_word' id='word_1_612' title='bbox 2649 3657 2837 3723; x_wconf 90' lang='lat' dir='ltr'><strong>multi,</strong></span> <span class='ocrx_word' id='word_1_613' title='bbox 2861 3656 3058 3727; x_wconf 92' lang='lat' dir='ltr'><strong>quibus</strong></span> <span class='ocrx_word' id='word_1_614' title='bbox 3080 3664 3164 3711; x_wconf 90' lang='lat' dir='ltr'><strong>est</strong></span> <span class='ocrx_word' id='word_1_615' title='bbox 3187 3670 3502 3727; x_wconf 90' lang='lat' dir='ltr'><strong>persuasum</strong></span> <span class='ocrx_word' id='word_1_616' title='bbox 3530 3653 3871 3708; x_wconf 89' lang='lat' dir='ltr'><strong>Lactantium</strong></span> 
     </span>
    </p>
   </div>
   <div class='ocr_carea' id='block_1_81' title="bbox 2263 3748 3874 3823">
    <p class='ocr_par' dir='ltr' id='par_1_81' title="bbox 2263 3748 3874 3823">
     <span class='ocr_line' id='line_1_81' title="bbox 2263 3748 3874 3823; baseline -0.002 -18"><span class='ocrx_word' id='word_1_617' title='bbox 2263 3752 2408 3807; x_wconf 89' lang='lat' dir='ltr'><strong>hunc</strong></span> <span class='ocrx_word' id='word_1_618' title='bbox 2436 3753 2632 3807; x_wconf 91' lang='lat' dir='ltr'><strong>librum</strong></span> <span class='ocrx_word' id='word_1_619' title='bbox 2664 3752 2904 3808; x_wconf 88' lang='lat' dir='ltr'><strong>edidisse</strong></span> <span class='ocrx_word' id='word_1_620' title='bbox 2932 3763 3220 3823; x_wconf 88' lang='lat' dir='ltr'><strong>postquam</strong></span> <span class='ocrx_word' id='word_1_621' title='bbox 3255 3749 3565 3820; x_wconf 88' lang='lat' dir='ltr'><strong>percrebuit</strong></span> <span class='ocrx_word' id='word_1_622' title='bbox 3594 3748 3874 3804; x_wconf 87' lang='lat' dir='ltr'><strong>Liciniana</strong></span> 
     </span>
    </p>
   </div>
   <div class='ocr_carea' id='block_1_82' title="bbox 2266 3839 3872 3914">
    <p class='ocr_par' dir='ltr' id='par_1_82' title="bbox 2266 3839 3872 3914">
     <span class='ocr_line' id='line_1_82' title="bbox 2266 3839 3872 3914; baseline -0.001 -16"><span class='ocrx_word' id='word_1_623' title='bbox 2266 3843 2613 3913; x_wconf 90' lang='lat' dir='ltr'><strong>persecutio,</strong></span> <span class='ocrx_word' id='word_1_624' title='bbox 2662 3861 2783 3914; x_wconf 76' lang='lat' dir='ltr'><strong>qua:</strong></span> <span class='ocrx_word' id='word_1_625' title='bbox 2834 3845 3031 3899; x_wconf 71' lang='lat' dir='ltr'><strong>saevire</strong></span> <span class='ocrx_word' id='word_1_626' title='bbox 3077 3860 3182 3897; x_wconf 92' lang='lat' dir='ltr'><strong>non</strong></span> <span class='ocrx_word' id='word_1_627' title='bbox 3225 3843 3393 3913; x_wconf 70' lang='lat' dir='ltr'><strong>erepit</strong></span> <span class='ocrx_word' id='word_1_628' title='bbox 3432 3842 3537 3897; x_wconf 91' lang='lat' dir='ltr'><strong>nisi</strong></span> <span class='ocrx_word' id='word_1_629' title='bbox 3575 3858 3718 3896; x_wconf 90' lang='lat' dir='ltr'><strong>anno</strong></span> <span class='ocrx_word' id='word_1_630' title='bbox 3746 3839 3872 3896; x_wconf 78' lang='lat'><strong>5‘20.</strong></span> 
     </span>
    </p>
   </div>
   <div class='ocr_carea' id='block_1_83' title="bbox 2263 3934 3878 4006">
    <p class='ocr_par' dir='ltr' id='par_1_83' title="bbox 2263 3934 3878 4006">
     <span class='ocr_line' id='line_1_83' title="bbox 2263 3934 3878 4006; baseline -0.002 -15"><span class='ocrx_word' id='word_1_631' title='bbox 2263 3935 2438 3991; x_wconf 80' lang='lat' dir='ltr'><strong>Nolim</strong></span> <span class='ocrx_word' id='word_1_632' title='bbox 2474 3945 2658 3992; x_wconf 90' lang='lat' dir='ltr'><strong>tamen</strong></span> <span class='ocrx_word' id='word_1_633' title='bbox 2686 3935 2909 3991; x_wconf 82' lang='lat' dir='ltr'><strong>diffiteri</strong></span> <span class='ocrx_word' id='word_1_634' title='bbox 2940 3936 3279 3991; x_wconf 91' lang='lat' dir='ltr'><strong>Lactantium</strong></span> <span class='ocrx_word' id='word_1_635' title='bbox 3321 3935 3488 3990; x_wconf 86' lang='lat' dir='ltr'><strong>multa</strong></span> <span class='ocrx_word' id='word_1_636' title='bbox 3533 3936 3679 4006; x_wconf 90' lang='lat' dir='ltr'><strong>prius</strong></span> <span class='ocrx_word' id='word_1_637' title='bbox 3713 3934 3780 3990; x_wconf 90' lang='lat' dir='ltr'><strong>de</strong></span> <span class='ocrx_word' id='word_1_638' title='bbox 3818 3946 3878 3988; x_wconf 93' lang='lat' dir='ltr'><strong>re</strong></span> 
     </span>
    </p>
   </div>
   <div class='ocr_carea' id='block_1_84' title="bbox 2265 4029 3880 4098">
    <p class='ocr_par' dir='ltr' id='par_1_84' title="bbox 2265 4029 3880 4098">
     <span class='ocr_line' id='line_1_84' title="bbox 2265 4029 3880 4098; baseline -0.004 -12"><span class='ocrx_word' id='word_1_639' title='bbox 2265 4029 2564 4086; x_wconf 89' lang='lat' dir='ltr'><strong>christiana</strong></span> <span class='ocrx_word' id='word_1_640' title='bbox 2603 4031 2656 4086; x_wconf 90' lang='lat' dir='ltr'><strong>in</strong></span> <span class='ocrx_word' id='word_1_641' title='bbox 2699 4030 2917 4085; x_wconf 89' lang='lat' dir='ltr'><strong>arcanis</strong></span> <span class='ocrx_word' id='word_1_642' title='bbox 2956 4029 3168 4085; x_wconf 85' lang='lat' dir='ltr'><strong>tabellis</strong></span> <span class='ocrx_word' id='word_1_643' title='bbox 3208 4029 3418 4098; x_wconf 89' lang='lat' dir='ltr'><strong>scripto</strong></span> <span class='ocrx_word' id='word_1_644' title='bbox 3459 4037 3787 4093; x_wconf 84' lang='lat' dir='ltr'><strong>annotasse,</strong></span> <span class='ocrx_word' id='word_1_645' title='bbox 3821 4033 3880 4080; x_wconf 89' lang='lat' dir='ltr'><strong>ut</strong></span> 
     </span>
    </p>
   </div>
   <div class='ocr_carea' id='block_1_85' title="bbox 2267 4117 3878 4194">
    <p class='ocr_par' dir='ltr' id='par_1_85' title="bbox 2267 4117 3878 4194">
     <span class='ocr_line' id='line_1_85' title="bbox 2267 4117 3878 4194; baseline -0.004 -16"><span class='ocrx_word' id='word_1_646' title='bbox 2267 4138 2403 4194; x_wconf 92' lang='lat' dir='ltr'><strong>opus</strong></span> <span class='ocrx_word' id='word_1_647' title='bbox 2434 4123 2537 4178; x_wconf 92' lang='lat' dir='ltr'><strong>hoc</strong></span> <span class='ocrx_word' id='word_1_648' title='bbox 2569 4133 2675 4178; x_wconf 90' lang='lat' dir='ltr'><strong>tam</strong></span> <span class='ocrx_word' id='word_1_649' title='bbox 2705 4123 2969 4189; x_wconf 92' lang='lat' dir='ltr'><strong>arduum,</strong></span> <span class='ocrx_word' id='word_1_650' title='bbox 3003 4131 3113 4177; x_wconf 90' lang='lat' dir='ltr'><strong>tam</strong></span> <span class='ocrx_word' id='word_1_651' title='bbox 3146 4121 3368 4177; x_wconf 85' lang='lat' dir='ltr'><strong>difficile</strong></span> <span class='ocrx_word' id='word_1_652' title='bbox 3400 4137 3506 4176; x_wconf 92' lang='lat' dir='ltr'><strong>non</strong></span> <span class='ocrx_word' id='word_1_653' title='bbox 3537 4123 3710 4176; x_wconf 92' lang='lat' dir='ltr'><strong>solum</strong></span> <span class='ocrx_word' id='word_1_654' title='bbox 3743 4117 3878 4173; x_wconf 88' lang='lat' dir='ltr'><strong>ado-</strong></span> 
     </span>
    </p>
   </div>
   <div class='ocr_carea' id='block_1_86' title="bbox 2268 4211 3876 4286">
    <p class='ocr_par' dir='ltr' id='par_1_86' title="bbox 2268 4211 3876 4286">
     <span class='ocr_line' id='line_1_86' title="bbox 2268 4211 3876 4286; baseline -0.004 -14"><span class='ocrx_word' id='word_1_655' title='bbox 2268 4219 2491 4284; x_wconf 90' lang='lat' dir='ltr'><strong>riretur,</strong></span> <span class='ocrx_word' id='word_1_656' title='bbox 2523 4217 2619 4273; x_wconf 88' lang='lat' dir='ltr'><strong>sed</strong></span> <span class='ocrx_word' id='word_1_657' title='bbox 2650 4217 2813 4273; x_wconf 85' lang='lat' dir='ltr'><strong>etiam</strong></span> <span class='ocrx_word' id='word_1_658' title='bbox 2841 4216 2908 4272; x_wconf 91' lang='lat' dir='ltr'><strong>ad</strong></span> <span class='ocrx_word' id='word_1_659' title='bbox 2935 4227 3179 4286; x_wconf 81' lang='lat' dir='ltr'><strong>Optatum</strong></span> <span class='ocrx_word' id='word_1_660' title='bbox 3212 4215 3532 4286; x_wconf 88' lang='lat' dir='ltr'><strong>perduceret</strong></span> <span class='ocrx_word' id='word_1_661' title='bbox 3557 4213 3756 4268; x_wconf 86' lang='lat' dir='ltr'><strong>exitum</strong></span> <span class='ocrx_word' id='word_1_662' title='bbox 3788 4211 3876 4266; x_wconf 78' lang='lat' dir='ltr'><strong>vix</strong></span> 
     </span>
    </p>
   </div>
   <div class='ocr_carea' id='block_1_87' title="bbox 2269 4304 3876 4382">
    <p class='ocr_par' dir='ltr' id='par_1_87' title="bbox 2269 4304 3876 4382">
     <span class='ocr_line' id='line_1_87' title="bbox 2269 4304 3876 4382; baseline -0.005 -17"><span class='ocrx_word' id='word_1_663' title='bbox 2269 4310 2414 4365; x_wconf 90' lang='lat' dir='ltr'><strong>enim</strong></span> <span class='ocrx_word' id='word_1_664' title='bbox 2445 4310 2601 4365; x_wconf 89' lang='lat' dir='ltr'><strong>aliter</strong></span> <span class='ocrx_word' id='word_1_665' title='bbox 2628 4309 2744 4365; x_wconf 85' lang='lat' dir='ltr'><strong>ﬁeri</strong></span> <span class='ocrx_word' id='word_1_666' title='bbox 2772 4311 2967 4382; x_wconf 88' lang='lat' dir='ltr'><strong>potuit.</strong></span> <span class='ocrx_word' id='word_1_667' title='bbox 2999 4306 3409 4364; x_wconf 88' lang='lat' dir='ltr'><strong>lnstitutionum</strong></span> <span class='ocrx_word' id='word_1_668' title='bbox 3438 4323 3570 4361; x_wconf 91' lang='lat' dir='ltr'><strong>vero</strong></span> <span class='ocrx_word' id='word_1_669' title='bbox 3602 4304 3876 4374; x_wconf 89' lang='lat' dir='ltr'><strong>duplicem</strong></span> 
     </span>
    </p>
   </div>
   <div class='ocr_carea' id='block_1_88' title="bbox 2271 4398 3876 4476">
    <p class='ocr_par' dir='ltr' id='par_1_88' title="bbox 2271 4398 3876 4476">
     <span class='ocr_line' id='line_1_88' title="bbox 2271 4398 3876 4476; baseline -0.007 -15"><span class='ocrx_word' id='word_1_670' title='bbox 2271 4421 2298 4460; x_wconf 92' lang='lat' dir='ltr'><strong>a</strong></span> <span class='ocrx_word' id='word_1_671' title='bbox 2341 4406 2627 4462; x_wconf 89' lang='lat' dir='ltr'><strong>Lactantio</strong></span> <span class='ocrx_word' id='word_1_672' title='bbox 2665 4406 2941 4476; x_wconf 88' lang='lat' dir='ltr'><strong>vulgatam</strong></span> <span class='ocrx_word' id='word_1_673' title='bbox 2989 4403 3158 4459; x_wconf 90' lang='lat' dir='ltr'><strong>fuisse</strong></span> <span class='ocrx_word' id='word_1_674' title='bbox 3202 4402 3531 4467; x_wconf 91' lang='lat' dir='ltr'><strong>editionem,</strong></span> <span class='ocrx_word' id='word_1_675' title='bbox 3579 4415 3685 4455; x_wconf 91' lang='lat' dir='ltr'><strong>non</strong></span> <span class='ocrx_word' id='word_1_676' title='bbox 3728 4398 3876 4453; x_wconf 85' lang='lat' dir='ltr'><strong>Tho-</strong></span> 
     </span>
    </p>
   </div>
   <div class='ocr_carea' id='block_1_89' title="bbox 550 4485 2154 4569">
    <p class='ocr_par' dir='ltr' id='par_1_89' title="bbox 550 4485 2154 4558">
     <span class='ocr_line' id='line_1_89' title="bbox 550 4485 2154 4558; baseline -0.003 -14"><span class='ocrx_word' id='word_1_677' title='bbox 550 4489 680 4544; x_wconf 82' lang='grc'>515.</span> <span class='ocrx_word' id='word_1_678' title='bbox 713 4489 878 4557; x_wconf 85' lang='lat' dir='ltr'><strong>quue</strong></span> <span class='ocrx_word' id='word_1_679' title='bbox 907 4505 1014 4544; x_wconf 91' lang='lat' dir='ltr'><strong>non</strong></span> <span class='ocrx_word' id='word_1_680' title='bbox 1044 4489 1218 4544; x_wconf 91' lang='lat' dir='ltr'><strong>solum</strong></span> <span class='ocrx_word' id='word_1_681' title='bbox 1253 4496 1372 4558; x_wconf 90' lang='lat' dir='ltr'><strong>post</strong></span> <span class='ocrx_word' id='word_1_682' title='bbox 1402 4502 1634 4558; x_wconf 89' lang='lat' dir='ltr'><strong>pugnam</strong></span> <span class='ocrx_word' id='word_1_683' title='bbox 1667 4485 1733 4540; x_wconf 89' lang='lat' dir='ltr'><strong>ad</strong></span> <span class='ocrx_word' id='word_1_684' title='bbox 1766 4485 2027 4556; x_wconf 89' lang='lat' dir='ltr'><strong>Campum</strong></span> <span class='ocrx_word' id='word_1_685' title='bbox 2060 4486 2154 4540; x_wconf 90' lang='lat' dir='ltr'><strong>Se-</strong></span> 
     </span>
    </p>
   </div>
   <div class='ocr_carea' id='block_1_90' title="bbox 2257 4485 3879 4569">
    <p class='ocr_par' dir='ltr' id='par_1_90' title="bbox 2270 4490 3879 4569">
     <span class='ocr_line' id='line_1_90' title="bbox 2270 4490 3879 4569; baseline -0.006 -14"><span class='ocrx_word' id='word_1_686' title='bbox 2270 4500 2472 4556; x_wconf 89' lang='lat' dir='ltr'><strong>masius</strong></span> <span class='ocrx_word' id='word_1_687' title='bbox 2502 4500 2661 4556; x_wconf 88' lang='lat' dir='ltr'><strong>modo</strong></span> <span class='ocrx_word' id='word_1_688' title='bbox 2702 4497 2978 4569; x_wconf 78' lang='lat' dir='ltr'><strong>(Thomas.</strong></span> <span class='ocrx_word' id='word_1_689' title='bbox 3022 4509 3158 4551; x_wconf 78' lang='lat' dir='ltr'><strong>nota:</strong></span> <span class='ocrx_word' id='word_1_690' title='bbox 3183 4496 3251 4549; x_wconf 90' lang='lat' dir='ltr'><strong>ad</strong></span> <span class='ocrx_word' id='word_1_691' title='bbox 3291 4511 3410 4566; x_wconf 87' lang='lat' dir='ltr'><strong>cap.</strong></span> <span class='ocrx_word' id='word_1_692' title='bbox 3450 4494 3476 4548; x_wconf 93' lang='lat'><strong>1</strong></span> <span class='ocrx_word' id='word_1_693' title='bbox 3518 4492 3607 4548; x_wconf 82' lang='lat' dir='ltr'><strong>lib.</strong></span> <span class='ocrx_word' id='word_1_694' title='bbox 3641 4509 3656 4547; x_wconf 88' lang='grc' dir='ltr'><strong>ι</strong></span> <span class='ocrx_word' id='word_1_695' title='bbox 3713 4490 3879 4546; x_wconf 78' lang='lat' dir='ltr'><strong>Insti-</strong></span> 
     </span>
    </p>
   </div>
   <div class='ocr_carea' id='block_1_91' title="bbox 551 4577 2169 4651">
    <p class='ocr_par' dir='ltr' id='par_1_91' title="bbox 551 4577 2169 4651">
     <span class='ocr_line' id='line_1_91' title="bbox 551 4577 2169 4651; baseline -0.004 -13"><span class='ocrx_word' id='word_1_696' title='bbox 551 4597 743 4638; x_wconf 87' lang='lat' dir='ltr'><strong>renum</strong></span> <span class='ocrx_word' id='word_1_697' title='bbox 769 4581 1096 4650; x_wconf 88' lang='lat' dir='ltr'><strong>descriptam</strong></span> <span class='ocrx_word' id='word_1_698' title='bbox 1124 4582 1301 4651; x_wconf 89' lang='lat' dir='ltr'><strong>capite</strong></span> <span class='ocrx_word' id='word_1_699' title='bbox 1326 4581 1418 4645; x_wconf 71' lang='grc'>47,</span> <span class='ocrx_word' id='word_1_700' title='bbox 1452 4595 1556 4650; x_wconf 91' lang='lat' dir='ltr'><strong>qua</strong></span> <span class='ocrx_word' id='word_1_701' title='bbox 1586 4589 1875 4650; x_wconf 89' lang='lat' dir='ltr'><strong>superatus</strong></span> <span class='ocrx_word' id='word_1_702' title='bbox 1920 4587 2003 4633; x_wconf 88' lang='lat' dir='ltr'><strong>est</strong></span> <span class='ocrx_word' id='word_1_703' title='bbox 2026 4593 2054 4632; x_wconf 92' lang='lat' dir='ltr'><strong>a</strong></span> <span class='ocrx_word' id='word_1_704' title='bbox 2083 4577 2169 4631; x_wconf 85' lang='lat' dir='ltr'><strong>Li-</strong></span> 
     </span>
    </p>
   </div>
   <div class='ocr_carea' id='block_1_92' title="bbox 553 4673 2172 4744">
    <p class='ocr_par' dir='ltr' id='par_1_92' title="bbox 553 4673 2172 4744">
     <span class='ocr_line' id='line_1_92' title="bbox 553 4673 2172 4744; baseline -0.002 -14"><span class='ocrx_word' id='word_1_705' title='bbox 553 4675 698 4730; x_wconf 91' lang='lat' dir='ltr'><strong>cinio</strong></span> <span class='ocrx_word' id='word_1_706' title='bbox 725 4673 1081 4741; x_wconf 78' lang='lat' dir='ltr'><strong>Maximinus,</strong></span> <span class='ocrx_word' id='word_1_707' title='bbox 1111 4673 1200 4728; x_wconf 90' lang='lat' dir='ltr'><strong>die</strong></span> <span class='ocrx_word' id='word_1_708' title='bbox 1226 4673 1398 4744; x_wconf 90' lang='lat' dir='ltr'><strong>primo</strong></span> <span class='ocrx_word' id='word_1_709' title='bbox 1431 4674 1555 4727; x_wconf 91' lang='lat' dir='ltr'><strong>maii</strong></span> <span class='ocrx_word' id='word_1_710' title='bbox 1585 4674 1708 4727; x_wconf 89' lang='lat' dir='ltr'><strong>anni</strong></span> <span class='ocrx_word' id='word_1_711' title='bbox 1741 4673 1873 4739; x_wconf 88' lang='grc'>515,</span> <span class='ocrx_word' id='word_1_712' title='bbox 1909 4673 2018 4727; x_wconf 90' lang='lat' dir='ltr'><strong>imo</strong></span> <span class='ocrx_word' id='word_1_713' title='bbox 2051 4681 2172 4743; x_wconf 90' lang='lat' dir='ltr'><strong>post</strong></span> 
     </span>
    </p>
   </div>
   <div class='ocr_carea' id='block_1_93' title="bbox 552 4765 2169 4838">
    <p class='ocr_par' dir='ltr' id='par_1_93' title="bbox 552 4765 2169 4838">
     <span class='ocr_line' id='line_1_93' title="bbox 552 4765 2169 4838; baseline -0.004 -12"><span class='ocrx_word' id='word_1_714' title='bbox 552 4769 788 4826; x_wconf 89' lang='lat' dir='ltr'><strong>edictum</strong></span> <span class='ocrx_word' id='word_1_715' title='bbox 811 4768 878 4824; x_wconf 93' lang='lat' dir='ltr'><strong>de</strong></span> <span class='ocrx_word' id='word_1_716' title='bbox 899 4767 1232 4824; x_wconf 88' lang='lat' dir='ltr'><strong>restituenda</strong></span> <span class='ocrx_word' id='word_1_717' title='bbox 1253 4767 1494 4822; x_wconf 84' lang='lat' dir='ltr'><strong>Ecclesia</strong></span> <span class='ocrx_word' id='word_1_718' title='bbox 1511 4809 1526 4834; x_wconf 95' lang='lat'><strong>,</strong></span> <span class='ocrx_word' id='word_1_719' title='bbox 1551 4767 1694 4838; x_wconf 87' lang='lat' dir='ltr'><strong>quod</strong></span> <span class='ocrx_word' id='word_1_720' title='bbox 1717 4767 1804 4821; x_wconf 92' lang='lat' dir='ltr'><strong>die</strong></span> <span class='ocrx_word' id='word_1_721' title='bbox 1829 4765 2039 4821; x_wconf 92' lang='lat' dir='ltr'><strong>decimo</strong></span> <span class='ocrx_word' id='word_1_722' title='bbox 2062 4774 2169 4820; x_wconf 86' lang='lat' dir='ltr'><strong>ter-</strong></span> 
     </span>
    </p>
   </div>
   <div class='ocr_carea' id='block_1_94' title="bbox 556 4859 2166 4935">
    <p class='ocr_par' dir='ltr' id='par_1_94' title="bbox 556 4859 2166 4935">
     <span class='ocr_line' id='line_1_94' title="bbox 556 4859 2166 4935; baseline -0.004 -15"><span class='ocrx_word' id='word_1_723' title='bbox 556 4865 631 4920; x_wconf 92' lang='lat' dir='ltr'><strong>tio</strong></span> <span class='ocrx_word' id='word_1_724' title='bbox 667 4864 800 4935; x_wconf 90' lang='lat' dir='ltr'><strong>junii</strong></span> <span class='ocrx_word' id='word_1_725' title='bbox 834 4862 1061 4934; x_wconf 92' lang='lat' dir='ltr'><strong>proponi</strong></span> <span class='ocrx_word' id='word_1_726' title='bbox 1087 4862 1252 4934; x_wconf 88' lang='lat' dir='ltr'><strong>jussit</strong></span> <span class='ocrx_word' id='word_1_727' title='bbox 1279 4861 1548 4930; x_wconf 89' lang='lat' dir='ltr'><strong>Licinius,</strong></span> <span class='ocrx_word' id='word_1_728' title='bbox 1575 4871 1634 4917; x_wconf 91' lang='lat' dir='ltr'><strong>ut</strong></span> <span class='ocrx_word' id='word_1_729' title='bbox 1662 4861 1890 4916; x_wconf 89' lang='lat' dir='ltr'><strong>habetur</strong></span> <span class='ocrx_word' id='word_1_730' title='bbox 1920 4875 2040 4930; x_wconf 92' lang='lat' dir='ltr'><strong>cap.</strong></span> <span class='ocrx_word' id='word_1_731' title='bbox 2075 4859 2166 4924; x_wconf 74' lang='grc'>48,</span> 
     </span>
    </p>
   </div>
   <div class='ocr_carea' id='block_1_95' title="bbox 555 4951 2172 5028">
    <p class='ocr_par' dir='ltr' id='par_1_95' title="bbox 555 4951 2172 5028">
     <span class='ocr_line' id='line_1_95' title="bbox 555 4951 2172 5028; baseline -0.003 -16"><span class='ocrx_word' id='word_1_732' title='bbox 555 4973 742 5014; x_wconf 90' lang='lat' dir='ltr'><strong>verum</strong></span> <span class='ocrx_word' id='word_1_733' title='bbox 786 4957 950 5014; x_wconf 90' lang='lat' dir='ltr'><strong>etiam</strong></span> <span class='ocrx_word' id='word_1_734' title='bbox 998 4967 1119 5028; x_wconf 91' lang='lat' dir='ltr'><strong>post</strong></span> <span class='ocrx_word' id='word_1_735' title='bbox 1165 4966 1432 5023; x_wconf 92' lang='lat' dir='ltr'><strong>mortem,</strong></span> <span class='ocrx_word' id='word_1_736' title='bbox 1478 4972 1579 5027; x_wconf 93' lang='lat' dir='ltr'><strong>qua</strong></span> <span class='ocrx_word' id='word_1_737' title='bbox 1625 4955 1839 5010; x_wconf 84' lang='lat' dir='ltr'><strong>Valeria</strong></span> <span class='ocrx_word' id='word_1_738' title='bbox 1885 4969 2026 5008; x_wconf 92' lang='lat' dir='ltr'><strong>anno</strong></span> <span class='ocrx_word' id='word_1_739' title='bbox 2063 4951 2172 5009; x_wconf 90' lang='grc'><strong>515</strong></span> 
     </span>
    </p>
   </div>
   <div class='ocr_carea' id='block_1_96' title="bbox 557 5049 2160 5121">
    <p class='ocr_par' dir='ltr' id='par_1_96' title="bbox 557 5049 2160 5121">
     <span class='ocr_line' id='line_1_96' title="bbox 557 5049 2160 5121; baseline -0.005 -11"><span class='ocrx_word' id='word_1_740' title='bbox 557 5054 812 5110; x_wconf 82' lang='lat' dir='ltr'><strong>rnulctata</strong></span> <span class='ocrx_word' id='word_1_741' title='bbox 843 5051 1048 5108; x_wconf 89' lang='lat' dir='ltr'><strong>fuerat:</strong></span> <span class='ocrx_word' id='word_1_742' title='bbox 1079 5050 1221 5121; x_wconf 90' lang='lat' dir='ltr'><strong>quod</strong></span> <span class='ocrx_word' id='word_1_743' title='bbox 1251 5051 1444 5120; x_wconf 91' lang='lat' dir='ltr'><strong>legitur</strong></span> <span class='ocrx_word' id='word_1_744' title='bbox 1472 5064 1592 5119; x_wconf 90' lang='lat' dir='ltr'><strong>cap.</strong></span> <span class='ocrx_word' id='word_1_745' title='bbox 1618 5050 1706 5104; x_wconf 84' lang='lat'><strong>51.</strong></span> <span class='ocrx_word' id='word_1_746' title='bbox 1734 5049 1886 5105; x_wconf 89' lang='lat' dir='ltr'><strong>Hunc</strong></span> <span class='ocrx_word' id='word_1_747' title='bbox 1918 5049 2160 5104; x_wconf 90' lang='lat' dir='ltr'><strong>libellum</strong></span> 
     </span>
    </p>
   </div>
   <div class='ocr_carea' id='block_1_97' title="bbox 557 5143 2164 5217">
    <p class='ocr_par' dir='ltr' id='par_1_97' title="bbox 557 5143 2164 5217">
     <span class='ocr_line' id='line_1_97' title="bbox 557 5143 2164 5217; baseline -0.004 -14"><span class='ocrx_word' id='word_1_748' title='bbox 557 5149 626 5203; x_wconf 92' lang='lat' dir='ltr'><strong>de</strong></span> <span class='ocrx_word' id='word_1_749' title='bbox 655 5163 762 5217; x_wconf 92' lang='lat' dir='ltr'><strong>quo</strong></span> <span class='ocrx_word' id='word_1_750' title='bbox 794 5149 985 5202; x_wconf 92' lang='lat' dir='ltr'><strong>iterum</strong></span> <span class='ocrx_word' id='word_1_751' title='bbox 1017 5144 1259 5199; x_wconf 90' lang='lat' dir='ltr'><strong>dicemus</strong></span> <span class='ocrx_word' id='word_1_752' title='bbox 1299 5143 1455 5199; x_wconf 91' lang='lat' dir='ltr'><strong>initio</strong></span> <span class='ocrx_word' id='word_1_753' title='bbox 1481 5143 1708 5198; x_wconf 91' lang='lat' dir='ltr'><strong>alterius</strong></span> <span class='ocrx_word' id='word_1_754' title='bbox 1737 5143 2028 5198; x_wconf 89' lang='lat' dir='ltr'><strong>voluminis</strong></span> <span class='ocrx_word' id='word_1_755' title='bbox 2049 5185 2064 5209; x_wconf 93' lang='lat'><strong>,</strong></span> <span class='ocrx_word' id='word_1_756' title='bbox 2096 5143 2164 5197; x_wconf 91' lang='lat' dir='ltr'><strong>ab</strong></span> 
     </span>
    </p>
   </div>
   <div class='ocr_carea' id='block_1_98' title="bbox 559 5234 2164 5308">
    <p class='ocr_par' dir='ltr' id='par_1_98' title="bbox 559 5234 2164 5308">
     <span class='ocr_line' id='line_1_98' title="bbox 559 5234 2164 5308; baseline -0.002 -16"><span class='ocrx_word' id='word_1_757' title='bbox 559 5241 716 5294; x_wconf 89' lang='lat' dir='ltr'><strong>annis</strong></span> <span class='ocrx_word' id='word_1_758' title='bbox 747 5239 896 5294; x_wconf 90' lang='lat' dir='ltr'><strong>mille</strong></span> <span class='ocrx_word' id='word_1_759' title='bbox 925 5237 1268 5308; x_wconf 91' lang='lat' dir='ltr'><strong>deperditum</strong></span> <span class='ocrx_word' id='word_1_760' title='bbox 1293 5278 1309 5304; x_wconf 91' lang='lat'><strong>,</strong></span> <span class='ocrx_word' id='word_1_761' title='bbox 1342 5243 1726 5306; x_wconf 89' lang='lat' dir='ltr'><strong>repertumque</strong></span> <span class='ocrx_word' id='word_1_762' title='bbox 1767 5237 1818 5290; x_wconf 91' lang='lat' dir='ltr'><strong>in</strong></span> <span class='ocrx_word' id='word_1_763' title='bbox 1853 5234 2164 5290; x_wconf 86' lang='lat' dir='ltr'><strong>Biblotheca</strong></span> 
     </span>
    </p>
   </div>
   <div class='ocr_carea' id='block_1_99' title="bbox 560 5330 2170 5402">
    <p class='ocr_par' dir='ltr' id='par_1_99' title="bbox 560 5330 2170 5402">
     <span class='ocr_line' id='line_1_99' title="bbox 560 5330 2170 5402; baseline -0.001 -14"><span class='ocrx_word' id='word_1_764' title='bbox 560 5333 872 5388; x_wconf 87' lang='lat' dir='ltr'><strong>Colbertina</strong></span> <span class='ocrx_word' id='word_1_765' title='bbox 899 5373 913 5398; x_wconf 93' lang='lat'><strong>,</strong></span> <span class='ocrx_word' id='word_1_766' title='bbox 947 5333 1155 5402; x_wconf 88' lang='lat' dir='ltr'><strong>primus</strong></span> <span class='ocrx_word' id='word_1_767' title='bbox 1183 5346 1330 5387; x_wconf 88' lang='lat' dir='ltr'><strong>anno</strong></span> <span class='ocrx_word' id='word_1_768' title='bbox 1359 5331 1498 5386; x_wconf 71' lang='lat'><strong>1679</strong></span> <span class='ocrx_word' id='word_1_769' title='bbox 1527 5330 1697 5387; x_wconf 91' lang='lat' dir='ltr'><strong>edidit</strong></span> <span class='ocrx_word' id='word_1_770' title='bbox 1729 5331 2037 5402; x_wconf 88' lang='lat' dir='ltr'><strong>Stephanus</strong></span> <span class='ocrx_word' id='word_1_771' title='bbox 2069 5332 2170 5386; x_wconf 85' lang='lat' dir='ltr'><strong>Ba-</strong></span> 
     </span>
    </p>
   </div>
   <div class='ocr_carea' id='block_1_100' title="bbox 560 5423 2170 5495">
    <p class='ocr_par' dir='ltr' id='par_1_100' title="bbox 560 5423 2170 5495">
     <span class='ocr_line' id='line_1_100' title="bbox 560 5423 2170 5495; baseline 0 -15"><span class='ocrx_word' id='word_1_772' title='bbox 560 5423 735 5480; x_wconf 85' lang='lat' dir='ltr'><strong>luzius</strong></span> <span class='ocrx_word' id='word_1_773' title='bbox 756 5465 774 5492; x_wconf 94' lang='lat'><strong>,</strong></span> <span class='ocrx_word' id='word_1_774' title='bbox 818 5425 1110 5480; x_wconf 88' lang='lat' dir='ltr'><strong>mandante</strong></span> <span class='ocrx_word' id='word_1_775' title='bbox 1139 5425 1502 5481; x_wconf 90' lang='lat' dir='ltr'><strong>illustrissimo</strong></span> <span class='ocrx_word' id='word_1_776' title='bbox 1532 5425 1648 5480; x_wconf 87' lang='lat' dir='ltr'><strong>viro</strong></span> <span class='ocrx_word' id='word_1_777' title='bbox 1677 5425 1886 5480; x_wconf 82' lang='lat' dir='ltr'><strong>Joanne</strong></span> <span class='ocrx_word' id='word_1_778' title='bbox 1928 5425 2170 5495; x_wconf 87' lang='lat' dir='ltr'><strong>Baptista</strong></span> 
     </span>
    </p>
   </div>
   <div class='ocr_carea' id='block_1_101' title="bbox 561 5518 2172 5589">
    <p class='ocr_par' dir='ltr' id='par_1_101' title="bbox 561 5518 2172 5589">
     <span class='ocr_line' id='line_1_101' title="bbox 561 5518 2172 5589; baseline 0 -13"><span class='ocrx_word' id='word_1_779' title='bbox 561 5518 818 5586; x_wconf 86' lang='lat' dir='ltr'><strong>Colbert,</strong></span> <span class='ocrx_word' id='word_1_780' title='bbox 848 5519 961 5589; x_wconf 90' lang='lat' dir='ltr'><strong>regi</strong></span> <span class='ocrx_word' id='word_1_781' title='bbox 987 5534 1015 5572; x_wconf 92' lang='lat' dir='ltr'><strong>a</strong></span> <span class='ocrx_word' id='word_1_782' title='bbox 1045 5519 1406 5574; x_wconf 91' lang='lat' dir='ltr'><strong>sanctioribus</strong></span> <span class='ocrx_word' id='word_1_783' title='bbox 1433 5521 1683 5585; x_wconf 89' lang='lat' dir='ltr'><strong>secretis,</strong></span> <span class='ocrx_word' id='word_1_784' title='bbox 1713 5531 1768 5575; x_wconf 92' lang='lat' dir='ltr'><strong>et</strong></span> <span class='ocrx_word' id='word_1_785' title='bbox 1798 5535 2013 5576; x_wconf 91' lang='lat' dir='ltr'><strong>summo</strong></span> <span class='ocrx_word' id='word_1_786' title='bbox 2035 5536 2172 5576; x_wconf 70' lang='lat' dir='ltr'><strong>tera-</strong></span> 
     </span>
    </p>
   </div>
   <div class='ocr_carea' id='block_1_102' title="bbox 561 5612 2171 5684">
    <p class='ocr_par' dir='ltr' id='par_1_102' title="bbox 561 5612 2171 5684">
     <span class='ocr_line' id='line_1_102' title="bbox 561 5612 2171 5684; baseline 0 -14"><span class='ocrx_word' id='word_1_787' title='bbox 561 5613 628 5672; x_wconf 87' lang='lat' dir='ltr'><strong>rii</strong></span> <span class='ocrx_word' id='word_1_788' title='bbox 673 5612 1014 5669; x_wconf 86' lang='lat' dir='ltr'><strong>administro.</strong></span> <span class='ocrx_word' id='word_1_789' title='bbox 1059 5612 1359 5684; x_wconf 90' lang='lat' dir='ltr'><strong>Singularis</strong></span> <span class='ocrx_word' id='word_1_790' title='bbox 1401 5612 1561 5683; x_wconf 91' lang='lat' dir='ltr'><strong>hujus</strong></span> <span class='ocrx_word' id='word_1_791' title='bbox 1603 5613 1657 5667; x_wconf 93' lang='lat' dir='ltr'><strong>in</strong></span> <span class='ocrx_word' id='word_1_792' title='bbox 1697 5613 1828 5669; x_wconf 89' lang='lat' dir='ltr'><strong>orbe</strong></span> <span class='ocrx_word' id='word_1_793' title='bbox 1870 5614 2171 5670; x_wconf 89' lang='lat' dir='ltr'><strong>christiano</strong></span> 
     </span>
    </p>
   </div>
   <div class='ocr_carea' id='block_1_103' title="bbox 567 5706 2170 5782">
    <p class='ocr_par' dir='ltr' id='par_1_103' title="bbox 567 5706 2170 5782">
     <span class='ocr_line' id='line_1_103' title="bbox 567 5706 2170 5782; baseline 0 -15"><span class='ocrx_word' id='word_1_794' title='bbox 567 5708 805 5779; x_wconf 84' lang='lat' dir='ltr'><strong>codicis,</strong></span> <span class='ocrx_word' id='word_1_795' title='bbox 837 5707 926 5782; x_wconf 89' lang='lat' dir='ltr'><strong>qui</strong></span> <span class='ocrx_word' id='word_1_796' title='bbox 954 5722 1073 5764; x_wconf 94' lang='lat' dir='ltr'><strong>cum</strong></span> <span class='ocrx_word' id='word_1_797' title='bbox 1103 5706 1324 5780; x_wconf 88' lang='lat' dir='ltr'><strong>reliquis</strong></span> <span class='ocrx_word' id='word_1_798' title='bbox 1350 5707 1602 5764; x_wconf 87' lang='lat' dir='ltr'><strong>omnibus</strong></span> <span class='ocrx_word' id='word_1_799' title='bbox 1621 5706 1951 5766; x_wconf 82' lang='lat' dir='ltr'><strong>Colbcrtinis</strong></span> <span class='ocrx_word' id='word_1_800' title='bbox 1981 5709 2034 5765; x_wconf 80' lang='lat' dir='ltr'><strong>in</strong></span> <span class='ocrx_word' id='word_1_801' title='bbox 2065 5712 2170 5767; x_wconf 70' lang='lat' dir='ltr'><strong>lte-</strong></span> 
     </span>
    </p>
   </div>
   <div class='ocr_carea' id='block_1_104' title="bbox 2270 4584 3884 4664">
    <p class='ocr_par' dir='ltr' id='par_1_104' title="bbox 2270 4584 3884 4664">
     <span class='ocr_line' id='line_1_104' title="bbox 2270 4584 3884 4664; baseline -0.007 -16"><span class='ocrx_word' id='word_1_802' title='bbox 2270 4605 2364 4648; x_wconf 85' lang='lat' dir='ltr'><strong>tut.</strong></span> <span class='ocrx_word' id='word_1_803' title='bbox 2394 4595 2448 4664; x_wconf 91' lang='lat'><strong>),</strong></span> <span class='ocrx_word' id='word_1_804' title='bbox 2480 4593 2574 4648; x_wconf 91' lang='lat' dir='ltr'><strong>sed</strong></span> <span class='ocrx_word' id='word_1_805' title='bbox 2603 4601 2656 4647; x_wconf 90' lang='lat' dir='ltr'><strong>ct</strong></span> <span class='ocrx_word' id='word_1_806' title='bbox 2696 4591 2948 4645; x_wconf 84' lang='lat' dir='ltr'><strong>Baluzius</strong></span> <span class='ocrx_word' id='word_1_807' title='bbox 2975 4590 3090 4658; x_wconf 89' lang='lat' dir='ltr'><strong>ipse</strong></span> <span class='ocrx_word' id='word_1_808' title='bbox 3119 4587 3347 4660; x_wconf 77' lang='lat' dir='ltr'><strong>(Baluz.</strong></span> <span class='ocrx_word' id='word_1_809' title='bbox 3400 4597 3536 4640; x_wconf 73' lang='lat' dir='ltr'><strong>nota:</strong></span> <span class='ocrx_word' id='word_1_810' title='bbox 3583 4586 3637 4639; x_wconf 90' lang='lat' dir='ltr'><strong>in</strong></span> <span class='ocrx_word' id='word_1_811' title='bbox 3678 4585 3768 4639; x_wconf 85' lang='lat' dir='ltr'><strong>lib.</strong></span> <span class='ocrx_word' id='word_1_812' title='bbox 3817 4584 3884 4638; x_wconf 83' lang='lat' dir='ltr'><strong>de</strong></span> 
     </span>
    </p>
   </div>
   <div class='ocr_carea' id='block_1_105' title="bbox 2279 4678 3881 4755">
    <p class='ocr_par' dir='ltr' id='par_1_105' title="bbox 2279 4678 3881 4755">
     <span class='ocr_line' id='line_1_105' title="bbox 2279 4678 3881 4755; baseline -0.004 -16"><span class='ocrx_word' id='word_1_813' title='bbox 2279 4686 2432 4740; x_wconf 81' lang='lat' dir='ltr'><strong>Mart.</strong></span> <span class='ocrx_word' id='word_1_814' title='bbox 2480 4694 2729 4755; x_wconf 73' lang='lat' dir='ltr'><strong>persecat.</strong></span> <span class='ocrx_word' id='word_1_815' title='bbox 2754 4724 2770 4750; x_wconf 92' lang='lat'><strong>,</strong></span> <span class='ocrx_word' id='word_1_816' title='bbox 2817 4683 2885 4736; x_wconf 87' lang='lat' dir='ltr'><strong>ad</strong></span> <span class='ocrx_word' id='word_1_817' title='bbox 2925 4681 3115 4736; x_wconf 84' lang='lat' dir='ltr'><strong>calcem</strong></span> <span class='ocrx_word' id='word_1_818' title='bbox 3149 4690 3271 4734; x_wconf 82' lang='lat' dir='ltr'><strong>tont.</strong></span> <span class='ocrx_word' id='word_1_819' title='bbox 3304 4695 3343 4733; x_wconf 87' lang='grc' dir='ltr'><strong>ιι</strong></span> <span class='ocrx_word' id='word_1_820' title='bbox 3380 4689 3569 4733; x_wconf 78' lang='lat' dir='ltr'><strong>nostra:</strong></span> <span class='ocrx_word' id='word_1_821' title='bbox 3609 4678 3796 4746; x_wconf 81' lang='lat' dir='ltr'><strong>edit.),</strong></span> <span class='ocrx_word' id='word_1_822' title='bbox 3824 4685 3881 4732; x_wconf 77' lang='lat' dir='ltr'><strong>et</strong></span> 
     </span>
    </p>
   </div>
   <div class='ocr_carea' id='block_1_106' title="bbox 2272 4769 3880 4848">
    <p class='ocr_par' dir='ltr' id='par_1_106' title="bbox 2272 4769 3880 4848">
     <span class='ocr_line' id='line_1_106' title="bbox 2272 4769 3880 4848; baseline -0.006 -16"><span class='ocrx_word' id='word_1_823' title='bbox 2272 4777 2626 4832; x_wconf 81' lang='lat' dir='ltr'><strong>Heumannus</strong></span> <span class='ocrx_word' id='word_1_824' title='bbox 2655 4775 2674 4848; x_wconf 89' lang='lat'><strong>(</strong></span> <span class='ocrx_word' id='word_1_825' title='bbox 2700 4774 2828 4831; x_wconf 87' lang='lat' dir='ltr'><strong>Not.</strong></span> <span class='ocrx_word' id='word_1_826' title='bbox 2856 4774 2926 4828; x_wconf 86' lang='lat' dir='ltr'><strong>ad</strong></span> <span class='ocrx_word' id='word_1_827' title='bbox 2953 4791 3072 4844; x_wconf 86' lang='lat' dir='ltr'><strong>cap.</strong></span> <span class='ocrx_word' id='word_1_828' title='bbox 3094 4774 3120 4828; x_wconf 91' lang='lat'><strong>1</strong></span> <span class='ocrx_word' id='word_1_829' title='bbox 3154 4771 3330 4826; x_wconf 74' lang='lat' dir='ltr'><strong>Dicin.</strong></span> <span class='ocrx_word' id='word_1_830' title='bbox 3361 4771 3536 4826; x_wconf 77' lang='lat' dir='ltr'><strong>lnstit.</strong></span> <span class='ocrx_word' id='word_1_831' title='bbox 3556 4771 3670 4823; x_wconf 84' lang='lat' dir='ltr'><strong>libri</strong></span> <span class='ocrx_word' id='word_1_832' title='bbox 3701 4769 3880 4842; x_wconf 84' lang='lat' dir='ltr'><strong>primi)</strong></span> 
     </span>
    </p>
   </div>
   <div class='ocr_carea' id='block_1_107' title="bbox 2271 4863 3882 4940">
    <p class='ocr_par' dir='ltr' id='par_1_107' title="bbox 2271 4863 3882 4940">
     <span class='ocr_line' id='line_1_107' title="bbox 2271 4863 3882 4940; baseline -0.006 -13"><span class='ocrx_word' id='word_1_833' title='bbox 2271 4878 2634 4935; x_wconf 88' lang='lat' dir='ltr'><strong>monuerunt;</strong></span> <span class='ocrx_word' id='word_1_834' title='bbox 2666 4869 2808 4940; x_wconf 89' lang='lat' dir='ltr'><strong>apud</strong></span> <span class='ocrx_word' id='word_1_835' title='bbox 2841 4883 2978 4940; x_wconf 87' lang='lat' dir='ltr'><strong>quos</strong></span> <span class='ocrx_word' id='word_1_836' title='bbox 3007 4868 3155 4938; x_wconf 85' lang='lat' dir='ltr'><strong>leges</strong></span> <span class='ocrx_word' id='word_1_837' title='bbox 3175 4908 3192 4934; x_wconf 94' lang='lat'><strong>,</strong></span> <span class='ocrx_word' id='word_1_838' title='bbox 3225 4866 3471 4922; x_wconf 89' lang='lat' dir='ltr'><strong>tristibus</strong></span> <span class='ocrx_word' id='word_1_839' title='bbox 3497 4863 3716 4936; x_wconf 88' lang='lat' dir='ltr'><strong>quidem</strong></span> <span class='ocrx_word' id='word_1_840' title='bbox 3747 4873 3882 4920; x_wconf 83' lang='lat' dir='ltr'><strong>tem-</strong></span> 
     </span>
    </p>
   </div>
   <div class='ocr_carea' id='block_1_108' title="bbox 2270 4957 3885 5036">
    <p class='ocr_par' dir='ltr' id='par_1_108' title="bbox 2270 4957 3885 5036">
     <span class='ocr_line' id='line_1_108' title="bbox 2270 4957 3885 5036; baseline -0.005 -17"><span class='ocrx_word' id='word_1_841' title='bbox 2270 4965 2494 5036; x_wconf 90' lang='lat' dir='ltr'><strong>poribus</strong></span> <span class='ocrx_word' id='word_1_842' title='bbox 2516 4963 2749 5031; x_wconf 89' lang='lat' dir='ltr'><strong>scriptas</strong></span> <span class='ocrx_word' id='word_1_843' title='bbox 2769 4976 2893 5017; x_wconf 89' lang='lat' dir='ltr'><strong>esse</strong></span> <span class='ocrx_word' id='word_1_844' title='bbox 2918 4961 3136 5014; x_wconf 89' lang='lat' dir='ltr'><strong>Divinas</strong></span> <span class='ocrx_word' id='word_1_845' title='bbox 3160 4957 3558 5021; x_wconf 83' lang='lat' dir='ltr'><strong>Institutiones,</strong></span> <span class='ocrx_word' id='word_1_846' title='bbox 3586 4957 3885 5012; x_wconf 74' lang='lat' dir='ltr'><strong>laetioribus</strong></span> 
     </span>
    </p>
   </div>
   <div class='ocr_carea' id='block_1_109' title="bbox 2261 5050 3881 5122">
    <p class='ocr_par' dir='ltr' id='par_1_109' title="bbox 2261 5050 3881 5122">
     <span class='ocr_line' id='line_1_109' title="bbox 2261 5050 3881 5122; baseline -0.007 -8"><span class='ocrx_word' id='word_1_847' title='bbox 2261 5068 2441 5114; x_wconf 90' lang='lat' dir='ltr'><strong>autem</strong></span> <span class='ocrx_word' id='word_1_848' title='bbox 2471 5057 2812 5122; x_wconf 91' lang='lat' dir='ltr'><strong>emendatas,</strong></span> <span class='ocrx_word' id='word_1_849' title='bbox 2840 5065 3028 5110; x_wconf 89' lang='lat' dir='ltr'><strong>auctas</strong></span> <span class='ocrx_word' id='word_1_850' title='bbox 3053 5062 3108 5109; x_wconf 90' lang='lat' dir='ltr'><strong>et</strong></span> <span class='ocrx_word' id='word_1_851' title='bbox 3127 5053 3485 5108; x_wconf 89' lang='lat' dir='ltr'><strong>Constantino</strong></span> <span class='ocrx_word' id='word_1_852' title='bbox 3515 5051 3742 5106; x_wconf 88' lang='lat' dir='ltr'><strong>dicatas.</strong></span> <span class='ocrx_word' id='word_1_853' title='bbox 3766 5050 3881 5121; x_wconf 86' lang='lat' dir='ltr'><strong>Bis,</strong></span> 
     </span>
    </p>
   </div>
   <div class='ocr_carea' id='block_1_110' title="bbox 2265 5144 3884 5223">
    <p class='ocr_par' dir='ltr' id='par_1_110' title="bbox 2265 5144 3884 5223">
     <span class='ocr_line' id='line_1_110' title="bbox 2265 5144 3884 5223; baseline -0.007 -15"><span class='ocrx_word' id='word_1_854' title='bbox 2265 5151 2443 5223; x_wconf 88' lang='lat' dir='ltr'><strong>inquit</strong></span> <span class='ocrx_word' id='word_1_855' title='bbox 2471 5151 2842 5215; x_wconf 87' lang='lat' dir='ltr'><strong>lleumannus,</strong></span> <span class='ocrx_word' id='word_1_856' title='bbox 2867 5147 3184 5204; x_wconf 88' lang='lat' dir='ltr'><strong>Lactantius</strong></span> <span class='ocrx_word' id='word_1_857' title='bbox 3212 5145 3316 5200; x_wconf 93' lang='lat' dir='ltr'><strong>hoc</strong></span> <span class='ocrx_word' id='word_1_858' title='bbox 3345 5160 3484 5216; x_wconf 89' lang='lat' dir='ltr'><strong>opus</strong></span> <span class='ocrx_word' id='word_1_859' title='bbox 3505 5145 3699 5211; x_wconf 89' lang='lat' dir='ltr'><strong>edidit,</strong></span> <span class='ocrx_word' id='word_1_860' title='bbox 3733 5144 3884 5214; x_wconf 92' lang='lat' dir='ltr'><strong>prius</strong></span> 
     </span>
    </p>
   </div>
   <div class='ocr_carea' id='block_1_111' title="bbox 2268 5240 3882 5317">
    <p class='ocr_par' dir='ltr' id='par_1_111' title="bbox 2268 5240 3882 5317">
     <span class='ocr_line' id='line_1_111' title="bbox 2268 5240 3882 5317; baseline -0.006 -16"><span class='ocrx_word' id='word_1_861' title='bbox 2268 5257 2396 5302; x_wconf 88' lang='lat' dir='ltr'><strong>ante</strong></span> <span class='ocrx_word' id='word_1_862' title='bbox 2435 5261 2662 5317; x_wconf 89' lang='lat' dir='ltr'><strong>regnum</strong></span> <span class='ocrx_word' id='word_1_863' title='bbox 2705 5242 3085 5310; x_wconf 88' lang='lat' dir='ltr'><strong>Constantini,</strong></span> <span class='ocrx_word' id='word_1_864' title='bbox 3133 5241 3330 5296; x_wconf 89' lang='lat' dir='ltr'><strong>iterum</strong></span> <span class='ocrx_word' id='word_1_865' title='bbox 3373 5257 3439 5296; x_wconf 93' lang='lat' dir='ltr'><strong>eo</strong></span> <span class='ocrx_word' id='word_1_866' title='bbox 3482 5256 3661 5296; x_wconf 90' lang='lat' dir='ltr'><strong>rerum</strong></span> <span class='ocrx_word' id='word_1_867' title='bbox 3692 5240 3882 5310; x_wconf 89' lang='lat' dir='ltr'><strong>potito.</strong></span> 
     </span>
    </p>
   </div>
   <div class='ocr_carea' id='block_1_112' title="bbox 2270 5331 3886 5408">
    <p class='ocr_par' dir='ltr' id='par_1_112' title="bbox 2270 5331 3886 5408">
     <span class='ocr_line' id='line_1_112' title="bbox 2270 5331 3886 5408; baseline -0.006 -14"><span class='ocrx_word' id='word_1_868' title='bbox 2270 5338 2350 5394; x_wconf 89' lang='lat' dir='ltr'><strong>Ex</strong></span> <span class='ocrx_word' id='word_1_869' title='bbox 2378 5338 2478 5394; x_wconf 93' lang='lat' dir='ltr'><strong>hac</strong></span> <span class='ocrx_word' id='word_1_870' title='bbox 2505 5339 2688 5394; x_wconf 87' lang='lat' dir='ltr'><strong>forsan</strong></span> <span class='ocrx_word' id='word_1_871' title='bbox 2718 5337 2917 5408; x_wconf 92' lang='lat' dir='ltr'><strong>duplici</strong></span> <span class='ocrx_word' id='word_1_872' title='bbox 2944 5336 3189 5391; x_wconf 88' lang='lat' dir='ltr'><strong>editione</strong></span> <span class='ocrx_word' id='word_1_873' title='bbox 3213 5343 3567 5396; x_wconf 90' lang='lat' dir='ltr'><strong>emanarunt,</strong></span> <span class='ocrx_word' id='word_1_874' title='bbox 3603 5347 3708 5387; x_wconf 94' lang='lat' dir='ltr'><strong>non</strong></span> <span class='ocrx_word' id='word_1_875' title='bbox 3732 5331 3886 5402; x_wconf 84' lang='lat' dir='ltr'><strong>equi-</strong></span> 
     </span>
    </p>
   </div>
   <div class='ocr_carea' id='block_1_113' title="bbox 2273 5424 3886 5502">
    <p class='ocr_par' dir='ltr' id='par_1_113' title="bbox 2273 5424 3886 5502">
     <span class='ocr_line' id='line_1_113' title="bbox 2273 5424 3886 5502; baseline -0.005 -16"><span class='ocrx_word' id='word_1_876' title='bbox 2273 5430 2396 5486; x_wconf 91' lang='lat' dir='ltr'><strong>dem</strong></span> <span class='ocrx_word' id='word_1_877' title='bbox 2429 5445 2620 5487; x_wconf 87' lang='lat' dir='ltr'><strong>omnes</strong></span> <span class='ocrx_word' id='word_1_878' title='bbox 2641 5473 2656 5498; x_wconf 96' lang='lat'><strong>,</strong></span> <span class='ocrx_word' id='word_1_879' title='bbox 2689 5431 2786 5486; x_wconf 90' lang='lat' dir='ltr'><strong>sed</strong></span> <span class='ocrx_word' id='word_1_880' title='bbox 2817 5430 3064 5502; x_wconf 66' lang='lat' dir='ltr'><strong>quaedam</strong></span> <span class='ocrx_word' id='word_1_881' title='bbox 3097 5429 3360 5485; x_wconf 90' lang='lat' dir='ltr'><strong>lectiones</strong></span> <span class='ocrx_word' id='word_1_882' title='bbox 3400 5428 3561 5480; x_wconf 75' lang='lat' dir='ltr'><strong>varia:</strong></span> <span class='ocrx_word' id='word_1_883' title='bbox 3583 5465 3598 5490; x_wconf 96' lang='lat'><strong>,</strong></span> <span class='ocrx_word' id='word_1_884' title='bbox 3642 5442 3760 5494; x_wconf 75' lang='lat' dir='ltr'><strong>qua:</strong></span> <span class='ocrx_word' id='word_1_885' title='bbox 3807 5424 3886 5478; x_wconf 85' lang='lat' dir='ltr'><strong>la-</strong></span> 
     </span>
    </p>
   </div>
   <div class='ocr_carea' id='block_1_114' title="bbox 2273 5518 3884 5588">
    <p class='ocr_par' dir='ltr' id='par_1_114' title="bbox 2273 5518 3884 5588">
     <span class='ocr_line' id='line_1_114' title="bbox 2273 5518 3884 5588; baseline -0.003 -11"><span class='ocrx_word' id='word_1_886' title='bbox 2273 5522 2424 5579; x_wconf 85' lang='lat' dir='ltr'><strong>boris</strong></span> <span class='ocrx_word' id='word_1_887' title='bbox 2455 5540 2560 5579; x_wconf 92' lang='lat' dir='ltr'><strong>non</strong></span> <span class='ocrx_word' id='word_1_888' title='bbox 2595 5524 2879 5580; x_wconf 91' lang='lat' dir='ltr'><strong>minimum</strong></span> <span class='ocrx_word' id='word_1_889' title='bbox 2912 5523 3188 5580; x_wconf 87' lang='lat' dir='ltr'><strong>facessere</strong></span> <span class='ocrx_word' id='word_1_890' title='bbox 3210 5564 3224 5588; x_wconf 91' lang='lat'><strong>,</strong></span> <span class='ocrx_word' id='word_1_891' title='bbox 3260 5531 3372 5575; x_wconf 93' lang='lat' dir='ltr'><strong>tum</strong></span> <span class='ocrx_word' id='word_1_892' title='bbox 3399 5519 3574 5574; x_wconf 90' lang='lat' dir='ltr'><strong>doctis</strong></span> <span class='ocrx_word' id='word_1_893' title='bbox 3618 5518 3884 5574; x_wconf 90' lang='lat' dir='ltr'><strong>Lactantii</strong></span> 
     </span>
    </p>
   </div>
   <div class='ocr_carea' id='block_1_115' title="bbox 2273 5611 3882 5688">
    <p class='ocr_par' dir='ltr' id='par_1_115' title="bbox 2273 5611 3882 5688">
     <span class='ocr_line' id='line_1_115' title="bbox 2273 5611 3882 5688; baseline -0.006 -15"><span class='ocrx_word' id='word_1_894' title='bbox 2273 5617 2610 5687; x_wconf 88' lang='lat' dir='ltr'><strong>editoribus,</strong></span> <span class='ocrx_word' id='word_1_895' title='bbox 2661 5629 2772 5674; x_wconf 92' lang='lat' dir='ltr'><strong>tum</strong></span> <span class='ocrx_word' id='word_1_896' title='bbox 2817 5618 3047 5676; x_wconf 89' lang='lat' dir='ltr'><strong>eruditis</strong></span> <span class='ocrx_word' id='word_1_897' title='bbox 3085 5618 3409 5688; x_wconf 89' lang='lat' dir='ltr'><strong>quibusque.</strong></span> <span class='ocrx_word' id='word_1_898' title='bbox 3455 5613 3572 5669; x_wconf 84' lang='lat' dir='ltr'><strong>Non</strong></span> <span class='ocrx_word' id='word_1_899' title='bbox 3606 5613 3750 5672; x_wconf 88' lang='lat' dir='ltr'><strong>enim</strong></span> <span class='ocrx_word' id='word_1_900' title='bbox 3784 5611 3882 5665; x_wconf 82' lang='lat' dir='ltr'><strong>ad-</strong></span> 
     </span>
    </p>
   </div>
   <div class='ocr_carea' id='block_1_116' title="bbox 2275 5707 3887 5785">
    <p class='ocr_par' dir='ltr' id='par_1_116' title="bbox 2275 5707 3887 5785">
     <span class='ocr_line' id='line_1_116' title="bbox 2275 5707 3887 5785; baseline -0.003 -14"><span class='ocrx_word' id='word_1_901' title='bbox 2275 5722 2522 5772; x_wconf 87' lang='lat' dir='ltr'><strong>versatur</strong></span> <span class='ocrx_word' id='word_1_902' title='bbox 2548 5713 2800 5785; x_wconf 89' lang='lat' dir='ltr'><strong>scriptori</strong></span> <span class='ocrx_word' id='word_1_903' title='bbox 2828 5714 2992 5772; x_wconf 87' lang='lat' dir='ltr'><strong>etiam</strong></span> <span class='ocrx_word' id='word_1_904' title='bbox 3022 5709 3437 5784; x_wconf 78' lang='lat' dir='ltr'><strong>diligentissimo</strong></span> <span class='ocrx_word' id='word_1_905' title='bbox 3457 5749 3472 5776; x_wconf 96' lang='lat'><strong>,</strong></span> <span class='ocrx_word' id='word_1_906' title='bbox 3501 5723 3603 5764; x_wconf 89' lang='lat' dir='ltr'><strong>nec</strong></span> <span class='ocrx_word' id='word_1_907' title='bbox 3625 5707 3887 5766; x_wconf 77' lang='lat' dir='ltr'><strong>abhorret</strong></span> 
     </span>
    </p>
   </div>
  </div>
