4172 6202
400 275 473 331 75
1574 277 1737 336 ΡΒᾹΞ
1745 275 1950 338 FATIO
1990 281 1997 336 l

2103 279 2563 342 LACTANTIUM.
3640 298 3708 351 74

393 409 427 447 a
460 392 671 447 ratione
693 431 707 454 ,
737 399 795 446 ut
825 405 953 446 suas
983 391 1099 460 ipse
1129 401 1388 449 retractet
1429 393 1852 452 lucubrationes.
1897 398 2002 453 Fe-
2029 399 2081 460 Α
2178 399 2328 454 Circa
2361 401 2546 455 eadem
2581 410 2823 472 tempora
2853 403 3140 474 scripsisse
3180 405 3310 461 mihi
3349 408 3564 464 videtur
3600 411 3706 466 La-

394 483 554 538 licior
582 497 715 538 sane
753 493 914 553 atque
955 484 1176 539 suavior
1216 487 1386 540 multo
1417 499 1502 542 εει
1538 487 1847 543 emendatio
1875 504 1996 559 pro-

391 577 514 646 pria
553 590 714 646 quam
743 575 942 630 aliena.

467 670 539 724 At
559 668 694 726 liber
713 667 811 723 iste
829 670 977 724 varia
995 677 1052 726 et
1072 669 1353 741 multiplici
1376 686 1498 727 cum
1521 672 1758 728 refertus
1780 674 1850 728 sit
1870 675 2001 729 doc-

390 765 560 829 trina,
594 763 659 818 ad
690 764 810 834 ejus
839 765 1130 820 lectionem
1153 809 1168 834 ,
1203 776 1261 821 ut
1292 767 1452 837 plane
1482 768 1838 837 intelligatur,
1867 770 2000 840 vigi-

391 857 522 912 lans
551 873 616 913 ac
645 858 938 928 singularis
969 858 1278 914 adhibenda
1312 869 1395 915 est
1422 876 1607 930 opera.
1641 861 1785 916 Multi
1817 876 1997 916 autem

387 961 675 1008 terrentur
720 952 941 1006 assiduo
981 959 1036 1007 et
1078 953 1276 1008 acriori
1319 953 1521 1009 studio.
1567 954 1705 1008 Hinc
1751 955 1998 1024 Epitome

383 1043 626 1115 prodiit,
681 1044 990 1114 postulante
1035 1044 1329 1111 Pentadio,
1410 1046 1526 1101 sive
1575 1047 1620 1102 is
1671 1046 1842 1102 frater
1888 1048 1995 1101 La-

384 1139 581 1194 ctantii
625 1136 819 1203 fuerit,
867 1139 984 1193 sive
1026 1138 1358 1194 cbristianus
1401 1140 1620 1210 quidam
1661 1150 1716 1194 et
1755 1143 1993 1206 amicus,

380 1249 546 1304 quem
579 1233 700 1286 loco
731 1231 913 1286 fratris
945 1232 1260 1287 Lactantius
1292 1232 1545 1288 habebat.
1579 1233 1875 1287 Pentadius
1909 1233 1996 1286 ille

382 1325 630 1392 ejusdem
679 1325 907 1378 fortasse
950 1324 1168 1394 generis
1197 1333 1345 1388 erat,
1390 1333 1552 1394 atque
1591 1324 1732 1378 alter
1773 1324 1996 1394 hujusce

385 1419 658 1483 nominis,
706 1418 798 1489 qui
846 1419 1164 1474 Constantio
1209 1419 1523 1489 imperatori
1573 1417 1782 1474 intimis
1822 1417 1922 1472 fuit
1963 1434 1992 1470 a

383 1513 638 1568 secretis.
687 1511 833 1565 lstud
874 1511 1018 1565 enim
1051 1527 1250 1566 nomen
1279 1527 1467 1580 parum
1495 1511 1716 1581 vulgare
1743 1519 1826 1566 est
1854 1510 1996 1582 apud

376 1606 661 1676 antiquos.
704 1604 779 1658 Ita
814 1619 979 1674 porro
1009 1619 1136 1660 suas
1175 1604 1548 1660 Institutiones
1589 1605 1994 1676 angustioribus

377 1697 710 1752 constrinxit
731 1697 980 1751 terminis
997 1704 1185 1752 auctor
1201 1707 1411 1764 n05ter,
1432 1707 1485 1751 ut
1507 1706 1716 1753 mentes
1737 1699 1990 1763 instruat,

2104 491 2337 546 ctantius
2370 493 2738 562 Epistolarum
2768 495 2834 550 ad
2866 495 3124 550 Severum
3157 499 3324 554 libros
3351 501 3506 556 duos.
3540 503 3709 560 Seve~

2105 597 2197 637 rus
2236 596 2416 638 autem
2459 585 2549 640 ille
2585 587 2855 657 Hispanus
2893 598 3042 649 erat.
3075 601 3236 661 atque
3263 609 3398 648 unus
3429 611 3494 650 ex
3537 597 3711 667 majo-

2103 674 2252 728 ribus
2282 677 2477 746 Aquilii
2509 676 2728 744 Severi,
2763 680 2830 735 de
2859 697 2966 751 quo
2997 683 3070 736 ait
3108 682 3165 738 S.
3217 685 3577 758 Hieronymus
3618 688 3710 762 (in

2104 766 2350 841 Cutalogo
2390 772 2634 841 scriptor.
2672 774 2959 830 ecclesiast.
2987 775 3034 845 ):
3068 795 3085 827 ε
3116 777 3359 847 Aquilius
3390 779 3623 836 Severus
3656 785 3710 839 in

2103 859 2357 929 Hispania
2379 904 2392 926 ,
2423 862 2492 916 de
2531 879 2729 933 genere
2772 865 2915 920 illius
2944 867 3132 922 Severi
3164 870 3229 923 ad
3260 887 3420 939 quem
3451 874 3710 932 Lactantii

2102 951 2206 1005 duo
2229 954 2586 1022 Epistolarum
2614 959 2924 1014 scribuntur
2953 962 3094 1014 libri.
3121 981 3138 1014 ι
3170 969 3235 1018 At
3259 963 3707 1026 Nicomedienses

2102 1045 2242 1099 sicut
2264 1055 2318 1100 et
2337 1047 2602 1118 Bithynos
2627 1050 2767 1105 inter
2788 1061 2841 1105 et
2865 1052 3129 1122 Hispanos
3151 1055 3305 1121 nihil,
3325 1059 3550 1113 multum
3578 1077 3709 1118 vero

2102 1136 2327 1192 Galliam
2363 1140 2503 1194 inter
2532 1150 2586 1195 et
2615 1141 2930 1212 Hispaniam
2961 1155 3082 1200 erat
3111 1150 3331 1216 negotii.
3368 1151 3499 1206 llinc
3531 1156 3706 1223 conji-

2100 1244 2225 1283 cere
2248 1230 2371 1286 licet
2393 1231 2490 1285 has
2517 1233 2786 1303 Epistolas
2815 1251 2844 1289 a
2867 1237 3144 1292 Lactantio
3173 1241 3343 1296 editas
3371 1242 3553 1308 fuisse,
3577 1245 3707 1301 dum

2100 1321 2152 1375 in
2195 1322 2366 1377 Gallia
2410 1325 2733 1380 morabatur.
2773 1327 2971 1382 Eadem
3007 1346 3164 1398 porro
3195 1332 3430 1388 dicerem
3462 1335 3530 1389 de
3558 1337 3708 1393 libris

2099 1425 2328 1484 quatuor
2355 1417 2719 1487 Epistolarum
2749 1419 2817 1474 ad
2849 1421 3117 1489 Probum,
3165 1425 3317 1494 cujus
3360 1443 3554 1482 nomen
3599 1446 3706 1486 non

2099 1508 2415 1575 Asiaticum,
2447 1511 2540 1566 sed
2571 1511 2871 1567 Romanum
2899 1525 3000 1578 est,
3029 1517 3112 1570 vel
3142 1516 3279 1572 forte
3307 1519 3592 1576 Gallicum.
3624 1524 3707 1578 Ad

2098 1614 2221 1653 eum
2254 1601 2395 1655 enim
2423 1602 2476 1655 in
2503 1603 2690 1658 Gentis
2715 1606 2942 1673 gratiam
2973 1617 3130 1678 atque
3157 1609 3369 1665 laudem
3398 1611 3707 1672 Lactantius

2099 1694 2183 1748 his
2210 1694 2262 1748 in
2294 1695 2552 1765 Epistolis
2582 1699 2649 1754 de
2675 1699 2842 1754 Gallis
2888 1703 3144 1771 prazclara
3197 1707 3441 1776 quaedam
3475 1710 3702 1779 profert,

377 1803 492 1844 nec
522 1796 697 1842 tamen
726 1788 1010 1858 prolixitas
1039 1789 1214 1860 pariat
1240 1789 1512 1844 fastidium
1535 1831 1552 1857 ,
1582 1791 1722 1845 sicut
1746 1804 1845 1844 nec
1870 1790 1993 1845 bre-
2024 1795 2071 1854 B
2101 1795 2326 1844 testante
2340 1790 2397 1846 S.
2429 1791 2754 1863 Hieronymo
2783 1794 3033 1866 (Prowm.
3054 1799 3218 1862 lib.n,
3248 1801 3300 1853 in
3315 1801 3485 1870 Epist.
3507 1806 3574 1856 ad
3603 1803 3708 1858 Ga-

375 1880 522 1934 vitas
550 1880 964 1936 obscuritatem.
1009 1881 1270 1948 Quamvis
1301 1892 1483 1937 autem
1513 1882 1761 1938 eamdem
1790 1881 1863 1935 ibi
1895 1883 1987 1936 Di-

377 1973 626 2026 vinarum
671 1971 1076 2028 lnstitutionum
1117 1973 1404 2029 tradiderit
1443 1974 1783 2041 doctrinam,
1825 1990 1987 2044 quam

380 2064 514 2118 alibi
546 2065 782 2134 passim,
813 2080 934 2120 eam
964 2065 1313 2120 nihilominus
1341 2066 1530 2121 iisdem
1559 2066 1739 2120 verbis
1761 2080 1868 2120 non
1896 2081 1990 2120 ex-

375 2157 564 2227 plicat.
610 2157 777 2212 Sicuti
819 2159 1078 2213 nonnulla
1113 2159 1460 2228 praetermisit
1490 2159 1727 2213 intacta:
1764 2161 1835 2213 ita
1870 2159 1989 2227 plu-

376 2252 546 2316 rima,
580 2250 822 2306 veritatis
865 2252 1201 2321 explicanda:
1242 2268 1400 2307 causa
1424 2294 1438 2317 ,
1474 2253 1748 2308 interdum
1778 2253 1986 2322 adjicit.

377 2345 517 2400 Hinc
547 2345 710 2402 facile
751 2347 820 2402 ad
861 2347 1252 2413 scribendum,
1297 2347 1421 2403 hinc
1452 2351 1656 2403 varium
1700 2358 1992 2420 aptumque

375 2439 444 2493 ad
476 2440 655 2494 omnia
687 2440 908 2495 exhibet
938 2441 1230 2511 ingenium.
1278 2441 1445 2511 Hujus
1489 2452 1668 2496 autem
1709 2441 1991 2511 Epitomes

380 2548 516 2602 pars
554 2537 781 2588 maxima
819 2534 932 2604 jam
964 2549 993 2587 a
1029 2544 1272 2604 tempore
1299 2535 1471 2590 sancti
1500 2535 1812 2607 Hieronymi
1843 2536 1989 2592 desi-

376 2625 703 2695 derabatur;
733 2643 898 2697 quam
929 2637 1111 2684 tamen
1139 2630 1404 2699 integram
1433 2629 1546 2685 fere
1571 2646 1637 2684 ex
1666 2629 1852 2686 codice
1884 2647 1986 2686 ms.

382 2720 575 2791 Regia:
603 2720 960 2778 Taurinensis
987 2722 1335 2778 Bibliothecae
1363 2723 1531 2778 edidit
1560 2723 1817 2788 Parisiis,
1847 2740 1992 2780 anno

381 2811 524 2866 1712
541 2853 556 2876 ,
591 2812 672 2867 vir
698 2812 1052 2868 doctissimus
1077 2813 1506 2883 Cltrilepltorus
1528 2815 1814 2870 Matthazus
1841 2815 1989 2870 Pfaf-

378 2904 514 2969 ﬁus,
544 2905 912 2977 Tubingensis
943 2906 1249 2962 Academiae
1271 2907 1652 2964 cancellarius.
1676 2908 1843 2977 Cujus
1870 2907 1992 2962 libri

378 3001 758 3070 apographum
788 3000 854 3054 ad
887 3017 1007 3066 me,
1052 3000 1380 3070 deprecante
1424 3000 1795 3056 eruditissimo
1834 2999 1990 3055 Joan.

376 3091 607 3146 Daniele
651 3091 1019 3162 Schcepflino,
1053 3093 1400 3148 historiarum
1432 3103 1486 3147 et
1512 3094 1836 3162 eloquentia)
1871 3107 1988 3162 pro

2094 1878 2274 1947 latas).
2309 1899 2328 1932 ‹
2356 1881 2520 1948 Galli,
2548 1885 2718 1955 inquit
2743 1886 3057 1943 Lactantius
3077 1932 3093 1952 ,
3121 1905 3148 1942 a
3196 1892 3432 1948 candore
3457 1897 3705 1966 corporis

2094 1969 2299 2025 Galatae
2322 1985 2718 2043 nuncupantur,
2743 1987 2793 2030 et
2811 1977 3019 2050 Sibylla
3039 1982 3117 2036 sic
3144 1997 3240 2037 eos
3268 1986 3527 2053 appellat.
3550 1990 3705 2055 Quod

2093 2063 2330 2133 signifiCa
2340 2081 2396 2120 re
2416 2067 2584 2121 voluit
2601 2078 2778 2136 poeta,
2795 2086 2915 2124 cum
2933 2072 3008 2125 ait
3024 2093 3036 2128 :
3058 2071 3183 2126 Tum
3200 2091 3408 2132 Literna
3423 2079 3560 2133 colla
3576 2098 3705 2136 auro

2093 2154 2438 2224 innectuntur,
2468 2175 2591 2214 cum
2635 2172 2821 2230 posset
2861 2163 3046 2220 dicere
3071 2181 3320 2223 canum.
3359 2171 3493 2227 llinc
3524 2174 3706 2243 utique

2095 2251 2298 2306 Galatia
2335 2255 2642 2322 provincia,
2678 2257 2728 2310 in
2771 2273 2932 2326 quam
2961 2259 3097 2314 Galli
3130 2263 3430 2332 aliquando
3476 2268 3705 2323 venien-

2094 2351 2210 2409 tes,
2251 2359 2374 2397 eum
2423 2346 2627 2401 Grmcis
2670 2364 2730 2402 se
2774 2349 3144 2418 miscuerunt;
3175 2353 3317 2408 unde
3361 2357 3591 2424 primum
3641 2375 3706 2415 ca

2095 2437 2248 2506 regio
2289 2437 2722 2504 Gallo-Grzecia;
2769 2452 2892 2510 post
2937 2443 3184 2511 Galatia,
3228 2450 3502 2504 nominata
3545 2461 3650 2507 est.
3680 2472 3699 2505 ι

2098 2527 2222 2582 Ηωρ
2250 2537 2428 2584 tamen
2449 2572 2463 2595 ,
2491 2548 2596 2585 non
2623 2531 2860 2588 diffiteor
2886 2535 3001 2602 ipse
3021 2578 3033 2599 ,
3068 2536 3236 2592 levior
3263 2549 3347 2594 est
3371 2542 3703 2611 conjectura;

2097 2635 2281 2676 verum
2311 2624 2379 2677 ah
2405 2624 2524 2678 aliis
2550 2625 2803 2693 certiora,
2836 2627 3166 2698 melioraque
3190 2641 3318 2686 sunt
3344 2637 3700 2703 expectanda.

2168 2714 2356 2770 XXIII.
2386 2716 2503 2771 .lam
2546 2718 2780 2772 diximus
2820 2719 2888 2774 de
2925 2722 3178 2776 omnibus
3218 2723 3477 2780 Lactantii
3519 2729 3705 2797 libris,

2099 2815 2209 2862 tum
2241 2809 2570 2876 extantibus,
2607 2821 2718 2864 tum
2750 2812 3072 2881 deperditis,
3104 2831 3239 2884 quos
3267 2830 3550 2875 enumerat
3582 2836 3707 2876 san-

2097 2912 2216 2958 ctus
2244 2903 2643 2975 Hieronymus;
2673 2907 2766 2960 sed
2796 2923 2982 2976 parum
3013 2909 3170 2963 nobis
3201 2925 3346 2966 curre
3370 2924 3454 2967 est
3485 2914 3552 2968 de
3582 2930 3709 2984 pro-

2098 2997 2280 3053 missis
2328 2998 2614 3067 operibus,
2667 3015 2788 3069 qure
2835 3016 3098 3070 nusquam
3143 3003 3325 3058 forsan
3372 3007 3703 3076 extiterunt,

2097 3090 2257 3160 quale
2283 3091 2414 3146 illud
2443 3103 2525 3146 est
2564 3091 2830 3148 adversus
2853 3092 3072 3148 Judzeos
3098 3093 3296 3162 (Lach,
3323 3096 3463 3153 Inst.
3490 3100 3579 3153 lib.
3613 3118 3704 3167 vn,

376 3181 590 3240 fessore
615 3184 831 3253 publico
857 3186 907 3238 in
930 3185 1472 3255 Argentoratensiutu
1497 3185 1872 3247 universitate,
1897 3186 1996 3238 mi-
2023 3189 2066 3250 C
2101 3201 2146 3238 c.
2180 3185 2279 3255 1),
2307 3185 2461 3254 cujus
2490 3196 2733 3241 veterum
2767 3188 2946 3242 nullus
2978 3191 3244 3244 meminit.
3279 3192 3370 3247 Sic
3399 3195 3559 3248 etiam
3594 3197 3710 3264 pol-

377 3278 450 3332 sit
480 3277 728 3345 Pfaffius,
755 3289 920 3349 atque
948 3281 1001 3334 in
1029 3296 1096 3334 eo
1119 3283 1364 3351 qntedam
1395 3297 1501 3335 non
1528 3282 1708 3351 exigui
1737 3282 1996 3336 momenti

378 3370 692 3424 observavi.
717 3369 793 3426 Ne
813 3382 973 3442 putes
1003 3380 1184 3426 tamen
1216 3373 1398 3427 statim
1428 3382 1552 3444 post
1578 3373 1754 3428 editas
1781 3373 1998 3428 lnstitu-

380 3465 561 3517 tiones
605 3462 894 3533 Epitomen
943 3463 1113 3520 fuisse
1163 3465 1518 3535 perscriptam
1563 3486 1576 3520 :
1624 3467 1807 3536 plures
1853 3467 1996 3521 enim

379 3555 554 3625 elapsi
582 3563 706 3609 sunt
730 3557 858 3610 anni
891 3571 1028 3626 epus
1056 3557 1197 3611 inter
1231 3567 1542 3630 utrumque.
1581 3576 1599 3609 ι
1625 3558 1959 3628 Quamquam
1979 3599 1995 3624 ,

381 3649 461 3702 ait
500 3649 816 3704 Lactantius
869 3649 1144 3721 (Epitome
1190 3653 1244 3706 in
1308 3651 1586 3722 prowmio)
1615 3692 1630 3718 ,
1684 3651 1997 3706 Divinarum

381 3741 787 3797 lnstitutionum
843 3742 1002 3805 libri,
1050 3758 1188 3814 quos
1235 3742 1558 3814 jampridem
1611 3742 1678 3796 ad
1728 3742 2001 3796 illustran-

381 3835 504 3889 dam
552 3835 834 3890 veritatem
877 3835 1302 3906 religionemque
1348 3835 1802 3905 conscripsimus,
1832 3843 1932 3889 etc.
1976 3854 1996 3888 ι

381 3926 850 3994 Quemadmodum
869 3927 998 3986 haec
1023 3928 1183 3984 verba
1204 3969 1218 3994 ,
1244 3943 1380 3982 «non
1411 3929 1480 3982 ita
1508 3926 1737 3996 pridem,
1762 3946 1780 3979 ι
1802 3941 2003 3997 paucos

383 4035 583 4085 annos,
628 4020 708 4074 sic
745 4035 806 4075 ea
834 4038 852 4072 ι
879 4020 1235 4091 jampridem,
1263 4039 1282 4072 ι
1304 4037 1422 4090 qua:
1463 4021 1770 4074 Lactantius
1811 4019 2000 4088 habet,

383 4113 603 4184 longius
629 4114 892 4183 temporis
920 4111 1224 4183 significant
1253 4113 1612 4167 intervallum.
1647 4112 1845 4167 Libens
1874 4127 2004 4182 ergo

383 4205 710 4261 crediderim
737 4221 880 4260 anno
905 4204 1013 4261 525
1030 4214 1125 4260 aut
1143 4204 1248 4261 526
1272 4204 1470 4260 editam
1503 4205 1665 4258 fuisse
1694 4205 1999 4273 Epitomen.

461 4301 529 4354 At
560 4301 766 4355 interea
785 4343 801 4367 ,
831 4300 969 4354 forte
997 4314 1140 4354 anno
1169 4297 1308 4364 521,
1342 4297 1520 4368 plures
1551 4297 1684 4351 alios
1714 4313 1808 4367 per
1836 4297 2003 4352 otium

385 4393 555 4449 libros
591 4393 762 4448 edidit
806 4393 1038 4462 scriptor
1078 4390 1497 4458 disertissimus,
1544 4392 1690 4446 illum
1736 4391 2004 4460 prmcipue

385 4489 477 4558 qui
518 4489 589 4541 de
642 4486 724 4540 lra
779 4486 870 4540 Dei
922 4485 1254 4550 inscribitur,
1297 4499 1456 4554 quem
1486 4483 1755 4538 editurum
1783 4498 1841 4538 se
1867 4497 2004 4552 pra:-

2101 3277 2278 3333 licitus
2309 3277 2482 3333 fuerat
2510 3279 2898 3348 Disputationes
2919 3295 3097 3335 contra
3126 3298 3298 3338 omnes
3327 3287 3710 3342 mendaciorum

2100 3380 2263 3424 sectas
2285 3369 2482 3436 (Lact.,
2503 3372 2593 3426 lib.
2617 3387 2667 3426 tv
2697 3371 2871 3425 Diuin.
2892 3372 3092 3440 Instit.,
3111 3390 3229 3443 cap.
3253 3377 3452 3442 ultimo,
3474 3381 3598 3433 etde
3615 3381 3711 3435 Ira

2102 3461 2223 3524 Dei.
2245 3479 2360 3531 cap.
2381 3464 2458 3532 2).
2477 3463 2629 3530 Quod
2655 3479 2941 3533 utrumque
2963 3480 3100 3518 onus
3124 3468 3292 3520 multo
3321 3471 3537 3537 gravius
3568 3481 3706 3540 erat,

2104 3571 2263 3624 quam
2289 3565 2345 3608 ut
2364 3554 2491 3608 illud
2517 3554 2745 3609 feliciter
2772 3556 3044 3610 sustinere
3075 3567 3464 3626 possetauctor
3493 3563 3711 3632 eli-gan-

2105 3646 2367 3706 tissimus.
2398 3658 2452 3702 at
2483 3649 2532 3700 in
2560 3646 2856 3716 Scripturis
2881 3647 3052 3701 sacris
3080 3664 3184 3702 non
3208 3651 3337 3704 satis
3360 3654 3705 3723 exercitatus,

2105 3753 2207 3793 nec
2236 3737 2445 3808 integre
2473 3749 2722 3792 versatus
2753 3739 2804 3793 in
2835 3739 3091 3794 Ecclesia:
3133 3740 3398 3796 doctrina.
3441 3743 3552 3800 Nec
3595 3748 3713 3814 plus

2106 3845 2360 3886 curamus
2385 3845 2480 3885 eos
2508 3830 2720 3886 libellos
2741 3845 2875 3901 quos
2896 3831 3185 3902 suppositos
3208 3835 3565 3904 appellamus.
3596 3838 3711 3893 Me-

2107 3933 2323 3978 morant
2353 3923 2626 3978 doctiores
2666 3923 2883 3994 quidam
2918 3925 3108 3979 librum
3139 3925 3206 3980 de
3239 3927 3573 3997 Spectaculis
3617 3932 3712 4002 (in

2109 4016 2377 4072 Memoriis
2423 4017 2804 4082 Trevoltianis,
2853 4020 2922 4072 ad
2969 4036 3094 4073 ann.
3149 4021 3292 4076 1703
3319 4063 3333 4087 ,
3379 4025 3708 4094 pag.1992;

2109 4108 2388 4180 Nouvelles
2410 4110 2472 4163 de
2494 4109 2544 4163 la
2565 4108 2883 4180 République
2904 4110 2992 4164 des
3012 4109 3230 4174 Lettres,
3253 4129 3376 4167 (mn.
3402 4116 3562 4182 1705,
3583 4127 3709 4175 tom.

2109 4220 2175 4269 ll,
2206 4221 2324 4276 pag.
2354 4204 2478 4268 117;
2505 4202 2708 4257 Buddei
2731 4202 2960 4258 Lexicon
2988 4204 3294 4272 universale,
3323 4221 3442 4260 voce
3465 4208 3712 4264 LACTAN-

2109 4298 2284 4369 'rws),
2314 4315 2473 4369 quem
2497 4299 2686 4354 dicunt
2710 4298 2810 4352 sub
2839 4298 3055 4352 nomine
3077 4298 3336 4352 Lactantii
3365 4317 3428 4355 ex
3459 4317 3562 4355 ms.
3589 4302 3713 4356 edio

2109 4404 2220 4448 tum
2267 4409 2389 4448 esse
2439 4392 2677 4448 Venetiis
2701 4433 2716 4458 ,
2761 4408 2906 4446 anno
2939 4391 3100 4446 1705.
3135 4391 3306 4460 llujns
3333 4394 3546 4462 copiam
3578 4394 3712 4450 tnihi

2110 4485 2289 4541 facere
2313 4527 2328 4552 ,
2358 4486 2466 4539 imo
2497 4501 2596 4540 nec
2627 4495 2830 4539 certam
2863 4485 3060 4539 habere
3088 4486 3330 4539 notitiam
3376 4488 3519 4554 potui
3551 4504 3614 4542 ex
3648 4489 3714 4543 il-

385 4589 678 4634 mouuerat
705 4575 977 4648 (Diuinar.
1009 4575 1187 4631 lnstit.
1215 4577 1306 4630 lib.
1337 4593 1405 4644 ll,
1431 4591 1551 4645 cap.
1576 4575 1700 4646 17):
1731 4575 2002 4645 «Sepona-
2028 4586 2083 4646 1)
2106 4579 2554 4635 lnstrissimorum
2586 4580 2862 4643 virorum,
2896 4589 3056 4646 atque
3085 4578 3248 4633 etiam
3292 4579 3708 4650 bibliopolarum

386 4681 498 4737 tur,
528 4672 733 4742 inquit,
768 4671 921 4726 locus
949 4670 1015 4726 de
1036 4671 1118 4726 Ira
1143 4670 1267 4736 Dei,
1291 4669 1434 4740 quod
1462 4679 1515 4724 et
1543 4669 1760 4724 uberior
1781 4678 1863 4723 est
1888 4683 2000 4722 ma-

391 4769 526 4822 teria
547 4808 562 4834 ,
595 4777 650 4822 et
679 4782 847 4836 opere
878 4766 1096 4836 proprio
1127 4765 1287 4819 latius
1315 4764 1650 4834 exequenda.
1671 4783 1689 4815 ι
1729 4763 1841 4818 Hoc
1870 4777 2000 4818 vero

389 4872 580 4917 contra
623 4861 923 4930 Epicureos
969 4859 1190 4930 probat,
1237 4859 1404 4913 Deum
1441 4873 1650 4912 summe
1682 4857 1888 4927 justum
1930 4857 1999 4912 ob

394 4954 593 5009 malam
623 4954 902 5009 hominum
937 4963 1172 5009 mentem
1194 4994 1208 5018 ,
1240 4961 1656 5024 perpetrataque
1679 4953 1747 5006 ab
1776 4952 1839 5006 iis
1869 4951 2001 5007 deli-

393 5056 485 5102 cta
507 5087 524 5112 ,
562 5047 837 5115 imponere
867 5061 1058 5117 pmnas
1086 5046 1360 5112 sontibus,
1393 5045 1532 5100 sicut
1563 5045 1700 5100 bene
1730 5054 2000 5100 merentes

396 5139 682 5211 promissis
721 5140 890 5195 donat
929 5140 1268 5196 muneribus.
1309 5137 1463 5193 Hunc
1503 5139 1697 5192 librum
1736 5153 1842 5193 non
1887 5137 2005 5208 pul-

395 5232 729 5289 cherrimum
758 5233 954 5298 modo,
983 5233 1080 5288 sed
1111 5242 1165 5286 et
1205 5232 1366 5287 docto
1405 5231 1606 5301 pariter
1640 5239 1697 5286 et
1733 5230 2006 5300 eloquenti

392 5341 648 5384 sermone
677 5327 1044 5397 conscriptum
1063 5367 1078 5393 ,
1107 5334 1255 5381 recte
1283 5325 1342 5379 S.
1366 5323 1730 5395 Hieronymus
1759 5321 1922 5376 habet
1950 5329 2009 5377 ut

393 5419 688 5491 Epitomen
721 5420 1071 5490 Dialogorum
1103 5417 1406 5474 Ciceronis.
1441 5417 1542 5485 Qui
1576 5417 1779 5471 utinam
1811 5415 2010 5471 eximie

397 5523 452 5568 et
479 5513 756 5582 eleganter
783 5513 836 5566 in
864 5511 1123 5567 Gallicam
1153 5511 1386 5581 linguam
1414 5523 1601 5564 versus
1627 5523 1656 5561 a
1680 5507 1889 5564 Joanne
1917 5505 2007 5561 Fr.

398 5609 579 5662 Drenx
607 5606 680 5662 du
699 5607 919 5674 Radier,
940 5606 1083 5676 regis
1113 5623 1142 5660 a
1171 5606 1446 5673 consiliis,
1482 5605 1538 5658 in
1570 5612 1742 5659 tractu
1773 5602 2012 5674 Thyma-

394 5701 545 5756 rensi
578 5709 815 5770 praetore
844 5699 1102 5770 speciali,
1135 5715 1262 5755 mox
1290 5697 1518 5770 prodeat
1548 5697 1603 5754 in
1631 5696 1805 5753 lucem
1827 5737 1845 5766 ,
1876 5696 2018 5752 sicut

391 5801 450 5852 et
481 5791 604 5864 ipse
632 5806 787 5864 spem
817 5792 974 5847 nobis
1006 5791 1156 5848 fecit.

853 5886 1134 5951 Pauor“
1182 5886 1289 5953 Vl.

2101 4672 2297 4727 litteris
2324 4670 2576 4725 Venetias
2601 4669 2803 4726 missis.
2839 4669 2989 4724 Unde
3017 4671 3210 4725 merito
3243 4670 3382 4727 hanc
3410 4673 3706 4728 editionem

2104 4765 2336 4820 fabulam
2385 4777 2506 4819 esse
2534 4772 2814 4832 putamus,
2844 4777 2965 4816 cum
3000 4763 3116 4816 viro
3145 4764 3453 4819 clarissimo
3483 4765 3569 4822 Jo.
3602 4767 3709 4823 Lu-

2103 4857 2304 4928 dolpho
2359 4855 2712 4910 Bnnemanno
2769 4855 2823 4908 in
2877 4853 3236 4911 Miscellaueis
3288 4857 3705 4928 Lipsiensibus,

2104 4961 2248 5007 tomo
2275 4967 2331 5005 Ill
2352 4992 2367 5015 ,
2401 4965 2522 5020 pag.
2558 4947 2682 5005 136.

2174 5043 2291 5098 Jam
2324 5056 2466 5096 anno
2521 5039 2664 5096 1570
2697 5047 2980 5094 monuerat
3021 5039 3248 5096 Michael
3289 5039 3610 5097 Thomasius
3652 5044 3707 5098 in

2107 5133 2485 5205 Antuerpiensi
2505 5148 2601 5188 sua
2628 5132 2887 5198 editione,
2906 5147 3124 5186 carmen
3149 5133 3214 5186 de
3235 5133 3434 5187 Pascha
3459 5149 3562 5188 non
3588 5151 3712 5192 i-sse

2109 5227 2406 5292 Lactantii,
2441 5226 2536 5280 sed
2571 5225 2815 5280 Venantii
2850 5224 3072 5279 Honorii
3111 5223 3469 5279 Clementiani
3515 5226 3713 5283 Fortu-

2112 5322 2220 5376 nati
2247 5362 2260 5384 ,
2289 5318 2583 5390 presbyteri
2617 5317 2787 5371 Italici
2815 5333 2864 5371 vt
2892 5316 3096 5379 seculo,
3133 5325 3366 5370 testante
3394 5332 3495 5371 ms.
3525 5318 3716 5375 codice

2114 5413 2460 5472 Bibliothecm
2487 5411 2780 5475 Vaticante,
2813 5410 2862 5463 in
2883 5425 2989 5478 quo
3009 5409 3262 5478 leguntur
3280 5419 3526 5478 poemata
3557 5411 3718 5482 hujus

2115 5506 2367 5564 Venantii
2395 5503 2711 5568 Fortunati,
2741 5502 2830 5572 qui
2861 5511 3042 5570 postea
3073 5498 3173 5555 fuit
3211 5501 3565 5558 Pictaviensis
3605 5507 3718 5574 epi-

2119 5597 2454 5671 sc0pus.Alii
2472 5610 2660 5652 versus
2684 5595 2752 5650 de
2777 5593 3038 5649 Passione
3064 5594 3275 5648 Domini
3304 5597 3540 5665 ignotum
3570 5613 3722 5665 pror-

2119 5709 2214 5750 sus
2242 5693 2442 5748 habent
2467 5698 2744 5746 auctorem
2768 5730 2784 5753 ,
2817 5698 2872 5743 at
2900 5704 3006 5742 non
3035 5687 3390 5742 Lactantium.
3422 5685 3549 5739 Haec
3579 5685 3721 5741 nihi-

2122 5787 2357 5844 lominus
2385 5783 2625 5842 carmina
2657 5780 2924 5839 edidimus
2950 5824 2964 5848 ,
3008 5795 3077 5836 ne
3115 5779 3255 5836 forte
3283 5787 3576 5848 querantur
3606 5794 3726 5838 mo.
