4172 6202
477 250 547 306 75

1838 237 2205 296 LACTANTII
2245 236 2429 295 VITA.

3717 237 3789 292 76

476 362 586 416 rosi
633 357 850 430 quidam
901 358 1154 422 lectores,
1211 363 1509 426 putentquc
1567 363 1810 410 truncam
1855 368 1981 410 esse
2018 370 2082 410 ac
2109 364 2161 424 Α
2184 353 2317 406 nino
2344 351 2538 421 sapiat.
2572 348 2746 406 llabet
2774 358 2955 405 tamen
2986 348 3152 404 verba
3176 348 3423 420 quaedam
3467 351 3786 422 peregrina,

480 454 849 524 imperfectam
880 461 1118 506 nostram
1147 449 1462 505 editionem.

553 548 807 616 Quamvis
853 556 1031 600 autem
1078 544 1414 616 antiquiores
1468 544 1805 600 Lactantiani
1855 544 2074 600 codices

480 657 593 698 uno
632 649 896 695 contextu
925 639 1109 708 scripti
1157 639 1268 693 sint
1292 638 1411 694 sine
1443 638 1550 692 ulla
1594 653 1693 693 nec
1732 638 2072 703 sectionum,

480 750 583 790 nec
607 733 866 802 capitum,
899 731 994 786 sed
1025 729 1368 785 solummodo
1391 730 1655 785 librorum
1687 730 2033 784 distinctione
2059 746 2071 783 :

480 835 757 899 receptam
813 835 992 880 tamen
1031 824 1375 879 adhibuimus
1403 823 1457 877 in
1487 824 1662 893 capita
1717 823 2074 887 divisionem,

483 921 796 978 summariis
816 919 1039 984 additis,
1059 927 1118 972 ut
1139 926 1328 972 cuncta
1348 917 1653 988 legentibus
1670 917 1902 971 clariora
1920 914 2072 969 ﬁant.

488 1014 653 1072 Medii
682 1013 781 1068 aevi
809 1011 1166 1081 exemplaria,
1200 1010 1358 1079 quale
1388 1008 1517 1063 illud
1550 1018 1633 1063 est
1663 1006 2077 1063 eminentissimi

487 1107 780 1165 cardinalis
808 1107 876 1162 de
907 1105 1100 1160 Rohan
1121 1145 1136 1169 ,
1167 1105 1441 1158 sectiones
1469 1102 1667 1156 multas
1691 1101 1922 1165 habent;
1957 1103 2077 1153 nul-

483 1202 566 1258 las
591 1200 835 1271 reperire
879 1209 962 1254 est
991 1198 1044 1252 in
1076 1195 1458 1251 vetustissimis
1487 1193 1668 1264 Regiis
1715 1204 1770 1247 et
1819 1193 2078 1248 Cameraa

479 1295 662 1361 censi,
693 1309 793 1348 nec
814 1297 978 1348 etiam
1003 1291 1058 1345 in
1081 1288 1532 1360 Sangermanensi
1560 1303 1575 1352 ;
1599 1297 1652 1340 at
1673 1285 1844 1341 codex
1868 1293 2076 1355 patrum

477 1388 877 1458 Capucinorum
911 1385 1003 1455 qui
1035 1383 1307 1440 recentior
1355 1391 1472 1447 est,
1527 1380 1760 1452 vulgatis
1808 1378 2080 1451 capitibus

479 1481 848 1556 distinguitur.

553 1575 706 1630 Dictu
735 1573 928 1628 inutile
959 1574 1142 1642 putavi
1168 1569 1238 1625 de
1265 1568 1407 1640 stylo
1431 1565 1701 1622 Lactantii
1732 1564 1942 1636 longius
1968 1563 2080 1619 dis—

477 1684 682 1727 serere.
718 1669 813 1724 Sat
836 1677 921 1725 est
948 1668 1268 1723 observasse
1309 1680 1432 1720 cum
1478 1664 1535 1720 S.
1571 1662 1898 1734 Hieronymo
1925 1659 2077 1714 aliis-

2181 446 2278 500 sed
2309 461 2370 500 ea
2400 445 2482 499 vel
2512 455 2636 499 sunt
2663 445 2804 500 illius
2831 443 3016 500 saeculi
3044 458 3152 514 quo
3181 443 3311 497 vixit
3332 443 3666 511 Lactantius,
3699 445 3787 500 vel

2181 537 2450 592 Africana:
2473 546 2632 591 terrae
2663 536 2840 590 solum
2871 535 3140 590 redolent.
3167 533 3257 590 Sic
3285 533 3680 601 Tertullianus,
3709 535 3790 590 sic

2183 629 2279 687 SS.
2309 631 2613 701 Cyprianus
2638 669 2650 692 .
2683 628 3020 699 Augustinus
3047 637 3102 683 et
3134 626 3453 697 Fulgentius
3473 667 3488 693 ,
3525 641 3683 697 asque
3724 641 3790 681 ac

2182 723 2498 778 Lactantius
2528 722 2788 788 Africani,
2827 721 3004 777 verbis
3027 720 3351 791 quibusdam
3385 728 3608 774 utuntur
3637 719 3787 774 inso-

2185 815 2292 870 litis
2311 827 2363 871 et
2384 815 2651 870 barbaris.
2677 815 2752 870 Ea
2775 829 2939 885 porro
2964 815 3018 868 in
3039 829 3222 868 rerum
3252 812 3432 868 indice
3457 811 3676 867 diverso
3695 851 3709 877 ,
3737 810 3791 866 id

2184 917 2268 964 est
2287 947 2302 974 ,
2335 907 2521 962 ltalico
2547 908 2866 961 charactere
2897 906 2982 960 edi
3011 904 3341 960 curavimus.

2261 1005 2312 1056 In
2350 1003 2449 1058 hac
2481 1019 2613 1056 vero
2656 1001 2895 1056 editione
2917 1041 2931 1065 ,
2963 1015 3083 1070 quae
3116 1007 3324 1054 textura
3372 995 3793 1053 Lactantianum

2184 1097 2301 1150 sine
2327 1096 2717 1166 typographico
2739 1108 2928 1148 errore
2953 1102 3335 1161 reprzesentat,
3357 1089 3634 1144 noluimus
3658 1103 3790 1144 auc-

2186 1193 2319 1246 toris
2353 1191 2510 1259 hujus
2541 1188 2719 1244 verbis
2749 1187 3054 1242 admiscerc
3090 1187 3297 1240 litteras
3323 1195 3417 1239 aut
3445 1185 3599 1254 signa
3622 1224 3638 1248 ,
3669 1197 3790 1253 quae

2186 1294 2341 1338 notas
2373 1283 2710 1347 indicarent,
2743 1296 2809 1335 ne
2837 1295 3016 1335 rerum
3045 1280 3218 1334 series
3247 1277 3622 1348 perturbetur,
3655 1289 3792 1330 neve

2187 1377 2506 1432 immutetur
2545 1376 2808 1431 orationis
2837 1375 3009 1441 ordo;
3043 1389 3110 1428 ne
3138 1373 3354 1427 tandem
3389 1373 3790 1441 frequentiores

2185 1474 2386 1528 notuhe
2419 1472 2588 1527 textui
2636 1470 2909 1540 perinisue
2934 1510 2949 1536 ,
2978 1475 3249 1522 attentum
3295 1465 3514 1522 lectoris
3542 1466 3788 1518 animum

2184 1567 2496 1634 retardent,
2527 1565 2739 1634 alioque
2765 1571 3035 1618 avertant.
3071 1561 3214 1618 Satis
3241 1575 3363 1615 esse
3391 1558 3646 1613 duximus
3682 1555 3792 1610 itii-

2185 1661 2260 1715 tio
2288 1660 2552 1731 cujusque
2595 1658 2962 1714 annotationis
3003 1669 3280 1726 apponere
3331 1668 3495 1707 voces
3538 1667 3658 1721 quae
3702 1649 3786 1703 fo-

477 1771 582 1836 que
631 1764 763 1819 viris
825 1761 1182 1825 doctissimis,
1236 1759 1555 1830 scriptorem
1614 1757 1756 1810 hunc
1831 1753 2079 1809 disertis-
2110 1764 2158 1828 η
2187 1760 2309 1807 rent
2338 1753 2390 1806 in
2426 1752 2656 1823 gratiam
2687 1752 2866 1806 minus
2903 1749 3098 1806 eruditi
3126 1747 3343 1803 lectoris
3367 1743 3582 1815 planius
3613 1741 3788 1814 expli-

482 1862 680 1916 simum
710 1858 990 1914 Ciceronis
1028 1855 1387 1927 eloquentiam
1417 1853 1640 1910 referre.
1668 1851 1940 1922 Nusquam
1963 1849 2082 1919 ejus

485 1965 700 2026 turget,
748 1967 875 2009 raro
920 1952 1154 2021 assurgit
1199 1951 1408 2013 oratio;
1435 1947 1530 2002 sed
1557 1962 1675 2002 cum
1705 1945 1922 2001 lenitate
1951 1958 2084 2012 qua-

482 2049 607 2104 dam
652 2045 988 2118 aaquablliter
1028 2044 1280 2115 proﬂuit,
1317 2057 1422 2096 non
1454 2052 1632 2096 tamen
1674 2039 1790 2094 sine
1817 2035 1997 2092 nervis
2027 2044 2082 2091 et

489 2141 698 2196 viribus
730 2157 744 2192 :
783 2149 888 2194 tam
917 2145 1000 2192 est
1026 2144 1308 2201 accurata,
1359 2143 1466 2190 tam
1498 2135 1682 2196 fortis,
1724 2142 1782 2185 ut
1827 2131 1968 2185 nulla
2013 2129 2083 2184 sit

476 2237 653 2306 aptior
675 2234 740 2288 ad
767 2230 1221 2304 persuadendum,
1243 2229 1338 2284 sed
1358 2228 1473 2282 sine
1490 2225 1729 2297 judiciali
1765 2225 2076 2295 asperitate,

483 2337 540 2383 et
570 2327 690 2382 sine
716 2326 1110 2382 sententiarum
1143 2322 1437 2376 forensium
1463 2321 1684 2374 aculeis.
1723 2319 1862 2373 Puro
1901 2316 2083 2372 studet

477 2419 719 2490 eloquio,
753 2419 1036 2488 perspicuo
1066 2425 1227 2485 atque
1254 2414 1518 2482 eleganti;
1553 2412 1902 2481 sequiturque
1945 2411 2082 2464 hanc

478 2510 762 2566 Ciceronis
786 2510 952 2580 ipsius
991 2522 1258 2568 normam,
1293 2524 1310 2556 ι
1346 2505 1678 2559 Pacatiorem
1736 2502 2084 2572 philosopho-

478 2618 600 2660 rum
634 2605 902 2658 rationcm
947 2615 1102 2667 esse,
1164 2609 1438 2655 oratorum
1468 2612 1595 2653 vero
1627 2597 2018 2667 pugnatiorem.
2057 2613 2077 2647 ι

479 2696 540 2752 In
591 2712 786 2752 vocum
825 2693 1179 2765 dispositione
1225 2700 1424 2747 tantam
1457 2699 1696 2746 sectatur
1722 2691 2038 2745 suavitatem
2067 2729 2083 2756 ,

482 2800 541 2844 ut
580 2790 744 2846 etiam
790 2787 933 2858 apud
980 2787 1196 2857 eloquio
1225 2793 1474 2856 potentes
1516 2783 1708 2839 Cicero
1755 2783 2082 2838 clirlstianus

483 2882 674 2940 audire
701 2891 998 2948 mereatur,
1030 2889 1086 2937 et
1111 2880 1343 2936 Romani
1385 2877 1631 2934 Oratoris
1661 2878 1936 2949 ingenium
1963 2889 2080 2930 om-

2185 1845 2396 1901 candaa.

2259 1941 2385 1995 llaec
2405 1939 2474 1996 de
2501 1949 2682 1995 nostra
2707 1938 2943 1995 sulliciat
2963 1937 3286 1993 observasse
3313 1931 3571 1997 editione,
3598 1929 3652 1985 in
3680 1944 3788 2001 qua

2185 2037 2500 2092 excudenda
2532 2038 2706 2092 vicem
2737 2051 2891 2091 suam
2926 2033 3114 2104 implet
3139 2030 3380 2087 Joannes
3409 2027 3478 2082 de
3508 2025 3674 2089 Bure,
3701 2023 3788 2079 bi-

2185 2131 2452 2200 bliopola,
2503 2140 2561 2184 ut
2604 2130 2778 2184 doctis
2825 2125 3166 2198 emptoribus
3208 2121 3303 2176 liat
3348 2120 3514 2185 satis,
3567 2127 3674 2172 tam
3729 2116 3789 2172 in

2186 2227 2372 2280 charta
2402 2225 2670 2296 eligenda,
2703 2239 2865 2296 quam
2909 2219 3260 2277 nitidioribus
3305 2212 3632 2271 adhibendis
3662 2211 3790 2268 cha-

2188 2318 2509 2374 raeteribus.

2257 2413 2525 2468 Caeterum
2547 2413 2592 2468 si
2614 2410 2744 2482 quid
2775 2410 2912 2466 forte
2944 2409 2995 2462 in
3026 2409 3166 2462 notis
3195 2405 3397 2461 dictum
3431 2402 3594 2458 fuerit
3622 2417 3653 2456 a
3683 2416 3786 2456 no-

2189 2506 2270 2560 bis
2299 2507 2568 2560 adversus
2608 2515 2812 2560 sanctae
2834 2544 2848 2570 ,
2881 2501 3165 2558 catholica:
3189 2539 3202 2564 ,
3233 2496 3548 2569 apostolicae
3578 2503 3634 2549 et
3673 2493 3789 2548 Ro-

2190 2616 2365 2654 manae
2411 2599 2667 2654 Ecclesia:
2695 2599 2828 2653 scita
2849 2639 2864 2665 ,
2916 2598 3074 2664 cujus
3099 2593 3308 2664 judicio
3352 2594 3468 2646 haec
3499 2598 3795 2658 nostraque

2191 2695 2370 2749 omnia
2401 2694 2640 2765 subjecta
2687 2702 2884 2758 sunto,
2919 2691 3053 2746 illud
3102 2690 3366 2745 indictum
3412 2685 3635 2741 omnino
3666 2695 3792 2742 esse

2191 2790 2470 2855 volumus,
2505 2789 2678 2859 parati
2706 2787 3031 2853 emendare,
3070 2784 3161 2840 ubi
3191 2796 3330 2854 opus
3357 2781 3484 2836 erit.

1388 3150 2348 3280 LACTANTII
2442 3154 2897 3284 VITA.

562 3509 760 3566 Lucius
781 3505 977 3562 Czclius
1003 3501 1089 3557 vel
1114 3499 1366 3556 Cmcilius
1395 3499 1695 3555 quuuus
1719 3500 2065 3558 Lscnunus
2084 3547 2099 3572 ,
2132 3505 2176 3568 C
2213 3505 2448 3575 matiqne
2475 3504 2542 3558 ad
2571 3504 2683 3558 veri
2717 3504 2809 3560 Dei
2841 3505 3044 3558 cultum
3066 3546 3081 3571 ,
3106 3505 3375 3575 justitiam
3404 3505 3794 3562 disceremus.»

496 3619 604 3660 non
636 3606 689 3658 in
721 3601 906 3665 Italia,
938 3595 1034 3653 sed
1066 3596 1119 3650 in
1151 3593 1328 3649 Africa
1358 3596 1536 3663 potius
1567 3604 1723 3650 natus
1769 3611 1892 3652 esse
1941 3607 2092 3652 recte

491 3696 754 3753 creditur.
788 3693 866 3748 lbi
922 3689 1066 3745 enim
1099 3689 1259 3742 etiam
1291 3687 1727 3742 adolescentulus
1760 3700 2095 3760 prmceptore

494 3804 624 3845 usus
651 3799 733 3842 est
763 3783 1021 3838 Arnobio.
1055 3779 1165 3834 Nec
1189 3793 1306 3832 mos
1330 3779 1427 3831 fuit
1455 3795 1704 3849 umquam
1730 3781 2096 3836 Romanorum

496 3891 588 3934 aut
636 3877 893 3934 Italorum
945 3872 1184 3927 Africam
1239 3882 1458 3939 petere,
1493 3880 1551 3924 ttt
1580 3860 1950 3941 eloquentiam
2005 3883 2100 3928 aut

497 3971 751 4028 scientias
799 3968 1198 4031 edocerentur;
1235 3965 1344 4019 imo
1378 3965 1487 4019 Al‘ri
1522 3965 1574 4020 in
1603 3965 1807 4020 Italiam
1854 3968 2098 4038 discipli-

501 4080 691 4119 narum
739 4069 832 4115 aut
880 4061 1077 4114 artium
1107 4056 1489 4112 discendarum
1543 4074 1671 4128 ergo
1717 4060 2103 4131 immigrabant

499 4154 820 4223 saepissime.
853 4149 1006 4205 Tunc
1037 4159 1220 4205 autem
1251 4149 1421 4204 Siccae
1451 4148 1532 4219 (l)
1565 4151 1896 4206 rhetoricam
1943 4152 2105 4208 doce-

505 4248 595 4302 bat
625 4243 899 4301 Aruobins
920 4283 936 4309 ,
985 4257 1146 4311 quem
1180 4257 1286 4294 non
1334 4241 1566 4310 aequavit
1595 4242 1785 4308 modo,
1819 4245 1913 4298 sed
1943 4246 2105 4300 etiam

505 4339 636 4394 vicit
677 4334 892 4392 dicendi
935 4334 1207 4388 suavitate
1239 4332 1548 4388 Lactantius
1572 4376 1586 4400 ,
1620 4337 1690 4388 ita
1722 4337 2028 4393 nominatus
2074 4354 2103 4391 a

508 4433 678 4488 lactea
703 4472 718 4497 ,
762 4440 821 4484 ut
849 4429 1036 4494 aiunt,
1072 4427 1400 4495 eloquentia.
1437 4427 1592 4481 Circa
1618 4443 1817 4483 annum
1844 4430 1950 4486 290
1970 4471 1983 4494 ,
2014 4421 2131 4485 Ni?

508 4523 811 4579 comediam
861 4522 1069 4574 accitus
1114 4529 1198 4574 est
1245 4519 1346 4573 sub
1403 4519 1774 4587 Diocletiano,
1807 4530 1862 4576 ut
1907 4523 2110 4579 litteras

511 4618 778 4672 oratorias
800 4613 1046 4668 doceret.
1073 4612 1328 4667 Testatur
1355 4613 1538 4684 itaque
1585 4614 1729 4670 hunc
1754 4617 1810 4672 S.
1847 4618 2114 4692 Hierony-

515 4725 636 4764 mus
657 4709 743 4779 (de
764 4707 939 4776 Scrip.
960 4705 1166 4778 eccles.)
1189 4705 1245 4761 '0
1264 4705 1635 4783 δοιπορικόν,ἰι1
1651 4719 1754 4774 est,
1772 4710 2113 4767 Itinerarium

516 4819 672 4860 suum
701 4818 765 4857 ex
798 4801 978 4856 Alt-ica
1005 4800 1375 4855 Nicomediam
1408 4818 1578 4871 usque
1610 4802 1939 4858 hexametris
1992 4821 2116 4860 ver-

520 4899 670 4954 sibus
697 4894 1075 4966 descripsisse.
1126 4896 1280 4948 lllum
1330 4895 1563 4950 ethnicis
1607 4897 1922 4966 parentibus
1951 4897 2117 4954 fuisse

523 4999 882 5060 prognatum,
913 4996 1075 5055 atque
1124 5004 1312 5042 eoruut
1357 5003 1572 5043 errores
1623 5004 1744 5044 cum
1775 4989 1914 5044 lacte
1959 4989 2119 5043 simul

529 5081 777 5137 hausisse
829 5081 1104 5150 colligitur
1151 5094 1221 5135 ex
1275 5096 1342 5134 eo
1368 5123 1382 5143 ,
1435 5083 1576 5151 quod
1607 5081 1675 5136 de
1703 5099 1761 5136 se
1795 5084 1909 5152 ipse
1936 5083 2118 5148 (Πολι,

529 5175 811 5245 Epitomes
839 5175 1015 5242 capite
1041 5172 1130 5237 48,
1165 5174 1324 5243 paulo
1351 5188 1478 5230 ante
1501 5179 1660 5228 tinem
1688 5194 1700 5230 :
1733 5195 1751 5227 ί
1781 5174 1891 5231 Nos
1921 5177 2009 5246 qui
2033 5191 2126 5230 su-

529 5284 651 5324 mus
692 5283 756 5322 ex
788 5266 1090 5331 Gentibus;
1133 5285 1152 5319 ι
1187 5277 1242 5321 ει
1291 5267 1442 5320 initio
1472 5268 1668 5335 capitis
1711 5267 1746 5322 Ξ
1774 5269 1841 5323 de
1871 5269 1951 5322 lra
1982 5269 2078 5324 Dei
2110 5286 2124 5323 :

537 5378 557 5412 ι
596 5359 835 5415 Liberati
865 5360 934 5413 ab
979 5373 1167 5414 errore
1200 5374 1307 5429 quo
1335 5359 1593 5429 implicati
1640 5361 1978 5431 tenebamur,
2014 5363 2126 5418 for-

609 5536 896 5613 (l)»Sigca,
928 5536 1054 5613 urbs
1082 5535 1559 5613 Africaeproprirc
1582 5557 1596 5604 ;
1651 5551 1976 5613 vocatnrque
2026 5545 2126 5598 an-

536 5601 752 5683 quando
780 5601 1206 5683 εἰςεα-νρηενὶα,Δ
1228 5609 1306 5683 vel
1328 5601 1491 5663 'Sicca
1519 5601 1752 5683 Colonia.
1781 5601 2130 5671 Sicéesitanus

539 5676 810 5751 episcopus
853 5676 1044 5748 legitur
1069 5679 1221 5751 apud,
1249 5680 1513 5737 Victorem
1547 5681 1821 5741 Vitensem
1866 5687 1917 5742 in
1960 5685 2129 5744 histo-

542 5750 620 5812 ria
647 5751 1047 5810 Persecutionis
1081 5750 1402 5808 Vandalicas.

2197 3597 2286 3653 Sic
2308 3608 2362 3652 et
2387 3598 2525 3652 libro
2555 3613 2662 3664 vn,
2693 3597 2868 3667 capite
2901 3598 3094 3651 ultimo
3117 3598 3192 3651 ait
3222 3615 3234 3650 :
3275 3616 3293 3648 ι
3331 3598 3573 3667 Abjectis
3602 3597 3806 3652 errori-

2202 3690 2332 3750 bus.
2366 3692 2562 3760 quibus
2591 3701 2746 3745 antca
2801 3690 3142 3756 tenclnmnr,
3187 3690 3254 3745 ad
3301 3699 3506 3746 aeterna
3567 3688 3810 3746 caelestis

2203 3783 2441 3838 thesauri
2473 3785 2692 3851 praemia
2721 3784 3039 3853 dirigamur.
3079 3803 3097 3834 ι

2204 3907 2212 3942 ί
2275 3876 2394 3943 Quo
2422 3892 2547 3930 vero
2577 3886 2821 3946 tempore
2851 3875 2917 3929 ad
2947 3874 3300 3929 Christianam
3348 3875 3664 3945 religionem
3709 3888 3804 3930 ac-

2205 3970 2470 4033 cesserit,
2501 3976 2654 4024 certo
2689 3985 2796 4022 non
2828 3976 3083 4033 constat;
3121 3968 3257 4022 forte
3291 3977 3470 4023 tamen
3499 3985 3641 4022 anno
3670 3967 3802 4034 295,

2209 4070 2264 4115 ut
2289 4063 2398 4130 jam
2420 4060 2674 4115 diximus.
2707 4059 3069 4114 Nihilominus
3101 4069 3185 4114 sat
3213 4060 3368 4116 nobis
3411 4070 3496 4116 est
3525 4075 3773 4116 asserere
3795 4101 3808 4122 ,

2210 4156 2356 4208 illum
2407 4165 2532 4209 ante
2563 4156 2852 4222 inemptam
2885 4153 2985 4207 sub
3013 4153 3351 4208 Diocletiano
3372 4193 3388 4220 ,
3437 4168 3580 4206 anno
3606 4151 3816 4208 scilicet

2209 4247 2335 4312 505,
2369 4245 2800 4315 persecutionem
2829 4245 3053 4300 caeleste
3086 4245 3264 4299 lumen
3296 4244 3564 4315 attigisse.
3597 4243 3655 4298 ld
3685 4242 3800 4297 col-

2211 4342 2392 4412 ligitur
2419 4357 2485 4394 ex
2520 4341 2622 4395 hoc
2658 4341 2970 4395 Divinarum
3003 4339 3410 4394 lnstitutionum
3442 4340 3562 4394 loco
3589 4337 3720 4409 (lib.
3755 4352 3812 4404 ν,

2213 4451 2328 4502 cap.
2355 4435 2388 4489 4
2410 4475 2426 4500 ,
2457 4435 2602 4488 initio
2632 4435 2650 4505 )
2685 4451 2698 4488 :
2735 4453 2754 4487 ‹
2785 4434 2919 4488 Cum
2954 4444 3224 4504 praesente
3249 4448 3358 4496 me,
3391 4433 3589 4502 inquit,
3615 4446 3678 4486 ac
3710 4429 3812 4485 do-

2215 4527 2390 4592 lente,
2445 4528 2734 4597 sacrilegas
2764 4527 2972 4581 litteras
3018 4542 3144 4580 suas
3185 4526 3589 4596 explicassent,
3629 4541 3648 4576 i
3704 4523 3815 4578 duo

2217 4618 2522 4689 pliilosOphi
2551 4618 2798 4672 acerrimi
2829 4616 3246 4670 christianorum
3270 4615 3596 4671 adversarii.

2290 4731 2504 4786 Litteris
2551 4730 2959 4785 humanioribus
2989 4746 3019 4784 a
3053 4731 3256 4785 teneris
3303 4730 3461 4784 annis
3509 4727 3678 4798 probe
3725 4728 3824 4784 luit

2221 4824 2468 4879 excultus
2499 4823 2834 4889 Lactantius,
2865 4823 3020 4894 cujus
3053 4839 3275 4894 praecox
3327 4823 3604 4892 ingenium
3656 4831 3824 4878 testa-

2229 4926 2314 4970 tur
2337 4916 2700 4987 Symposium,
2724 4917 2867 4986 quod
2891 4916 3332 4972 adolescentulus
3352 4915 3570 4984 scripsit
3593 4914 3644 4968 in
3668 4917 3827 4970 scho-

2232 5007 2298 5061 lis
2341 5007 2554 5062 Al‘ricae.
2589 5008 2719 5061 Illud
2751 5021 2931 5063 autem
2967 5024 3074 5063 non
3108 5019 3358 5078 putamus
3384 5023 3538 5074 esse,
3567 5008 3714 5078 quod
3741 5021 3821 5062 ta—

2233 5114 2354 5153 men
2388 5110 2509 5170 post
2554 5099 2932 5156 Heumannum
2965 5111 3020 5157 et
3063 5102 3474 5156 Bunemannum
3507 5100 3776 5156 edidimus
3810 5116 3826 5155 :

2233 5211 2368 5265 Opus
2397 5209 2527 5250 Sane
2548 5195 2788 5266 juvenile
2819 5197 2902 5250 vel
2933 5197 3093 5250 etiam
3125 5195 3332 5264 puerile
3353 5235 3370 5261 ,
3399 5195 3451 5250 in
3477 5211 3584 5266 quo
3612 5205 3828 5250 centum

2237 5289 2482 5357 quaedam
2533 5288 2874 5359 explicantur
2921 5289 3226 5358 enigmata.
3279 5287 3489 5343 Forsan
3540 5297 3830 5358 antequam

2237 5382 2547 5438 christiana:
2575 5384 2779 5439 militiae
2827 5398 3024 5439 nomen
3053 5382 3213 5439 daret
3240 5426 3254 5450 ,
3287 5384 3520 5439 Carmen
3568 5383 3636 5437 de
3666 5383 3831 5438 Phae-

2239 5477 2356 5532 nice
2388 5477 2645 5548 vulgavit,
2671 5478 2835 5548 quod,
2865 5486 3003 5533 teste
3032 5477 3256 5534 Heinsio
3297 5478 3524 5545 aliisque
3544 5475 3677 5530 viris
3701 5475 3835 5532 doc-

2238 5571 2334 5637 tis,
2366 5581 2449 5626 sat
2474 5584 2557 5628 est
2584 5573 2837 5643 elegans,
2871 5575 2936 5627 ut‘
2974 5573 3174 5628 ascribi
3205 5572 3486 5626 Lactantio
3515 5571 3725 5640 possit,
3755 5570 3834 5626 ei-

2236 5681 2339 5736 quc
2369 5681 2559 5722 revera
2586 5667 2878 5722 ascribitur
2908 5667 3228 5738 quibusdam
3255 5665 3308 5719 in
3356 5664 3760 5734 manuscriptis.

2314 5761 2568 5829 Quamvis
2599 5760 2921 5834 eloquentia:
2948 5762 3101 5818 daret
3126 5773 3370 5830 operam,
3398 5758 3837 5829 rhotoricamque
