4172 6202
366 207 442 281 ‘l‘t

1471 214 1884 283 TESTIMONIA
1923 221 2016 282 DE
2052 222 2464 286 LACTANTIO.

3619 230 3688 298 78

374 339 626 405 doceret,
659 328 837 392 totum
862 344 1040 393 tamen
1071 349 1337 408 nusquam
1363 341 1567 411 attigit,
1590 340 1708 409 sed,
1743 340 1862 411 ipso
1886 342 1969 395 ta-
2001 357 2049 415 Α
2076 345 2355 414 republica
2384 350 2505 403 erat
2554 352 2856 418 occupatus
2876 388 2893 415 ,
2932 349 2991 404 ut
3021 344 3355 408 exercitibus
3385 358 3687 425 praeesset,

376 440 528 486 tentc
548 470 563 496 ,
590 429 659 484 ad
685 437 930 501 argutam
962 424 1220 486 malitiam
1239 430 1468 503 juvenes
1491 433 1807 500 erudiebat;
1838 434 1982 505 quod

374 533 430 581 et
449 522 820 592 Quintilianus
841 520 1012 578 multo
1031 533 1157 580 ante
1181 522 1517 581 Lactantiutn
1540 525 1692 594 fecit,
1715 531 1857 582 sicut
1876 537 1985 583 tes-

377 627 567 673 tantur
593 616 712 686 ejus
743 615 1197 673 Dectamationes.
1227 617 1295 674 Ut
1316 628 1502 675 autem
1524 628 1741 691 tempus
1758 626 1979 685 tereret,

377 710 665 781 etiumque
688 708 846 765 dulce
876 707 1224 779 honestaret,
1256 720 1316 769 se
1341 720 1561 784 promer
1598 711 1983 785 discipulorum

376 801 666 873 penuriam
710 800 780 857 ad
820 800 1166 859 scribendum
1208 800 1473 875 contulit,
1515 806 1679 862 etiam
1735 816 1986 876 suscepta

376 895 651 965 religione
672 893 992 950 christiana.
1021 896 1163 954 Hinc
1192 911 1520 955 emanarunt
1544 915 1709 970 opera
1738 900 1986 971 quadam

376 987 452 1043 ab
472 1002 543 1043 eo
570 989 806 1057 vulgata,
839 988 909 1043 de
928 990 1124 1060 quibus
1166 1003 1330 1062 supra
1366 992 1602 1047 diximus
1646 993 1988 1048 Praelationis

378 1090 586 1136 nostrae
603 1098 655 1152 p.
674 1096 767 1135 nv
780 1079 899 1154 (cal.
916 1082 1070 1152 hujus
1087 1084 1241 1139 ed!“
1252 1085 1425 1154 ).Post
1437 1082 1688 1157 adeptam
1703 1088 1987 1144 veritatem

377 1170 711 1228 Nicomedia:
724 1185 1095 1230 commoratus
1105 1187 1188 1231 est
1199 1175 1511 1233 Lactantius
1520 1178 1591 1233 ad
1603 1192 1803 1233 annum
1818 1190 1990 1248 usque

381 1265 494 1321 517
511 1282 526 1332 ;
559 1266 631 1321 ibi
658 1280 794 1337 ergo
822 1264 926 1322 fuit
952 1275 1069 1323 toto
1112 1267 1415 1338 deeennio,
1460 1282 1572 1341 quo
1597 1269 1774 1324 stertit
1800 1268 1991 1324 odiosa

380 1356 688 1430 principum
728 1354 1048 1415 crudelitas.
1076 1358 1217 1428 Quid
1260 1360 1363 1418 hac
1389 1361 1604 1417 furente
1633 1360 1823 1418 fecerit
1842 1404 1857 1430 ,
1887 1370 1990 1433 qua

378 1449 597 1510 ratione
624 1453 744 1524 ipse
772 1450 1103 1510 christianos
1146 1454 1199 1509 in
1229 1464 1340 1510 tam
1388 1446 1612 1512 horrida
1666 1465 1993 1528 tempestate

382 1560 608 1606 catenas
651 1560 743 1606 aut
774 1550 988 1607 vincula
1016 1550 1303 1623 effugerit,
1336 1552 1585 1623 ignotum
1616 1554 1841 1608 omnino
1884 1563 1990 1607 est.

380 1642 487 1701 llic
509 1642 738 1701 tortasse
784 1660 814 1700 a
857 1645 1193 1717 principibus
1223 1661 1286 1702 ac
1325 1647 1650 1719 praesidibus
1679 1662 1785 1701 non
1817 1644 1994 1703 chris-

2085 434 2274 494 consul
2302 439 2595 511 eligeretur
2624 441 2781 497 annis
2810 440 2938 508 318,
2969 438 3070 499 321
3108 453 3157 498 et
3190 436 3319 511 524.
3349 442 3687 505 Francorum

2085 532 2256 587 victor
2278 546 2425 589 anno
2449 533 2579 599 320,
2602 546 2766 605 atque
2791 535 2986 591 Licinii
3015 551 3162 591 anno
3187 534 3315 606 593,
3348 540 3530 596 fuerit.
3558 541 3696 599 Hinc

2086 626 2273 681 videas
2302 626 2436 682 illud
2461 627 2700 683 oflicium
2734 628 3000 685 Lactantii
3031 631 3382 699 litterarium,
3414 637 3695 708 egregium

2087 716 2386 786 quidem,at
2400 734 2500 777 nec
2514 721 2842 789 servile,nec
2859 722 3243 789 domeSIicum,
3265 741 3365 782 nec
3379 725 3600 782 tandem
3621 722 3696 783 ita

2087 820 2408 880 perpetuum
2436 811 2627 875 fuisse,
2655 822 2713 868 ut
2740 828 2770 867 a
2803 814 3096 871 scribendo
3117 816 3515 874 deterreretur.
3545 818 3701 878 Tunc

2089 919 2220 976 ergo
2242 907 2463 963 molitus
2482 917 2568 963 est
2592 908 2905 964 Divinarum
2924 909 3332 966 institutionum
3358 926 3495 983 opus
3513 953 3529 980 ,
3554 912 3699 983 quod

2091 999 2240 1069 prius
2270 1014 2377 1055 non
2400 1001 2561 1057 modo
2590 1000 2768 1059 fuerat
2796 998 3109 1072 meditatus,
3138 1005 3233 1061 sed
3264 1006 3330 1061 ad
3361 1008 3502 1078 quod
3534 1007 3697 1064 etiam

2090 1093 2454 1148 extruendum
2502 1094 2742 1150 eruditas
2794 1094 3323 1165 animadversiones,
3356 1108 3518 1168 prout
3560 1110 3699 1154 tem-

2091 1198 2224 1254 pora
2250 1185 2485 1255 dabant,
2516 1186 2743 1257 privatis
2771 1185 2978 1243 chartis
3005 1187 3154 1245 haud
3202 1190 3367 1247 dubie
3413 1193 3704 1264 consigna‘

2092 1288 2266 1333 verat.

2167 1368 2288 1423 Alia
2317 1370 2481 1426 etiam
2507 1366 2695 1439 edidit,
2727 1370 2793 1429 de
2814 1370 3017 1445 quibus
3050 1372 3162 1446 jam
3184 1374 3397 1447 egimus
3419 1375 3473 1432 in
3498 1368 3705 1435 Praefa-

2094 1461 2262 1517 tione.
2294 1462 2493 1518 Verum
2515 1464 2584 1520 ab
2612 1480 2681 1520 eo
2712 1473 2959 1535 tempore
2988 1482 3098 1538 quo
3125 1468 3379 1540 Crispum
3423 1470 3559 1526 adiit
3579 1508 3594 1537 ,
3628 1472 3707 1527 nil

2095 1552 2162 1608 de
2188 1553 2472 1610 Lactantio
2495 1571 2597 1613 nec
2626 1558 2731 1623 sui,
2765 1573 2868 1615 nec
2892 1561 3237 1630 sequentium
3268 1571 3577 1633 temporum
3610 1578 3712 1621 no-

2097 1651 2211 1699 tant
2264 1645 2529 1703 historici.
2576 1647 2633 1704 Id
2682 1649 2862 1704 solum
2908 1650 3169 1707 observat
3216 1651 3493 1727 Eusebius
3538 1654 3711 1711 virum

382 1737 605 1805 tianus,
650 1730 745 1794 sed
778 1736 1132 1811 philosophus
1159 1739 1339 1811 potius
1368 1736 1691 1797 habebatur.
1727 1739 1819 1798 Sic
1843 1732 1992 1797 enim
2022 1746 2071 1810 Β
2098 1734 2264 1802 hunc,
2315 1754 2478 1808 quem
2528 1741 3041 1811 eloquentissimum
3066 1784 3081 1809 ,
3116 1760 3280 1814 quem
3333 1746 3709 1803 doctissimum

385 1829 464 1888 de
492 1831 801 1888 cbristiaais
829 1834 906 1887 ait
934 1834 1054 1903 ipse
1080 1834 1174 1905 (de
1202 1833 1426 1904 Opiﬁcio
1453 1833 1572 1901 Dei,
1600 1846 1649 1888 c.
1682 1839 1707 1890 l
1731 1870 1748 1901 ,
1776 1832 1950 1906 initio)
1977 1848 1993 1888 :

388 1939 412 1979 ι
448 1923 570 1991 Quo
597 1923 908 1997 philosophi
935 1934 1140 1982 nostras
1183 1932 1348 1983 sectae
1370 1968 1385 1994 ,
1415 1936 1577 1999 quam
1606 1934 1850 1993 tuemur,
1883 1925 1999 1981 ins-

386 2019 687 2075 tructiores
716 2019 1103 2090 doctioresque
1153 2018 1207 2076 in
1237 2029 1521 2091 posterum
1552 2014 1706 2076 ﬁant.
1742 2039 1761 2074 ι
1796 2014 1891 2076 llis
1917 2022 2001 2076 in-

388 2114 548 2170 terim
577 2115 1046 2186 elegantissimum
1072 2115 1272 2171 librum
1297 2115 1509 2186 scripsit
1535 2116 1603 2170 de
1624 2115 1852 2186 Opilicio
1877 2114 1996 2181 Dei,

386 2209 534 2282 style
560 2219 742 2265 tamen
774 2218 923 2265 mere
952 2210 1326 2281 pitiloSOpbico
1352 2252 1367 2276 ,
1396 2209 1644 2281 aliosque
1666 2209 1997 2274 nonnullos;

386 2312 557 2374 atque
586 2303 879 2359 consilium
908 2314 1034 2359 tunc
1062 2302 1182 2358 iniit
1209 2310 1405 2361 contra
1428 2301 1788 2374 philosophos
1812 2317 2002 2359 omnes

393 2395 742 2466 disputandi,
770 2407 829 2451 ut
858 2410 1023 2451 vanas
1049 2411 1237 2453 eorum
1265 2396 1541 2453 refelleret
1565 2396 1875 2468 opiniones,
1906 2411 2002 2451 ve-

394 2487 734 2559 ritatemque
781 2496 1083 2558 exponeret
1126 2502 1192 2543 ac
1236 2496 1604 2560 prepugnaret
1631 2505 1645 2543 :
1677 2502 1789 2544 non
1817 2494 1999 2544 autem

395 2580 551 2637 istud
592 2595 652 2637 eo
680 2588 931 2650 tempore
957 2580 1024 2637 ad
1066 2593 1385 2652 prosperum
1440 2580 1745 2637 adduxerat
1770 2576 2002 2638 exitum.

396 2673 566 2733 Anno
597 2691 726 2732 vero
750 2676 858 2732 517
883 2672 1192 2742 desinente,
1214 2676 1271 2730 in
1301 2673 1552 2741 Galliam,
1576 2673 1888 2731 Nicomedia
1915 2688 2005 2729 re-

395 2770 549 2835 licta,
582 2772 878 2826 accersitus
903 2779 1008 2834 est,
1031 2778 1088 2825 ut
1106 2768 1311 2840 Crispi,
1335 2784 1547 2841 magnae
1575 2768 1689 2839 spei
1723 2768 2002 2839 principis,

395 2862 499 2918 ﬁlii
525 2861 871 2917 Constantini
898 2870 1030 2918 natu
1058 2858 1304 2930 maximi,
1333 2860 1634 2933 iuvenilem
1664 2868 1880 2919 tetatem
1911 2874 2010 2916 no-

393 2950 688 3013 bilioribus
709 2950 919 3012 artibus
948 2972 1013 3013 ac
1041 2950 1291 3012 scientiis
1318 2948 1657 3012 iuiormaret.
1685 2946 1840 3013 Tunc
1863 2957 2008 3013 enim

396 3048 585 3105 solum
618 3049 937 3119 vigesimum
984 3050 1161 3105 aetatis
1206 3065 1409 3104 annum
1465 3050 1716 3121 attigerat
1745 3049 2007 3122 Crispus,

2100 1830 2358 1901 appellat,
2391 1831 2527 1887 adeo
2554 1833 2622 1887 ab
2646 1833 2839 1889 aulicis
2869 1834 3226 1892 abhorruisse
3254 1837 3490 1906 deliciis,
3516 1840 3713 1894 vitam-

2101 1939 2206 1993 que
2235 1932 2382 1979 tanta
2417 1924 2469 1979 in
2504 1934 2745 1996 egestate
2773 1926 2989 1997 degisse
3013 1968 3029 1997 ,
3064 1934 3123 1984 ut
3147 1941 3294 1993 saepe
3323 1931 3488 1986 etiam
3518 1946 3711 1988 neces-

2102 2014 2263 2072 sariis
2290 2012 2579 2087 indigeret,
2607 2018 2754 2090 quod
2782 2029 2869 2074 est
2886 2018 3006 2090 ejus
3034 2022 3086 2075 in
3116 2021 3419 2079 christiana
3448 2025 3717 2096 religione

2102 2109 2439 2165 inconcussam
2461 2116 2785 2168 constantia
2813 2125 3221 2185 argumentum.
3254 2115 3402 2172 Talis
3428 2133 3564 2174 sane
3591 2126 3716 2175 erat

2102 2204 2366 2260 Lactantii
2399 2204 2624 2276 penuria
2654 2216 2947 2279 antequam
2978 2208 3174 2279 Crispo
3202 2204 3409 2267 Caesari
3441 2211 3582 2268 roret
3610 2212 3714 2268 ad-

2103 2297 2301 2353 dictus.
2333 2292 2445 2355 Nec
2468 2303 2663 2355 mirum
2680 2300 2840 2371 igitur
2861 2302 2905 2355 si
2926 2310 3077 2355 tanto
3106 2300 3314 2366 animo,
3340 2301 3385 2358 si
3415 2313 3563 2360 tattta
3586 2320 3716 2361 cura

2105 2390 2293 2446 laudes
2318 2391 2564 2448 effundat
2607 2394 2662 2447 in
2716 2403 3092 2464 paupertatem
3124 2397 3519 2466 evangelicum.
3555 2398 3720 2453 Dubi-

2107 2492 2255 2541 tetne
2297 2488 2564 2557 quispiam
2592 2528 2606 2554 ,
2634 2486 2764 2557 quin
2790 2485 3025 2543 Caesaris
3044 2498 3368 2559 praeceptor,
3400 2504 3564 2561 quem
3585 2488 3719 2546 tanti

2106 2578 2338 2634 faciebat
2369 2579 2759 2635 Constantinus
2788 2572 3036 2651 Magnus,
3068 2580 3324 2652 princeps
3347 2578 3631 2640 benelicus
3655 2598 3720 2640 ac

2107 2670 2349 2729 liberalis
2378 2674 2428 2729 in
2461 2689 2678 2741 omnes,
2703 2676 3050 2732 sanctissime
3068 2676 3284 2739 vixerit,
3312 2677 3406 2746 qui
3427 2692 3561 2748 opes
3583 2717 3597 2743 ,
3622 2679 3715 2749 qui

2109 2763 2419 2836 dignitates,
2452 2768 2543 2836 qui
2573 2766 2811 2822 honores
2832 2768 3047 2839 aliaque
3076 2768 3216 2822 bona
3248 2768 3483 2823 calcavit
3513 2781 3717 2825 morta-

2109 2859 2179 2914 lia
2212 2876 2226 2914 :
2254 2860 2347 2931 qui
2375 2854 2610 2933 denique
2637 2861 2890 2932 Crispum
2917 2861 3247 2933 discipulum
3278 2861 3357 2918 sle
3386 2862 3641 2929 instituit,
3668 2868 3728 2920 ut

2112 2948 2256 3010 ltunc
2300 2952 2569 3010 Eusebius
2618 2954 2975 3010 Cassariensis
3029 2954 3330 3025 principem
3362 2955 3629 3027 optimum
3670 2967 3727 3014 et

2113 3047 2227 3103 Deo
2253 3047 2480 3103 charum
2514 3049 2891 3120 appellaverit.

394 3156 528 3200 cum
579 3156 611 3196 a
660 3152 814 3214 patre
857 3142 1039 3198 Cmaar
1066 3142 1239 3198 factus
1268 3150 1385 3207 est,
1428 3152 1573 3199 anno
1610 3143 1736 3211 51⁸1,
1768 3140 2090 3206 kalendisC
2192 3142 2310 3211 Quo
2357 3156 2539 3211 anno,
2587 3143 2672 3198 vel
2715 3158 2818 3214 qua
2868 3145 2921 3200 in
2955 3144 3088 3202 urbe
3139 3145 3337 3202 obterit
3370 3144 3725 3218 Lactantius,

397 3234 642 3299 maniis,
670 3244 728 3291 ut
756 3240 1024 3292 testantur
1048 3233 1284 3291 ldaciani
1312 3226 1480 3291 Fasti.

476 3327 650 3398 Hujus
698 3337 808 3383 tant
840 3328 1127 3398 praeclari,
1160 3328 1556 3399 nobiliorisque
1601 3329 1848 3384 muneris
1891 3344 2022 3384 nus-

400 3435 571 3491 quam
602 3422 657 3476 in
678 3421 899 3492 scriptis
920 3423 1034 3476 suis
1055 3421 1301 3476 meminit
1323 3420 1668 3488 Lactantius;
1699 3428 1866 3476 tanta:
1889 3430 2011 3476 mo-

408 3512 606 3569 destiae
650 3515 752 3570 fuit
797 3515 881 3571 vir
929 3516 1021 3573 ille
1064 3514 1503 3571 eruditissimus!
1546 3509 1767 3585 Crispus
1799 3524 2016 3581 autem,

407 3607 666 3677 quamvis
682 3598 920 3678 juvenis,
940 3605 1274 3664 moderatam
1300 3615 1483 3663 tamen
1504 3605 1687 3660 studio
1716 3605 2020 3660 litterarum

408 3700 648 3756 lavabat
690 3716 945 3772 operam,
979 3716 1046 3756 ae
1073 3699 1265 3756 eodem
1320 3708 1567 3768 tempore
1592 3698 1665 3752 ita
1697 3700 1751 3752 in
1774 3697 2015 3767 gerenda

2123 3238 2347 3292 omnino
2397 3238 2661 3293 incertum
2704 3247 2833 3293 est:
2866 3239 3026 3297 facile
3070 3251 3248 3296 tamen
3277 3244 3553 3298 assentior
3602 3244 3731 3300 viris

2121 3329 2450 3385 doctissimis
2468 3329 2803 3402 Christopho
2822 3332 3081 3387 Brovvero
3109 3344 3164 3387 et
3188 3333 3412 3404 Egidio
3436 3336 3727 3404 But-herle,

2120 3421 2212 3492 qui
2244 3421 2484 3489 tradunt,
2506 3436 2629 3477 eum
2650 3422 2892 3478 Treviris
2912 3439 3017 3478 non
3038 3425 3211 3479 solum
3231 3436 3531 3481 eXermatll
3554 3426 3731 3498 egi~se

2125 3524 2485 3578 senectutem,
2508 3514 2600 3568 sed
2644 3525 2699 3569 ct
2735 3524 3046 3584 supremum
3083 3514 3226 3571 dietn
3262 3516 3466 3573 abiisse
3491 3559 3506 3585 ,
3531 3534 3637 3589 qua
3675 3518 3730 3574 in

2122 3605 2259 3659 urbe
2300 3604 2393 3660 diu
2442 3616 2687 3660 moratus
2720 3600 2816 3661 fuit
2863 3606 3118 3678 Crispus,
3158 3603 3225 3663 ad
3263 3624 3427 3680 quem
3461 3602 3640 3666 fuerat
3664 3627 3734 3668 ex

2118 3698 2245 3751 Asia
2276 3698 2484 3752 accitus
2510 3706 2701 3753 auctor
2731 3710 2938 3755 noster.

426 3839 3738 3869 ww

574 3938 1512 4076 INSIGNIUM
1604 3938 2410 4070 VIRORUM
2497 3942 3592 4083 TESTIMONIA

2035 4152 2139 4213 ne

497 4301 635 4415 Ir
682 4286 1437 4417 GEGILIO
1492 4284 2321 4406 FIRMIAN
2330 4292 2444 4406 0
2504 4294 3284 4413 LACTAN
3291 4300 3652 4418 T10-

1722 4526 2086 4543 σι’-ι’*-

499 4660 766 4716 Eusenos
783 4644 1159 4722 Casariensis,
1182 4655 1236 4709 in
1262 4653 1562 4717 Chronico,
1590 4667 1646 4707 tv
1668 4652 1867 4707 saeculo
1892 4672 1905 4707 :

2060 4659 2115 4721 Ι)
2138 4648 2232 4705 sub
2262 4647 2585 4724 Diocletiano
2602 4648 2836 4724 principe
2855 4648 3051 4701 accitus
3063 4664 3177 4702 cum
3192 4648 3370 4724 gFlabo
3384 4658 3740 4724 grammatico,

503 4732 742 4800 crispum
758 4728 1061 4783 Lactantius
1082 4718 1256 4782 latinis
1277 4727 1459 4800 litteris
1471 4725 1689 4800 erudiit,
1709 4725 1787 4778 vir
1801 4725 2032 4778 omnium
2063 4718 2091 4721 ⁷
2142 4724 2289 4792 cujus
2307 4724 2369 4800 tle
2392 4718 2784 4800 Modicinalibus
2806 4737 2952 4800 versu
2973 4722 3241 4800 compositi
3260 4718 3463 4800 εφξιᾶηί
3478 4728 3617 4800 libri,
3644 4718 3744 4783 Ni;

423 4818 525 4858 suo
552 4796 780 4873 uespere
800 4802 1265 4873 eloquentissimus,
1293 4799 1383 4853 sed
1408 4797 1541 4873 adeo
1570 4797 1624 4873 in
1651 4796 1880 4873 haesito
1900 4812 2032 4873 potu

427 4891 545 4957 per,
580 4885 635 4957 ut
656 4867 961 4944 plerumque
987 4872 1141 4927 etiam
1166 4870 1472 4926 necessariis
1512 4867 1813 4939 indicauit,
1844 4870 2037 4923 nedum

431 4946 959 5081 degfnl'iiemuus,
986 5014 1057 5070 de
1081 5011 1448 5084 Scriptoribos
1478 5013 1642 5079 ecel.,
1672 5028 1702 5066 ν
1731 5012 1975 5084 saeculo:

510 5084 831 5156 Firminus,
865 5088 954 5159 qui
991 5097 1041 5143 et
1084 5082 1413 5152 Lactantius,
1455 5085 1672 5140 Arnob“
1710 5082 2003 5152 discipulus
2026 5120 2041 5146 ,

2142 4790 2386 4867 contediw
2410 4791 2720 4867 rhetoricam
2747 4790 2941 4867 docuit,
2968 4807 3028 4845 ac
3042 4794 3264 4867 penuria
3287 4790 3658 4867 discipulos-unt
3682 4800 3744 4854 ob

2144 4865 2380 4920 Gratum
2408 4863 2641 4917 videlicet
2666 4864 2946 4929 civitatem,
2980 4864 3051 4916 ad
3074 4865 3399 4920 scribendum
3423 4863 3479 4922 se
3505 4874 3744 4927 contulit.

2150 4935 2411 5010 Habemus
2449 4935 2565 5010 ejus
2592 4934 2952 5010 Symposium,
2981 4935 3116 5010 quod
3141 4937 3558 5010 adolescentulus
3581 4944 3747 5010 scrip—

2148 5010 2213 5063 sit
2245 5007 2457 5082 Alrins'.
2489 5017 2535 5059 et
2554 5004 2981 5082 'pdoziropais_de
2999 5008 3349 5082 Afr-imusque
3369 5004 3746 5078 Nicomediam,

2152 5079 2458 5134 hexametris
2480 5078 2730 5145 scriptum
2760 5077 3005 5145 uersibus,
3041 5087 3086 5131 et
3116 5079 3279 5132 alium
3325 5081 3512 5137 librum
3536 5086 3628 5147 qui
3657 5085 3746 5139 itt-

1822 5199 2380 5262 ANNUTATIONES.

512 5325 704 5381 Ftabo.
733 5327 824 5383 Sic
852 5326 1063 5382 restitui
1097 5340 1163 5382 ex
1188 5338 1320 5380 mss.
1352 5325 1378 5380 l
1416 5324 1574 5394 Reg.,
1608 5340 1664 5378 η.
1688 5322 1853 5390 5756,
1883 5332 2003 5378 anni

2152 5326 2334 5376 essm.
2365 5317 2422 5373 in
2449 5316 2707 5394 versione
2734 5314 3037 5394 Crzecaest
3060 5313 3431 5394 iurﬁ'Aqrptatft.
3461 5313 3758 5385 Supmdic-

430 5414 564 5456 rum
587 5398 695 5454 900
717 5441 729 5458 .
762 5408 818 5454 et
860 5414 876 5452 l
905 5399 1143 5453 Clarum.
1189 5396 1529 5468 approbante
1564 5396 1699 5450 clar.
1733 5394 1973 5468 B_atnzio,
2000 5405 2057 5449 et

431 5485 475 5527 ε
500 5486 652 5542 ειιςῑς»ἒ
664 5470 769 5525 PP.
793 5469 1220 5542 Captianorum.
1239 5465 1299 5524 lit
1327 5468 1613 5539 impressis
1634 5474 1723 5523 est
1748 5465 1933 5522 Flavio
1948 5483 1968 5534 ,-
1997 5468 2053 5521 in

438 5557 581 5608 uno,
609 5541 837 5597 Fannio.

516 5606 741 5683 Scripsit
789 5613 1001 5684 Africa.
1038 5610 1115 5666 Its
1141 5622 1279 5667 mss.
1302 5612 1331 5667 1
1366 5606 1480 5681 Reg
1509 5609 1904 5684 T'ornesiauus,
1931 5619 1992 5665 et
2022 5610 2044 5665 l

436 5681 686 5742 Claram.
719 5681 1027 5751 nec'male,
1059 5691 1117 5739 ut
1144 5684 1288 5754 apud
1328 5684 1677 5748 Ciceronem,
1712 5681 1909 5739 Siciliae
1936 5692 2053 5736 cum

2157 5403 2264 5447 tam
2298 5391 2625 5444 locutionem
2662 5388 2879 5440 latinam
2931 5387 3247 5455 ignorantes
3274 5387 3529 5441 editores
3572 5404 3758 5443 eme"-

2157 5465 2289 5519 dare
2332 5462 2640 5522 Voluerunt,
2686 5460 2742 5511 in
2769 5456 3018 5527 pluribus
3062 5456 3228 5511 editis
3259 5457 3495 5512 tollendo
3522 5457 3714 5527 Africo:
3735 5476 3755 5524 ;

2158 5538 2210 5590 in
2243 5533 2453 5604 duobus
2483 5530 2850 5604 praeponenda
2879 5528 2928 5581 in
2960 5528 3149 5604 scholis
3173 5537 3248 5604 τῷ
3278 5530 3498 5604 Δδεήρεὶῑ
3520 5528 3756 5604 ⁸Αγγίιξπ

2157 5609 2210 5665 in
2241 5600 2454 5663 duObus
2480 5596 2611 5656 aliis
2631 5600 2892 5656 mutando
2939 5596 3350 5655 adolesceniultts
3379 5596 3433 5653 ἰῇ
3461 5596 3758 5653 adolescen-

2160 5679 2292 5733 tibus
2318 5719 2331 5743 ,
2360 5676 2434 5731 ita
2463 5678 2525 5731 ut
2550 5672 2762 5745 legatur
2783 5671 3188 5728 adolescentibus
3215 5671 3416 5742 scripsit
3445 5670 3649 5740 Atticm.
