4172 6202
457 283 526 340 81
1494 285 1874 346 SYNTHESIS
1916 289 2285 348 DOCTRINAE
2327 293 2715 352 LACTANTII.
3691 299 3763 356 82

529 397 598 470 Et
623 397 765 454 libro
793 397 981 470 quinto
1006 441 1018 453 .

525 469 791 546 Judiciunt
815 469 1007 542 porro,
1037 481 1090 526 ut
1108 474 1356 546 quodest
1398 475 1452 529 in
1482 472 1756 546 prudentia
1792 475 2048 542 naturale,

456 541 628 615 doceri
672 559 773 596 non
825 541 1016 610 potest,
1068 544 1269 598 elimari
1309 555 1353 598 et
1393 541 1557 601 excoli
1606 555 1798 613 potest:
1831 541 2053 615 primum

458 613 673 686 lectione
697 630 874 667 eorum
902 625 1187 682 auctorum,
1212 617 1298 686 qui
1318 618 1594 686 plurimum
1623 617 1752 670 bono
1771 613 1860 672 illo
1882 620 2054 672 value-

456 695 578 737 runt
604 683 862 743 Platonis.
898 687 1202 749 AristOIelis,
1225 683 1614 752 Demosthenis,
1645 686 1924 754 Ciceronis,
1959 689 2054 743 Se-

455 770 615 817 necte.
655 756 983 824 Quintiliani,
1036 755 1333 824 Plutarchi;
1381 776 1445 813 ea:
1484 761 1670 813 nostris
1720 771 1892 813 autem
1939 759 2053 814 Ori-

455 829 620 896 genis,
651 826 1024 900 Chrysostomi,
1059 827 1383 900 Hieronymi,
1414 830 1694 895 Lactantii,
1725 841 1831 885 etc.

522 940 763 1067 iloaaass
799 941 1063 998 Barnsn
1104 942 1251 1012 Pius,
1298 943 1556 999 Annotat.
1588 959 1639 1001 c.
1673 943 1775 1011 98,
1820 961 1911 999 xvx
1949 959 2051 999 sae-

543 1029 604 1067 o:

449 1027 604 1067 cuto:

521 1084 823 1138 Lactantius
848 1083 1147 1140 Firutianus
1178 1087 1432 1140 maximus
1469 1087 1730 1159 religionis
1758 1103 1890 1142 verte
1930 1104 2052 1158 pro-

449 1166 728 1226 pugnator.

519 1269 830 1328 Gnecoaws
868 1272 1138 1328 GIBALDUS
1170 1273 1469 1347 νειιοιιειηη
1518 1275 1738 1346 Dialogo
1763 1276 1952 1347 quinto
1980 1276 2049 1334 de

451 1341 587 1398 Hist.
620 1354 923 1412 poetarum,
951 1359 1043 1398 xvn
1075 1346 1307 1399 sa-culo:

521 1413 713 1467 Eodem
736 1431 836 1482 quo
865 1414 1124 1488 Iuvencus
1156 1427 1379 1486 tempore
1405 1418 1503 1488 fuit
1527 1428 1574 1472 et
1601 1417 1902 1472 Lactantius
1933 1417 2050 1472 Fir-

443 1486 665 1542 mianus.
697 1502 828 1538 unus
868 1486 1169 1555 eloquentia:
1201 1486 1553 1543 Ciceronianus
1588 1492 1719 1543 inter
1743 1490 2048 1543 christianos

444 1558 734 1627 praecipuus
762 1559 1050 1619 temulator,
1075 1559 1159 1628 qui
1189 1571 1373 1626 prieter
1414 1575 1476 1613 ea
1498 1602 1510 1622 ,
1538 1577 1652 1628 qua:
1682 1563 1842 1614 multa
1877 1561 2047 1614 soluta

442 1629 676 1681 oratione
703 1629 926 1696 scripsit,
955 1638 1003 1682 et
1043 1645 1156 1698 quia
1185 1633 1377 1700 passim
1407 1632 1460 1684 in
1490 1632 1724 1686 manibus
1771 1633 2041 1697 habentur,

441 1715 620 1754 versus
650 1715 845 1770 quoque
872 1702 1182 1770 composuit,
1216 1710 1323 1756 etc.

513 1809 842 1866 FRANCISCUS
884 1809 1179 1880 FLonmus,
1226 1812 1638 1870 Subsecivarum
1667 1815 1817 1871 Lect.
1851 1817 1946 1874 lib.
1983 1833 2039 1883 ll,

443 1895 563 1949 cap.
592 1883 650 1942 ι.
684 1897 768 1936 ινι
797 1884 998 1937 saeculo
1022 1899 1036 1938 :

509 1951 812 2007 Lactantius
851 1952 1173 2018 Firmianus,
1222 1955 1432 2009 Arnobii
1459 1958 1684 2023 auditor,
1733 1958 2036 2016 Latinorum

437 2025 686 2096 omnium,
717 2026 806 2086 qui
827 2026 1114 2096 theologica
1137 2037 1442 2093 tractarunt,
1472 2030 1604 2082 citra
1640 2034 2036 2086 controuersiam

438 2095 900 2168 eloquentissimus,
917 2095 1205 2164 noStrteque
1217 2097 1478 2168 religionis
1495 2111 1719 2154 assertor
1735 2105 2033 2168 acerrimus,

435 2167 779 2243 celeberrimi,
804 2169 928 2243 dum
960 2173 1155 2243 (vireret
1174 2209 1188 2234 ,
1219 2167 1438 2243 nominis
1481 2184 1688 2240 propter
1723 2167 2034 2243 singularem

435 2239 787 2312 acellentiam
806 2257 838 2292 a
859 2239 1152 2294 christiance
1180 2241 1381 2310 pietatis
1405 2243 1686 2296 cultoribus
1716 2239 1914 2299 habitus
1940 2256 2031 2312 est,

437 2309 680 2386 editisque
731 2327 836 2386 non
889 2312 1066 2386 paucis
1112 2313 1522 2386 elegantissimis.
1581 2331 1868 2386 magnaque
1918 2309 2034 2370 cru;

435 2379 627 2433 ditione
655 2383 857 2451 refertis
883 2379 1342 2450 lucubrationibus,
1370 2401 1584 2453 quarum
1611 2379 1741 2438 bona
1769 2379 1889 2452 pars
1909 2389 2030 2441 doc-

435 2459 600 2504 torum
625 2453 860 2507 manibus
891 2454 1092 2518 teritur,
1123 2473 1242 2521 pars
1271 2471 1386 2508 vero
1407 2473 1674 2510 commune
1693 2474 1807 2510 cum
1837 2460 2032 2515 cwteris

438 2521 790 2598 Romanorum
819 2527 1025 2592 scriptis
1061 2527 1390 2598 naufragium
1418 2544 1570 2595 passa
1599 2537 1692 2595 est,
1724 2531 1797 2582 sic
1829 2531 1880 2583 in
1924 2548 2033 2584 ont-

437 2595 579 2646 ninm
607 2611 693 2671 ore
728 2607 976 2671 versatur,
1007 2599 1153 2671 quasi
1192 2595 1452 2671 quinnice
1478 2609 1658 2652 cuncta
1699 2601 2034 2671 philosOpho-

435 2680 549 2742 rum
583 2668 826 2742 dogmata
850 2669 1144 2722 christianis
1169 2685 1232 2723 ea:
1261 2669 1512 2724 diametro
1546 2672 1870 2726 adversantia
1900 2668 2034 2742 opti-

435 2735 533 2790 mis
559 2738 845 2792 rationibus
884 2750 1193 2810 pervertens,
1227 2750 1276 2796 et
1308 2743 1622 2812 gravissimis
1658 2735 1943 2810 sententiis,
1986 2754 2033 2799 et

468 2955 2400 2989 MM

2078 408 2132 468 A
2157 409 2278 486 styli
2298 411 2537 486 candore
2553 411 2702 486 unice
2721 411 2787 486 sit
2803 411 3254 486 commendandus.
3285 413 3623 481 Quamobrem
3653 418 3765 486 fue-

2156 481 2259 532 rint
2290 481 2424 556 licet,
2449 482 2537 550 qui
2568 482 2698 535 alias
2714 483 2992 556 theologia:
3022 495 3188 553 partes
3213 486 3436 553 facilius,
3471 503 3623 556 quam
3651 481 3760 553 ille,

2158 560 2309 628 atque
2355 553 2786 628 etiam-argutius
2833 555 3169 628 excoluerint,
3201 557 3278 628 in_
3307 557 3370 609 iis
3414 553 3604 622 tamen,
3651 573 3766 628 qua:

2159 621 2228 674 ad
2253 624 2566 699 confutanda
2583 611 2837 699 ﬂentium
2862 627 2956 691 (sic
2983 627 3113 699 enim
3137 611 3444 680 uocabantur
3462 611 3766 699 quicumque

2158 703 2277 768 ante
2313 694 2503 768 Christi
2524 696 2793 768 adventum
2821 698 2982 765 legem
3010 715 3040 750 a
3067 697 3244 768 Moyse
3266 694 3504 750 traditam
3529 718 3629 753 non
3652 694 3766 754 am-

2157 765 2513 834 plecterentur)
2543 767 2731 836 placita
2759 778 3016 833 spectant,
3052 765 3199 821 nemo
3229 770 3296 821 ad
3336 771 3467 822 hanc
3496 771 3630 824 diem
3674 788 3766 825 ea:-

2157 835 2255 912 t_itit
2311 844 2580 912 (quantum
2629 837 2832 912 quidem
2880 840 2991 912 ipse
3027 839 3269 912 judicare
3319 842 3482 910 valeo)
3511 844 3598 912 qui
3646 859 3762 896 cum

2155 905 2622 984 Lactantio_longo
2676 905 2943 984 intervallo
2990 905 3054 964 sit
3108 905 3476 984 conferendas;
3516 905 3594 966 uel
3639 915 3762 984 quia

2155 995 2328 1031 rerum
2357 979 2718 1046 verborumque
2749 982 2992 1047 pondere,
3016 999 3075 1034 ac
3098 982 3286 1051 efficaci
3309 983 3531 1050 quadam
3563 979 3763 1038 natura!

2154 1051 2203 1102 vi
2227 1062 2518 1120 susceptum
2547 1061 2724 1103 contra
2755 1053 3120 1105 munitissimas
3147 1055 3460 1106 ethnicorum
3483 1057 3760 1108 sententias

2155 1138 2337 1194 munus
2392 1124 2590 1193 egregie
2641 1123 2767 1183 obit.
2810 1125 2886 1176 vel
2940 1125 3059 1191 quia
3104 1125 3281 1194 paucis
3328 1124 3491 1180 verbis
3537 1125 3762 1194 plurima

2153 1193 2788 1266 coiitplectitur,(semper
2835 1194 3001 1266 (quod?
3057 1195 3120 1246 de
3175 1193 3474 1264 Thucydide
3535 1197 3762 1266 perhibet

2155 1263 2231 1316 Μ.
2269 1262 2493 1335 Tullius)
2520 1264 2612 1317 sibi
2642 1262 2858 1329 instans,
2890 1265 3158 1335 nullasque
3195 1262 3393 1331 sordes,
3414 1277 3468 1318 ut
3499 1262 3589 1321 alii
3628 1285 3764 1320 com-

2155 1335 2326 1398 plures
2357 1337 2588 1404 faciuut,
2618 1351 2786 1389 secum
2815 1341 3042 1389 trahens.
3078 1337 3228 1403 Quod
3257 1338 3354 1389 nisi
3396 1348 3498 1390 tant
3540 1340 3760 1395 eximius

2153 1415 2330 1458 auctor
2357 1409 2582 1475 plurima
2623 1407 2930 1474 scripsisset,
2963 1409 3016 1460 in
3038 1408 3220 1476 quibus
3257 1409 3342 1461 vix
3382 1409 3561 1462 credas
3598 1412 3761 1464 virum

2153 1486 2256 1530 tam
2287 1478 2487 1531 curiose
2518 1481 2568 1530 in
2592 1479 2750 1530 sacris
2782 1480 3116 1549 profanisque
3140 1478 3322 1533 litteris
3357 1491 3608 1532 versatum
3653 1481 3759 1534 labi

2155 1549 2396 1614 potuisse,
2447 1564 2568 1602 eum
2616 1564 2782 1601 unum
2822 1565 2886 1602 ex
2921 1549 3156 1603 omnibus
3195 1549 3368 1603 latinis
3406 1551 3759 1620 Scriptoribus

2151 1621 2374 1674 maxime
2419 1621 2742 1690 deligendum
2772 1636 3046 1687 censerem,
3093 1621 3181 1690 qui
3222 1623 3395 1689 pueris
3431 1625 3484 1674 in
3526 1623 3760 1677 manibus

2150 1706 2350 1756 semper
2380 1702 2540 1756 esset,
2568 1700 2624 1744 ut
2651 1691 2826 1744 eodem
2857 1704 3078 1760 tempore
3108 1692 3187 1745 illi
3223 1707 3285 1744 ea:
3323 1693 3476 1746 tutius
3519 1693 3756 1758 lectione,

2151 1772 2197 1834 et
2223 1763 2519 1816 christiana:
2546 1761 2666 1829 ﬁdei
2692 1763 3004 1830 rudimenta,
3038 1774 3084 1816 et
3115 1763 3338 1817 Romani
3379 1765 3627 1818 sermonis
3658 1782 3759 1834 pu-

2150 1833 2353 1888 ritatem
2380 1835 2650 1898 discerent,
2682 1841 2790 1886 etc.

2074 1911 2124 1971 Β
2223 1924 2532 1981 Ουιιειιιιιε
2555 1927 2864 1990 Camenas,
2890 1923 3091 1981 Novar.
3114 1927 3265 1984 Lect.
3296 1927 3388 1982 lib.
3420 1943 3498 1992 ιιι,
3521 1943 3640 1998 cap.
3664 1927 3756 1994 '50,

2145 2011 2232 2050 XVI
2265 2011 2500 2051 εωουιυε

2219 2013 2232 2050 ι
2265 2013 2338 2051 sae
2378 1999 2500 2052 ulo:

2219 2013 2380 2132 Ωιιεᾷ
2430 2070 2562 2123 inter
2605 2069 2811 2126 Grcecos
2861 2069 3125 2138 theologos
3166 2069 3336 2122 locum
3392 2069 3759 2126 Nazianzenus

2144 2138 2422 2209 Gregorius
2466 2140 2697 2207 obtinet,
2738 2156 2853 2196 eum
2883 2141 3016 2193 inter
3047 2140 3260 2195 Latinos
3294 2145 3398 2200 fere
3428 2140 3757 2196 Firmianum

2141 2209 2470 2265 Lactantium
2496 2221 2664 2268 tenere
2694 2231 2798 2267 non
2825 2212 3075 2265 immerito
3100 2214 3212 2283 quis
3227 2213 3446 2284 judicet.

2213 2323 2328 2380 Non
2359 2341 2422 2381 ex
2452 2342 2512 2381 re
2539 2329 2847 2396 putavimus
2875 2327 3014 2381 ultra
3060 2327 3313 2398 progredi
3349 2345 3361 2380 :
3397 2335 3480 2381 sat
3507 2336 3590 2381 est
3635 2341 3753 2382 mo-

2140 2399 2345 2462 nuisse,
2379 2399 2648 2452 neminem
2682 2401 2820 2453 inter
2848 2409 3157 2452 nostrorum
3184 2409 3487 2468 temporum
3518 2401 3751 2467 scripto-

2139 2483 2226 2522 rcs
2254 2483 2394 2531 esse,
2427 2471 2516 2539 qui
2549 2469 2810 2524 Lactantii
2853 2471 3021 2524 nostri
3051 2485 3172 2524 cum
3216 2471 3372 2524 laude
3415 2487 3518 2523 non
3555 2469 3752 2524 menti-

2140 2541 2298 2594 nerit.
2339 2541 2596 2608 Quamvis
2627 2558 2749 2595 eum
2783 2559 2888 2596 non
2915 2542 3245 2610 inculpatum
3265 2544 3488 2595 omnino
3518 2543 3752 2596 habeant

2139 2612 2367 2673 eruditi,
2399 2612 2516 2678 ejus
2561 2624 2737 2667 tamen
2779 2613 3130 2680 multiplicem
3176 2612 3512 2676 doctrinam,
3549 2614 3749 2666 variam

2135 2681 2189 2754 in
2235 2699 2290 2734 re
2333 2683 2556 2754 profana
2599 2685 2993 2748 eruditionem,
3053 2699 3319 2738 summam
3369 2683 3586 2739 tandem
3633 2684 3751 2754 ejus

2139 2753 2503 2824 eloquentiam
2533 2757 2830 2824 prmdicant
2855 2770 3068 2810 omnes.

2948 2973 3009 2994 =2"
3024 2973 3087 2993 —c

1783 3100 2414 3192 SYNTHESIS

994 3304 1989 3422 DOCTRINE

2143 3307 3182 3425 .Δ‹ιϊΔιιιϊιι.

1952 3570 2221 3630 mea»

509 3737 773 3805 Quoniam
817 3738 939 3811 plus
969 3753 1150 3810 operas
1186 3741 1239 3795 in
1271 3740 1420 3796 falsis
1452 3739 1753 3797 refutandis
1785 3754 1944 3811 quam
1974 3741 2026 3795 in
2055 3741 2100 3804 C
2134 3757 2180 3795 c.
2210 3739 2324 3809 9.1).
2356 3737 2491 3811 Num
2517 3739 2700 3811 igitur,
2731 3740 2923 3810 inquit,
2957 3741 3099 3797 Deus
3126 3752 3181 3798 et
3210 3744 3409 3800 mentis
3439 3756 3494 3800 et
3520 3747 3668 3800 vocis
3687 3756 3744 3802 et

435 3812 580 3864 veris
600 3810 986 3883 conﬁrmandis
1005 3815 1184 3882 posuit
1207 3812 1537 3879 Lactantius,
1568 3814 1690 3867 ideo
1714 3810 1880 3883 pauca
1907 3811 2030 3867 fidei

435 3891 638 3936 nostrae
679 3882 852 3952 capita
896 3883 1052 3949 plene
1101 3885 1170 3938 ab
1205 3900 1270 3939 eo
1308 3895 1432 3939 sunt
1465 3882 1749 3954 estposita:
1783 3885 2034 3954 pleraque

435 3961 642 4006 tantum
667 3955 862 4021 attigit;
883 3954 1109 4022 plurima
1135 3972 1239 4010 non
1267 3957 1552 4012 intellexit.
1579 3957 1658 4010 Ex
1684 3957 1748 4010 iis
1774 3970 1894 4023 quae
1923 3959 2031 4022 ple-

434 4026 557 4079 nius
579 4024 854 4091 aliquanto
877 4026 944 4079 ab
974 4040 1038 4078 eo
1068 4037 1190 4080 sunt
1211 4027 1503 4091 declarata,
1537 4037 1621 4082 est
1658 4026 1902 4081 doctrina
1928 4043 1940 4079 :
1965 4026 2033 4080 de

435 4096 701 4170 religione
734 4094 1049 4170 christiana.
1083 4099 1152 4152 de
1176 4098 1285 4152 Deo
1314 4101 1364 4152 in
1395 4115 1616 4170 genere,
1645 4099 1712 4152 de
1735 4096 2030 4152 Providen-

438 4167 532 4225 tia.
562 4167 631 4220 de
659 4182 787 4219 vero
815 4167 907 4221 Dei
930 4168 1086 4222 Cultu
1120 4171 1395 4224 interiore.

511 4237 808 4308 Religionis
848 4239 1155 4294 christiana:
1188 4251 1399 4307 partes,
1441 4240 1694 4310 adjuncta
1747 4249 1802 4295 et
1837 4239 2029 4294 effecta

439 4309 702 4378 prmclare
732 4320 1044 4378 persecutus
1068 4320 1168 4366 est.
1197 4312 1384 4366 Partes
1413 4309 1546 4367 duas
1573 4328 1694 4366 esse
1727 4313 1914 4366 statuit
1941 4325 2028 4365 re-

438 4381 659 4450 ligionis
683 4400 696 4436 :
721 4382 1049 4449 agnitionem
1077 4384 1167 4438 Dei
1199 4393 1250 4438 et
1279 4384 1483 4438 cultum
1513 4383 1649 4455 (Lib.
1682 4399 1761 4447 ιιι,
1793 4399 1908 4450 cap.
1935 4381 2028 4446 29;

439 4455 532 4506 lib.
565 4469 642 4515 tv,
667 4469 783 4522 cap.
802 4455 856 4516 4,
883 4454 1036 4520 etc.).
1061 4455 1324 4524 Atljuncla
1357 4454 1632 4524 religionis
1655 4455 1928 4523 Scriptura
1954 4468 2032 4524 sa-

438 4539 528 4597 cra
570 4524 975 4593 comprehensa:
1007 4527 1121 4580 huic
1146 4523 1398 4597 explicat
1425 4548 1436 4582 :
1464 4523 1750 4580 veritatem
1773 4567 1787 4590 ,
1822 4523 2030 4594 perspi-

439 4595 694 4650 cuitatem
719 4639 732 4660 ,
779 4597 1146 4666 antiquitatem
1171 4639 1185 4659 ,
1235 4595 1654 4663 Simplicitatem.
1683 4597 1879 4651 Veram
1912 4611 2032 4650 esse

441 4667 756 4735 religionem
787 4667 1135 4722 Christianam
1153 4683 1217 4723 ex
1248 4685 1315 4723 eo
1344 4670 1554 4738 prohat,
1573 4668 1715 4737 quod
1743 4669 2033 4734 propheta-

441 4755 559 4792 rum
588 4739 838 4792 vaticinia
865 4738 1061 4810 fuerint
1085 4740 1302 4810 impleta
1327 4782 1340 4805 ,
1369 4740 1513 4810 quod
1548 4741 1823 4807 propheta:
1851 4738 2036 4794 fallere

443 4826 551 4863 non
582 4811 858 4879 potuerint
882 4809 1020 4881 (Lib.
1049 4828 1081 4874 ι,
1103 4809 1221 4879 cap.
1245 4810 1324 4880 4).
1352 4809 1504 4878 Quod
1531 4810 1761 4876 apostoli
1790 4824 1894 4863 noo
1915 4818 2035 4862 tan-

445 4891 556 4935 tum
587 4897 682 4947 pro
710 4881 816 4934 ﬁde
847 4892 1071 4936 mortem
1101 4883 1362 4936 subierint
1384 4924 1397 4942 ,
1429 4883 1522 4935 sed
1551 4882 1710 4935 etiam
1745 4883 2038 4934 morituros

447 4967 566 5023 eSse
582 4967 637 5006 se
653 4964 707 5008 et
727 4954 965 5016 scierint,
987 4965 1041 5008 et
1065 4954 1406 5022 przedixerint
1425 4953 1560 5023 (Lib.
1585 4968 1640 5015 v,
1655 4969 1770 5023 cap.
1793 4953 1867 5021 3).
1884 4951 2036 5016 Quod

446 5021 732 5078 Christiani
771 5041 876 5078 non
913 5021 1096 5080 errent
1135 5027 1184 5078 in
1217 5026 1339 5078 vitae
1367 5021 1478 5079 sua:
1509 5021 1726 5078 actibus
1744 5023 1996 5078 omnibus
2017 5064 2033 5087 ,

445 5097 594 5149 ttnde
622 5096 894 5162 probabile
922 5098 993 5150 sit
1029 5112 1124 5150 eos
1164 5111 1264 5150 nec
1289 5099 1343 5152 in
1380 5097 1492 5166 ipsa
1521 5110 1754 5158 summa,
1802 5094 1904 5166 hoc
1932 5103 2036 5157 est,

443 5170 499 5223 itt
531 5167 809 5236 religione,
835 5183 1018 5222 errare
1037 5167 1174 5236 (Lib.
1199 5182 1252 5230 v,
1281 5165 1409 5236 cap.
1431 5167 1680 5236 9).Quod
1703 5165 2040 5236 Christianos

441 5254 562 5316 ru_m
611 5235 865 5316 numerus
913 5240 964 5293 in
1007 5235 1529 5316 ipsa__persecutione
1559 5245 1863 5316 augeatur-.2
1895 5235 2036 5316 quod

440 5310 609 5366 iidem
639 5311 1002 5364 dilacerentur
1025 5307 1187 5365 variis
1207 5320 1600 5364 tormentorum
1633 5307 1946 5376 generibus,
1984 5315 2040 5360 et

442 5384 585 5437 inter
610 5381 857 5450 fatigatos
878 5383 1161 5436 carnifices
1188 5383 1439 5436 invictam
1461 5390 1676 5434 teneant
1697 5379 2034 5450 patientiam,

439 5453 586 5509 unde
605 5463 659 5506 et
675 5449 865 5522 vulgus
877 5455 1112 5522 colligat,
1137 5467 1235 5507 nec
1253 5467 1575 5508 consensum
1597 5460 1702 5504 tam
1723 5449 2036 5522 multorum,

445 5541 548 5580 nec
575 5521 1028 5592 perseverantiam
1066 5525 1405 5578 morientium
1439 5538 1630 5576 vanam
1659 5537 1804 5584 esse,
1839 5521 2036 5588 necip-

439 5613 558 5651 sam
576 5595 884 5664 patientiam
904 5597 1020 5650 sine
1038 5595 1143 5650 lieo
1157 5605 1331 5650 tantos
1344 5595 1613 5650 cruciatus
1628 5609 1785 5663 posse
1801 5594 2040 5661 perferre

441 5668 584 5734 (Lib.
617 5683 669 5731 v,
702 5683 817 5736 cap.
851 5667 919 5721 15
943 5677 997 5721 et
1019 5666 1135 5737 22).

521 5733 962 5808 Perspicuitatem
997 5733 1275 5807 religionis
1316 5737 1532 5804 scriptae
1578 5733 1772 5791 asserit
1799 5734 1937 5802 (Lib.
1967 5751 2038 5800 vi,

2141 3813 2335 3882 lingua:
2364 3810 2562 3884 artifex
2594 3810 2796 3884 diserte
2827 3812 2973 3884 loqui
3017 3829 3122 3868 non
3156 3817 3368 3884 petest?
3415 3816 3584 3872 Immo
3614 3830 3744 3873 vero

2143 3881 2351 3936 suinma
2377 3881 2713 3956 providentia
2741 3881 2926 3956 carere
2953 3882 3075 3939 fuco
3100 3881 3269 3941 voluit
3294 3902 3356 3941 ea
3379 3930 3392 3952 ,
3421 3905 3538 3956 quae
3565 3889 3743 3944 divina

2143 3963 2308 4028 sunt,
2350 3963 2405 4006 tit
2450 3967 2641 4008 omnes
2674 3953 3034 4024 intelligerent
3086 3973 3206 4027 quae
3239 3959 3351 4028 ipse
3379 3953 3629 4016 omnibus
3659 3961 3741 4016 Ιοο

2182 4027 2425 4079 uehatur.

2143 4041 2605 4166 quititatti't'tititatem
2638 4094 2929 4164 Scriptura:
2951 4099 3064 4152 sive
3086 4099 3363 4168 religionis
3381 4111 3579 4156 nostrte
3599 4101 3744 4156 elicit

2143 4182 2211 4222 ex
2234 4167 2616 4243 protuhetarum
2650 4170 2897 4243 uitalibus
2918 4169 3056 4241 (Lib.
3082 4186 3151 4234 tv,
3179 4167 3225 4224 c.
3252 4172 3332 4241 5),
3359 4173 3444 4227 ubi
3474 4173 3745 4243 antiquio-

2139 4254 2249 4312 res,
2290 4240 2512 4312 inquit;
2531 4238 2692 4292 etiam
2725 4238 2936 4295 Grais-is
2965 4238 3317 4309 scriptoribus
3345 4238 3622 4312 pri-pheta:
3653 4259 3740 4297 re-

2141 4311 2440 4378 periuntur.
2476 4309 2731 4362 Errorem
2763 4313 2922 4380 igitur
2946 4327 3100 4366 suunt
3125 4309 3380 4377 sentiant,
3411 4309 3498 4381 qui
3529 4328 3738 4367 sacram

2139 4381 2472 4448 Scripturam
2496 4394 2790 4450 coarguere
2817 4385 3058 4436 nituntur
3083 4394 3350 4450 tamquam
3373 4398 3564 4436 novam
3585 4392 3639 4436 et
3663 4400 3744 4438 re-

2141 4467 2270 4524 cens
2303 4452 2503 4513 lictam,
2543 4451 2851 4524 ignorantes
2877 4469 2943 4506 ex
2973 4468 3082 4522 quo
3119 4453 3266 4508 fonte
3295 4464 3497 4510 sancta:
3526 4455 3741 4524 religio-

2143 4523 2226 4576 nis
2249 4525 2400 4590 origo
2423 4522 2738 4576 manaverit.

2216 4593 2570 4666 Simplicitate
2594 4592 2903 4666 Scriptura:
2945 4593 3104 4649 docet
3135 4595 3334 4648 multos
3362 4593 3560 4649 offendi
3596 4593 3738 4666 (Lib.

2148 4679 2206 4731 v,
2230 4681 2346 4735 cap.
2375 4664 2447 4730 1),
2476 4662 2570 4717 sed
2593 4662 2804 4732 injuria.
2825 4665 2934 4720 Nec
2964 4666 3106 4720 enim
3135 4666 3355 4720 decebat
3389 4667 3560 4728 aliter,
3579 4662 3739 4732 quam

2145 4736 2287 4790 unde
2312 4745 2361 4789 et
2384 4736 2621 4790 breviter
2638 4751 2755 4790 eam
2781 4736 2942 4800 tradi,
2976 4746 3031 4789 ut
3057 4751 3178 4790 cum
3206 4738 3346 4791 Deus
3368 4737 3432 4790 ad
3464 4737 3738 4791 hominem

2144 4809 2487 4875 loqueretur,
2545 4822 2649 4860 non
2683 4809 3013 4874 argumentis
3059 4818 3332 4862 assereret
3381 4823 3506 4861 suas
3540 4823 3734 4872 voces,

2145 4889 2398 4948 tauquam
2425 4881 2557 4932 lides
2585 4879 2630 4932 ei
2653 4895 2757 4933 non
2783 4879 3093 4944 haberetur;
3127 4879 3220 4932 sed
3252 4881 3563 4949 loqueretur
3579 4881 3735 4948 quasi

2146 4966 2328 5005 rerttm
2358 4955 2596 5002 omnium
2631 4952 2898 5004 maximus
2935 4950 3102 5019 judex
3136 4967 3149 5004 ε
3177 4950 3292 5018 ejus
3323 4960 3407 5005 est
3437 4966 3540 5004 non
3571 4965 3734 5020 argu-

2147 5023 2396 5082 mentari,
2430 5021 2522 5075 sed
2555 5024 2900 5090 pronuntiare
2927 5037 3110 5074 verum
3136 5021 3277 5087 (Lib.
3310 5038 3383 5083 ιιι,
3417 5037 3532 5089 cap.
3567 5019 3641 5090 1).

2220 5091 2427 5146 Effecla
2461 5092 2732 5161 religionis
2761 5092 3090 5154 cltristianat,
3116 5109 3235 5159 qua:
3261 5104 3569 5160 quantaque
3591 5093 3700 5146 sint
3719 5134 3734 5157 ,

2148 5163 2368 5232 pulchre
2398 5163 2629 5228 exiilicat
2666 5163 2802 5234 (Lib.
2835 5179 2912 5228 ιιι,
2942 5181 3071 5234 cap.
3092 5162 3209 5233 25).
3240 5163 3316 5234 Da
3344 5161 3496 5225 milti,
3527 5163 3733 5230 inquit,

2145 5237 2340 5295 virum,
2365 5236 2455 5303 qui
2479 5235 2549 5287 sit
2569 5235 2876 5301 iracundus,
2902 5233 3217 5295 maledicus,
3241 5233 3581 5288 effrarnatus:
3607 5249 3738 5302 pau-

2145 5306 2373 5360 cissimis
2423 5304 2514 5358 Dei
2546 5307 2724 5361 verbis
2753 5316 2857 5360 tam
2891 5305 3154 5376 placidum
3179 5346 3192 5368 ,
3225 5320 3382 5374 quam
3413 5319 3568 5376 ovem
3608 5306 3736 5359 red-

2146 5377 2290 5430 dam.
2329 5377 2399 5430 Da
2429 5377 2700 5444 cupidum,
2733 5393 2977 5440 avarum,
3013 5386 3253 5429 tenacem
3287 5377 3433 5442 :jam
3479 5375 3571 5429 tibi
3614 5391 3736 5430 eum

2148 5447 2420 5502 liberalem
2464 5448 2639 5512 dabo,
2672 5459 2724 5502 ct
2765 5449 3042 5518 pecuniam
3074 5463 3224 5501 suam
3277 5447 3447 5517 plenis
3495 5447 3740 5501 manibus

2068 5494 2122 5553 Ῑ)
2149 5494 2488 5588 largientem.
2520 5494 2589 5572 lia
2621 5494 2866 5572 litnitl'um
2890 5518 3112 5581 doloris,
3142 5533 3204 5573 ac
3227 5494 3418 5572 mhrtis
3453 5535 3465 5571 :
3492 5518 3601 5587 jam
3621 5534 3742 5572 cru-

2150 5605 2260 5651 ces,
2295 5602 2348 5644 et
2381 5591 2552 5659 ignes,
2582 5602 2636 5644 et
2669 5603 2875 5645 taurum
2905 5599 3232 5645 contemnet.
3268 5592 3338 5643 Da
3370 5590 3735 5659 libidinosum,

2151 5657 2477 5724 adulterum,
2509 5677 2803 5729 ganeonem
2841 5679 2853 5715 :
2885 5663 2993 5728 jam
3022 5661 3280 5724 sobrium,
3310 5670 3536 5722 castum,
3565 5657 3742 5709 conti-

2155 5745 2368 5787 lteltlcttl
2411 5732 2638 5787 videbis.
2688 5737 2757 5787 |)a
2803 5733 3079 5788 crudelem
3109 5737 3162 5788 et
3187 5730 3454 5800 Sanguinis
3483 5738 3744 5794 appeten-
