4172 6202
407 263 483 321 85
1466 265 1843 329 SYN'I'HESIS
1874 266 2240 327 DOCTRINE
2282 265 2669 327 LACTANTII.
3641 272 3711 331 86

405 378 661 456 s_i_t_neias_
696 377 927 435 adorare
952 377 1098 434 aliud
1126 386 1482 456 praeterquam
1521 380 1689 436 Deum
1715 424 1729 448 ,
1756 385 1846 454 qui
1870 400 2003 440 con-
2030 394 2081 456 Α
2109 394 2401 456 numquam
2419 394 2480 456 se
2508 382 2681 449 ipsum
2711 380 2879 456 Deum
2907 381 3138 456 dixisse;
3160 382 3284 454 quia
3305 398 3413 447 non
3440 396 3714 445 servasset

404 450 543 525 didit
562 450 758 525 coelum
785 460 948 525 atque
972 460 1191 525 terram,
1212 452 1300 522 qui
1325 450 1614 506 humanum
1637 450 1806 525 genus
1829 457 1999 523 tinxit,

404 522 705 599 inspiravit,
743 523 860 599 luce
887 523 1126 599 donavit.
1154 543 1188 599 _r

483 594 800 668 Pagniteiuia
831 594 1076 668 homines
1100 595 1167 668 ad
1201 595 1365 668 Deum
1392 595 1580 668 reduci
1611 596 1771 653 docet
1799 600 1891 657 lib.
1917 619 1993 668 vi,

404 681 526 733 cap.
552 665 645 731 24,
678 665 760 720 his
788 665 968 720 verbis
999 684 1012 720 :
1054 685 1073 718 ι
1107 666 1214 721 Nec
1234 665 1455 737 deficiat
1484 668 1708 737 aliquis,
1737 685 1800 726 ac
1837 672 1903 729 de
1946 665 2006 731 se

404 738 525 815 ipsg
557 738 837 815 desperet,
862 739 906 793 si
952 746 1044 791 aut
1070 736 1379 815 cupiditate
1425 736 1614 815 victus,
1647 749 1739 794 aut
1784 742 2005 801 libidine

402 808 691 881 impulsus,
721 818 808 862 aut
839 823 1025 865 errore
1051 809 1328 877 deceptus,
1360 820 1450 863 aut
1474 808 1524 862 vi
1546 822 1785 878 coactus,
1829 816 1894 868 ad
1926 817 2007 870 in-

398 880 625 953 juStitiaa
652 883 791 934 viam
820 881 1005 950 lapsus
1024 892 1126 933 est.
1159 881 1341 934 Potest
1373 881 1516 953 enim
1551 882 1734 937 reduci
1780 900 1842 939 ac
1870 887 2005 943 libe-

400 954 533 1017 rari,
560 952 605 1005 si
627 966 748 1006 eum
776 953 1031 1020 poeniteat
1061 962 1323 1016 actorum,
1359 960 1412 1005 et
1439 952 1504 1005 ad
1536 953 1759 1008 meliora
1779 972 2005 1012 Ctinver-

402 1038 517 1100 sus,
548 1021 856 1100 satisfaciat
876 1022 1065 1100 De_o;_t
1107 1023 1419 1100 nam_Deus
1460 1039 1563 1100 non
1607 1029 1761 1100 thure
1787 1026 2006 1100 (scribit

400 1094 548 1149 idem
578 1096 714 1147 libro
743 1096 811 1149 de
828 1094 919 1165 ira
952 1094 1064 1167 Dei,
1089 1110 1210 1163 cap.
1239 1094 1303 1148 21
1329 1096 1367 1163 ),
1400 1110 1505 1149 non
1539 1094 1715 1150 hostia
1748 1094 2001 1167 humana,

402 1180 511 1239 rion
542 1166 792 1231 pretiosis
824 1165 1154 1239 muneribus.
1181 1181 1301 1236 qua:
1330 1168 1507 1239 omnia
1532 1177 1657 1239 sum
1681 1165 2003 1239 corruptibi-

400 1235 498 1309 lia,
529 1239 624 1292 sed
657 1252 867 1291 morum
896 1238 1277 1309 enitendatione
1300 1238 1560 1309 placatur.
1582 1237 1648 1291 Et
1669 1241 1755 1308 qui
1782 1235 2003 1309 peccare

402 1307 621 1374 desinit,
652 1309 785 1363 iram
836 1308 932 1364 Dei
978 1310 1104 1363 l‘acit
1150 1309 1454 1364 mortalem.
1485 1307 1696 1363 Idcirco
1714 1307 1857 1366 enim
1894 1328 2000 1368 non

403 1379 473 1432 ad
503 1395 742 1450 praesens
770 1383 989 1434 noxium
1016 1395 1284 1450 quemque
1316 1380 1583 1449 punit,‘ut
1612 1381 1808 1435 habeat
1838 1384 2001 1439 homo

401 1451 756 1522 resipiscendi
801 1461 854 1506 et
897 1450 1202 1522 corrigendi
1229 1451 1311 1504 sui
1335 1450 1666 1505 facultatem.
1700 1453 1791 1509 Est
1820 1465 2000 1511 autem

400 1520 701 1595 Lactantio
724 1520 1090 1591 paenitentiam
1123 1537 1284 1592 agere
1314 1522 1443 1576 nihil
1472 1522 1616 1576 aliud
1643 1564 1659 1585 ,
1688 1539 1845 1594 quam
1873 1542 1997 1595 pro-

399 1592 545 1648 ﬁteri
567 1602 621 1666 et
648 1593 917 1648 afﬁrmare
943 1609 1002 1648 se
1026 1595 1253 1666 ulterius
1272 1609 1375 1666 non
1400 1592 1742 1663 peccaturum
1764 1592 1899 1666 (Lib.
1920 1614 1995 1665 vr,

400 1679 522 1735 cap.
556 1665 664 1733 15).
696 1668 863 1733 Quem
894 1667 1037 1720 enim
1070 1664 1198 1719 facti
1223 1664 1307 1720 sui
1331 1680 1457 1719 vere
1487 1666 1730 1735 paenitet,
1755 1664 1995 1725 errorem

398 1736 870 1807 sunmprisﬁnum
899 1736 1177 1807 intelligit;
1226 1736 1455 1807 ideoque
1497 1736 1670 1791 Graeci
1711 1741 1903 1793 melius
1943 1750 1999 1795 et

396 1806 795 1880 significantius
838 1806 1111 1880 μετάνοιαῆ
1143 1806 1546 1880 ιιίοιιιιιζιιιιιιιιι
1595 1824 1691 1863 nos
1732 1812 1999 1879 possimus

393 1879 797 1949 resipiscentiam
840 1879 1049 1935 dicere.
1090 1879 1379 1948 Resipiscit
1426 1879 1607 1945 enim,
1652 1894 1717 1934 ac
1760 1893 1994 1938 mentem

394 1964 556 2024 suam
580 1953 745 2024 quasi
772 1951 839 2005 ab
882 1949 1091 2024 insania
1124 1951 1332 2024 recipit,
1360 1965 1521 2014 quem
1551 1951 1607 2003 l"
1633 1953 1793 2024 errati
1828 1956 1993 2024 piget,

391 2020 842 2093 deindecastigat
870 2023 1105 2092 seipsum
1137 2020 1422 2093 dementia:
1441 2064 1455 2083 ,
1485 2030 1547 2093 et
1567 2020 1851 2077 conﬁrmat
1879 2020 1996 2079 ani;

393 2107 543 2167 ritum
575 2108 733 2148 suum
762 2091 851 2148 'ad
895 2091 1095 2167 reetius
1141 2092 1421 2167 vivendum
1452 2110 1472 2144 ι
1500 2091 1637 2164 (Lib.
1662 2107 1740 2167 Δτι,
1768 2111 1884 2163 cap.
1913 2097 1991 2167 2).

390 2161 588 2233 Liquet
616 2167 777 2220 etiam
807 2180 872 2220 ex
900 2165 995 2221 lib.
1026 2179 1080 2232 v,
1111 2180 1228 2235 cap.
1270 2164 1353 2228 15,
1383 2161 1517 2230 θος,
1541 2167 1628 2234 qui
1658 2164 1713 2219 in
1746 2161 1996 2234 persecu-

390 2235 629 2290 tionibus
656 2237 936 2292 veritatem
968 2238 1335 2306 abnegarent,
1369 2245 1477 2288 tum
1521 2239 1781 2305 temporis
1827 2237 1994 2295 fuisse

388 2318 645 2378 receptos
674 2309 725 2363 in
759 2308 1055 2363 Ecclesiam
1080 2348 1094 2370 ,
1118 2305 1291 2360 modo
1326 2306 1698 2378 paenitentiam
1726 2321 1947 2378 agerent
1978 2329 1991 2365 :

395 2395 415 2449 ς
452 2375 625 2441 Licet,
656 2379 848 2449 inquit.
887 2379 997 2434 Deo
1023 2375 1367 2449 satisfacere;
1398 2386 1455 2449 et
1487 2377 1664 2431 nullus
1688 2375 1793 2432 tam
1818 2381 1993 2436 malus

387 2447 485 2503 Dei
506 2449 685 2504 cultor
710 2446 811 2514 est,
837 2452 927 2522 qui
949 2446 1353 2522 datafacultate
1379 2448 1790 2522 ad_placandum
1820 2451 1990 2506 Deum

384 2534 502 2591 rion
545 2518 868 2589 revertatur,
905 2532 960 2577 et
999 2521 1217 2591 quidem
1255 2534 1400 2590 saepe
1438 2518 1726 2574 devotione
1776 2524 1987 2591 majori.

380 2590 767 2715 1Peccatienim
787 2590 1113 2663 conscientia
1133 2602 1187 2647 et
1204 2603 1378 2647 metus
1398 2604 1575 2671 paenae
1595 2592 1990 2662 religiosiorem

407 2673 537 2715 ac“.
574 2681 593 2715 ι
1404 2674 1408 2679 ’

407 2664 537 2717 'acit.
574 2681 593 2715 ι
1400 2666 1408 2679 ²

459 2734 851 2795 Matrimonium
875 2735 942 2791 iis
974 2734 1336 2803 necessarium
1364 2748 1484 2789 esse
1504 2733 1693 2798 docet,
1722 2734 1812 2804 qui
1858 2733 1991 2803 alie.-

384 2811 510 2883 ctus
540 2805 775 2883 fraenare
794 2823 900 2883 non
924 2816 1145 2883 possunt
1175 2824 1188 2859 :
1222 2824 1241 2863 ι
1260 2804 1533 2883 (inhibeat
1558 2807 1821 2883 eosintra
1851 2822 1987 2883 prae.

380 2876 652 2945 scriptum
677 2878 897 2949 legitimi
919 2880 1082 2945 thori,
1102 2891 1159 2933 ιιι
1181 2888 1235 2932 et
1259 2876 1408 2943 illud,
1430 2877 1571 2946 quod
1592 2876 1747 2949 avide
1762 2876 1983 2946 expetit,

379 2946 811 3018 assequaturjet
839 2960 1016 3004 tamen
1045 2952 1096 3004 in
1130 2958 1407 3019 peccatum
1444 2964 1550 3001 non
1593 2946 1814 3019 incidat,
1854 2966 1872 2999 ι
1907 2950 1988 3003 in-

379 3020 504 3088 quit
527 3016 650 3075 'lib.
686 3036 761 3086 vr,
805 3037 927 3090 cap.
969 3021 1059 3075 25.
1094 3016 1161 3079 Et
1191 3020 1351 3090 paulo
1376 3030 1497 3087 post
1526 3037 1539 3073 :
1577 3036 1595 3069 ι
1629 3016 1855 3090 Oportet
1884 3019 1986 3081 sibi

378 3105 656 3159 quemque
682 3107 1006 3162 proponere,
1035 3094 1264 3147 duorum
1291 3105 1516 3145 sexuum
1546 3092 1981 3158 conjunctionem

376 3162 857 3241 generandicausa
872 3164 1049 3241 datam
1073 3178 1192 3219 esse
1208 3162 1512 3241 viventibus
1529 3177 1544 3225 ;
1559 3176 1786 3230 eamque
1814 3163 1981 3231 legem
2012 3178 2060 3241 ρ

380 3234 472 3307 l_ti_s
514 3234 798 3307 aliectibus
845 3238 1108 3304 positam,
1159 3245 1217 3291 ut
1258 3234 1658 3307 successionem
1708 3243 1920 3307 parent.
1958 3252 1978 3293 ι

376 3302 543 3357 Plura
574 3306 771 3361 ibidem
800 3302 866 3361 de
891 3309 1153 3362 castitatis
1180 3305 1373 3361 olliciis
1400 3306 1659 3373 reperies.

457 3374 617 3445 Legis
666 3379 841 3447 capita
892 3379 1141 3448 primaria
1187 3378 1295 3439 duo
1343 3390 1465 3441 esse
1512 3377 1706 3449 docet,
1753 3390 1982 3449 quorum

378 3444 551 3520 unum
580 3444 1031 3520 pra’cipiat,‘qnid
1066 3451 1196 3512 Deo,
1224 3449 1474 3515 alterum,
1506 3446 1631 3517 quid
1660 3444 1861 3501 homini
1888 3444 1983 3503 de-

378 3516 844 3591 beatur’(Lib.'VI,
874 3516 991 3590 cap.
1022 3521 1056 3576 9
1085 3531 1131 3576 et
1159 3519 1272 3590 l0).

456 3587 687 3662 Lapsum
733 3587 1027 3662 primorum
1071 3587 1352 3661 parentum
1401 3589 1675 3662 eleganter
1725 3589 1986 3659 describit

377 3673 450 3735 ex
478 3661 623 3735 biose
649 3660 793 3731 (Lib.
826 3680 884 3731 ιι,
916 3681 1032 3730 cup.
1066 3660 1122 3735 2)
1153 3682 1165 3717 :
1202 3681 1220 3715 ι
1254 3662 1581 3735 Criminutor
1625 3660 1978 3735 illetiuquii,

378 3730 631 3787 invidens
657 3730 910 3803 cperibus
939 3736 1031 3791 Dei
1057 3778 1071 3800 ,
1100 3730 1289 3790 oumes
1316 3732 1551 3786 fallacias
1578 3740 1631 3785 et
1661 3732 1983 3786 calliditates

374 3816 509 3875 suas
528 3804 593 3858 ad
616 3806 992 3875 decipiendum
1025 3808 1296 3862 hominem
1314 3803 1627 3875 intendit,ut
1645 3803 1985 3875 eiadimeret

373 3873 861 3932 immortalitatem.
896 3878 965 3932 Et
1004 3881 1176 3947 primo
1217 3874 1671 3947 mulieremdolo
1699 3874 1895 3947 illexit,
1925 3884 1984 3928 ut

372 3948 605 4001 vetitum
647 3948 825 4015 cibum
853 3944 1117 4006 sumeret:
1148 3960 1201 4004 et
1229 3964 1325 4015 per
1366 3963 1485 4002 eam
1512 3946 1616 4015 ipsi
1643 3960 1856 4015 quoque
1884 3944 1982 3998 ho-

372 4015 512 4072 mini
548 4023 835 4087 persuasit,
871 4031 928 4074 ut
958 4015 1366 4076 transcenderet
1398 4018 1493 4073 Dei
1522 4018 1714 4084 legem,
1747 4028 1850 4071 etc.
1887 4036 1904 4067 ι

454 4089 530 4143 De
550 4086 1032 4147 Peccatotestatur
1061 4094 1331 4147 hominem
1375 4104 1470 4145 sua
1517 4086 1673 4158 culpa
1722 4088 1979 4156 iniustum

368 4172 502 4234 esse
527 4160 646 4229 (lib.
676 4178 753 4229 tv,
782 4180 898 4231 cap.
927 4162 1045 4234 2t),
1076 4176 1129 4217 et
1160 4170 1437 4232 peccatum
1470 4162 1721 4234 omnibus
1750 4159 1981 4227 homini-

369 4231 493 4315 bus
507 4235 823 4315 naturaliter
841 4230 1018 4315 inesse
1044 4230 1185 4315 (Lib.
1211 4251 1287 4314 vt,
1313 4249 1429 4315 cap-
1939 4300 1950 4313 ,

452 4301 531 4382 De
563 4306 856 4382 novissimo
900 4301 1105 4382 judicio
1150 4315 1203 4360 et
1246 4301 1415 4382 signis
1456 4301 1587 4382 illud
1638 4301 1982 4382 praecessuris

367 4374 599 4440 capiose
628 4375 864 4442 disserit,
898 4374 991 4433 lib.
1037 4394 1127 4439 vn,
1176 4387 1229 4433 et
1272 4375 1501 4446 plurima
1532 4375 1697 4446 Asigna
1739 4374 1982 4446 nominat

370 4460 499 4513 cap.
537 4446 624 4501 15.
658 4446 857 4503 Verum
881 4465 943 4503 ea
965 4449 1144 4507 omnia
1175 4444 1285 4504 non
1312 4445 1441 4507 satis
1478 4444 1545 4501 ad
1589 4444 1978 4509 catholicorum

368 4526 616 4577 mentem
643 4534 897 4586 expressa
924 4532 1071 4585 sunt.

611 4610 799 4666 ΝιΕνι
836 4611 1224 4679 ιΑρΤΑιιτιι,
1264 4609 1353 4666 ΕΤ
1396 4606 1735 4665 ERBORES.

453 4690 697 4746 Diximus
741 4709 859 4763 quae
904 4693 1026 4748 ﬁdei
1068 4692 1239 4762 capita
1282 4691 1443 4763 plene
1490 4686 1823 4759 exposuerit,
1850 4703 1974 4758 qua:

372 4762 504 4835 item
542 4762 767 4831 leviter,
793 4779 916 4819 vere
958 4775 1135 4819 tamen
1180 4762 1417 4835 attigerit
1450 4778 1463 4815 :
1494 4773 1834 4829 consequens
1890 4769 1976 4815 est

371 4844 436 4886 ut
457 4833 526 4889 de
555 4834 617 4888 iis
644 4852 857 4903 quoque
877 4836 1175 4890 studiosum
1205 4833 1458 4890 lectorem
1490 4845 1823 4891 moneamus,
1854 4847 1972 4900 qum

373 4908 631 4960 nonsatis
654 4908 981 4963 intellexisse
1009 4907 1217 4962 videtur
1242 4906 1573 4968 Lactantius,
1602 4903 1842 4971 adeoque
1865 4918 1973 4957 na:-

372 4990 481 5056 vqs
497 4979 939 5056 _et_errores_ejus
985 4977 1310 5056 aperiamus.
1343 4976 1674 5056 S_unt_au'te.m
1694 4977 1829 5056 nuivi
1852 4976 1973 5056 ejus

374 5047 610 5121 triplicis
632 5046 894 5121 generis:
926 5046 1143 5121 quidam
1173 5051 1316 5104 enim
1344 5046 1631 5116 theologici
1654 5087 1668 5110 ,
1699 5046 1792 5100 alii
1815 5046 1976 5103 chro-

374 5118 654 5189 nologici,
669 5122 914 5176 nonnulli
944 5118 1326 5191 philosopltici.

850 5216 1000 5270 Naevi
1030 5215 1298 5287 iheplogici
1320 5223 1438 5269 sunt
1463 5231 1474 5267 :

451 5294 609 5361 Quod
638 5295 941 5365 periculosa
985 5296 1236 5366 loquendi
1276 5293 1527 5366 formula
1556 5292 1721 5366 Deum
1762 5292 1976 5366 Patrem

374 5363 872 5445 exﬂseipsgndicjt
900 5382 1035 5445 esse
1058 5363 1423 5445 procreatum
1457 5363 1613 5445 (Lib.
1650 5381 1687 5433 ι,
1731 5381 1846 5445 cap.
1878 5363 1972 5438 7).

446 5438 603 5504 Quod
651 5438 768 5497 Filii
814 5440 912 5495 Dei
951 5439 1309 5499 mternitatem
1350 5446 1435 5491 sat
1461 5438 1661 5493 diserte
1689 5438 1797 5492 non
1823 5452 1973 5493 3558-.

372 5511 571 5566 ruerit.
595 5509 729 5575 Nam
755 5511 846 5566 lib.
878 5527 950 5575 tv,
981 5526 1100 5579 cap.
1123 5509 1178 5573 6,
1204 5509 1410 5575 scribit,
1445 5528 1463 5560 ι
1498 5510 1662 5562 Deum
1687 5519 1974 5578 antequam

372 5582 699 5653 praeclarum
717 5598 852 5650 opus
866 5581 1056 5637 mundi
1074 5581 1396 5648 adoriretur,
1416 5580 1674 5653 Spiritum
1694 5582 1974 5653 genuisse,

370 5650 536 5723 quem
565 5651 763 5708 Filium
793 5663 1189 5724 nuncuparunt.
1222 5672 1241 5709 ι
1273 5656 1405 5719 Quae
1435 5653 1623 5708 eadem
1655 5650 1745 5706 lib.
1770 5667 1893 5719 n,c.
1920 5654 1973 5721 8,

368 5725 741 5794 reperiuntur.

446 5790 600 5873 Quod
625 5806 812 5855 contra
835 5793 997 5857 tidem
1019 5794 1263 5857 historiae
1287 5808 1456 5859 sacra:
1474 5791 1683 5867 scribit,
1701 5790 1975 5857 Christum

2111 451 2292 523 ﬁdem,
2327 451 2371 505 si
2400 453 2618 513 missus.
2668 462 2724 507 ut
2750 454 2879 508 deos
2907 455 3123 511 tolleret
3148 451 3199 509 ei
3224 472 3388 519 unum
3407 468 3706 523 assereret,

2110 522 2390 595 induceret
2415 525 2579 581 alium
2611 534 2806 594 praeter
2836 542 2997 581 unum
3022 525 3163 593 (Lib.
3194 542 3268 591 tv,
3295 543 3413 595 cap.
3446 528 3558 594 14).

2180 594 2335 661 Quod
2366 605 2578 663 negata
2612 596 2781 651 Pilato
2813 600 3137 655 sententiain
3173 599 3224 657 in
3249 594 3477 661 mortem
3504 598 3708 665 Christi

2109 667 2521 739 prolatam_esse
2556 666 2695 738 (Lib.
2726 684 2800 739 tv.
2829 685 2946 737 cap.
2980 667 3091 739 l8).

2182 737 2333 809 Quod
2352 734 2624 792 Christum
2646 740 2697 794 in
2720 734 2995 795 Galilaeam
3026 734 3100 795 ait
3126 740 3450 809 proiectum,
3471 740 3709 805 noluisse

2107 806 2461 881 Jud;nis_sese
2489 810 2798 876 ostendere,
2826 828 2893 867 ne
2914 826 3010 867 eos
3035 812 3101 866 ad
3129 806 3505 881 penitentiam
3536 813 3707 873 addu-

2108 888 2257 951 ceret
2281 876 2417 945 (Lib.
2447 896 2519 942 Iv,
2548 898 2664 947 cap.
2693 881 2809 951 20).

2179 949 2331 1023 Quod
2358 950 2611 1019 Spiritum
2632 949 2875 1007 sanctum
2903 969 2969 1008 ne
2990 953 3204 1023 quidem
3228 954 3472 1019 nominet
3495 972 3508 1011 :
3535 955 3704 1017 imum

2108 1022 2249 1089 quod
2272 1022 2322 1075 in
2337 1023 2580 1090 epistulis
2597 1023 2663 1077 ad
2697 1022 3117 1091 Demetriannm,
3145 1036 3366 1083 auctore
3388 1029 3557 1083 sancti
3581 1028 3708 1087 Hie-

2107 1107 2355 1167 ronyino,
2380 1093 2624 1167 Spiritus
2668 1095 2724 1150 S.
2769 1098 3127 1155 substantiam
3173 1097 3408 1167 negavit,
3438 1107 3495 1155 et
3517 1114 3707 1157 errore

2106 1160 2331 1235 .ludaico
2358 1160 2511 1228 dixit,
2536 1181 2657 1219 eum
2695 1168 2774 1221 vel
2803 1168 2868 1223 ad
2902 1168 3117 1225 Patrem
3150 1160 3362 1235 reiErri,
3396 1160 3481 1223 vel
3512 1171 3579 1227 ad
3609 1170 3704 1235 Fi-

2107 1232 2255 1312 lium,
2284 1244 2340 1288 et
2358 1235 2838 1312 sanctiﬁcationent
2871 1240 3148 1310 utriusque
3179 1232 3434 1299 Personat
3459 1241 3562 1297 sub
3587 1232 3706 1312 ejus

2107 1308 2330 1360 nomine
2358 1307 2741 1365 demonstrari.

2178 1374 2332 1442 Quod
2363 1378 2429 1432 de
2457 1380 2727 1447 praecipuo
2753 1378 2956 1437 Christi
2996 1382 3257 1439 incarnati
3288 1382 3486 1442 ofﬁcio.
3512 1396 3700 1441 sacer-

2105 1445 2272 1501 dotali
2303 1445 2575 1516 nimirum,
2607 1445 2790 1518 tacuit,
2824 1464 2879 1508 et
2910 1454 3030 1508 ideo
3060 1465 3266 1513 tantum
3292 1451 3567 1509 ChriSIum
3598 1455 3702 1511 ltu-

2105 1532 2320 1595 mauam
2357 1532 2609 1595 uaturam
2647 1526 2978 1595 assumpisse
3007 1525 3318 1588 contendit,
3354 1535 3410 1579 ut
3436 1526 3699 1595 quemad-

2105 1589 2323 1673 modum
2351 1591 2532 1673 Pater,
2564 1594 2634 1647 ita
2682 1603 2737 1649 et
2773 1589 2889 1673 ipse
2938 1596 3106 1652 Filius
3130 1607 3275 1673 esset
3300 1589 3515 1673 ἁπὰτώρ
3541 1609 3703 1668 atque

2104 1661 2318 1738 ᾀμήτωρ
2345 1661 2484 1738 (Lib.
2518 1680 2591 1728 tv,
2619 1681 2736 1736 cap.
2767 1661 2878 1737 13),
2906 1677 3068 1738 utque
3106 1669 3420 1738 religionem
3458 1661 3699 1725 sanetam

2107 1731 2200 1785 Dei
2233 1731 2573 1809 transferret
2596 1738 2661 1790 ad
2680 1731 2879 1807 gentes
2924 1731 3060 1808 (Lib.
3090 1754 3164 1806 tv,
3197 1731 3313 1809 ἔαρ.
3340 1738 3462 1807 11);
3497 1749 3555 1793 ιιι
3579 1740 3701 1803 uni-

2029 1789 2077 1848 Β
2106 1804 2275 1880 uersis
2298 1789 2567 1873 gentibus,
2734 1789 3173 1876 ist—ilica‘al—o'sunt:
3200 1789 3490 1880 singularis
3513 1818 3567 1864 et
3588 1789 3698 1866 veri

2106 1872 2201 1927 Dei
2224 1872 2467 1949 sanctum
2497 1872 2813 1949 mysterium
2840 1881 3125 1946 revelaret,
3142 1872 3195 1937 et
3219 1872 3381 1941 unita)
3399 1881 3505 1938 illis
3528 1881 3696 1937 Deum

2103 1947 2376 2023 nuntiaret
2394 1947 2644 2023 _(Lib.‘tv,
2668 1967 2785 2020 cap.
2818 1951 2945 2021 l2);
2976 1951 3210 2023 denique
3233 1963 3289 2009 ut
3315 1953 3565 2023 exempla
3589 1954 3701 2009 vir-

2102 2016 2246 2092 tutis
2261 2017 2464 2073 homini
2501 2016 2745 2092 praebere
2781 2016 2961 2090 posset
2987 2016 3137 2092 (Lib:
3154 2038 3228 2087 tv,
3257 2039 3374 2092 cap.
3405 2016 3523 2092 25).
3566 2023 3699 2089 Quae

2102 2087 2281 2165 omnia
2298 2106 2488 2165 Aquam
2502 2087 2717 2165 frigida
2748 2087 2857 2147 sint
2876 2135 2890 2161 ,
2919 2087 3125 2165 omisso
3168 2087 3409 2165 principe
3442 2087 3694 2163 incarna-

2104 2157 2264 2211 tionis
2289 2156 2493 2215 Christi
2528 2156 2653 2227 nne,
2684 2180 2844 2219 nemo
2871 2156 2978 2220 non
3005 2156 3171 2220 videt.

2172 2228 2325 2303 Quod
2355 2233 2574 2303 angelos
2607 2243 2716 2288 tum
2761 2236 2978 2291 demum
3019 2236 3223 2293 homini
3253 2233 3508 2293 custodes
3534 2234 3694 2291 adbi-

2100 2298 2242 2354 bitos
2286 2298 2453 2359 fuisse
2481 2305 2588 2367 ait,
2615 2320 2736 2359 cum
2779 2307 3070 2379 humanum
3118 2322 3289 2379 genus
3340 2308 3392 2379 in
3431 2306 3693 2377 majorem

2099 2385 2381 2451 numerum
2410 2389 2659 2432 crescere
2682 2380 2846 2447 coepit
2866 2377 3006 2451 (Lib.
3040 2395 3100 2442 ιι,
3128 2377 3249 2449 cap.
3274 2378 3391 2450 15).

2169 2441 2323 2516 Quod
2354 2456 2513 2501 terrm
2541 2441 2862 2516 potestatem
2875 2441 2957 2507 ἰώ
2987 2441 3142 2506 initio
3180 2441 3399 2507 diaboio
3439 2448 3695 2506 tributam

2098 2513 2293 2591 a_Deo,
2321 2513 2869 2589 duoque—dminonum
2902 2537 3103 2591 genera
3131 2523 3268 2578 iacta
3311 2536 3432 2591 esse
3472 2521 3691 2587 asserit,

2097 2583 2325 2664 alterum
2355 2583 2653 2664 terrenum,
2684 2583 3165 2649 alterum'coeleSIe
3191 2590 3460 2664 (Ibidem).

2169 2656 2325 2733 Quod
2372 2660 2542 2716 bonos
2592 2656 2816 2733 angelos
2856 2664 3135 2719 hominum
3178 2656 3362 2719 tutelae
3409 2656 3692 2733 adiunctos

2096 2724 2490 2804 dominatorem
2527 2724 3097 2790 cmlivfallacissimum
3125 2736 3191 2790 ad
3222 2736 3348 2790 vitia
3376 2724 3688 2804 peliexisse,

2095 2807 2149 2853 et
2176 2801 2459 2922 iqulierum
2483 2805 2862 2874 congressibus
2890 2807 3219 2876 inquinaSse,
3242 2801 3476 2875 suosque
3498 2805 3692 2861 fecisse

2095 2877 2209 2922 sate
2238 2871 2358 2922 lites
2383 2888 2446 2922 ac
2479 2876 2752 2922 ministras
2778 2879 3054 2922 existimat
3079 2877 3215 2922 (Lib-
3250 2894 3286 2922 ιι
3306 2920 3315 2922 _
3348 2894 3465 2922 nan-
3500 2874 3612 2922 15)-

2094 2871 2358 2949 satellites
2383 2888 2446 2933 ac
2478 2871 2752 2949 ministros
2778 2871 3055 2933 existimat
3079 2877 3217 2949 (Lib.
3250 2894 3317 2949 ιι,
3348 2871 3465 2949 cap.
3500 2874 3612 2949 15).

2165 2942 2319 3006 Quod
2338 2961 2475 3019 nove
2493 2945 2650 3013 dixit,
2670 2947 2836 3014 diem,
2864 2964 3021 3019 quem
3051 2942 3253 3017 primus
3277 2942 3469 3004 Oriens
3485 2942 3690 3019 submi-

2095 3011 2324 3081 nistrat,
2367 3017 2457 3090 Dei
2497 3011 2671 3090 esse:
2707 3011 2919 3075 noctem
2958 3011 3169 3084 autem,
3218 3036 3377 3090 quam
3423 3018 3689 3090 Occidens

2090 3094 2371 3141 extremus
2418 3088 2643 3155 inducit,
2675 3091 2765 3158 qui
2792 3091 2958 3161 Deum
2987 3088 3292 3157 aemulatur,
3325 3090 3530 3146 scilicet
3556 3089 3679 3144 dia-

2091 3150 2200 3207 boli
2231 3153 2368 3226 (Lib.
2397 3174 2453 3226 ιι,
2485 3176 2603 3226 cap.
2634 3160 2713 3226 9).

2128 3168 2200 3207 ou
2231 3168 2368 3226 (Lib.
2397 3174 2453 3226 ιι,
2485 3176 2603 3226 cap.
2634 3168 2713 3226 9).

2166 3162 2200 3206 ιι
2231 3162 2368 3226 (Lib.
2397 3174 2453 3226 ιι,
2485 3176 2603 3230 cap.
2634 3162 2713 3231 9).

2161 3226 2316 3305 Quod
2341 3232 2698 3295 imminente:
2731 3234 2962 3303 diversis
2989 3243 3045 3289 et
3074 3230 3499 3305 repugnantibus
3523 3230 3688 3305 rebus

2091 3309 2121 3347 a
2154 3298 2262 3373 lico
2290 3299 2489 3355 factum
2516 3314 2683 3373 putat.
2714 3305 2803 3361 Sic
2831 3298 2972 3361 enim
3000 3298 3329 3371 scribitfiib.
3355 3320 3410 3369 ιι,
3438 3319 3559 3372 cap.
3579 3302 3684 3357 l2:

2096 3383 2116 3417 (
2152 3368 2230 3421 Ex
2259 3372 2433 3447 rebus
2457 3368 2685 3429 diversis
2725 3392 2788 3430 ac
2835 3368 3253 3447 repugnantibus
3304 3368 3463 3447 homo
3508 3368 3685 3429 iactus

2090 3449 2203 3503 eet;
2232 3442 2374 3496 sicut
2421 3444 2537 3514 ipse
2566 3447 2798 3501 mundus
2840 3442 2912 3502 ei
2951 3442 3066 3501 luce
3094 3462 3158 3502 ac
3188 3446 3444 3512 tenebris,
3477 3461 3543 3498 ex
3574 3447 3684 3498 vita

2089 3518 2142 3561 et
2170 3523 2345 3588 morte
2373 3531 2393 3588 :A
2414 3532 2534 3588 qua:
2561 3517 2669 3570 duo
2698 3521 2836 3572 inter
2864 3534 2922 3574 se
2953 3533 3189 3588 pugnare
3214 3518 3267 3571 in
3299 3517 3516 3588 homine
3549 3531 3688 3585 pra:-

2087 3580 2251 3660 cepit,
2278 3586 2397 3660 nisi
2423 3580 2600 3660 anima
2624 3580 2991 3655 superaverit,
3023 3580 3143 3660 quae
3164 3604 3230 3651 ex
3260 3587 3370 3643 Deo
3398 3580 3590 3660 oritur,
3615 3588 3689 3641 sit

2088 3654 2430 3730 immortalis,
2462 3669 2511 3730 et
2554 3658 2606 3712 in
2651 3654 2905 3730 perpetua
2950 3654 3067 3714 luce
3107 3670 3383 3723 versetur;
3411 3657 3457 3730 si
3503 3667 3682 3730 aulem

2087 3729 2498 3800 corpnsvicerit
2541 3729 2796 3795 animam,
2827 3733 3122 3800 ditionique
3157 3729 3482 3800 subiecerit,
3512 3729 3583 3782 sit
3624 3730 3679 3783 in

2089 3796 2328 3870 tenebris
2358 3802 2702 3870 sempiternis
2730 3814 2784 3856 et
2812 3802 2865 3856 in
2889 3796 3083 3857 morte.
3120 3822 3140 3854 ι

2158 3867 2313 3944 Quod
2371 3867 2642 3944 hominem
2696 3874 2976 3944 mortalem
3006 3882 3186 3944 «atque
3236 3870 3609 3944 imperfectum
3649 3885 3681 3928 e

2089 3944 2229 4017 terra
2259 3939 2438 4017 {ictum
2470 3943 2700 4017 alﬁrmat
2728 3943 2877 4016 (Lib.
2910 3960 3003 4017 vn,
3032 3939 3150 4015 cap.
3180 3945 3212 4000 5
3233 3955 3287 4000 et
3314 3939 3441 4017 14).

2094 4008 2311 4101 LmQttod
2357 4014 2610 4101 eumdem
2632 4087 2642 4097 .
2667 4008 3141 4101 iiii'inortalitatetii'
3182 4008 3413 4101 propriis
3475 4013 3680 4069 viribus

2086 4079 2308 4158 adipisci
2335 4084 2520 4158 statuit
2537 4085 2744 4158 (Ibid)

2159 4097 2169 4132 I
2216 4096 2307 4137 ISCI
2335 4096 2520 4139 statuit
2537 4096 2744 4158 (tota).
3284 4096 3291 4101 '

2157 4096 2311 4218 (guod
2330 4154 2479 4225 lingit
2498 4157 2662 4211 Deum
2683 4156 2943 4212 inﬁnitam
2961 4157 3361 4213 multitudinem
3376 4156 3683 4211 animarum

2087 4234 2486 4299 creasse,_quas
2509 4231 2681 4297 primo
2702 4227 2982 4299 fragilibus
3010 4239 3065 4284 et
3103 4227 3681 4299 imbecillibuscorpo-

2086 4291 2234 4367 ribus
2278 4291 2521 4367 illigatas
2555 4291 2908 4355 constituéret
2946 4300 3087 4355 inter
3125 4300 3323 4354 bonum
3372 4291 3682 4365 malumque

2084 4364 2307 4433 medias,
2343 4364 2399 4421 ut
2422 4371 2794 4425 conSIantibus
2822 4386 2888 4424 ex
2920 4369 3160 4433 utrisque
3187 4370 3393 4425 naturis
3426 4364 3680 4422 virtutem

2085 4447 2430 4505 proponeret,
2479 4456 2545 4495 ne
2569 4441 3023 4496 immortalitatem
3053 4441 3285 4496 delicate
3322 4453 3683 4508 assequeren-

2086 4517 2190 4582 tur,
2221 4519 2326 4562 etc.
2351 4508 2489 4581 (Lib.
2519 4528 2611 4580 vn,
2634 4529 2749 4582 cap.
2779 4514 2833 4567 5.
2853 4510 2976 4566 Vide
3006 4522 3175 4566 tamen
3203 4520 3313 4567 not.
3341 4511 3408 4564 ad
3438 4526 3556 4580 cap.
3588 4508 3679 4578 18,

2005 4568 2060 4629 Ι)
2084 4568 2184 4631 lib.
2209 4594 2260 4633 ιιι
2283 4584 2324 4647 ).

2150 4649 2302 4726 Quod
2324 4666 2467 4718 cum,
2514 4652 2607 4708 lib.
2624 4670 2665 4726 _v
2685 4664 2738 4709 et
2780 4671 2854 4722 νι,
2903 4655 2970 4711 de
3012 4653 3218 4726 iustitia
3260 4653 3681 4726 christianorum

2080 4723 2379 4796 orationem
2409 4740 2473 4777 ex
2513 4724 2758 4796 professo
2796 4723 3110 4793 instituerit,
3140 4736 3318 4783 tamen
3348 4725 3415 4779 de
3439 4725 3681 4796 philoso-

2080 4791 2236 4870 phica
2267 4804 2468 4870 tantum
2512 4791 2782 4870 seullegis
2821 4799 3023 4869 iustitia
3063 4791 3319 4870 disputat,
3364 4806 3417 4870 et
3441 4791 3682 4870 iustitia}.

2078 4863 2369 4948 [ide-Latiae
2408 4868 2677 4938 Evangelii
2703 4863 2928 4942 “propria
2952 4880 3054 4936 est,
3096 4863 3167 4924 ne
3206 4867 3432 4925 verbulo
3460 4863 3680 4938 quidem

2079 4946 2340 4993 ΠΙΕΙΙΙΙΙΙῘΙ..

2152 5009 2303 5072 Quod
2326 5011 2600 5081 spiritum,
2625 5013 2738 5069 sive
2769 5014 3002 5068 animam
3032 5011 3265 5068 hominis
3300 5008 3522 5081 iustitiae
3544 5022 3680 5081 ope-

2080 5078 2227 5163 ribus
2241 5078 2491 5163 etne'reri,
2513 5095 2568 5163 ut_
2590 5084 2681 5139 liat
2701 5094 2936 5140 aeternus
2956 5085 3175 5163 spiritus
3190 5078 3325 5155 (Lib.
3344 5096 3417 5163 tv,
3432 5095 3547 5163 cap.

2118 5153 2222 5228 uod
2246 5156 2370 5207 item
2400 5154 2679 5228 largitione
2705 5167 2961 5228 perpetua
2987 5150 3220 5228 'peccata
3262 5152 3441 5209 carnis
3474 5150 3681 5206 aboleri

2118 5166 2222 5205 uoa
2247 5166 2370 5207 ttettt
2400 5166 2679 5223 lat'gtlmtte
2705 5167 2889 5228 perpet

2079 5166 2238 5293 ((Lib.
2271 5239 2497 5297 vt,icap.
2528 5225 2650 5297 15),
2675 5230 2889 5282 asserit.

2088 5292 2101 5369 ξ
2153 5296 2305 5369 Quod
2336 5296 2398 5348 iis
2427 5292 2631 5369 tantum
2662 5299 2865 5369 ignosci
2889 5296 3106 5361 scribit,
3150 5295 3239 5369 qui
3284 5292 3353 5369 ad
3395 5300 3680 5369 peccatum

2083 5364 2453 5441 ittiprudetttet'
2492 5364 2810 5441 incauteque
2834 5367 3135 5441 inbuatur:
3167 5364 3395 5422 "veniam
3431 5381 3540 5422 non
3578 5367 3678 5421 ha-

2079 5436 2230 5511 bere,
2255 5438 2553 5511 quisciens‘
2576 5436 2761 5507 peccat
2785 5437 2963 5511 (Ibid.
2987 5438 3031 5511 ).

2153 5510 2307 5575 Quod
2336 5510 2403 5563 de
2434 5508 2760 5578 perfectione
2786 5508 3021 5577 hominis
3042 5509 3212 5566 renati
3234 5508 3682 5566 eontradictorias

2082 5580 2376 5657 sententias
2399 5591 2685 5657 tuetur,‘et
2710 5583 2923 5657 quidem
2966 5584 3018 5657 in
3046 5596 3153 5636 uno
3179 5580 3480 5657 eodemque
3503 5582 3679 5657 libro,

2083 5654 2339 5707 nimirum
2372 5662 2563 5725 sexto:
2593 5652 2809 5718 fatetur,
2839 5653 2982 5725 quod
3012 5668 3177 5725 nemo
3192 5667 3312 5708 esse
3342 5655 3461 5706 sine
3483 5652 3682 5705 delicto

2085 5725 2305 5799 possit_,_
2334 5724 2589 5799 quamdiu
2644 5724 2956 5799 indumento
3035 5724 3213 5780 carnis
3266 5732 3519 5799 oneratus
3562 5728 3678 5784 est,

2082 5788 2201 5869 cap.
2242 5793 2326 5850 15.
2350 5788 2444 5850 Ἑι
2484 5806 2661 5851 tamen
2691 5810 2810 5871 cap.
2834 5797 3024 5855 ultimo
3067 5809 3255 5852 verum
3282 5794 3376 5848 Dei
3416 5791 3681 5853 cultorem
