4172 6202
472 250 541 309 87
1663 251 1981 310 CENSURA
2023 251 2085 308 ΙΝ
2128 253 2592 313 LACTANTIUM.
3704 246 3776 302 88

468 368 602 424 nihil
649 369 761 425 vult
797 368 939 425 aliud
980 366 1211 439 precari,
1255 368 1355 423 nisi
1400 370 1634 439 peccatis
1675 367 1787 422 suis
1826 367 2057 433 veniam,
2091 371 2143 431 Α
2170 384 2285 424 rem
2314 368 2716 433 animadvertit,
2742 368 2862 437 quia
2892 368 3018 423 item
3047 367 3242 439 vetusti
3278 364 3500 439 codices
3532 380 3647 439 non
3670 365 3768 439 ha;

467 439 595 494 licet
618 442 760 496 nulla
790 443 914 495 sint.
1434 500 1457 511 ῃ

536 512 689 579 Quod
723 513 840 567 ideo
868 514 1029 567 Deum
1056 512 1366 582 permittere
1394 509 1594 566 malum
1623 510 1854 582 grassari
1878 509 2060 582 sentit,

463 591 523 638 ιιι
564 585 771 636 virtutis
815 583 949 636 ratio
993 594 1203 637 constet
1247 581 1385 653 (Lib.
1443 600 1493 646 v,
1543 581 1657 652 capi.
1695 585 1769 653 7).
1808 583 1919 636 Iloc
1960 581 2064 653 (ine

464 654 653 728 scribit
685 655 992 728 permittere
1042 655 1205 728 Deum
1257 652 1472 709 errores
1517 652 1655 728 (Lib.
1683 652 1744 728 tt,
1784 669 1899 728 cap.
1936 652 2061 728 [ης

465 724 572 778 hoc
603 726 707 777 line
732 724 1006 780 diabolum
1037 742 1065 780 a
1099 726 1210 781 Deo
1238 723 1536 780 excitatum
1560 727 1656 789 ait,
1681 725 1820 779 libro
1846 725 1912 778 de
1937 723 2063 792 Opi.

463 796 585 849 licio
616 795 727 859 Dei,
759 812 807 850 c.
837 797 927 853 20.
963 797 1073 853 lloc
1104 797 1223 851 tiue‘
1247 806 1446 852 tantum
1480 798 1585 851 vim
1620 796 1879 850 natricum
1911 796 2061 858 vipe-

462 881 754 939 rarumque
789 867 983 923 iactant
1010 885 1040 924 a
1076 869 1183 923 Deo
1214 877 1363 938 putat
1395 867 1533 939 (Lib.
1568 883 1661 931 vn,
1693 885 1738 921 c.
1776 868 1827 932 4,
1858 876 1902 920 et
1933 864 2063 920 libro

463 936 528 990 de
550 935 643 1010 Ira
667 935 783 1005 Dei,
816 956 862 992 c.
897 939 1013 1010 15).
1215 935 1226 938 ⁷
1300 962 1308 970 ‘

533 1009 687 1074 Quod
733 1008 1243 1077 quoties'oramus,
1276 1009 1501 1065 credere
1546 1025 1651 1064 non
1700 1009 1833 1073 vult,
1868 1008 2062 1062 tentari

461 1092 562 1134 nos
591 1097 619 1132 a
653 1081 781 1141 Deo.
815 1097 881 1134 an
911 1083 1081 1137 simus
1103 1080 1247 1147 digni
1278 1082 1516 1135 exaudiri
1552 1080 1689 1206 (Lib.
1720 1097 1796 1143 vn,
1828 1096 1874 1133 ο.
1908 1081 2022 1146 15).

532 1151 683 1206 Ouod
725 1153 969 1205 militiam
1002 1152 1203 1206 homini
1245 1152 1386 1206 iusto
1425 1168 1531 1206 non
1587 1154 1764 1206 icitatn
1806 1165 1930 1205 esse
1963 1166 2022 1206 ou

532 1151 683 1217 Quod
725 1153 969 1205 militiam
1002 1152 1203 1207 homini
1240 1152 1386 1221 justo
1425 1168 1531 1206 non
1563 1151 1764 1207 licitam
1806 1165 1930 1205 esse
1962 1166 2061 1220 pu-

458 1228 685 1362 tatéaifc
706 1238 963 1279 accusare
991 1220 1315 1294 quemquam
1336 1224 1562 1278 crimine
1582 1222 1800 1294 capitali
1822 1220 1960 1290 (Lib.
1985 1237 2059 1286 vt,

458 1306 501 1343 c.
634 1335 647 1348 .

454 1306 501 1343 ιλ
533 1306 647 1348 20).

532 1363 682 1430 Quod
708 1366 915 1419 animas
945 1364 1134 1420 scribit
1163 1375 1281 1434 post
1308 1374 1533 1421 mortem
1561 1366 1614 1419 in
1645 1382 1745 1421 una
1786 1364 2059 1418 communi

458 1436 700 1506 custodia
728 1436 982 1498 detineri,
1007 1437 1179 1491 donec
1212 1447 1423 1505 tempus
1444 1437 1715 1501 adveniat,
1746 1449 1855 1506 quo
1883 1436 2059 1506 maxi-

456 1519 577 1589 mnrs
597 1505 768 1589 Judex
799 1511 1118 1589 meritorum
1144 1507 1549 1589 faciatex'amen
1746 1505 1843 1589 vn,
1866 1522 1915 1559 ε.
1940 1505 2057 1589 21).

529 1576 683 1641 Quod
709 1577 777 1632 de
804 1581 910 1632 line
938 1580 1120 1633 saeculi
1149 1620 1160 1640 .
1194 1579 1487 1634 novissimo
1522 1576 1726 1647 judicio
1753 1588 1804 1632 ct
1834 1576 2062 1646 imperio

459 1646 608 1720 mille
637 1663 923 1720 annorum,
952 1651 1283 1720 periculosas
1315 1646 1620 1719 opiniones,
1647 1651 1736 1703 lih.
1770 1664 1859 1711 vn,
1886 1661 1937 1720 α.
1967 1649 2057 1711 li».

458 1716 549 1782 15,
581 1718 670 1791 16,
706 1720 794 1782 17,
827 1716 967 1784 θεαί
990 1722 1235 1775 inseruit.
1272 1716 1484 1775 Ex'illis
1508 1716 1649 1776 enim
1697 1723 1882 1791 liquet,
1916 1717 2055 1773 Lac-

2167 440 2299 495 bent
2325 455 2408 506 ea,
2443 455 2563 509 quae
2605 440 2657 493 in
2699 435 3093 495 recentioribus
3120 437 3457 509 editionibns
3477 451 3573 506 pro
3601 435 3774 491 Mani-

2167 511 2333 566 chzcis
2356 508 2534 566 facere
2564 510 2904 573 videbantur,
2934 518 3160 583 apparet
3188 509 3347 583 indc,_
3371 508 3774 583 ltujtts‘quoque

2167 583 2403 707 iiuctoris
2440 583 2607 638 libros
2654 597 2684 637 a
2728 578 3022 638 Manichaéo
3050 583 3284 654 quodam
3322 578 3491 635 fuisse
3533 579 3773 650 interpo-

2187 663 2324 707 atos.

2187 663 2324 708 DIOS.
3264 708 3269 711 .

2694 723 2844 780 Navi
2885 725 3249 793 chronoiogioi.

2239 794 2393 861 Quod
2443 795 2623 851 Mosen
2661 798 2947 867 nongentis
2978 799 3090 852 fere
3115 798 3270 850 anuis
3297 793 3591 867 Trojanum
3622 794 3772 850 exci-

2167 866 2312 921 diutn
2348 870 2709 922 antociessisse
2738 865 2942 931 scribit.
2973 883 3094 922 cum
3128 865 3392 921 Eusebius
3424 874 3629 919 tantum
3660 875 3768 920 tre-

2166 950 2354 992 centos
2392 938 2775 1009 quinquaginta
2806 947 3073 994 numeret.
3130 937 3235 994 Sed
3277 941 3384 1009 hate
3430 938 3772 991 controversia

2166 1010 2336 1063 adhuc
2364 1020 2437 1064 est
2465 1010 2555 1064 sub
2581 1008 2769 1071 iudice.
2807 1009 2961 1065 Multi
2988 1010 3123 1065 enim
3156 1008 3388 1078 ejusdem
3414 1018 3534 1062 sunt
3561 1009 3765 1079 opinio-

2166 1084 2246 1135 nis
2270 1098 2331 1134 ac
2352 1079 2672 1134 Lactantius.

2238 1152 2392 1220 Quod
2418 1152 2705 1221 imperium
2734 1167 2920 1223 regum
2947 1150 3312 1207 Israelilarum
3338 1149 3770 1223 annisquadrin-

2165 1223 2344 1293 gentis
2368 1224 2648 1292 sexaginta
2685 1222 2905 1290 desiuit,
2933 1223 3269 1277 doctioribus
3296 1222 3643 1292 chronologis
3670 1236 3769 1275 an-

2167 1293 2617 1366 nosquingentos
2654 1307 2709 1349 et
2751 1293 3059 1365 quindecim
3092 1293 3498 1351 uumerantibus
3524 1293 3663 1366 (Lib.
3695 1308 3767 1359 tv,

2163 1381 2211 1418 ο.
2243 1365 2323 1421 5).

2279 1365 2323 1437 ).
2376 1507 2382 1508 ί
2617 1435 2767 1508 ωυξ
2795 1435 3137 1508 ρΙιίΙοδορΙιὶςὶ
3165 1446 3284 1491 sunt
3310 1452 3328 1491 :

2236 1506 2387 1581 Quod
2412 1507 2696 1581 antipodes
2721 1505 2840 1562 esse
2869 1517 3028 1581 negat
3060 1506 3195 1581 (Lib.
3227 1524 3388 1581 unc.
3417 1505 3535 1581 ει).

2236 1580 2388 1643 Quod
2416 1579 2559 1633 inter
2588 1579 2722 1633 alias
2762 1577 2957 1632 summi
3002 1577 3128 1633 boui
3171 1577 3509 1634 conditiones
3535 1587 3590 1633 ct
3629 1577 3769 1633 hanc

2167 1650 2339 1718 ponit,
2375 1661 2430 1703 ut
2469 1649 2636 1705 solius
2681 1651 2751 1703 sit
2793 1649 2994 1715 animi,
3026 1665 3126 1703 nec
3163 1650 3554 1705 conuuuuicari
3601 1652 3770 1718 possit

2164 1736 2287 1774 cum
2314 1735 2544 1792 corpore
2570 1719 2708 1788 (Lib.
2744 1735 2824 1786 Ill,
2853 1736 2900 1774 ο.
2923 1719 3000 1792 9).
3036 1724 3120 1785 Αι,
3152 1721 3372 1791 inquam
3403 1736 3523 1789 ego,
3553 1721 3596 1774 si
3624 1736 3769 1775 sunt-

455 1778 684 1861 tantium
716 1778 902 1846 contra
930 1778 1263 1861 Scripturam
1289 1792 1423 1846 duas
1451 1778 2055 1847 asseruisse'res'urrec-
2087 1778 2136 1839 B
2164 1806 2309 1845 mum
2338 1778 2536 1846 bonum
2574 1778 3119 1861 hominis'quzeritur,
3152 1778 3313 1846 hoino
3343 1778 3521 1845 autem
3564 1806 3670 1845 non
3701 1805 3769 1845 ex

456 1858 651 1925 tiones,
682 1861 909 1917 alteram
940 1864 1007 1916 ad
1037 1858 1255 1917 aureum
1287 1863 1543 1917 szeculum
1573 1863 1888 1922 milli-uarii.
1918 1862 2057 1915 alte-

454 1943 571 2009 ram
597 1930 664 2009 ad
693 1932 1122 2009 destructionem
1140 1934 1334 2009 diaboli
1363 1943 1417 1988 et
1445 1935 1766 2002 impiorum;
1794 1932 1901 1986 duo
1928 1931 2055 1985 item

447 2000 650 2075 judicia
702 2006 1043 2060 universalia.
1101 2006 1295 2075 Liquet
1350 2000 1605 2060 statuiSse
1672 2018 1797 2060 eum
1848 2012 2056 2057 tantum

455 2071 596 2146 pios,
626 2087 938 2146 nouantem
967 2088 1019 2132 et
1051 2071 1246 2146 impios
1271 2077 1567 2144 judicatum
1599 2076 1684 2130 iri.
1819 2145 1827 2146 ί
1919 2144 1927 2146 _
1998 2076 1999 2079 “

527 2141 679 2207 Quod
721 2144 952 2216 denique
1001 2141 1143 2201 mire'
1180 2141 1409 2215 nugatur
1439 2162 1547 2201 non
1588 2149 1763 2201 solum
1799 2145 1867 2200 de
1903 2144 2058 2198 Anti-

453 2210 680 2281 christo,
713 2210 901 2271 verum
940 2218 1007 2272 dc
1050 2210 1285 2272 adventu
1330 2218 1491 2272 ctiam
1523 2217 1689 2271 Helia:
1737 2220 1787 2270 in
1831 2227 2051 2280 terram,

453 2295 788 2358 conversum
818 2291 1018 2342 multos
1043 2289 1107 2342 ad
1137 2290 1225 2343 Dei
1253 2288 1453 2343 cultum
1483 2287 1621 2358 (Lib.
1654 2304 1744 2354 vn,
1776 2304 1824 2341 c.
1850 2286 1964 2357 17).

529 2353 702 2411 Fuere
731 2358 820 2427 qui
867 2359 1248 2414 Manichaeismi
1285 2353 1501 2429 quoque
1527 2353 1864 2414 Laetantiutn
1893 2353 2056 2411 accu-

453 2437 575 2479 sare
623 2442 728 2500 non
773 2429 1173 2486 dubitaverunt.
1209 2430 1314 2487 Sed
1358 2432 1484 2500 quia
1533 2445 1632 2500 nec
1673 2430 2053 2499 Hieronymus,

452 2510 555 2550 nec
577 2497 859 2569 quisquam
892 2503 1028 2556 alius
1060 2512 1300 2557 veterum
1331 2497 1474 2557 hunc
1514 2502 1566 2556 in
1592 2497 2057 2557 Lactantio‘erro-

460 2656 764 2675 ~—

2163 1863 2276 1933 sola
2307 1864 2485 1917 anima
2504 1904 2517 1926 ,
2551 1862 2645 1917 sed
2673 1877 2737 1916 ex
2766 1864 2948 1933 anima
2974 1872 3029 1916 et
3057 1878 3287 1933 corpore
3330 1863 3487 1916 simul
3534 1872 3767 1927 constat,

2165 1932 2353 1999 utique
2385 1949 2490 1989 non
2523 1933 2693 1987 solius
2719 1932 2909 1997 animi,
2941 1933 3036 1987 sed
3068 1934 3231 1987 animi
3260 1945 3312 1988 ct
3338 1933 3581 2002 corporis
3609 1933 3771 1987 simul

2162 2017 2432 2058 summum
2466 2006 2663 2059 bonum
2691 2006 2835 2057 erit:
2871 2004 3329 2073 quemadmodum
3369 2003 3767 2069 immortalitas,

2161 2089 2321 2143 quam
2348 2075 2659 2130 Lactantius
2680 2089 2950 2129 summum
2976 2075 3176 2129 bonum
3200 2077 3468 2139 nominat,
3486 2074 3552 2128 ad
3575 2088 3774 2143 corpus

2164 2146 2368 2215 pariter
2395 2157 2449 2200 et
2473 2148 2709 2200 animum
2741 2145 3031 2200 referetur.

2235 2216 2391 2283 Quod
2437 2216 2791 2286 reprehendit
2831 2217 2928 2269 viri
2959 2217 3082 2271 boni
3132 2215 3506 2272 deﬁnitionem
3558 2215 3775 2271 Cicero-

2162 2289 2395 2352 nianam,
2439 2304 2543 2356 qua
2592 2289 2790 2341 nemini
2825 2302 3021 2342 nocere
3064 2288 3143 2342 vir
3190 2288 3364 2342 bonus
3405 2287 3625 2348 dicitur.
3672 2288 3775 2342 nisi

2162 2359 2356 2427 injuria
2406 2358 2690 2414 lacessitus
2730 2356 2878 2428 (Lib.
2910 2374 2984 2423 Vl,
3014 2375 3062 2411 c.
3094 2359 3224 2428 18),
3254 2374 3377 2412 cum
3423 2359 3614 2414 Cicero
3662 2374 3771 2415 non

2160 2429 2230 2485 de
2262 2432 2488 2500 privata,
2520 2429 2613 2484 sed
2639 2428 2855 2499 publica
2880 2430 3116 2485 vindicta
3148 2431 3416 2500 loquatur.

766 2650 3733 2680 W

754 2774 1025 2922 AN
1028 2782 1159 2924 N
1168 2772 2071 2927 OTATION
2078 2774 2310 2923 ES
2373 2770 3472 2924 CENSORLZE

1110 3062 1232 3144 IN
1290 3059 1831 3170 QU/EDAM
1886 3056 2529 3142 LACTANTII
2603 3056 3121 3151 ERRATA,

1121 3250 1239 3312 EX
1281 3248 1572 3313 (ΖΟΒίοΕ
1617 3245 2187 3311 MANUSCRIPTO
2228 3243 2797 3309 BIBLIOTHECIE
2838 3244 3111 3309 REGle

1279 3434 1545 3480 NUMERO
1577 3431 1944 3489 MDCLXXHI,
1976 3430 2175 3475 INTER
2215 3429 2612 3493 TEEOLOGOS,
2641 3431 2950 3479 IN-FOLIO.

568 3606 749 3665 LUCII
788 3606 1007 3666 C(ELII
1038 3608 1404 3667 LACTANTII
1445 3606 1753 3665 FIRMIANI
1794 3601 2177 3661 lllVlNARUM
2216 3600 2751 3660 INSTITUTIONUM
2790 3600 3159 3659 ADVERSUS
3196 3598 3511 3665 GENTES,
3553 3599 3643 3655 AD

1255 3700 1785 3759 CONSTANTINUM
1824 3695 2364 3763 IMPERATOREM,
2404 3695 2615 3753 LIBER
2655 3697 2931 3754 PRIMUS.

447 3979 497 4034 E
539 3976 1168 4061 ββρνιριχιςλιιψυδ
1192 3973 1525 4061 ΔΡΑιῑιιιιΑδ
1558 3972 1831 4061 ιξιιιιιιιιῖ
1878 3971 2055 4028 ιιΑῑο
2079 3998 2125 4061 C

526 4048 932 4106 LEGUNTUR
957 4067 974 4104 :
1000 4048 1290 4103 Correctum
1319 4049 1552 4117 volumen
1580 4046 1848 4117 hoqijuxta
1875 4062 2054 4117 censu-

2233 3972 2358 4027 Haac
2387 3971 2445 4026 8,
2476 3970 2771 4025 Damasus:
2801 3969 2895 4025 sed
2923 3970 3048 4025 etS.
3080 3968 3461 4042 Hieronymus,
3485 3969 3643 4037 epist.
3668 3971 3757 4042 15,

2160 4042 2227 4097 ad
2267 4043 2544 4098 Paulinum
2575 4042 2783 4103 inquit:
2819 4060 2838 4093 ι
2880 4042 3190 4096 Lactantius
3220 4041 3370 4111 quasi
3415 4042 3630 4110 quidam
3663 4041 3759 4096 llu-

525 4140 638 4178 ram
662 4124 938 4176 admodum
967 4121 1094 4176 Rev.
1130 4119 1302 4173 Patris
1330 4117 1418 4171 Jo.
1444 4116 1630 4171 Maria:
1654 4112 1938 4181 B'rasichel,
1970 4132 2057 4169 δα-
2159 4116 2279 4168 vius
2307 4113 2630 4182 eloquentia:
2659 4112 2941 4173 Tulliaum,
2973 4114 3177 4167 utinam
3208 4123 3315 4167 tam
3347 4124 3528 4166 nostra
3561 4115 3759 4167 contir-

528 4196 603 4249 cri
652 4193 846 4248 Palatii
896 4204 1062 4261 apost.
1109 4191 1356 4258 magistri,
1400 4204 1533 4261 anno
1565 4188 1721 4261 16117,
1778 4204 1810 4240 a
1856 4203 2053 4261 cunmm

521 4267 751 4336 pontiﬁc.
788 4256 959 4320 Paulo
1067 4256 1364 4336 constituti,
1395 4259 1877 4336 ordinisb'ralrunt
1907 4256 2053 4312 Prte-

520 4330 804 4392 dicatorum
833 4335 1085 4406 generalis
1114 4333 1280 4406 electi,
1310 4348 1445 4406 anno
1477 4330 1636 4406 1608,
1668 4330 1911 4406 atquein
1941 4346 2051 4406 am_-

519 4409 749 4477 plissimo
770 4400 1116 4462 cardinalitia:
1135 4404 1401 4475 dignitatis
1421 4402 1585 4473 gradu
1614 4418 1749 4455 anno
1782 4401 1915 4456 ltili
1946 4400 2051 4453 col-

517 4481 626 4534 lati.

442 4595 677 4652 PORRO
700 4594 795 4684 ᾼι)
821 4591 1184 4673 MARGINEM
1209 4589 1370 4647 HIEC
1399 4588 1610 4645 INFRA
1630 4586 2042 4645 LEGUNTUR:

518 4754 594 4807 De
645 4752 922 4807 Lactantio
960 4750 1238 4806 Firmiano
1280 4749 1435 4817 plura
1482 4747 1541 4804 8.
1583 4747 1945 4817 Hieronymus
1991 4746 2043 4800 in

441 4822 698 4893 Catalogo
726 4834 777 4879 et
802 4824 1027 4893 epistola
1050 4824 1142 4888 83,
1158 4823 1226 4875 ad
1244 4817 1517 4890 Magnum,
1536 4834 1697 4893 quem
1731 4817 1955 4893 miritice
1975 4818 2043 4872 ab

439 4890 745 4967 eloquentia
776 4890 980 4967 laudat.
1008 4894 1275 4950 Cmtcrum
1318 4908 1387 4948 ne
1430 4891 1704 4967 contingat
1733 4890 2040 4958 quempiam

439 4970 493 5023 ia
522 4964 785 5022 Lactantii
814 4982 1036 5035 operum
1063 4967 1343 5021 lectionem
1368 4964 1684 5032 impingere,
1705 4974 2038 5035 ριεειιιοιιθιιο

438 5039 540 5095 dus
568 5040 758 5102 lector,
790 5031 949 5107 quam
979 5037 1081 5106 ipsi
1113 5039 1506 5105 circumspecte
1534 5044 1589 5107 et
1615 5031 2040 5107 suspensopede

433 5109 491 5164 in
524 5103 902 5180 pervolven'dis
930 5103 1173 5178 ejusdem
1201 5103 1438 5180 anetoris
1480 5104 1699 5180 scriptis
1738 5104 1856 5180 sit._
1870 5103 2038 5180 Eum-

437 5173 561 5236 dem
580 5180 638 5236 8.
667 5180 930 5235 Damasus
956 5173 1207 5233 romanus
1230 5176 1465 5247 pontifex
1491 5176 1713 5244 epistola
1736 5174 1800 5228 ad
1824 5173 1881 5230 8.
1912 5173 2040 5247 [lie-

437 5267 745 5322 ronyunun,
785 5266 905 5322 quia:
935 5261 1017 5304 est
1062 5250 1165 5304 121
1211 5246 1351 5322 inter
1397 5248 1727 5322 Hieronymi
1753 5246 2032 5322 epistolas,

441 5317 559 5392 lta‘é
586 5323 697 5375 ait:
735 5341 753 5373 ι
791 5317 989 5376 Fateor
1017 5323 1216 5392 quippe
1242 5320 1353 5392 tibi
1383 5317 1674 5392 eos,_qttos
1709 5317 2032 5392 jampridem

436 5390 702 5446 Laetantii
732 5392 959 5446 dederas
989 5388 1174 5457 libros,
1207 5390 1328 5446 ideo
1354 5404 1462 5445 non
1493 5388 1721 5444 libenter
1743 5390 1882 5458 lego,
1908 5389 2033 5458 quia

433 5472 491 5518 et
542 5462 784 5531 plurimae
826 5463 1069 5528 epistola:
1110 5465 1161 5517 in
1207 5462 1285 5517 eis
1328 5476 1497 5530 usque
1536 5460 1606 5531 ad
1648 5460 1813 5515 millia
1861 5459 2031 5529 Spatia

434 5529 686 5590 versuum
719 5533 1032 5602 tenduntur,
1056 5543 1109 5588 et
1133 5548 1258 5587 raro
1283 5532 1351 5587 de
1372 5529 1556 5587 nostro
1578 5529 1827 5601 dogmate
1849 5533 2034 5602 dispu-

434 5613 568 5661 tant.
600 5606 719 5671 Quo
748 5605 835 5671 tit,
862 5614 916 5658 ut
942 5615 997 5659 et
1030 5603 1227 5673 legenti
1257 5603 1526 5658 fastidium
1553 5612 1774 5671 generet
1800 5604 2033 5673 longitu-

435 5676 536 5742 do;
566 5686 622 5731 et
658 5676 703 5731 si
747 5693 866 5744 qua:
911 5673 1091 5730 brevia
1136 5684 1282 5742 sunt,
1331 5673 1667 5729 scholasticis
1714 5675 1883 5744 magis
1923 5677 2031 5729 sint

433 5761 556 5818 apta
579 5790 593 5815 ,
625 5764 785 5818 quam
814 5746 1011 5818 nobis,
1042 5747 1110 5801 de
1138 5748 1357 5817 metris,
1388 5754 1446 5803 ct
1485 5746 1766 5817 regionum
1804 5747 1943 5817 situ,
1973 5753 2032 5802 et

430 5817 765 5890 philosophis
791 5817 1140 5891 disputantia.
1174 5836 1195 5872 ι

2159 4200 2307 4239 mare
2326 4184 2610 4253 pctuisset,
2627 4198 2785 4252 quam
2804 4184 2958 4239 facile
2979 4184 3154 4239 aliena
3177 4184 3470 4239 destruxit!
3501 4202 3519 4234 ι
3550 4182 3614 4236 Ει
3634 4185 3669 4237 l.
3696 4199 3753 4250 ιι,

2155 4256 2208 4311 in
2242 4255 2535 4324 Epistolam
2567 4254 2633 4308 ad
2664 4253 2882 4310 Galatas
2908 4272 3026 4326 cap.
3052 4272 3125 4321 ιν,
3159 4257 3270 4308 ait:
3297 4272 3322 4326 VC
3356 4254 3502 4307 Multi
3534 4269 3630 4322 per
3658 4256 3757 4309 im-

2156 4328 2402 4396 peritiam
2430 4326 2828 4393 Scripturarum
2859 4325 3024 4398 (quOd
3055 4336 3112 4382 et
3144 4325 3445 4398 Firmianus
3485 4327 3537 4378 in
3565 4336 3756 4380 octavo

2153 4399 2221 4452 ad
2274 4398 2666 4451 Demetrianmn
2718 4396 3065 4467 epistularum
3113 4399 3248 4451 libro
3298 4396 3463 4467 facit)
3509 4409 3756 4452 asserunt

2151 4468 2410 4539 Spiritum
2442 4479 2708 4532 sanctum,
2739 4483 2884 4536 saepe
2917 4470 3153 4534 Patrem,
3186 4484 3330 4537 saepe
3357 4466 3550 4522 Filium
3581 4470 3754 4539 nomi-

2152 4538 2289 4595 nari.
2340 4560 2360 4593 ι
2404 4540 2636 4594 Rursum
2670 4540 2926 4609 Apologia
2957 4541 3021 4592 ad
3061 4539 3465 4594 Pammachium
3495 4548 3549 4594 et
3577 4538 3752 4595 Ocea-

2152 4627 2279 4665 num
2308 4612 2515 4681 inquit:
2550 4628 2579 4681 «ί
2605 4609 2912 4664 Lactantius
2938 4611 2990 4664 in
3020 4610 3173 4666 libris
3198 4610 3331 4678 suis,
3353 4620 3407 4665 et
3439 4611 3671 4665 maxime
3697 4611 3749 4665 in

2149 4680 2391 4752 epistolis
2439 4681 2507 4734 ad
2561 4680 2992 4749 Demetrianum,
3039 4683 3272 4751 Spiritus
3315 4681 3487 4735 sancti
3527 4681 3751 4736 omnino

2149 4764 2310 4824 negat
2356 4752 2709 4808 substantiam
2755 4763 2811 4808 et
2841 4769 3041 4824 errore
3065 4754 3285 4824 judaieo
3330 4753 3476 4824 dicit,
3513 4767 3636 4807 eum
3679 4753 3748 4808 ad

2147 4822 2359 4879 Pairem
2385 4824 2593 4886 referri.
2621 4824 2705 4877 vel
2737 4824 2802 4878 ad
2833 4823 3023 4878 Filium
3043 4822 3142 4889 {et
3168 4824 3233 4879 ad
3265 4822 3746 4879 sanctiticationem

2146 4897 2427 4963 utriusque
2464 4895 2722 4966 Personae
2772 4896 2874 4950 sub
2920 4896 3037 4966 ejus
3089 4897 3307 4949 nomine
3360 4897 3745 4966 demonstrari.

2144 4966 2275 5035 Quis
2303 4966 2434 5022 mihi
2463 4965 2786 5021 interdicere
2830 4977 3026 5036 potest,
3069 4981 3136 5021 ne
3175 4967 3345 5035 legam
3384 4966 3500 5037 ejus
3531 4965 3747 5023 Institu-

2144 5042 2347 5092 tionum
2389 5038 2579 5098 libros.
2620 5037 2814 5104 quibus
2853 5048 3040 5092 contra
3074 5047 3264 5107 gentes
3307 5037 3524 5104 scripsit
3565 5038 3744 5093 fortis-

2142 5111 2300 5172 sime,
2331 5109 2452 5179 quia
2481 5110 2730 5178 superior
2759 5110 3024 5165 sententia
3053 5108 3370 5164 deteStanda
3401 5109 3521 5165 est?
3544 5130 3564 5163 ι
3600 5109 3742 5165 ﬂac-

2144 5189 2298 5237 tenns
2323 5180 2379 5236 S.
2413 5180 2793 5251 Hieronymus.

2213 5251 2273 5307 S.
2307 5251 2553 5309 Gelasius
2599 5251 2651 5305 in
2703 5251 2933 5306 concilio
2977 5265 3205 5305 romano
3252 5251 3333 5306 sic
3383 5251 3739 5320 pronuntiat:

2138 5320 2400 5392 Opuscula
2431 5322 2692 5377 Lactantii
2727 5322 3067 5394 apocrypha.
3102 5322 3178 5377 lta
3218 5338 3351 5378 sane
3379 5323 3436 5379 8.
3467 5322 3734 5389 Pontifex,

2136 5394 2284 5464 gravi
2312 5405 2631 5465 maturoqne
2646 5391 2850 5462 judicio
2874 5391 3103 5448 censuit.
3133 5394 3263 5449 Nam
3293 5394 3349 5449 in
3377 5395 3456 5447 his
3497 5394 3729 5448 Lactan-

2138 5464 2195 5520 tii
2237 5465 2494 5534 operibus
2524 5466 2844 5532 multiplices
2886 5479 3103 5519 errores
3131 5476 3185 5519 et
3210 5465 3490 5520 sententia:
3523 5479 3553 5518 a
3584 5467 3731 5532 puri-

2136 5543 2245 5592 tate
2271 5535 2589 5591 orthodoxae
2628 5535 2885 5589 doctrinm
2925 5536 3314 5604 discrepantes.
3360 5536 3555 5590 Earum
3591 5537 3733 5592 indi-

2134 5622 2251 5663 cem
2281 5609 2535 5678 magister
2566 5606 2829 5660 Antonius
2854 5607 3156 5662 Rattdeusis
3184 5607 3248 5678 ad
3278 5605 3545 5675 ﬁnemque
3580 5608 3737 5663 libro.

2133 5694 2253 5734 rum
2293 5676 2555 5734 Lactantii
2588 5678 2832 5732 attexuit.
2869 5678 3066 5734 Verum
3104 5688 3159 5733 et
3196 5676 3487 5732 Francisco
3530 5678 3733 5736 Phile!—

2132 5749 2242 5821 pho
2264 5750 2354 5806 lib.
2383 5748 2839 5823 tv_Epis_tolarum,
2863 5762 2918 5806 et
2946 5751 3127 5823 multis
3149 5749 3376 5823 eruditis
3403 5748 3573 5803 visum
3598 5749 3728 5823 (est)

2133 5818 2393 5879 censuras
2436 5818 2737 5878 Raudensis
2783 5820 2837 5876 in
2880 5820 3200 5892 quibusdam
3232 5818 3457 5877 nimium
3489 5818 3726 5889 atroces",
