4172 6202
368 278 444 340 89
1570 283 1892 343 CENSURA
1929 284 1998 342 IN
2036 283 2501 346 LACTANTIUM.
3596 282 3668 342 90

368 393 422 450 in
463 392 594 476 aliis
642 393 889 466 ineptas,
945 395 1220 469 multaque
1262 398 1367 457 alia
1415 400 1763 472 castigatione
1805 400 1962 472 digna
1989 399 2043 460 A
2138 403 2342 476 Eodem
2392 405 2529 461 libro
2557 419 2640 470 vi,
2681 402 2858 476 capite
2885 400 3003 476 20;
3040 400 3179 476 Non;
3207 401 3342 458 enim
3371 417 3487 458 cum
3531 399 3670 476 occi-

365 480 639 523 omlSISSC.

444 538 608 614 Libro
658 554 711 603 ι,
760 538 828 614 ad
879 547 1041 614 caput
1079 541 1160 595 7:
1206 540 1393 598 Verum
1428 545 1589 614 quia,
1639 552 1744 599 etc.
1799 542 1965 599 Caute

366 610 492 681 lege
519 611 616 664 ista
656 611 836 665 omnia
877 611 943 664 ad
994 611 1155 669 linem
1208 629 1381 682 uSque
1431 610 1657 679 capitis,
1701 630 1824 668 nam
1867 630 1963 671 ve-

366 682 654 757 hementer
693 681 988 757 abhorrent
1026 698 1057 737 a
1084 699 1233 740 more
1263 686 1512 757 loquendi
1546 685 1918 756 theologorum
1947 704 1960 738 :

365 768 547 823 neque
566 753 708 807 enim
741 754 878 827 Deus
906 769 934 806 a
966 768 1024 807 se
1055 757 1171 825 ipso
1196 753 1408 826 genitus
1435 766 1549 818 est,
1578 766 1672 812 aut
1717 753 1967 827 procrea-

365 832 496 899 tus,
538 839 661 899 cuin
713 825 843 879 nihil
896 828 1064 892 magis
1119 825 1450 898 impossibile
1501 827 1614 899 (sit)
1661 825 1819 898 quam
1871 829 1968 883 ali-

364 896 497 967 quid
542 895 780 971 seipsum
836 911 1094 971 generare
1138 895 1230 954 aut
1276 895 1605 971 producere;
1655 895 1753 955 nec
1783 899 1968 954 viden-

366 966 459 1041 t’ur
489 968 653 1041 verba
680 966 955 1041 (Lactantii
977 968 1030 1023 in
1057 970 1257 1026 bonum
1277 966 1518 1041 aliquem
1556 986 1775 1027 sensum
1808 985 1967 1041 posse

365 1039 589 1115 reduci,
642 1036 741 1115 nisi
785 1040 1060 1115 negative;
1092 1058 1125 1094 a
1154 1059 1219 1115 se
1245 1043 1353 1112 ipse
1379 1036 1606 1115 genitus,
1637 1042 1689 1097 id
1721 1036 1832 1108 est,
1856 1059 1968 1115 non

364 1110 434 1184 ab
463 1111 568 1184 alio
606 1111 840 1184 genitus.
886 1110 1123 1181 Denique
1151 1113 1205 1168 in
1254 1110 1352 1168 hac
1380 1110 1557 1184 'causa
1582 1155 1596 1175 ,
1627 1130 1784 1184 quam
1834 1114 1966 1169 illttd

364 1181 660 1237 absurdum
682 1199 697 1255 ς
728 1181 841 1255 ﬁeri
862 1196 960 1255 non
976 1194 1167 1255 potest,
1193 1185 1314 1255 quin
1339 1184 1394 1239 id
1416 1183 1554 1255 quod
1581 1181 1667 1251 sit,
1690 1186 1968 1254 aliquando

364 1269 480 1325 esse
508 1254 736 1325 εωρεζὶι.
786 1252 915 1325 Vide
938 1250 1271 1325 ⁸Αρραναιιὶιιι
1313 1250 1527 1311 sacrum
1573 1250 1857 1313 PoSsev'ini
1908 1258 1962 1312 iu

366 1322 614 1380 Gilberto
642 1322 1011 1380 Genebrardo.

443 1395 603 1451 Libro
632 1411 699 1461 ιι,
727 1395 796 1450 ad
822 1405 982 1463 eaput
1012 1397 1076 1452 14
1108 1416 1120 1450 :
1150 1396 1220 1451 In
1247 1409 1448 1453 centum
1472 1407 1518 1453 et
1547 1414 1621 1454 xx
1648 1400 1816 1454 anuis.
1854 1397 1970 1453 Dis—

364 1471 609 1538 sentiunt
652 1468 720 1521 ab
759 1465 860 1538 hac
902 1466 1160 1523 Lactantii
1205 1470 1479 1538 opinione,
1507 1485 1625 1537 quzc
1662 1471 1824 1525 etiam
1873 1470 1970 1526 fuit

363 1537 629 1611 Josephi,
676 1538 734 1593 S.
779 1537 1139 1611 Hieronymus
1182 1537 1251 1594 in
1284 1541 1659 1595 traditionibus
1700 1540 1969 1597 hebraicis

361 1608 423 1682 in
468 1608 670 1682 Cenes.
699 1623 773 1682 vi.
807 1608 862 1665 S.
895 1608 1313 1682 Chrysostomus
1353 1611 1548 1666 Homil.
1579 1612 1674 1678 20,
1707 1613 1759 1667 in
1790 1612 1969 1669 Gene-

361 1681 514 1756 sim,
540 1690 607 1756 et
625 1680 874 1756 plerique
890 1680 1061 1756 ferme
1084 1696 1294 1738 omnes.
1326 1682 1465 1756 Vide
1478 1683 1693 1756 Sixtum
1727 1684 1969 1756 (Senen-

361 1755 526 1822 sem)
558 1752 643 1806 lib.
679 1767 712 1807 v
742 1751 1121 1820 Bibliothecae,
1166 1762 1406 1810 annotat.
1437 1753 1526 1819 75,
1558 1763 1613 1810 et
1639 1751 1970 1812 recentiores

362 1824 698 1892 interpretes
722 1824 774 1877 in
802 1839 852 1878 v1
882 1822 1129 1880 Genesis.

440 1894 649 1949 Eodem
683 1894 819 1949 libro
828 1910 916 1969 ιι,
961 1896 1137 1965 capite
1177 1896 1424 1969 15,7Cum
1448 1913 1579 1969 ergo
1608 1914 1849 1953 numerus
1878 1899 1971 1953 Ito-

360 1966 599 2031 minum,
653 1974 771 2040 etc.
818 1965 1222 2040 Circumspecte
1272 1965 1559 2037 legendum
1612 1969 1716 2024 hoc
1772 1980 1966 2040 caput,

362 2054 495 2093 nam
554 2036 841 2092 nonnullos
895 2036 1112 2095 errores
1181 2036 1488 2095 Lactantius
1539 2041 1794 2109 implicat.
1841 2036 1970 2095 'Pri-

362 2124 492 2165 mus
534 2117 652 2175 est,
701 2110 864 2163 Deum
913 2110 983 2164 ab
1032 2110 1182 2165 initio
1231 2111 1481 2166 tribuisse
1534 2112 1751 2167 diabolo
1807 2120 1969 2167 terra:

361 2188 709 2252 potestatem.
747 2181 1058 2245 Secundus,
1105 2182 1325 2250 angelos
1372 2196 1479 2236 non
1529 2185 1724 2239 missos
1766 2184 1830 2237 ad
1873 2183 1970 2237 hoc

365 2251 829 2326 ininumtutelam
848 2294 863 2318 ,
892 2253 997 2326 nisi
1026 2264 1310 2326 postquam
1339 2268 1508 2324 genus
1536 2255 1829 2309 hmnanum
1859 2269 1971 2311 c03-

363 2324 544 2396 pisset
585 2325 908 2379 increscere.
943 2324 1194 2393 Tertius,
1245 2326 1564 2394 praecepisse
1611 2326 1776 2382 Deum
1816 2327 1970 2381 bonis

360 2396 611 2465 angelis,
643 2410 709 2449 ue
742 2405 901 2468 terrae
922 2398 1244 2468 contagione
1273 2397 1696 2462 macularentur,
1727 2413 1795 2454 ne
1836 2397 1966 2453 sub-

362 2469 584 2539 stantia:
608 2466 846 2522 ctelestis
869 2466 1179 2523 amitterent
1203 2469 1542 2539 dignitatem.
1570 2468 1824 2536 Quartus,
1854 2468 1971 2523 dia-

362 2538 557 2594 bolum
582 2540 837 2608 paulatim
867 2539 1159 2609 pellexisse
1184 2538 1351 2594 bonos
1376 2539 1599 2608 angelos
1623 2539 1688 2594 ad
1721 2542 1850 2595 vitia
1868 2582 1882 2604 ,
1911 2550 1967 2595 et

363 2625 471 2667 eos
502 2612 785 2666 mulierum
818 2610 1197 2677 congressibus
1227 2611 1558 2678 inquinasse.
1587 2611 1835 2677 Quintus,
1867 2612 1970 2667 hoc

364 2697 495 2737 esse
537 2693 851 2752 peccatum,
892 2682 963 2736 ob
992 2683 1133 2751 quod
1177 2683 1350 2752 angeli
1399 2700 1429 2737 e
1472 2683 1610 2737 caelo
1649 2684 1966 2738 ceciderint.

371 2753 598 2818 Sextus,
625 2768 657 2809 e
676 2768 970 2824 congressu
999 2754 1092 2809 illo
1130 2755 1441 2824 angelorum
1471 2768 1594 2808 cum
1632 2753 1843 2809 feminis
1874 2770 1969 2808 na-

364 2835 488 2881 tum
516 2840 639 2881 esse
662 2826 877 2880 tertium
903 2840 1072 2893 genus
1093 2841 1301 2888 eorum.
1330 2826 1420 2896 qui
1446 2840 1621 2893 neque
1650 2826 1825 2895 angeli
1859 2840 1969 2881 cae-

364 2898 562 2962 lestes,
586 2911 758 2967 neque
788 2896 1053 2963 homines,
1071 2912 1245 2965 neque
1270 2897 1546 2952 datmones
1578 2896 1771 2952 inferni
1794 2896 1965 2958 fuere;

366 2968 473 3024 sed
514 2969 756 3024 sobolem
797 2968 1085 3038 quamdam
1119 2967 1452 3024 terrestrium
1483 2968 1789 3023 daemonum
1812 3010 1827 3033 ,
1876 2969 1968 3039 qui

361 3050 501 3095 sunt
520 3040 797 3111 hominum
822 3047 1135 3105 tentatores,
1162 3039 1501 3111 deceptores,
1530 3043 1856 3111 magicarum
1882 3055 1970 3094 ar—

362 3111 507 3167 tium
540 3121 595 3167 et
621 3110 975 3165 humanarum
1004 3110 1368 3167 calamitatum
1400 3126 1462 3166 ac
1492 3110 1755 3166 malorum
1783 3120 1966 3166 aucto-

2068 476 2187 530 dere
2231 475 2369 532 Deus
2412 487 2576 542 vetat,
2624 473 2943 531 etcCCaute
2984 474 3104 545 lege
3149 473 3337 530 decem
3368 484 3461 530 aut
3502 473 3670 530 unde-

2067 548 2170 603 cim
2202 548 2331 603 istas
2372 549 2575 615 lineas;
2621 563 2743 602 nam
2770 546 2878 602 duo
2922 545 3082 602 docet
3117 545 3427 601 Lactantius
3455 560 3484 600 a
3514 553 3666 602 recta

2069 619 2352 687 tlteologize
2406 622 2610 675 ratione
2676 634 2897 688 prorsus
2962 617 3328 673 abhorrentia.
3380 616 3664 688 Primum,

2068 706 2174 744 non
2223 705 2342 745 esse
2386 691 2585 746 licitum
2634 690 2881 746 occidere
2924 688 3196 744 hominem
3228 688 3279 743 iu
3311 687 3507 755 iudicio
3536 696 3592 743 et
3634 702 3667 743 a

2069 760 2282 832 publica
2328 771 2621 829 potestate,
2667 777 2843 829 neque
2883 775 3143 832 accusare
3186 758 3665 832 quemquam_c_ri-

2068 828 2216 888 inine
2244 834 2477 900 capitali,
2503 835 2590 899 qui
2620 842 2703 887 est
2726 828 3040 887 manifestus
3066 828 3239 886 error.
3266 830 3399 886 Vide
3431 829 3490 887 S.
3518 828 3667 885 Tho-

2069 917 2233 958 mam.
2257 903 2349 966 22,
2375 914 2566 973 quaest.
2598 905 2688 969 64,
2709 913 2810 959 art.
2845 904 2879 957 2
2906 913 2959 956 et
2985 904 3040 967 5,
3071 902 3291 973 ejusque
3320 903 3663 973 interpretes;

2069 983 2123 1029 et
2146 972 2524 1029 Bellarminum
2555 976 2693 1031 libro
2716 990 2766 1030 ut
2796 974 2863 1029 de
2891 972 3237 1041 Laicis,'cap.
3270 973 3337 1028 12
3362 983 3417 1028 et
3445 973 3533 1028 15.
3563 972 3666 1029 Se-

2069 1046 2323 1118 cundum.
2357 1063 2531 1118 neque
2575 1048 2739 1103 licere
2781 1045 3090 1101 christianis
3120 1045 3383 1118 militare,
3411 1059 3530 1118 qua:
3564 1042 3668 1118 fuit

2069 1116 2296 1172 haeresis
2325 1114 2766 1177 Mauirhmorum,
2794 1128 2842 1170 et
2868 1125 3055 1171 nostro
3081 1117 3281 1172 saeculo
3298 1115 3509 1172 Erasmi
3531 1114 3666 1170 alio—

2067 1202 2296 1259 rumque
2315 1189 2664 1245 Novatorum.
2686 1188 2822 1244 Vide
2844 1188 2900 1246 S.
2926 1188 3188 1243 Thomam
3210 1187 3329 1253 2-2,
3353 1194 3546 1259 quaest.
3566 1184 3662 1259 40,

2068 1268 2172 1333 art.
2208 1257 2259 1325 1,
2303 1261 2526 1333 ejusque
2572 1262 2923 1333 interpretes;
2971 1259 3415 1333 Sixtum_lib._v_t
3465 1257 3663 1333 Biblio-

2071 1329 2240 1391 thec.,
2269 1328 2453 1388 annotl
2486 1332 2609 1392 156:
2634 1328 2942 1387 Bellarmin.
2976 1330 3069 1385 lib.
3096 1345 3153 1384 ιιι
3180 1329 3249 1385 de
3267 1329 3463 1395 Laicis,
3489 1343 3541 1384 c.
3568 1328 3663 1385 64.

2144 1401 2347 1457 Eodem
2396 1405 2539 1461 libro
2584 1420 2666 1469 Vl,
2717 1404 2893 1471 capite
2935 1401 3050 1458 25:
3099 1400 3254 1455 Nunc
3299 1400 3363 1455 de
3411 1399 3666 1471 sacrificio

2068 1472 2211 1541 ipso,
2267 1483 2369 1529 etc.
2429 1475 2543 1530 Non
2595 1475 2725 1529 satis
2777 1470 2999 1528 cordate
3050 1473 3286 1542 disputat
3340 1471 3441 1526 hoc
3493 1470 3668 1540 capite

2070 1542 2381 1603 Lactantius
2431 1546 2501 1602 de
2553 1556 2780 1601 externo
2831 1545 2922 1599 Dei
2970 1542 3155 1609 cultu,
3195 1542 3406 1613 templis
3447 1555 3666 1597 eorum-

2070 1631 2177 1686 que
2200 1628 2412 1683 oruatu,
2447 1617 2708 1681 donariis,
2736 1615 3020 1679 sacriﬁcio;
3050 1614 3261 1669 videtur
3283 1614 3425 1686 enim
3451 1627 3667 1668 omnem

2070 1685 2356 1743 externum
2427 1690 2521 1747 Dei
2573 1690 2775 1743 cultum
2840 1686 3164 1757 improbare.
3222 1685 3478 1755 Equidem
3531 1698 3671 1753 prae-

2071 1759 2287 1828 cipuum
2336 1761 2591 1817 Ecclesia:
2627 1756 2946 1815 sacriﬁcium
2990 1756 3344 1813 Eucharistiae
3384 1766 3668 1828 externum

2074 1825 2289 1901 quoque
2332 1848 2524 1902 magna
2572 1847 2639 1885 ex
2693 1842 2840 1900 parte
2869 1838 2985 1902 est,
3028 1839 3083 1883 et
3121 1825 3487 1902 externo_ritu
3519 1840 3669 1902 mac-

2074 1897 2235 1956 tatur.
2282 1897 2504 1971 Insuper
2546 1903 2647 1956 etsi
2694 1897 2874 1957 cultus
2918 1900 3172 1971 internus
3213 1898 3407 1971 mentis
3461 1906 3515 1952 et
3564 1897 3670 1967 spi-

2071 1973 2206 2028 ritus
2248 1975 2319 2028 sit
2362 1969 2695 2043 prtecipuus.
2742 1980 2797 2026 ct
2837 1986 2995 2043 quem
3035 1969 3206 2040 magis
3244 1969 3312 2023 ab
3343 1982 3667 2043 unoquoque

2071 2053 2314 2099 nostrum
2336 2039 2562 2114 requirit
2587 2045 2757 2107 Dens;
2785 2039 2906 2096 nam
2931 2042 3020 2095 ille
3036 2039 3293 2095 externus
3316 2039 3433 2114 sine
3451 2040 3667 2114 interno

2072 2130 2178 2169 nou
2203 2116 2362 2170 all'ert
2385 2109 2610 2171 salutem
2644 2113 2941 2169 christiano
2967 2132 2981 2169 :
3009 2120 3065 2167 at
3091 2120 3348 2167 externus
3376 2110 3468 2165 Dei
3491 2109 3668 2165 cultus

2071 2201 2135 2241 ex
2166 2202 2224 2241 se
2255 2188 2393 2256 pius,
2422 2196 2660 2251 sanctus,
2693 2187 2886 2247 bonus,
2920 2192 2973 2239 et
3001 2184 3110 2238 Deo
3131 2191 3317 2256 gratus
3337 2193 3450 2256 est;
3478 2192 3668 2256 exter-

2071 2251 2578 2328 naqueoruamenta
2599 2256 2984 2328 Ecclesiarum,
3004 2270 3122 2324 qua?
3134 2251 3328 2328 partim
3351 2252 3403 2307 iu
3425 2251 3663 2328 fabricis,

2072 2322 2265 2399 par'tim
2303 2331 2353 2384 in
2392 2332 2533 2384 vasis
2572 2328 2783 2393 aureis,
2817 2322 3058 2399 vestibus
3089 2322 3310 2399 sericis,
3345 2332 3448 2380 etc.
3482 2322 3666 2378 cousi-

2072 2397 2242 2465 stunt,
2267 2416 2332 2455 ex
2357 2402 2474 2470 ipso
2499 2415 2598 2456 suo
2624 2414 2824 2470 genere
2852 2397 3057 2470 faciunt
3082 2397 3150 2470 ad
3179 2397 3324 2470 pium
3347 2402 3402 2450 et
3422 2402 3666 2470 sanctum

2070 2471 2170 2527 Dei
2195 2467 2432 2538 cultum;
2465 2483 2513 2528 et
2538 2467 2868 2527 contrarium
2896 2468 3097 2523 sentire
3126 2468 3350 2522 haeresis
3375 2475 3461 2521 est
3488 2467 3672 2538 Petro-3

2072 2542 2479 2598 brussianorum
2504 2553 2559 2600 et
2580 2541 3021 2602 Wiclelistarum,
3047 2554 3109 2593 ac
3138 2538 3465 2593 Novatorum
3495 2537 3668 2592 nostri

2073 2614 2353 2685 temporis.
2385 2615 2516 2670 Vide
2553 2613 2936 2685 Bellarminum
2963 2612 3057 2668 lib.
3087 2627 3141 2668 Ill
3168 2610 3235 2663 de
3255 2607 3419 2685 Cultu
3446 2607 3670 2685 Sancto-

2071 2680 2212 2757 rum,
2232 2701 2353 2755 cap.
2376 2687 2433 2747 6;
2456 2697 2510 2741 et
2532 2684 2868 2757 (Baronium)
2900 2696 3029 2738 tom.
3052 2698 3075 2757 ι
3098 2681 3381 2757 Annalium
3410 2694 3554 2734 anno
3574 2680 3666 2757 _57.

2142 2749 2450 2824 Quod'vero
2473 2749 2664 2812 attinet
2687 2755 2753 2810 ad
2781 2764 3017 2810 mentem
3052 2752 3314 2824 Lactantii
3345 2753 3447 2805 hoc
3470 2749 3665 2824 capite,

2069 2820 2192 2882 eum
2225 2828 2277 2883 in
2317 2828 2514 2884 bonum
2556 2843 2773 2883 sensum
2824 2836 2970 2880 recte
3009 2824 3218 2880 reducit
3247 2820 3573 2876 'l'homasius
3613 2820 3666 2874 in

2069 2897 2243 2967 Notis,
2274 2914 2406 2970 quas
2435 2901 2522 2955 hic
2549 2900 2617 2955 ad
2651 2899 2811 2953 linem
2853 2894 3273 2970 capitisailixit;
3307 2893 3524 2948 tametsi
3564 2891 3667 2947 La-

2070 2968 2307 3026 ctantius
2331 2987 2435 3027 non
2466 2973 2596 3025 satis
2626 2971 3016 3039 circumspecte
3040 2968 3312 3039 loquatur.

2144 3040 2305 3097 Libro
2333 3059 2425 3109 vn,
2459 3043 2635 3113 capite
2663 3041 2730 3095 14
2761 3058 2775 3094 :
2810 3035 2988 3113 sciant
3014 3035 3172 3110 igitur
3211 3035 3533 3113 philosophi,
3561 3043 3667 3113 etc.

2072 3112 2181 3168 Sex
2219 3106 2443 3168 millium
2473 3106 2736 3169 annorum
2778 3110 2952 3179 spatio
2993 3106 3158 3164 totam
3208 3106 3389 3161 mundi
3427 3106 3674 3179 duratio;

361 3198 481 3238 res.
515 3183 649 3239 Sunt
678 3183 860 3237 omnia
886 3183 986 3236 ista
1013 3181 1261 3250 dogmata
1293 3181 1547 3245 absurda.
1577 3198 1828 3249 errouea,
1857 3191 1912 3236 et
1937 3198 1966 3235 a
1995 3181 2042 3246 C
2073 3198 2227 3247 nem,
2262 3185 2457 3240 nedum
2492 3186 2581 3239 hic
2608 3175 2952 3248 Lactantius,
2999 3182 3092 3236 sed
3138 3178 3288 3234 multi
3335 3192 3550 3248 quoque
3581 3175 3672 3250 alii

365 3255 586 3309 sincera
606 3253 978 3323 theologorum
997 3253 1243 3307 doctrina
1264 3268 1485 3322 prorsus
1519 3252 1716 3309 aliena.
1732 3251 1970 3309 Consule

368 3326 585 3380 Sixtum
611 3324 891 3396 (Seueus.)
907 3324 1000 3380 lib.
1024 3341 1056 3396 γ
1080 3324 1423 3391 Bibliothec.,
1445 3335 1630 3381 annot.
1650 3327 1741 3393 '77,
1760 3334 1814 3381 et
1834 3326 1968 3380 alios

370 3398 706 3465 interpretes
731 3395 894 3466 capit.
928 3411 980 3451 Vl
1008 3395 1303 3452 Geneseos.

445 3467 612 3523 Libro
658 3484 747 3535 Ill,
803 3468 978 3536 capite
1024 3467 1096 3523 24
1132 3485 1145 3522 :
1188 3466 1329 3532 Quid
1375 3468 1453 3522 illi
1499 3470 1587 3538 qui
1638 3484 1744 3523 esse
1771 3477 1975 3522 eontra-

368 3539 505 3604 τίοι,
532 3550 636 3610 etc.
667 3539 821 3607 Quod
851 3539 1146 3610 Antipodes
1174 3554 1297 3610 cum
1340 3539 1461 3595 aliis
1501 3540 1696 3610 priscis
1742 3539 1974 3594 auctori-

366 3610 476 3665 bus
525 3609 833 3665 Lactantius
877 3608 1060 3673 tollat,
1101 3608 1366 3665 refellitur
1388 3608 1653 3667 evidentia
1694 3611 1972 3679 perSpicua

370 3683 501 3737 novi
531 3683 675 3739 orbis
694 3716 729 3749 ,ι
751 3691 807 3737 et
833 3682 1152 3752 auctoritate
1174 3696 1385 3750 quoque
1425 3682 1709 3752 insignium
1736 3696 1800 3735 ex
1830 3681 1972 3735 anti-

368 3753 578 3821 quitate
616 3755 973 3823 scriptorum,
1018 3761 1075 3806 nt
1123 3750 1239 3807 l‘use
1277 3750 1611 3809 demonstrat
1646 3752 1706 3807 F.
1737 3752 1973 3807 Thomas

366 3824 655 3879 Malvenda
686 3826 779 3879 lib.
815 3839 874 3878 ιιι
915 3825 984 3878 de
1013 3824 1374 3889 Autichristo,
1402 3840 1521 3894 cap.
1555 3824 1645 3880 M.
1679 3824 1809 3891 Quie
1839 3838 1969 3878 vero

367 3907 562 3951 contra
608 3896 734 3951 caeli
796 3894 1083 3950 volubilem
1131 3896 1513 3952 rotunditatem
1559 3895 1813 3961 disserit,
1870 3895 1973 3949 etsi

368 3967 568 4023 eadem
594 3982 810 4039 qucque
832 3968 1075 4022 nonnulli
1108 3965 1411 4037 philosophi
1436 3977 1485 4021 ct
1509 3966 1700 4021 Patres
1720 3966 1972 4039 docuisse

365 4037 737 4108 reperiantur,
764 4050 818 4092 at
843 4039 1187 4093 revincuntur
1208 4050 1415 4106 aperte,
1443 4050 1495 4093 et
1517 4048 1795 4092 auctorum
1827 4037 1973 4091 testi-

363 4107 595 4176 muniis,
624 4119 678 4164 et
705 4109 864 4164 claris
887 4107 1241 4180 philosophia;
1262 4111 1717 4180 aslr0u0tnizeque
1744 4110 1971 4180 demon-

366 4183 749 4236 strationibus.
799 4180 931 4236 Vitle
978 4197 1096 4252 qu:e
1142 4179 1334 4235 eodem
1384 4181 1501 4236 loco
1538 4178 1786 4251 (Tliomae
1837 4178 1971 4234 Mal-

370 4252 591 4323 veudar)
619 4261 891 4305 notantur.

445 4321 654 4378 Eodem
684 4325 819 4377 libro
846 4340 937 4388 ιιι,
988 4323 1161 4391 capite
1196 4322 1268 4379 25
1299 4341 1312 4377 :
1350 4322 1502 4376 Nunc
1526 4340 1691 4394 pauca
1730 4322 1873 4375 nobis
1912 4321 1976 4375 de

367 4393 750 4463 PhilosOpIu'n,
806 4404 908 4450 etc.
965 4398 1134 4450 (laute
1182 4395 1297 4465 lege
1355 4396 1457 4450 hoc
1503 4393 1689 4464 caput;
1760 4410 1878 4465 nam
1929 4394 1971 4445 si

368 4465 688 4522 Lactantius
733 4482 947 4521 omnem
1002 4464 1341 4536 antiquorum
1392 4465 1680 4521 Gentilium
1738 4464 1976 4533 philoso-

2074 3256 2263 3312 Patres
2305 3257 2604 3319 inclusere;
2641 3268 2881 3326 quorum
2909 3250 3188 3326 sententia:
3236 3247 3436 3326 hacin
3475 3263 3533 3303 re
3563 3247 3676 3326 sin-

2070 3328 2288 3397 gulares
2334 3318 2787 3399 quemadmodum
2817 3324 2970 3399 _sintA
3000 3321 3527 3399 accipiendm,_fuse
3570 3318 3677 3399 _de-

2070 3390 2430 3455 iitoustrat'P.
2465 3399 2701 3453 Thomas
2730 3395 3002 3449 Malvenda
3053 3390 3335 3461 theologus
3374 3390 3677 3461 Dominica-

2073 3485 2173 3525 nus
2199 3470 2293 3525 lib.
2322 3487 2339 3525 ι
2365 3473 2433 3525 de
2451 3467 2804 3530 Anticliristo,
2831 3479 2948 3531 cap.
2969 3463 3060 3531 28,
3082 3463 3175 3530 29,
3195 3459 3284 3518 50.
3312 3461 3443 3517 Vide
3465 3459 3674 3516 Sixtum

2073 3540 2169 3596 lib.
2199 3557 2230 3592 v
2253 3540 2599 3603 Bibliothec.,
2630 3546 2814 3593 annot.
2851 3535 2974 3590 190.

2146 3610 2350 3667 Eodem
2377 3613 2516 3666 libro
2539 3602 2631 3676 vti,
2660 3610 2832 3677 capite
2857 3607 2926 3660 27
2964 3623 2977 3660 :
3012 3602 3273 3677 Propheta
3301 3617 3516 3673 magnus
3555 3604 3677 3677 mit-

2073 3691 2206 3738 tetur
2231 3700 2262 3736 a
2308 3683 2436 3751 Deo,
2470 3695 2572 3738 etc.
2606 3673 2916 3736 Lactantius
2944 3676 3086 3751 haud
3116 3673 3284 3751 probe
3315 3683 3507 3729 tenens
3539 3673 3677 3751 fati-

2074 3754 2273 3826 ciuium
2306 3743 2658 3826 Apocalypsis
2685 3766 2770 3815 χι,
2804 3764 2926 3826 quae
2957 3748 3027 3826 ibi
3055 3743 3127 3826 de
3152 3746 3362 3826 duobus
3403 3743 3678 3826 prophetis

2074 3825 2299 3880 Henoch
2328 3815 2382 3880 ei
2412 3815 2529 3880 ΕΙῙὲ
2553 3815 3169 3893 ἰοιηροιιὼᾼηιὶοῇινίξίὶ
3205 3816 3451 3893 venturis
3480 3815 3676 3893 pracdi-

2074 3908 2302 3967 canlur,
2337 3898 2452 3965 ipse
2479 3897 2568 3951 uni
2607 3885 2931 3967 talilllm_|_llC
2958 3888 3336 3967 tribuit._\’ide
3378 3885 3680 3967 librumde

2073 3958 2409 4024 Antichristo
2455 3967 2516 4023 P.
2554 3967 2777 4021 Thom-ar
2824 3961 3114 4017 Malvenda:
3157 3958 3391 4030 theologi
3441 3958 3679 4013 Domini-

2074 4040 2198 4094 caui
2230 4040 2320 4094 lib.
2353 4056 2428 4102 ιχ,
2462 4053 2582 4107 cap.
2612 4036 2696 4099 16,
2727 4034 3003 4111 “tum?!”
3068 4101 3101 4111 ,,
3369 4101 3380 4111 .
3423 4100 3434 4111 .

2148 4111 2353 4166 Eodem
2394 4098 2875 4175 libro'vu,capite
2903 4105 3012 4160 l9:
3059 4101 3317 4175 Opprime
3362 4100 3521 4167 igitur
3562 4098 3682 4153 orbe

2064 4191 2243 4246 terrm,
2288 4192 2391 4238 etc.
2446 4174 3068 4235 Lactantiusisacrarum
3125 4174 3520 4246 Scripturartuu
3572 4185 3679 4224 non

2077 4255 2209 4307 satis
2232 4241 2479 4323 petitus,
2513 4260 2572 4305 ut
2611 4252 2697 4323 ait
2729 4250 2786 4304 S.
2824 4246 3182 4323 Hieronymus
3204 4285 3218 4307 ,
3265 4241 3433 4323 verba.
3467 4245 3680 4323 Apoca-

2078 4309 2360 4397 lypsis'x‘vt
2392 4309 2790 4397 liaudpcnitus
2828 4309 3233 4397 introspiciens,
3282 4309 3527 4397 quaedam
3576 4309 3680 4397 hoc

2077 4382 2251 4466 c'a'pite
2282 4395 2350 4449 de
2390 4382 2724 4449 Anticliristo
2761 4403 2865 4466 non
2896 4382 3041 4466 satis
3065 4400 3301 4466 consona
3339 4382 3559 4466 prodit":
3589 4395 3682 4435 ac-

2077 4452 2263 4521 cui-ate
2301 4466 2645 4522 excutiuntur
2692 4476 2753 4516 ea
2796 4460 2887 4513 lib.
2932 4473 2968 4511 ιι
3011 4457 3078 4512 de
3116 4454 3448 4511 Antichristo
3480 4452 3676 4508 'l'hom.

368 4537 560 4627 phiam
597 4536 975 4627 reprehendit,
1021 4532 1305 4627 n_on:”sutisi
1330 4537 1601 4627 “cmtsqlte
1648 4532 1808 4627 facit,
1851 4550 1971 4627 cum
1999 4568 2053 4627 Ι)
2079 4538 2525 4627 Μιιένθιηιιωξυςζιιρ
2553 4532 2810 4627 11211ῗῖ

368 4607 542 4663 inulta
574 4618 630 4663 et
656 4623 814 4675 vera,
858 4619 911 4663 et
955 4620 1094 4663 recta
1124 4610 1212 4663 illa
1254 4607 1591 4678 philosophia
1637 4610 1972 4672 contineret,

372 4694 497 4750 qum
538 4680 654 4734 usui
699 4690 756 4734 et
795 4681 1004 4735 utilitati
1061 4681 1309 4735 humana:
1354 4681 1473 4733 vitae
1513 4687 1715 4733 essent.
1765 4678 1819 4733 Si
1849 4692 1975 4750 vero

369 4748 773 4822 philosophiam
818 4752 869 4805 in
912 4753 1219 4807 universum
1249 4752 1491 4816 damnat,
1525 4750 1671 4805 nullo
1703 4760 1859 4822 pacto
1893 4748 1975 4822 fe-

371 4820 709 4894 rendus'est,
734 4833 784 4876 et
811 4834 1073 4894 repugnat
1095 4824 1367 4878 communi
1395 4822 1616 4894 Patrum
1639 4830 1693 4875 et
1722 4820 1974 4894 Ecclesia:

372 4894 582 4963 sensui.
616 4892 747 4948 Vide
777 4892 1112 4963 Alpliousum
1144 4897 1392 4950 Castrum
1421 4892 1559 4948 libro
1587 4908 1685 4947 xui
1714 4893 1975 4947 adversus

374 4962 649 5026 Haereses,
679 4962 858 5019 verbo
876 4965 1124 5021 Scientia.

452 5032 617 5089 Libro
640 5050 719 5099 νι,
740 5036 980 5107 icapite2
1013 5053 1027 5090 :
1073 5036 1302 5092 Mactant
1330 5036 1487 5107 igitur
1520 5036 1718 5102 opimas
1757 5051 1816 5089 ac
1852 5036 1978 5107 pin-

374 5122 533 5178 gues,
573 5115 674 5161 etc.
724 5106 860 5161 Cutu
886 5107 1088 5176 judicio
1123 5113 1307 5176 accipe
1336 5106 1454 5175 quae
1482 5106 1586 5162 hoc
1626 5107 1802 5175 capite
1845 5106 1977 5160 Lac-

376 5177 582 5232 tantius
606 5178 823 5233 disserit
860 5178 930 5234 de
968 5195 1076 5234 non
1120 5178 1479 5236 accendendis
1515 5177 1756 5233 candelis
1793 5186 1848 5232 et
1886 5192 1976 5231 ce-

372 5249 485 5305 reis
535 5250 586 5304 in
636 5250 878 5318 templis;
930 5265 1051 5305 nam
1086 5262 1141 5305 ut
1191 5260 1337 5306 recte
1387 5250 1658 5304 invehitur
1705 5249 1756 5303 in
1802 5248 1976 5319 genti-

371 5322 538 5377 licunt
585 5332 640 5376 et
664 5321 1096 5390 superstitiosum
1122 5322 1461 5378 ethnicorum
1491 5323 1650 5375 ritum
1686 5339 1697 5373 :
1732 5320 1801 5374 ita
1842 5320 1975 5373 satis

374 5393 676 5463 improvide
720 5406 908 5446 ausam
951 5392 1277 5450 Novatorum
1318 5390 1637 5463 quibusdam
1681 5392 1972 5460 pra-bnisse

375 5462 587 5535 videtur
628 5462 885 5533 carpendi
926 5465 1071 5534 pium
1106 5474 1161 5520 et
1187 5462 1495 5535 religiosum
1528 5478 1732 5535 morem
1770 5479 1963 5535 acceu-_

377 5534 535 5591 dendi
562 5531 754 5592 cereos
796 5545 851 5590 et
881 5531 1155 5604 lampades
1185 5537 1238 5591 in
1282 5531 1527 5591 ecclesiis
1564 5531 1631 5586 ad
1661 5535 1867 5597 altaria,
1900 5531 1967 5586 ad

373 5607 634 5675 reliquias
656 5614 978 5677 martyrum,
1000 5614 1128 5674 etc.,
1146 5622 1305 5678 quem
1320 5622 1535 5674 quoque
1552 5616 1968 5678 sanctumusum

375 5680 576 5746 impius
610 5676 926 5746 Vigilantius
969 5676 1271 5747 sugillahal.
1321 5678 1457 5732 Vide
1489 5677 1742 5731 Bellarm.
1778 5677 1869 5730 lib.
1903 5676 1972 5731 de

372 5748 638 5818 Reliquiis
660 5748 1004 5814 Sanctorum,
1029 5764 1148 5816 cap.
1168 5749 1203 5804 5
1228 5761 1284 5807 et
1309 5752 1365 5817 4;
1394 5759 1446 5805 ct
1472 5748 1761 5804 Baronium
1794 5756 1923 5803 tom.
1956 5762 1973 5800 ι

377 5820 690 5889 Annalium,
708 5835 850 5876 anno
876 5819 1081 5876 Domini
1103 5819 1193 5877 58.

2150 4608 2354 4663 Eodem
2385 4595 2531 4661 libro
2559 4620 2627 4658 vtt
2648 4645 2663 4670 ,
2707 4602 2882 4672 capite
2904 4598 2971 4653 21
3007 4596 3189 4672 ενιςιιὶ
3223 4595 3532 4667 sempiterno
3583 4610 3678 4648 cu-

2070 4682 2159 4752 jus
2201 4690 2418 4741 natura,
2450 4686 2555 4732 etc.
2588 4671 2827 4752 Tametsi
2861 4687 2966 4726 non
3008 4671 3404 4752 sit_err_oneum
3450 4676 3540 4752 aut
3584 4675 3679 4750 tle-

2080 4736 2368 4806 inerarium
2408 4736 2705 4811 asserere,
2780 4746 2956 4815 ignem
3028 4741 3220 4815 inferni
3266 4753 3395 4815 esse
3454 4736 3678 4815 alterius

2079 4833 2284 4877 natura:
2335 4821 2404 4875 ab
2458 4818 2562 4874 hoc
2613 4806 3192 4890 nostro'elemeutari,
3247 4806 3539 4890 dummodo
3590 4823 3679 4890 vci-

2078 4910 2173 4949 rus
2217 4903 2272 4948 et
2314 4905 2608 4959 corporeus
2658 4887 2795 4959 ignis
2846 4894 3173 4959 agnoscatur
3216 4900 3228 4936 :
3285 4891 3340 4935 at
3394 4879 3586 4959 melior
3623 4886 3679 4932 et

2079 4949 2425 5035 probabilior'
2445 4949 2815 5035 theologorum
2845 4949 3114 5011 sententia
3143 4962 3254 5035 est.
3281 4965 3402 5035 esse
3434 4949 3675 5035 ejusdem

2082 5022 2286 5090 natura!
2314 5045 2366 5090 et
2395 5031 2594 5103 Speciei
2623 5022 2744 5085 cum
2774 5029 3118 5103 ho(_:_uostro,
3145 5022 3464 5103 quibusdam
3495 5031 3673 5073 tamen

2081 5090 2439 5177 qualitatibus
2472 5103 2812 5177 distinctum.
2855 5096 3004 5177 Vide
3022 5090 3367 5177 Domitiicttm
3402 5090 3613 5145 Bauues
3660 5104 3675 5143 ι

2080 5163 2230 5250 parte
2252 5177 2483 5250 Qua-$1.,
2503 5174 2678 5250 _artit_:._
2697 5172 2752 5239 2,
2781 5170 2946 5250 dubio
2974 5169 3027 5232 2,
3057 5168 3303 5250 conclus.
3334 5163 3389 5216 2.
3425 5234 3451 5250 ,ν
3499 5231 3530 5250 μ

2150 5231 2352 5304 Eodem
2399 5231 2573 5316 capite
2616 5244 2682 5299 21
2730 5231 2761 5316 έ-
2796 5241 2903 5297 Sed
2949 5231 3208 5316 (ξι-ἀιδίως
3254 5251 3368 5288 cum
3416 5231 3677 5316 indicetne:

2078 5321 2179 5385 rit,
2233 5329 2338 5373 etc.
2394 5304 2560 5372 Error
2598 5317 2696 5370 istc
2740 5310 3005 5388 Lactantii
3038 5304 3118 5363 'de
3154 5304 3517 5388 expurgandis
3567 5304 3676 5375 igni

2070 5378 2345 5460 jusiorum
2390 5388 2857 5460 corporibuspost
2902 5379 3208 5460 universale
3246 5378 3667 5460 jtttlicittttl_,ure-

2065 5446 2242 5534 iectus
2265 5471 2347 5534 est
2373 5460 2441 5515 ab
2467 5446 3087 5534 scholistheologorum.
3110 5446 3478 5507 the’Sixtutu
3512 5446 3611 5503 lib.
3638 5461 3671 5500 ν

2076 5525 2422 5592 Bibliothec.,
2452 5538 2637 5583 annot.
2673 5528 2795 5588 170,
2829 5525 2954 5579 171.

2148 5604 2353 5659 Eodem
2382 5601 2557 5669 capite
2581 5599 2645 5653 21
2676 5615 2689 5652 :
2725 5596 3317 5669 Necilmueuqquisqu‘am
3346 5600 3520 5661 putet,
3565 5597 3670 5643 etc.

2075 5674 2314 5732 Haeresis
2353 5683 2437 5729 est
2454 5666 2776 5734 manifesta,
2812 5668 2879 5723 ab
2928 5667 3163 5722 Ecclesia
3210 5666 3490 5734 damnata,
3524 5672 3673 5713 asse-

2080 5730 2203 5803 rere
2231 5746 2438 5800 animas
2471 5743 2737 5810 iustorum
2765 5730 2995 5808 corpore
3023 5739 3246 5810 solutas,
3264 5730 3510 5810 ‘ac_nulla
3540 5743 3669 5810 ριιιοτ

2077 5797 2568 5887 giubtiézietués,
2598 5797 2709 5869 non
2747 5797 2926 5872 statim
2971 5807 3179 5865 admitti
3210 5797 3277 5860 ad
3320 5803 3516 5859 claram
3567 5797 3660 5853 Dei
