4172 6202
467 230 567 288 115

1532 233 1739 290 LIBER
1778 233 1821 290 I.
1863 234 1954 291 DE
1992 233 2212 292 FALSA
2257 234 2646 295 RELIGIONE.

3663 239 3764 298 IN

459 347 627 404 valuit
647 388 663 416 ,
693 355 754 402 ut
780 346 833 402 in
864 346 978 417 ipsa
1008 359 1130 404 esse
1156 349 1352 405 summi
1378 348 1506 406 boni
1547 353 1828 422 prtemium
1859 353 2054 422 prtedi-
2084 361 2139 422 Α
2163 351 2376 422 oll‘ensi,
2409 354 2508 411 hac
2535 355 2740 412 deliniti
2771 356 3014 413 feruntur
3039 359 3090 414 in
3120 319 3382 430 princeps,
3413 369 3468 418 et
3495 360 3760 419 bonorum

457 450 664 498 carent.
695 440 802 497 Sed
835 455 1010 512 neque
1040 440 1219 512 adepti
1252 451 1376 498 sunt
1411 443 1464 498 id
1505 445 1646 515 quod
1673 445 1926 501 volebant
1957 463 1970 500 :
2006 455 2062 503 et

461 553 681 609 Operam
726 535 887 590 simul
932 544 1094 606 atque
1144 536 1458 592 industriam
1508 539 1889 608 perdiderunt;
1936 541 2057 610 quia

459 630 682 695 veritas,
716 628 768 683 id
799 640 883 684 est
911 643 1168 683 arcanum
1201 630 1395 684 summi
1430 630 1544 694 Dei,
1576 632 1665 702 qui
1697 630 1821 686 fecit
1845 634 2058 701 omnia,

460 722 677 794 ingenio
702 738 767 779 ac
789 723 1024 792 propriis
1049 737 1154 777 non
1181 732 1351 793 potest
1373 726 1620 779 sensibus
1637 725 2057 796 comprehendi:

457 814 658 885 alioqui
707 813 841 868 nihil
892 814 1031 868 inter
1077 814 1242 869 Deum
1291 815 1672 888 hominemque
1715 819 1969 881 distaret.
2011 818 2056 874 si

457 908 683 964 consilia
715 917 770 962 et
800 906 1185 977 dispositiones
1217 909 1362 964 illius
1391 911 1692 980 majestatis
1719 923 1938 967 aeterna:
1967 927 2059 968 co-

457 1002 648 1072 gitatio
695 1010 1079 1072 assequeretur
1131 1003 1385 1058 humana.
1428 1003 1582 1071 Quod
1625 1007 1747 1075 quia
1792 1005 1906 1060 ﬁeri
1950 1022 2056 1062 non

457 1097 660 1166 potuit,
689 1105 749 1150 ut
789 1095 993 1150 homini
1038 1111 1134 1166 per
1173 1098 1408 1164 seipsum
1454 1101 1593 1155 ratio
1632 1101 1810 1155 divina
1843 1101 2056 1157 innote-

456 1197 648 1254 sceret,
677 1203 785 1242 non
815 1197 901 1243 est
929 1203 1119 1257 passus
1151 1189 1420 1247 hominem
1455 1191 1597 1247 Deus
1637 1193 1816 1249 lumen
1838 1195 2055 1265 sapien-

457 1281 544 1336 tia:
584 1282 952 1349 requirentem
981 1281 1186 1338 diutius
1214 1298 1434 1353 errare,
1477 1301 1540 1341 ac
1569 1287 1690 1342 sine
1718 1287 1826 1342 ullo
1856 1287 2056 1343 laboris

457 1371 646 1428 ell‘ectu
688 1373 871 1444 vagari
921 1389 1017 1444 per
1061 1375 1316 1432 tenebras
1364 1378 1793 1446 inextricabiles;
1845 1381 2056 1448 aperuit

455 1467 640 1522 oculos
684 1468 802 1537 ejus
850 1468 1174 1539 aliquando.
1207 1481 1260 1526 et
1287 1473 1559 1526 notionem
1590 1473 1830 1528 veritatis
1860 1489 2054 1529 munus

449 1573 606 1615 suum
637 1559 762 1615 fecit
789 1577 802 1612 :
836 1570 895 1616 ut
928 1571 984 1616 et
1015 1561 1301 1618 humanam
1339 1564 1658 1634 sapientiam
1701 1565 1898 1620 nullam
1931 1581 2053 1622 esse

452 1662 806 1719 monstraret.
838 1663 892 1708 et
932 1655 1139 1709 erranti
1186 1669 1250 1710 ac
1290 1670 1425 1726 vago
1466 1655 1610 1712 viam
1656 1659 2050 1730 consequendte

447 1745 866 1802 immortalitatis
894 1748 1229 1805 ostenderet.

517 1837 718 1894 Verum
746 1840 998 1910 quoniam
1033 1841 1186 1912 pauci
1231 1849 1455 1898 utuntur
1496 1841 1600 1898 hoc
1643 1843 2046 1902 cmlestibene-

443 1929 566 1985 flcio
606 1946 669 1986 ac
711 1947 966 1998 munere;
1001 1932 1142 2003 quod
1187 1933 1437 1989 obvoluta
1481 1934 1534 1989 in
1575 1935 1808 1991 obscuro
1846 1939 2046 1994 veritas

439 2025 604 2091 latet;
633 2042 808 2098 eaque
851 2028 933 2083 vel
975 2029 1307 2098 contemptui
1350 2027 1523 2084 doctis
1551 2039 1654 2096 est,
1684 2031 1806 2101 quia
1837 2031 2045 2087 idoneis

435 2121 803 2175 assertoribus
829 2130 988 2192 eget,
1020 2121 1106 2176 vel
1133 2121 1258 2176 odio
1287 2122 1518 2177 indoctis
1538 2165 1552 2188 ,
1589 2123 1659 2178 ob
1700 2124 1911 2178 insitam
1941 2125 2042 2179 sibi

433 2214 829 2282 austeritatem,
863 2231 1020 2286 quam
1053 2224 1245 2272 natura
1268 2216 1545 2272 hominum
1565 2219 1818 2288 proclivis
1837 2219 1886 2273 in
1911 2219 2037 2274 vitia

434 2305 544 2378 pati
567 2321 672 2361 non
720 2316 899 2378 potest
941 2307 1100 2380 (nam
1128 2309 1250 2380 quia
1274 2309 1561 2365 virtutibus
1591 2311 1895 2366 amaritudo
1918 2327 2037 2382 per-

431 2398 600 2454 mixta
651 2409 757 2468 est,
789 2399 917 2456 vitia
960 2415 1092 2456 vero
1139 2400 1418 2472 voluptate
1466 2400 1681 2457 condita
1733 2410 1890 2468 sunt;
1941 2402 2034 2459 illa

2161 447 2344 515 specie
2408 447 2559 515 falsi,
2611 450 2748 504 mala
2805 465 2903 520 pro
2953 452 3106 506 bonis
3159 453 3594 526 amplectuntur)
3639 469 3763 512 suc-

2159 539 2482 594 currendum
2515 543 2741 596 essebis
2785 543 3067 597 erroribus
3120 545 3367 600 credidi:
3411 558 3471 601 ut
3517 554 3572 602 et
3616 547 3760 604 docti

2161 634 2226 687 ad
2255 649 2437 690 veram
2462 637 2780 706 sapientiam
2811 637 3111 708 dirigantur
3137 647 3190 692 et
3226 638 3424 695 indocti
3467 640 3534 695 ad
3575 657 3759 697 veram

2159 727 2491 798 religionem.
2545 729 2674 797 Quae
2732 729 2994 798 professio
3040 731 3210 786 multo
3261 733 3479 796 melior.
3541 735 3758 801 utilior,

2159 822 2446 892 gloriosior
2473 823 2702 892 putanda
2732 834 2836 890 est,
2864 839 3023 895 quam
3057 825 3145 879 illa
3175 826 3429 890 oratoria,
3457 826 3508 880 in
3537 843 3639 895 qua
3664 827 3757 883 diu

2158 915 2355 969 versati
2378 958 2393 979 ,
2423 930 2528 969 non
2553 917 2619 970 ad
2653 917 2902 972 virtutem
2926 958 2940 979 ,
2965 917 3056 971 sed
3091 918 3250 988 plane
3279 919 3344 972 ad
3373 929 3614 982 argutam
3643 936 3756 975 ma-

2158 1009 2325 1064 litiam
2361 1009 2590 1079 juvenes
2629 1010 3026 1066 crudiebamus.
3061 1011 3228 1065 Multo
3258 1011 3457 1082 quippe
3485 1029 3626 1068 nunc
3665 1029 3756 1069 re-

2157 1100 2298 1155 ctius
2325 1100 2393 1156 de
2427 1103 2708 1173 praeceptis
2737 1102 3050 1158 etelestibus
3077 1103 3428 1170 disseremus,
3465 1106 3658 1175 quibus
3688 1106 3757 1160 ad

2157 1196 2358 1250 cultum
2401 1211 2544 1250 verte
2579 1196 2877 1265 majestatis
2923 1207 3134 1252 mentes
3173 1197 3448 1252 hominum
3487 1198 3759 1254 instruere

2157 1289 2428 1359 possimus
2460 1307 2472 1342 :
2503 1305 2602 1344 nec
2631 1300 2736 1344 tam
2766 1289 2833 1345 de
2863 1291 3025 1344 rebus
3054 1289 3301 1344 humanis
3331 1291 3467 1346 bene
3494 1305 3754 1356 meretur,

2157 1380 2245 1448 qui
2276 1381 2554 1435 scientiam
2584 1381 2724 1436 bene
2751 1381 2965 1436 dicendi
2989 1381 3164 1446 affert,
3185 1397 3346 1452 quam
3374 1384 3459 1452 qui
3485 1384 3570 1452 pie
3593 1394 3754 1454 atque

2157 1473 2478 1530 innocenter
2521 1475 2680 1530 docet
2721 1475 2902 1530 vivere
2937 1493 2949 1528 :
2983 1475 3182 1529 ideirco
3221 1476 3358 1544 apud
3392 1475 3610 1530 ercos
3638 1491 3758 1530 ma-

2150 1566 2272 1637 jore
2301 1568 2351 1622 iti
2384 1569 2550 1638 gloria
2583 1568 2920 1639 philosophi,
2951 1584 3109 1637 quam
3135 1578 3378 1623 oratores
3407 1565 3641 1622 fuerunt.
3674 1568 3754 1624 Illi

2155 1663 2299 1716 enim
2345 1675 2491 1718 recte
2535 1663 2753 1717 vivendi
2795 1661 3048 1718 doctores
3089 1670 3215 1716 sunt
3240 1661 3529 1716 existimati
3560 1680 3574 1717 ε
3609 1661 3753 1730 quod

2071 1760 2122 1821 B
2148 1765 2232 1810 est
2282 1755 2440 1826 longe
2491 1755 2892 1824 prmsmbilius:
2932 1757 3182 1825 quoniam
3232 1753 3369 1809 bene
3415 1753 3598 1808 dicere
3625 1796 3641 1821 ,
3683 1752 3753 1808 ad

2148 1863 2347 1919 paucos
2400 1851 2664 1918 pertinet,
2693 1850 2829 1904 bene
2867 1859 3044 1904 autem
3075 1849 3258 1902 vivere
3283 1847 3351 1902 ad
3374 1863 3584 1903 omnes.
3616 1847 3754 1902 Mul-

2146 1951 2260 1996 tum
2293 1953 2465 1996 tamen
2497 1941 2650 1996 nobis
2679 1940 2996 1996 exercitatio
3023 1940 3108 1994 illa
3141 1941 3386 1995 ﬁctarum
3415 1941 3587 1995 litium
3617 1955 3748 1995 con-

2148 2032 2292 2097 tulit,
2322 2042 2379 2087 ut
2421 2049 2562 2089 nunc
2592 2033 2796 2104 majore
2823 2033 2978 2102 copia
3019 2041 3074 2086 et
3099 2031 3350 2086 facultate
3377 2031 3589 2086 dicendi
3615 2047 3748 2087 cau-

2147 2139 2261 2181 sam
2295 2126 2534 2180 veritatis
2565 2140 2875 2194 peroremus
2906 2143 2920 2177 :
2951 2140 3071 2195 qua!
3103 2123 3224 2178 licet
3266 2124 3438 2194 possit
3475 2123 3592 2178 sine
3626 2123 3747 2178 elo-

2145 2218 2361 2289 quentia
2387 2216 2626 2284 defendi,
2657 2227 2712 2272 ut
2740 2227 2821 2272 est
2843 2232 2873 2271 a
2897 2217 3077 2271 multis
3104 2232 3247 2287 szepe
3268 2215 3490 2273 defensa
3517 2233 3532 2282 ;
3563 2226 3744 2273 tamen

2144 2311 2385 2366 claritate
2445 2326 2509 2366 ac
2562 2311 2734 2365 nitore
2783 2309 3050 2365 sermonis
3103 2309 3452 2374 illustranda,
3511 2317 3566 2364 et
3608 2325 3748 2380 quo-

2145 2403 2434 2460 dannnodo
2460 2401 2774 2459 disserenda
2823 2411 2945 2469 est,
2996 2410 3054 2456 ut
3103 2401 3374 2472 potentius
3443 2401 3495 2456 in
3539 2401 3750 2457 animos

1756 2516 2119 2576 VARIORUM
2157 2517 2390 2575 ΝΟΤιΕ.

509 2607 877 2664 Prtedicarent.
903 2609 980 2665 Ita
1013 2609 1223 2665 restitui
1246 2625 1311 2666 ex
1339 2625 1470 2666 mss.
1497 2611 1774 2667 codicibus
1801 2627 1862 2666 ac
1883 2625 2034 2670 vete-

433 2681 584 2753 ribus
599 2683 756 2737 editis
784 2681 966 2745 Rom.,
994 2681 1138 2748 Ald.,
1160 2683 1358 2745 Paris.,
1381 2683 1542 2748 I525;
1566 2684 1706 2751 quod
1727 2685 1879 2753 juxta
1903 2683 2030 2740 Cel-

431 2752 626 2808 larium
655 2753 930 2808 efficacius
957 2763 1042 2808 est
1069 2753 1321 2808 notandze
1355 2752 1798 2824 philosophorum
1834 2757 2036 2823 iactan-

432 2825 522 2896 tia:
543 2867 558 2890 ,
590 2841 750 2891 quain
771 2825 1067 2896 judicarent
1097 2825 1240 2895 quod
1270 2836 1353 2880 est
1383 2826 1434 2880 in
1473 2827 1860 2881 recentissimis
1900 2844 2031 2883 mss.

432 2895 779 2952 Emmanuel.
811 2907 859 2950 et
891 2895 1204 2967 Cantabrig.
1237 2897 1370 2952 etin
1412 2897 1572 2953 editis
1613 2899 1940 2953 recentibus.
1978 2899 2034 2955 In

430 2967 754 3037 quihusdam
801 2967 960 3024 editis
1006 2968 1222 3038 legitur,
1255 2977 1307 3022 ut
1351 2969 1404 3022 in
1442 2985 1501 3023 ea
1531 2985 1680 3025 omne
1705 2972 1890 3024 summi
1918 2973 2036 3026 boni

432 3041 794 3108 prttdicarent.

517 3109 738 3173 Veritas,
769 3110 824 3164 id
851 3119 925 3165 est
953 3127 1218 3164 arcanum.
1234 3111 1311 3167 De
1333 3111 1436 3166 hoc
1459 3112 1688 3182 quaestio
1709 3113 1812 3168 erit
1831 3113 1927 3169 lib.
1949 3129 2027 3182 iv,

427 3183 518 3253 qui
548 3193 627 3236 est
655 3182 887 3253 de_Vera
919 3183 1204 3250 sapientia.

503 3253 708 3328 Summi
724 3251 842 3308 Dei.
873 3253 1021 3310 Ilanc
1047 3255 1371 3309 locutionem
1394 3253 1602 3310 centies
1623 3255 1862 3327 reperies
1884 3255 2027 3328 apud

427 3322 791 3380 Lactantium.

512 3397 779 3468 Veritas...
823 3412 1018 3468 compr.
1043 3396 1162 3452 Lib.
1193 3412 1270 3462 ut,
1298 3411 1346 3451 c.
1380 3397 1432 3460 1,
1459 3399 1565 3453 etl.
1586 3413 1680 3464 vit,
1709 3412 1760 3453 c.
1803 3398 1857 3452 2.
1888 3397 2022 3454 Bon.

505 3467 896 3533 Dispositiones.
958 3469 1062 3523 Pro
1120 3468 1356 3532 decreta;
1413 3468 1539 3523 hinc
1597 3468 1908 3525 Lactantius
1973 3471 2027 3525 in

429 3538 710 3596 Erasmico
741 3541 1094 3596 Ciceroniano
1136 3549 1373 3606 notatur,
1403 3540 1545 3607 quod
1579 3542 1899 3595 vocabulum
1931 3541 2022 3595 de-

426 3622 566 3665 creta
626 3612 710 3667 hic
754 3628 860 3666 non
907 3610 1234 3666 adhibuerit.
1264 3641 1332 3651 —
1376 3609 1766 3680 Dispositiones.
1802 3612 2027 3666 Notatur

425 3694 615 3738 noster
645 3683 712 3736 ab
754 3683 984 3738 Erasmo
1013 3684 1064 3736 in
1095 3681 1468 3737 Ciceroniano.
1497 3685 1637 3751 quod
1670 3683 2026 3752 dispositiones

425 3769 526 3824 pro
555 3755 764 3809 decretis
785 3753 1356 3824 dixerit.Vindicamus
1372 3769 1434 3807 ex
1456 3753 1790 3808 Tertulliano
1807 3757 1870 3806 ad
1891 3754 2025 3808 Lac—

426 3823 562 3880 tant.
596 3826 687 3879 lib.
718 3841 774 3888 ιι,
799 3842 918 3894 cap.
955 3825 1040 3880 16.
1071 3823 1228 3878 Conf.
1261 3825 1354 3880 lib.
1382 3841 1476 3887 vn.
1505 3839 1624 3892 cap.
1659 3826 1712 3880 5.
1740 3825 2020 3880 BUNEIIAN.

498 3895 866 3951 Innotesceret.
901 3895 974 3950 Ita
1009 3913 1138 3951 mss.
1181 3895 1459 3965 Anglicani
1506 3905 1558 3949 et
1602 3896 1789 3950 Aldina
1819 3898 2018 3962 editio;

419 3969 546 4023 alim
575 3970 819 4034 quasdam
854 3969 1082 4030 habent,
1112 3978 1406 4025 notesceret.
1437 3966 1531 4022 sed
1562 3969 1738 4022 minus
1771 3967 1926 4022 bene.
1951 3997 2024 4008 -—

421 4040 791 4094 Innotesceret.
817 4038 908 4095 Sic
928 4039 1118 4102 Torn.,
1137 4039 1360 4110 Gymn..
1381 4038 1596 4099 Parrh..
1627 4036 1776 4092 Crat.
1800 4041 2022 4094 omnino

421 4110 477 4167 h.
537 4111 572 4164 l.
625 4114 923 4165 sonantius.
981 4117 1049 4164 At
1099 4119 1368 4164 notesceret
1411 4111 1608 4164 habent
1663 4126 1784 4164 cum
1830 4110 2016 4176 Gotli.,

419 4182 682 4246 Reimtn.,
716 4182 863 4251 Lips.
906 4181 973 4236 ad
1016 4197 1189 4245 oram,
1238 4180 1458 4243 Thom.;
1498 4181 1610 4235 lere
1654 4197 1844 4235 omnes
1891 4181 2016 4236 edd.

418 4255 692 4320 antiquae,
735 4253 913 4317 Subl.,
964 4253 1099 4308 Ven.
1153 4252 1311 4318 147⁸2,
1355 4252 1516 4313 1197,
1555 4263 1609 4308 et
1637 4252 1808 4307 Paris.
1845 4254 2017 4308 1515ε

419 4325 642 4395 pmfert
679 4341 894 4395 quoque
917 4325 1286 4380 Iiettmanuus.
1321 4324 1568 4395 Occurrit
1609 4325 1895 4392 aliquoties
1923 4325 2016 4378 hb.

418 4412 500 4461 iv,
525 4394 643 4465 cap.
675 4396 766 4458 26.
794 4394 847 4452 et
879 4397 930 4451 in
958 4396 1204 4466 Epitome
1231 4410 1302 4450 ex
1333 4409 1434 4448 ms.
1467 4394 1631 4450 Taut'.
1663 4395 1941 4450 Bessum.

494 4467 706 4523 Errare.
739 4469 830 4523 Sic
866 4484 986 4522 cum
1027 4467 1158 4523 edit.
1201 4467 1356 4520 Rom.
1387 4481 1576 4520 omnes
1605 4481 1735 4520 mss.
1773 4469 2013 4536 prieterl

418 4540 556 4609 Reg.
579 4551 634 4595 et
658 4538 782 4594 edd.
832 4555 941 4595 rec.
991 4539 1043 4594 in
1094 4539 1288 4608 quibus
1333 4541 1729 4609 cst.roberrare.
1789 4567 1860 4578 —
1913 4538 2017 4592 Re-

418 4608 550 4680 gnat
582 4612 634 4666 in
665 4611 915 4666 omnibus
939 4610 1064 4666 edd.
1095 4608 1499 4673 oberraremuia
1519 4625 1649 4664 vero
1671 4612 1772 4662 hoc
1798 4609 2024 4665 Lactan-

421 4685 499 4737 tio
531 4693 585 4737 et
615 4685 732 4737 aliis
763 4692 848 4738 est
876 4682 1012 4736 circa
1038 4681 1235 4752 aliquid
1265 4697 1457 4747 errare,
1483 4689 1541 4734 ttt
1569 4693 1696 4734 noto
1730 4681 1798 4734 ad
1845 4681 1934 4735 lib.
1959 4698 2020 4748 tt,

417 4770 469 4810 c.
500 4754 556 4810 2.
585 4755 814 4822 praefero
839 4770 1010 4808 errore
1030 4770 1048 4808 :
1071 4751 1315 4824 sequitur
1337 4753 1530 4808 erranti
1547 4767 1564 4806 :
1581 4753 1742 4807 etiam
1762 4754 2020 4820 Reimm.,

419 4843 612 4880 errare.
643 4826 923 4881 BUNEIAN.

498 4897 712 4953 Laboris
739 4899 943 4961 effectu.
981 4896 1140 4951 Certe
1171 4911 1277 4950 non
1307 4909 1445 4964 Opus
1483 4911 1512 4950 a
1553 4909 1820 4951 consensu
1866 4893 2019 4950 codi-

418 4984 563 5030 cum,
583 4971 740 5024 etiam
768 4969 967 5031 Reim..
995 4969 1164 5023 abire.
1201 4967 1396 5022 Iterum
1428 4966 1575 5021 Lact.
1607 4967 1698 5021 lib.
1725 4982 1800 5031 Ill,
1825 4981 1942 5033 cap.
1966 4967 2015 5031 1,

419 5041 729 5096 voluntatem
756 5058 858 5095 non
884 5049 1085 5094 secutus
1131 5039 1354 5107 e/fectus.
1390 5038 1594 5093 Seneca
1623 5039 1688 5092 de
1721 5037 2017 5106 Tranquill.

415 5127 544 5178 cap.
581 5114 666 5176 11,
696 5112 784 5166 fin.
816 5131 828 5166 :
858 5109 940 5166 Ne
966 5123 1054 5165 aut
1088 5110 1232 5165 labor
1256 5111 1431 5164 irritus
1454 5109 1570 5164 sine
1595 5107 1790 5164 eIl'ectu
1815 5109 1901 5176 sit,
1931 5118 2019 5162 aut

416 5181 646 5254 effectus
673 5183 844 5238 labore
865 5185 1131 5254 indignus.
1163 5181 1438 5237 Bassum.

496 5253 771 5309 Notionem
811 5249 1034 5310 veritatis
1075 5271 1256 5307 munus
1300 5269 1446 5307 suum
1490 5252 1628 5324 fecit.
1658 5249 1713 5305 Id
1755 5257 1870 5315 est,
1904 5249 2018 5320 ipse

419 5325 568 5380 Deus
618 5328 783 5382 voluit
826 5327 970 5396 iungi
1017 5327 1196 5380 olticio
1221 5325 1494 5392 doctoris,
1526 5324 1803 5396 veritatem
1835 5333 2014 5396 notam

415 5397 690 5452 faciendo.
734 5396 844 5466 Ipsi
876 5394 1009 5452 enim
1031 5397 1126 5451 soli
1161 5399 1344 5450 veritas
1369 5407 1488 5450 nota
1519 5404 1613 5460 est,
1646 5395 1738 5448 lih.
1769 5409 1844 5456 Ill,
1877 5408 1926 5447 c.
1959 5394 2013 5466 Δ1;

415 5479 466 5522 et
502 5467 598 5523 Dei
622 5480 696 5524 est
724 5463 817 5522 hoc
846 5485 1095 5523 munus...
1125 5478 1170 5521 et
1196 5469 1420 5522 veritatis
1453 5467 1589 5520 notio
1620 5466 1804 5520 divina:
1836 5463 2018 5518 condi-

417 5541 574 5594 tionis
594 5553 684 5595 est.
723 5541 1002 5596 BUNEIAN.

502 5609 736 5665 Nullum.
763 5611 819 5665 Id
851 5622 934 5666 est
974 5611 1171 5664 nullius
1195 5611 1349 5678 pretii
1371 5650 1384 5675 ,
1421 5608 1624 5663 nullius
1645 5607 2019 5662 emolumenti.

415 5680 735 5740 WALCIIIUS.
753 5712 823 5723 —
840 5683 916 5738 Ita
939 5684 1362 5754 interpretantur
1382 5696 1569 5738 vocem
1594 5679 1769 5735 nullus
1792 5681 2022 5750 purioris

411 5755 616 5823 eloquii
645 5765 909 5811 auctores.

2215 2612 2282 2667 In
2301 2614 2516 2668 obscuro
2531 2612 3026 2682 veritas.Quomodo
3045 2611 3094 2666 id
3118 2610 3185 2666 sit
3204 2610 3363 2667 docet
3377 2611 3471 2666 lib.
3492 2627 3628 2676 tn.c.
3647 2612 3743 2668 28.

2216 2684 2584 2739 Assertoribus.
2621 2686 2690 2738 Ita
2721 2701 2842 2739 cum
2869 2697 2980 2739 vet.
3012 2683 3182 2737 tribus
3211 2683 3469 2737 Romanis
3493 2683 3743 2738 editioni-

2142 2754 2245 2810 bus
2282 2771 2372 2810 an.
2409 2758 2578 2814 M68.
2617 2756 2754 2811 M70
2783 2769 2832 2810 et
2869 2755 3038 2816 H74,
3070 2770 3132 2808 ac
3167 2755 3383 2808 Betuleii
3425 2762 3482 2808 et
3529 2752 3748 2811 Cellarii

2143 2842 2276 2898 mss.
2309 2827 2537 2890 Bonon.,
2563 2829 2594 2879 7
2626 2829 2783 2898 Reg..
2816 2825 3128 2898 6Colbert.,
3161 2823 3196 2878 2
3223 2825 3482 2898 Sorl_ion.,
3517 2825 3740 2898 ﬂavae,

2143 2897 2375 2960 Victor..
2408 2899 2648 2964 Gatian.,
2670 2895 2859 2964 Cane,
2881 2897 3042 2956 Ultr..
3061 2897 3095 2951 5
3127 2899 3296 2963 Lips..
3322 2895 3505 2962 Cant.,
3531 2895 3733 2962 Emm.,

2143 2969 2296 3035 Jun.,
2324 2970 2588 3034 Gronov.,
2613 2972 2646 3024 ‘2
2669 2969 2907 3024 Cfaroin.
2945 2979 2998 3024 et
3023 2969 3058 3021 Ξ
3083 2968 3243 3022 Brun.
3276 2967 3470 3022 melius
3509 2977 3564 3022 et
3605 2985 3738 3022 eon-

2059 3046 2104 3109 C
2137 3042 2350 3096 cinnius
2395 3057 2556 3112 quam
2588 3041 2953 3097 assertionibus
2983 3040 3036 3094 in
3064 3039 3099 3093 2
3129 3039 3294 3112 Iit-g.__
3320 3054 3431 3092 rec.
3461 3048 3520 3112 _et
3547 3039 3734 3112 I‘Iarm.

2133 3127 2200 3167 ac
2242 3109 2634 3169 recentioribus
2673 3113 2851 3168 editis.
2904 3112 2980 3166 De
3023 3109 3382 3166 assertoribus
3427 3110 3739 3167 christiana;

2133 3185 2414 3254 religionis
2441 3185 2564 3239 vide
2593 3185 2687 3238 lib.
2717 3199 2768 3248 v,
2799 3199 2920 3254 cap.
2951 3182 3006 3236 ‘2.

2207 3253 2374 3309 Falsi.
2410 3255 2466 3309 Id
2489 3265 2593 3321 est,
2627 3256 2861 3324 decepti.

2206 3325 2310 3382 Illa
2332 3329 2578 3383 oratoria.
2603 3327 2694 3382 Sc.
2721 3323 2964 3396 profana.
2980 3323 3461 3393 sophistica.quam
3486 3336 3641 3380 vocat
3667 3325 3736 3383 de

2130 3397 2297 3470 Opif.,
2325 3415 2443 3468 cap.
2473 3399 2564 3458 21,
2587 3399 2827 3470 fallacem
2849 3398 3226 3466 captiosomque
3256 3399 3573 3470 facundiam.
3597 3397 3730 3452 BUN.
3814 3405 3819 3410 '

2203 3469 2269 3524 In
2297 3467 2399 3540 qua
2429 3471 2519 3523 diu
2551 3467 2756 3523 versati.
2789 3467 2984 3522 Forum
3019 3479 3193 3520 tamen
3228 3481 3333 3540 non
3357 3469 3548 3536 attigit.

2203 3537 2484 3594 lnsiruere.
2515 3542 2604 3594 Sic
2634 3541 2967 3594 restituimus
2995 3553 3060 3592 ex
3097 3537 3393 3591 veteri-imo
3428 3547 3482 3592 et
3529 3539 3734 3606 optimo

2129 3627 2237 3666 ms.
2298 3612 2758 3680 Regio-Puteano,
2789 3611 2824 3666 ὅ
2850 3608 3116 3671 Colbert.,
3149 3617 3184 3659 2
3209 3608 3540 3680 Claromont.
3579 3610 3730 3666 aliis-

2127 3698 2252 3752 que.
2275 3690 2331 3736 et
2359 3678 2461 3735 vel.
2490 3683 2647 3736 editis
2671 3683 2827 3752 Root.
2849 3682 3038 3752 Egnat.
3061 3695 3156 3752 seu
3176 3678 3318 3741 Altl..
3343 3679 3499 3742 IMS,
3528 3680 3728 3748 Paris.,

2129 3751 2271 3810 1525
2317 3754 2602 3818 Cratand.,
2633 3751 2871 3809 153‘2Jn
2906 3751 3188 3806 nonnullis
3213 3765 3344 3805 mss.
3377 3760 3432 3806 et
3463 3755 3731 3808 recentio-

2128 3826 2277 3880 ribus
2303 3826 2482 3888 editis,
2507 3825 2785 3878 instituere.

2201 3897 2403 3966 Majore
2422 3897 2474 3950 in
2497 3896 2681 3965 gloria.
2703 3907 2807 3951 ete.
2833 3895 2905 3949 De
2921 3893 3226 3966 philosophi
3245 3901 3299 3949 et
3324 3895 3554 3966 oratoris
3578 3911 3729 3950 corn—

2123 3965 2405 4037 paratione
2434 3969 2556 4022 vide
2599 3966 2945 4023 Plutarchum
2994 3967 3046 4020 iu
3088 3965 3285 4020 Stoicis
3330 3965 3729 4023 Euantiomatis

2124 4040 2225 4093 suh
2257 4041 2484 4094 initium.

2199 4109 2424 4164 Multum
2460 4121 2626 4164 tamen
2658 4109 2801 4162 nobis
2830 4108 3121 4163 exercitatio
3149 4107 3242 4160 illa
3269 4107 3505 4176 ﬁctarum
3532 4109 3724 4173 litium,

2124 4192 2230 4236 etc.
2256 4180 2550 4244 Fictarum,
2582 4184 2678 4247 ait,
2722 4181 2908 4240 litium.
2961 4194 3082 4233 nam
3137 4194 3382 4232 verarunt
3431 4195 3721 4250 numquam

2125 4268 2384 4322 patronus
2415 4254 2534 4315 fuit,
2565 4267 2686 4306 cum
2719 4267 2787 4306 ne
2819 4251 2989 4304 forum
3019 4249 3232 4322 quidem
3261 4250 3518 4317 attigerit,
3551 4249 3607 4304 ut
3638 4261 3722 4305 te-

2123 4321 2296 4378 statur
2323 4326 2435 4391 ipse
2463 4324 2532 4378 de
2563 4338 2620 4378 se
2661 4323 2753 4376 lib.
2787 4338 2864 4387 ιιι,
2893 4337 3012 4390 cap.
3059 4321 3142 4374 15.
3189 4322 3331 4391 Olim
3374 4330 3551 4374 autem
3595 4335 3720 4376 cum

2125 4395 2176 4449 iu
2221 4390 2427 4450 Graecia
2471 4405 2525 4449 et
2571 4395 2754 4448 Rom:c
2803 4397 3022 4447 lloretet
3066 4390 3386 4458 eloquentia:
3453 4391 3716 4456 studium.

2045 4452 2100 4512 D
2122 4465 2371 4536 juvenes,
2405 4478 2653 4534 percepta
2685 4452 3416 4536 grammatica,ducebantur
3443 4452 3722 4536 adrhcto-v-

2128 4531 2236 4602 res,
2270 4539 2360 4608 qui
2407 4531 2641 4608 tlnunata
2686 4531 2788 4589 illis
2828 4534 2911 4608 vel
2955 4532 3218 4608 conficta.
3245 4531 3328 4608 vel
3372 4548 3438 4586 ex
3482 4534 3722 4608 hi3toriis

2127 4603 2700 4679 petitn'proponebant,
2720 4607 2895 4676 qualia
2917 4613 3040 4679 sunt
3061 4620 3182 4674 qua:
3208 4604 3258 4657 iti
3289 4603 3509 4679 Seneca:
3530 4606 3719 4675 patris,

2127 4674 2181 4736 et
2208 4674 2522 4747 Quintiliani
2548 4674 3034 4732 declamationibus
3055 4718 3069 4742 ,
3100 4688 3151 4730 ct
3174 4675 3316 4745 apud
3343 4674 3565 4730 Graecos
3587 4679 3724 4731 scri-

2127 4762 2308 4832 ptores
2343 4749 2848 4832 etiamttum__riittlta
2879 4749 3239 4832 reperiuntur,
3272 4749 3322 4800 in
3354 4747 3547 4815 quibus
3571 4749 3720 4816 pueri

2126 4819 2181 4877 in
2224 4823 2427 4876 scholis
2473 4836 2594 4878 sese
2637 4821 2871 4875 dictione
2916 4835 2979 4872 ac.
3027 4819 3320 4887 scriptione
3369 4831 3719 4887 exercerent,

2127 4895 2314 4963 quales
2365 4893 2578 4948 fuerunt
2607 4892 2883 4952 Libanius.
2913 4890 3238 4963 Carneades,
3273 4889 3370 4943 Dio
3398 4887 3720 4963 Chrysostog

2128 4961 2248 5020 titus
2276 4984 2288 5020 :
2316 4965 2386 5020 ita
2428 4966 2478 5018 lii
2517 4967 2740 5031 juvenes
2769 4962 3144 5022 instituebant.
3174 4972 3228 5012 ut
3269 4971 3449 5030 postea
3482 4962 3624 5014 serio
3653 4961 3721 5014 ad

2127 5037 2421 5106 populum,
2466 5035 2552 5090 vel
2597 5045 2840 5090 senatum
2889 5031 3064 5100 eloqui
3108 5041 3355 5106 possent;
3383 5040 3438 5085 et
3469 5035 3721 5106 materias

2125 5102 2355 5163 infames
2389 5116 2720 5176 pertractare
2747 5120 2974 5176 consues
2989 5111 3170 5157 erunt.
3197 5102 3288 5176 l_l:e
3315 5104 3490 5176 itaque
3512 5104 3721 5176 exerci-

2125 5179 2359 5233 tationes
2387 5171 2561 5242 erant,
2592 5175 2786 5246 quibus
2819 5175 2975 5245 paulo
3017 5189 3174 5246 supra
3209 5171 3518 5246 Lactantius
3544 5171 3638 5239 ait,
3659 5187 3720 5228 se

2122 5250 2176 5305 in
2221 5251 2553 5320 professione
2605 5242 2694 5301 illa
2734 5242 2980 5320 oratoria
3016 5243 3105 5298 diu
3156 5252 3447 5320 versatum,
3490 5242 3720 5320 juvenes

2121 5314 2250 5375 olim
2286 5337 2389 5375 non
2421 5321 2486 5375 ad
2516 5317 2903 5378 virtutem,sed
2936 5316 3087 5384 plane
3103 5314 3169 5368 ad
3189 5325 3430 5383 argutam
3461 5315 3718 5370 malitiam

2119 5393 2439 5456 erudivisse.
2473 5395 2802 5458 multumque
2834 5390 3042 5440 illarum
3079 5401 3233 5458 usum
3273 5399 3414 5440 nunc
3450 5387 3551 5440 sibi
3591 5402 3719 5456 pro-

2121 5463 2360 5518 futurum
2416 5465 2481 5516 ad
2512 5457 2730 5516 causam
2770 5459 3016 5514 veritatis
3061 5457 3326 5513 adversus
3363 5471 3556 5527 gentes
3599 5475 3719 5527 per-

2121 5535 2401 5592 orandam.
2432 5534 2612 5588 Isaeus.

2196 5606 2502 5660 Disserendu
2547 5613 2639 5658 est.
2691 5602 2997 5674 Disserere,
3027 5608 3110 5674 est
3158 5599 3294 5674 velle
3340 5599 3593 5674 indicare,
3624 5597 3718 5652 de—

2124 5678 2352 5734 clarare.
2385 5677 2538 5731 'I‘acit
2589 5674 2724 5729 llist.
2752 5690 2786 5728 ιι
2817 5693 2828 5728 ;
2861 5673 3016 5727 [laud
3043 5672 3193 5742 fuerit
3217 5673 3422 5741 longum
3451 5671 3593 5742 initia
3639 5685 3720 5720 re-

2129 5750 2353 5818 ligionis,
2385 5747 2559 5818 templi
2580 5748 2732 5802 situm
2764 5787 2780 5813 ,
2829 5739 3052 5817 {armant
3088 5743 3196 5798 dea
3237 5739 3415 5810 paucis
3452 5739 3722 5794 disserere.
