4172 6202
437 214 540 270 117

1546 211 1752 272 LIBER
1794 214 1831 271 l.
1869 212 1957 272 DE
1996 212 2216 274 FALSA
2255 211 2648 273 RELIGIONI.

435 329 527 384 Dei
552 326 839 399 singularis
865 341 930 383 ac
955 328 1068 383 veri
1095 336 1150 384 et
1174 329 1475 402 cognovisti
1501 336 1556 385 et
1577 329 2029 386 honorasti.Nam
2058 333 2113 404 Α
2136 338 2472 386 cramentum
2501 345 2648 388 verae
2677 328 2955 402 religionis
2979 328 3308 401 accepimus,
3337 343 3459 386 cum
3489 327 3559 386 sit
3595 331 3742 386 veri-

429 437 554 478 cum
582 421 672 476 ille
700 419 815 480 dies
846 419 1195 478 felicissimus
1239 423 1356 478 orbi
1403 433 1670 480 terrarum
1719 423 2030 490 illuxisset,

428 531 538 586 quo
555 524 609 570 te
624 515 766 572 Deus
784 529 1031 574 summus
1047 516 1113 571 ad
1132 516 1346 571 beatum
1367 518 1576 588 imperii
1599 518 1813 574 culmen
1833 517 2029 586 evexit,

426 608 720 664 salutarem
753 607 1026 665 universis
1067 619 1122 663 et
1166 609 1460 679 optabilem
1506 611 1864 680 principatum
1899 627 2035 680 princ

425 704 576 758 claro
598 702 754 757 initio
784 704 1100 772 auSpicatus
1120 717 1201 770 es,
1234 718 1356 760 cum
1383 719 1630 760 eversam
1660 705 2036 775 sublatamque

421 796 689 867 justitiam
721 795 1016 860 reducens,
1051 797 1386 854 teterrimum
1418 799 1646 854 aliorum
1689 799 1896 854 facinus
1938 814 2036 854 ex-

424 891 587 961 piasti
619 908 631 943 :
665 905 762 960 pro
791 905 902 960 quo
931 889 1075 946 facto
1098 891 1247 947 dabit
1278 891 1372 948 tibi
1394 893 1534 949 Deus
1561 893 1901 956 felicitatem,
1926 893 2035 948 vir.-

425 995 623 1053 tutem,
667 985 1122 1041 diuturnitatem:
1158 997 1215 1042 ut
1242 987 1430 1042 eadem
1473 989 1680 1058 justitia
1707 1030 1722 1054 ,
1753 1005 1854 1057 qua
1879 989 2037 1056 juve-

424 1079 510 1132 nis
531 1091 759 1134 exorsus
785 1092 867 1143 es,
891 1077 1320 1147 gubernaculum
1345 1080 1657 1151 reipublicze
1678 1080 1838 1135 etiam
1862 1095 2033 1138 senex

425 1180 634 1235 teneas,
666 1170 880 1240 tuisque
911 1171 1100 1226 liberis
1121 1211 1135 1235 ,
1169 1181 1224 1224 ut
1254 1171 1372 1241 ipse
1394 1187 1421 1224 a
1453 1183 1608 1241 patre
1641 1172 1922 1242 accepisti,
1949 1181 2034 1227 tu-

424 1267 589 1322 telam
628 1265 858 1322 Romani
899 1265 1138 1322 nominis
1181 1267 1387 1320 tradas.
1420 1267 1552 1322 Nam
1595 1268 1751 1324 malis
1775 1309 1790 1332 ,
1822 1268 1911 1338 qui
1938 1267 2034 1323 ad-

425 1358 533 1415 huc
571 1359 832 1414 adversus
865 1360 1044 1427 iustos
1081 1360 1135 1418 in
1178 1359 1304 1415 aliis
1333 1370 1599 1416 terrarum
1644 1361 1884 1430 partibus
1926 1375 2031 1417 sae.

422 1454 600 1519 viunt,
627 1463 835 1517 quanto
861 1454 1059 1520 serius,
1094 1462 1246 1510 tanto
1271 1453 1651 1510 vehementius
1678 1453 1820 1508 idem
1857 1453 2032 1509 omni-

421 1556 623 1618 potens
652 1547 958 1602 mercedem
992 1547 1217 1602 sceleris
1243 1549 1525 1602 exsolvet:
1553 1548 1676 1616 quia
1707 1555 1765 1600 ut
1790 1556 1869 1606 est
1901 1559 2028 1615 erga

419 1641 545 1710 pios
574 1639 1076 1711 indulgentissimns
1104 1649 1280 1710 pater,
1307 1641 1384 1694 sic
1413 1641 1673 1694 adversus
1699 1638 1893 1709 impios
1921 1653 2033 1692 rec-

2141 435 2223 484 tas
2253 429 2489 484 revelata
2537 426 2828 494 divinitus,
2857 443 2976 483 cum
3023 427 3300 482 doctorem
3332 427 3610 497 sapientia:
3637 408 3742 483 du;

2141 535 2371 590 cetnque
2400 521 2639 576 veritatis
2656 522 2822 576 Deum
2842 536 3153 591 sequamur,
3185 521 3468 574 universos
3494 521 3609 576 sine
3627 519 3741 578 ullo

2138 613 2452 668 discrimine
2481 616 2562 668 vel
2614 629 2777 668 sexus
2808 614 2893 668 vel
2923 615 3097 668 a-tatis
3122 614 3186 667 ad
3218 614 3442 669 caeleste
3483 615 3739 685 pabulum

2137 721 2520 762 convocatnus.
2574 707 2763 762 Nullus
2792 706 2934 762 enim
2967 708 3184 762 suavior
3227 710 3408 764 animo
3451 709 3604 765 cibus
3632 719 3736 776 est,

2138 816 2301 870 quam
2335 799 2571 870 cognitio
2607 799 2870 866 veritatis,
2901 801 2984 854 cui
3031 800 3337 854 asserenda:
3384 809 3547 870 atque
3589 800 3742 857 illus-

2139 892 2342 946 trandae
2377 902 2585 961 septem
2627 891 2898 946 volumina
2925 891 3311 946 destinavimus
3342 931 3357 958 ,
3400 891 3645 960 quamvis
3675 907 3741 948 ea

2137 1002 2225 1040 res
2258 985 2449 1040 infiniti
2474 1002 2610 1055 pene
2632 987 2703 1038 sit
2725 985 2906 1054 operis
2935 996 2985 1038 et
3014 985 3263 1040 immensi
3302 1003 3316 1037 :
3347 983 3466 1038 utsi
3488 986 3608 1054 quis
3626 983 3742 1042 hinc

2137 1077 2363 1133 dilatare
2408 1089 2566 1147 atque
2591 1077 2786 1148 exequi
2831 1078 3142 1147 plenissime
3173 1078 3325 1143 velit,
3362 1087 3508 1136 tanta
3551 1077 3625 1132 illi
3655 1093 3742 1132 re-

2135 1186 2254 1226 rum
2285 1173 2435 1242 copia
2468 1171 2767 1237 exuberet,
2803 1180 2858 1224 ut
2905 1185 3003 1224 nec
3040 1168 3160 1223 libri
3194 1167 3410 1222 modum
3444 1183 3543 1223 nec
3575 1169 3740 1224 linem

2135 1265 2368 1333 reperiat
2399 1264 2593 1316 oratio.
2622 1261 2726 1317 Sed
2759 1276 2857 1315 nos
2882 1261 3086 1315 idcirco
3117 1261 3355 1314 breviter
3381 1260 3562 1315 omnia
3583 1258 3741 1316 colli-

2136 1370 2353 1424 gemus;
2387 1357 2528 1423 quod
2560 1369 2620 1407 ea
2651 1370 2770 1424 quin
2799 1352 3016 1406 allaturi
3047 1367 3233 1406 sumus
3253 1393 3267 1417 ,
3303 1360 3410 1405 tam
3443 1350 3586 1406 clara
3612 1359 3741 1408 sunt

2135 1458 2188 1501 et
2232 1446 2443 1510 lucida,
2482 1457 2538 1499 ut
2579 1447 2749 1514 magis
2786 1447 2980 1498 mirum
3031 1459 3151 1500 esse
3187 1445 3435 1499 videatur
3484 1455 3590 1499 tam
3643 1447 3742 1502 0|)-

2135 1551 2346 1592 scuram
2379 1537 2548 1591 videri
2579 1538 2889 1591 hominibus
2913 1536 3214 1603 veritatem,
3243 1546 3296 1591 et
3327 1537 3391 1590 iis
3423 1536 3695 1608 praecipue
3720 1579 3736 1606 ,

2135 1631 2226 1701 qui
2255 1631 2528 1700 sapientes
2563 1629 2720 1698 vulgo
2753 1637 3006 1698 putantur
3027 1670 3041 1693 ,
3077 1631 3160 1683 vel
3185 1628 3326 1698 quod
3364 1629 3741 1685 tantummodo

421 1731 664 1786 tissimus
693 1731 875 1802 iudex.
901 1730 1070 1802 Cujus
1095 1731 1414 1803 religionem
1443 1733 1758 1802 cultumque
1781 1730 2025 1786 divinum
2057 1731 2105 1792 Β
2139 1723 2455 1779 instituendi
2486 1725 2642 1778 nobis
2671 1723 2917 1778 homines
2955 1731 3146 1788 erunt,
3176 1722 3278 1778 hoc
3301 1733 3382 1778 est
3403 1763 3418 1790 ,
3459 1723 3528 1780 ab
3553 1738 3744 1782 errore

418 1826 647 1894 cupiens
673 1825 992 1891 defendere,
1018 1841 1179 1898 quem
1214 1827 1399 1898 patius
1427 1826 1717 1896 appellem,
1746 1839 1906 1894 quem
1944 1825 2025 1880 al-

419 1916 610 1986 IOquar
633 1961 648 1984 ,
676 1918 780 1972 nisi
812 1934 934 1973 eum
987 1934 1083 1987 per
1118 1934 1281 1990 quem
1326 1918 1489 1974 rebus
1531 1917 1780 1972 humanis
1816 1915 2024 1987 iustitia

418 2019 472 2064 et
498 2009 765 2080 sapientia
798 2010 1048 2065 restituta
1080 2011 1196 2065 est?

491 2101 724 2156 Omissis
750 2116 880 2172 ergo
903 2101 1126 2170 hujusce
1157 2110 1390 2158 terrena:
1438 2102 1798 2174 philosophiae
1835 2109 2024 2160 aucto-

425 2192 578 2248 ribus
607 2191 744 2247 nihil
779 2193 912 2248 certi
943 2192 1317 2260 affereutibus,
1350 2196 1725 2265 aggrediamur
1747 2196 1885 2249 viam
1911 2209 2028 2250 rec-

420 2296 527 2339 tam
557 2304 570 2340 :
596 2301 733 2355 quos
753 2285 1007 2357 equidem
1029 2330 1043 2354 ,
1066 2287 1111 2342 si
1136 2299 1380 2357 putarem
1401 2288 1533 2342 satis
1549 2289 1776 2344 idoneos
1801 2289 1866 2342 ad
1888 2289 2030 2346 bene

417 2377 710 2433 vivendum
743 2377 908 2433 duces
938 2394 1091 2448 esse,
1119 2389 1172 2435 et
1205 2380 1322 2450 ipse
1361 2394 1643 2450 sequerer.
1673 2390 1728 2435 et
1756 2381 1893 2436 alios
1919 2421 1934 2446 ,
1969 2387 2032 2436 ttt

425 2478 818 2538 sequerentur,
848 2468 1119 2526 hortarer.
1151 2470 1256 2526 Sed
1283 2487 1405 2525 cum
1430 2471 1570 2526 inter
1590 2486 1649 2527 se
1675 2486 1867 2542 magna
1893 2486 2028 2526 cou-

415 2560 721 2616 certatione
747 2561 1077 2627 dissideant,
1109 2578 1402 2635 secumque
1441 2563 1540 2634 ipsi
1575 2564 1890 2635 plerumque
1915 2565 2026 2620 dis-

414 2654 676 2721 cordeut,
710 2666 935 2726 apparet
961 2659 1151 2712 eorum
1182 2659 1284 2714 iter
1311 2674 1652 2730 nequaquam
1685 2673 1808 2713 esse
1847 2657 2025 2714 direc-

419 2759 532 2803 tum
566 2766 580 2802 :
627 2748 892 2818 siquidem
932 2749 1034 2806 sibi
1064 2751 1284 2821 quique,
1317 2761 1376 2806 ut
1399 2760 1483 2807 est
1511 2751 1746 2815 libitum,
1781 2751 2027 2820 proprias

414 2841 531 2896 vias
567 2841 963 2910 impresserunt
988 2883 1002 2909 ,
1035 2841 1516 2914 confusionemth
1561 2859 1810 2914 magnam
1850 2843 2026 2914 inqui-

2133 1835 2238 1891 quo
2267 1831 2393 1874 sunt
2417 1819 2694 1888 implicati,
2722 1819 2788 1873 ad
2821 1821 3108 1875 rectiorem
3141 1820 3282 1876 viam
3313 1818 3627 1876 revocandi.

2133 1929 2141 1974 ε
2204 1911 2358 1981 Quod
2378 1912 2423 1966 si
2453 1911 2733 1974 fuerimus,
2764 1921 2818 1964 ttt
2840 1926 3022 1981 spero,
3055 1913 3312 1976 assecuti,
3334 1913 3616 1967 mittemus
3641 1925 3739 1969 eos

2133 2006 2201 2062 ad
2233 2009 2405 2075 ipsum
2446 2006 2705 2060 doctrina:
2748 2005 3075 2060 uberritttnm
3105 2021 3167 2059 ac
3211 2005 3581 2075 plenissimum
3619 2003 3741 2060 fon-

2135 2107 2265 2164 tem,
2313 2100 2467 2168 cujus
2501 2101 2692 2152 haustu
2736 2107 2901 2166 atque
2932 2105 3056 2166 potu
3095 2107 3413 2166 conceptam
3443 2095 3745 2156 visceribus

2135 2194 2278 2248 sitim
2304 2193 2518 2256 sedent,
2547 2193 2907 2261 ardoremque
2939 2190 3292 2260 restinguant.
3325 2187 3608 2258 Ernntque
3637 2188 3743 2244 illis

2135 2286 2315 2340 omnia
2341 2285 2546 2352 facilia,
2580 2299 2772 2354 prona,
2802 2283 3124 2337 manifesta:
3156 2282 3316 2335 modo
3350 2297 3417 2336 ne
3451 2281 3627 2353 pigeat
3670 2279 3743 2338 ad

2137 2377 2538 2448 percipiendam
2595 2375 2876 2446 sapientia:
2921 2375 3261 2444 disciplinam
3288 2418 3302 2441 ,
3344 2373 3600 2443 legendi,
3651 2371 3742 2428 vel

2132 2469 2383 2524 audiendi
2415 2470 2722 2538 patientiam
2749 2469 3121 2524 commodare.
3155 2467 3307 2522 Multi
3337 2466 3482 2522 enim
3535 2480 3732 2536 super-

2131 2563 2440 2618 stitionibus
2469 2564 2618 2617 vanis
2640 2563 2988 2632 pertinaciter
3006 2562 3354 2628 inhaerentes,
3381 2561 3651 2617 obdttraut
3671 2575 3736 2619 se

2133 2666 2318 2712 contra
2344 2657 2685 2713 manifestam
2717 2660 3001 2714 veritatem
3026 2701 3042 2724 ,
3075 2674 3180 2712 non
3213 2669 3321 2712 tam
3355 2657 3426 2714 de
3454 2658 3567 2712 suis
3604 2656 3738 2713 reliu-

2129 2750 2412 2821 gionibus,
2443 2766 2575 2820 quas
2617 2767 2778 2821 prave
2813 2761 3094 2817 asserunt,
3129 2749 3267 2806 bene
3311 2750 3526 2814 meriti,
3572 2762 3738 2818 quam

2130 2844 2197 2898 de
2228 2857 2286 2898 se
2313 2843 2453 2898 male
2478 2861 2492 2898 :
2521 2845 2612 2912 qui
2640 2859 2762 2898 cum
2799 2844 3030 2898 habeant
3052 2845 3154 2898 iter
3176 2852 3404 2905 rectum.
3429 2842 3619 2899 devios
3643 2858 3732 2899 se-

414 2935 666 2992 rentibus
694 2937 977 2993 veritatem
1008 2937 1363 3009 reliquerunt.
1392 2937 1557 2996 Nobis
1578 2947 1783 3006 autem,
1814 2939 1904 3010 qui
1933 2954 2023 2994 sa-
2051 2929 2096 2992 Ο
2131 2947 2370 3010 quuntur
2395 2937 2707 3007 anfractus;
2749 2939 2966 3011 planum
3017 2937 3294 3005 deserunt,
3327 2947 3384 2992 ut
3410 2952 3505 3009 per
3534 2936 3735 3010 praeci-

1742 3071 2108 3131 VARIORUM
2138 3072 2371 3129 NOTAE.

414 3225 686 3277 ratorum,
714 3221 848 3266 tom.
874 3227 950 3274 iv,
983 3225 1102 3280 cap.
1137 3211 1227 3276 23,
1259 3225 1379 3281 pag.
1411 3210 1538 3273 {26,
1572 3223 1732 3280 atque
1763 3211 2020 3267 disserta-

415 3286 622 3340 tionem
664 3283 866 3338 NiCOlal
893 3282 962 3338 de
996 3283 1260 3406 LBSIHCqI,
1313 3282 1438 3337 huic
1474 3283 1693 3336 cdiliuni
1721 3298 2016 3337 annexam,

490 3356 726 3406 Aliomm
768 3355 987 3406 facinus.
1020 3353 1188 3406 Taxat
1237 3355 1306 3406 tic
1337 3354 1647 3406 Lactantius
1674 3353 1923 3406 Maxentii
1964 3361 2016 3406 et

489 3356 726 3412 Aliomm
767 3355 987 3423 facinus.
1020 3353 1188 3408 Taxat
1218 3353 1306 3408 hic
1337 3354 1647 3409 Lactantius
1674 3353 1923 3408 Maxrnlii
1964 3361 2020 3410 et

415 3428 610 3482 Licinii
643 3429 694 3480 in
725 3426 1050 3480 christianos
1077 3426 1453 3481 crudelitatem
1477 3468 1492 3492 ,
1525 3435 1579 3480 et
1605 3427 1741 3480 alios
1766 3425 2018 3479 christia-

419 3514 614 3553 norum
659 3509 1054 3568 persecutores.

495 3565 673 3622 Dabit’
702 3567 788 3620 tibi
851 3567 992 3640 Deus
1043 3568 1359 3640 felicitatem.
1404 3565 1493 3622 Sic
1532 3566 1588 3621 S.
1635 3567 2010 3636 Augustinus:

419 3640 816 3694 Constantinum
843 3681 857 3704 ,
905 3639 1096 3706 inquit,
1129 3642 1489 3705 imperatorem
1520 3655 1619 3690 non
1647 3639 2020 3707 supplicantem

419 3711 759 3774 dtemonibus,
805 3711 892 3762 sed
923 3712 1088 3776 ipsum
1120 3727 1288 3764 verum
1324 3712 1482 3763 Deum
1514 3708 1758 3761 colentem
1787 3749 1800 3770 ,
1866 3710 2022 3762 tantis

421 3783 637 3837 terrenis
686 3781 910 3850 implevit
938 3781 1264 3846 muneribus,
1297 3793 1489 3852 quanta
1520 3791 1696 3843 aptare
1727 3780 1900 3833 nullus
1928 3796 2022 3832 au-

419 3857 582 3915 deret,
603 3862 736 3917 etc.,
766 3853 832 3906 de
854 3851 1010 3907 Civil.
1045 3853 1155 3911 Dei.
1193 3853 1284 3906 lib.
1310 3851 1367 3910 v.
1402 3869 1522 3922 cttp.
1547 3852 1639 3905 25.

494 3923 670 3978 Etiam
702 3940 856 3978 senex
881 3935 1069 3979 teneas.
1102 3924 1227 3978 ιιυο
1274 3926 1434 3980 verba
1463 3920 1658 3978 desunt
1681 3921 1732 3976 in
1756 3921 1880 3975 edit.
1917 3920 2020 3976 Su-

419 3997 564 4052 blac.

495 4067 696 4122 Justos.
734 4065 790 4120 Id
822 4075 905 4121 est
931 4065 1274 4121 christianos.

502 4139 706 4206 Quanto
735 4139 896 4193 serius
928 4178 944 4202 ,
975 4147 1114 4190 tanto
1138 4138 1498 4191 vehementius.
1534 4135 1651 4189 Val.
1682 4136 1821 4193 Max.
1851 4139 1948 4202 lib,
1982 4154 2023 4203 ι,

423 4227 550 4278 cap.
586 4214 635 4274 1,
671 4222 781 4264 ext.
817 4209 851 4263 3
881 4228 894 4262 :
925 4207 1083 4261 Lento
1115 4209 1279 4280 gradu
1321 4209 1391 4262 ad
1419 4209 1692 4261 vindictam
1737 4213 1814 4261 sui
1848 4211 2024 4264 divina

424 4283 657 4350 procedit
695 4284 795 4349 ira,
833 4281 1218 4349 tarditatemque
1242 4281 1483 4349 supplicii
1509 4280 1755 4350 gravitate
1779 4296 2020 4351 compen-

423 4365 523 4406 sat.
560 4353 690 4407 BUN.

497 4423 859 4490 Afferentibus.
890 4422 961 4479 Ut
989 4423 1148 4492 paulo
1178 4431 1318 4489 post,
1346 4421 1684 4492 quw‘allaturi
1711 4437 1930 4488 sumus.,
1965 4430 2020 4477 at

424 4511 559 4550 mss.
593 4496 628 4550 9
657 4495 984 4550 recentiores
1006 4510 1124 4548 cum
1152 4493 1423 4547 nonnullis
1453 4493 1630 4551 editis.
1656 4493 2011 4546 asserentibus.

423 4567 527 4622 Hic
553 4582 658 4619 non
689 4566 1040 4621 AcadetniCos
1067 4565 1228 4618 modo
1256 4565 1520 4633 intelligit,
1552 4563 1644 4618 sed
1673 4565 2018 4632 philosophos

422 4654 637 4703 omnes,
667 4640 753 4708 qui
788 4641 948 4708 variis
971 4637 1316 4708 opinionibus
1353 4635 1631 4708 sapientia;
1660 4636 1894 4689 studium
1937 4635 2017 4708 di-

425 4706 722 4765 laniarnnt.
764 4738 836 4748 —
866 4707 1018 4761 Nihil
1062 4710 1185 4761 certi
1215 4707 1563 4772 a/ferentibus.
1613 4706 1675 4760 L.
1709 4723 1785 4772 Ill,
1819 4722 1937 4776 cap.
1963 4707 2018 4774 7,

425 4783 565 4835 lin.:
603 4779 710 4834 Nec
761 4791 930 4832 tamen
980 4777 1162 4845 afferat
1209 4780 1347 4847 ipse,
1401 4782 1537 4847 quod
1575 4795 1866 4847 sequamur.
1903 4777 2014 4832 Cic.

423 4868 473 4908 c.
512 4853 575 4907 16
601 4869 619 4905 .'
656 4851 801 4906 Nihil
830 4851 948 4905 boni
978 4851 1045 4903 ad
1073 4853 1224 4904 vitam
1246 4849 1543 4913 alferebant.
1580 4851 1652 4903 De
1679 4852 1844 4916 ()pil.,
1870 4865 1918 4903 c.
1947 4852 1968 4902 1
2001 4865 2019 4904 :

428 4926 526 4979 Sic
555 4925 838 4991 disputant.
872 4933 923 4974 ut
955 4940 1033 4986 ea,
1066 4938 1180 4986 qua!
1224 4919 1466 4988 aﬂ'erunt,
1503 4921 1716 4991 probata
1738 4931 1787 4974 et
1817 4921 2022 4991 cognita

425 4995 589 5051 rideri
617 4996 788 5050 velint.
821 4995 1056 5066 Singulis
1085 4995 1318 5050 hisloms
1346 5010 1559 5066 quitque
1588 4994 1655 5048 de
1682 4993 2022 5065 philosophis

421 5077 625 5119 amtor.

459 5083 901 5208 g'lliizitirentibus.
932 5139 1023 5195 Sic
1060 5154 1191 5191 mss.
1237 5137 1293 5192 S.
1333 5136 1584 5192 Germani
1617 5144 1670 5188 et
1721 5134 2024 5205 Lipsienses

421 5208 566 5282 duo;
599 5211 683 5264 alii
708 5227 832 5264 vero
862 5209 1220 5282 quwrentibtts.

501 5276 893 5350 Requirentibus
935 5286 1215 5336 veritatem.
1272 5277 1459 5332 Merito
1496 5293 1561 5331 ex
1599 5277 1754 5350 [.ips._
1790 5276 2026 5350 pra'tnlit

423 5348 709 5408 Cellarius.
743 5356 899 5407 Amat
931 5351 1242 5408 Ltt‘laltlllls
1262 5367 1448 5405 vocem
1482 5350 1638 5404 hanc.
1676 5348 1834 5412 infra,
1869 5349 1905 5402 l.
1928 5363 2022 5412 vn,

423 5439 548 5491 cap.
570 5424 602 5476 7
633 5440 645 5476 :
679 5422 957 5478 Veritatem
989 5427 1098 5478 sine
1118 5425 1244 5477 duce
1271 5424 1600 5483 requirerent.
1635 5421 1706 5474 De
1737 5419 1839 5486 Ira,
1873 5435 1923 5474 c.
1956 5421 2020 5474 ὃς

434 5493 708 5566 Veritatem
731 5494 854 5548 alibi
879 5498 1218 5566 requiramus.
1254 5494 1380 5548 Buri.

506 5565 894 5620 Sacramentum
949 5565 1062 5620 'Hic
1104 5565 1366 5634 signiﬁcat
1403 5579 1514 5617 rem
1569 5577 1820 5616 arcanam
1848 5604 1862 5623 ,
1905 5576 2024 5626 qua:

428 5639 750 5692 naturaliter
781 5637 973 5692 rationi
1012 5638 1257 5692 humanm
1298 5637 1475 5706 ignota
1512 5645 1614 5694 est.
1647 5637 1737 5686 sed
1767 5634 2022 5687 tlivittttus

425 5710 695 5784 patefacta
724 5750 738 5778 ,
763 5725 870 5780 quo
887 5724 1047 5764 sensu
1073 5722 1230 5762 verus
1249 5709 1513 5778 interpres
1545 5720 1731 5762 vneam
1749 5709 2024 5782 μυστήριον

2132 3210 2387 3267 reddidit.
2426 3211 2687 3287 ilicem}:
2735 3227 3137 3287 nonnumquam
3162 3215 3430 3287 signiﬁcat
3464 3215 3738 3282 iuramen-

2133 3294 2268 3358 tum,
2295 3283 2446 3358 quod
2478 3283 2676 3336 milites
2702 3283 2829 3338 olittt
2855 3283 3165 3353 imperatori
3189 3283 3534 3358 prmstabant,
3562 3302 3740 3354 eoque

2131 3355 2466 3428 selidcliter
2506 3365 2832 3428 pugnaturos
2874 3366 2927 3428 et
2974 3355 3224 3428 prompte
3268 3358 3734 3427 obtemperaturos

2131 3425 2568 3499 pollicebantur:
2617 3425 2732 3479 hmo
2774 3425 3094 3499 SigttiiiCnllO
3120 3425 3256 3499 _huic
3290 3431 3408 3483 loco
3436 3425 3595 3482 etiam
3638 3445 3734 3499 apo

2131 3496 2230 3568 tati
2261 3506 2457 3562 potest,
2497 3507 2656 3566 atque
2688 3499 2754 3548 ita
2783 3499 2988 3565 acc-epit
3018 3497 3082 3568 ll.
3117 3497 3283 3568 Tbys.
3322 3499 3453 3552 Nam
3479 3512 3524 3554 et
3559 3496 3734 3556 chris-

2131 3567 2255 3642 tiani
2283 3569 2633 3642 qtt:tndt_i_per
2655 3567 2979 3642 baptisnnnn
3015 3567 3272 3642 Ecclesiae
3309 3570 3687 3642 inst-rebantur
3712 3615 3730 3642 ,

2123 3637 2686 3714 jttramentolibristo
2734 3653 2793 3714 se
2833 3637 3172 3706 obligabant;
3206 3641 3332 3714 hinc
3453 3637 3733 3714 ilier0nyL

2127 3722 2246 3782 nius
2273 3709 2337 3761 ad
2371 3708 2645 3782 lleliotlor.
2677 3725 2691 3761 :
2729 3708 3018 3782 Recordare
3050 3712 3289 3781 tyrocinii
3321 3711 3393 3763 tui
3426 3712 3598 3778 diem,
3634 3708 3733 3782 quo

2129 3777 2331 3832 Christo
2361 3780 2714 3850 consepultus,
2748 3781 2800 3833 in
2832 3777 3139 3836 sacramenti
3172 3784 3321 3837 verba
3337 3784 3554 3852 jurasti.
3586 3777 3734 3839 GAL-

2129 3866 2297 3904 LECS.

2201 3921 2294 3975 Cui
2333 3924 2638 3976 asserendtc.
2674 3921 2762 3977 Sic.
2793 3921 2864 3974 29.
2897 3938 3023 3976 mss.
3074 3922 3214 3978 inter
3256 3940 3390 3992 quos
3421 3935 3546 3982 sunt
3593 3927 3732 3982 anti-

2128 3994 2348 4068 quiores
2371 3995 2526 4068 lit-g.,
2562 3995 2766 4048 Bonon.
2823 4005 2877 4048 et
2907 3994 3118 4048 Hohan.
3167 4011 3230 4052 ac
3269 3999 3554 4068 Sangerttt.
3585 3997 3731 4067 quod

2129 4064 2524 4140 pr;_t-l'erentlnttt
2563 4068 2682 4120 aliis
2723 4080 2854 4121 mss.
2909 4068 3297 4126 recentioribus
3345 4064 3405 4124 ei
3425 4064 3614 4138 editis,
3641 4069 3733 4140 qui

2129 4135 2328 4189 habent
2352 4139 2519 4202 cuius.

2200 4205 2404 4272 Iit/initi
2436 4225 2564 4277 pene
2590 4209 2653 4261 sit
2685 4209 2853 4278 operis
2883 4219 2930 4264 et
2957 4209 3208 4264 immensi.
3239 4209 3384 4264 Inest
3423 4210 3475 4266 in
3507 4210 3590 4266 his
3615 4210 3730 4269 ele-

2127 4278 2339 4350 gantia.
2362 4278 2471 4332 Cic.
2507 4295 2544 4340 ι.
2578 4280 2644 4333 de
2674 4281 2850 4342 Urat.,
2885 4281 2917 4335 6
2949 4301 2961 4334 :
2989 4280 3100 4334 Nec
3125 4280 3317 4333 dubito.
3345 4284 3466 4350 quin
3497 4285 3592 4333 hac
3613 4282 3728 4350 pls.

2053 4355 2108 4416 D
2135 4351 2303 4417 risque
2329 4349 2648 4403 immensum
2683 4352 3056 4414 infinitumque
3087 4353 3338 4405 videatur.
3358 4349 3504 4405 BDN.

2206 4421 2366 4487 Copia
2397 4422 2652 4475 exuberet.
2713 4421 2846 4476 Ven.
2893 4424 3054 4486 1471,
3089 4433 3314 4490 utraque
3352 4422 3513 4485 M78.
3544 4422 3727 4491 Best,

2123 4489 2259 4562 Yen.
2298 4491 2464 4554 1497,
2500 4493 2663 4558 l’ier.,
2695 4492 2888 4547 Parrh.
2930 4502 2982 4547 cl
3024 4489 3266 4560 qttzutlant
3315 4495 3434 4547 alia:
3465 4489 3724 4562 eauperel.

2124 4559 2468 4636 NlllllAllllll",
2494 4563 2597 4636 lib.
2632 4579 2712 4626 tv,
2737 4578 2854 4633 Cap.
2877 4565 2956 4636 717
2980 4605 2995 4631 ,
3026 4559 3174 4632 tioriia
3217 4565 3362 4618 lactis
3406 4559 3731 4636 exuberant;

2124 4646 2242 4699 cap.
2272 4632 2665 4708 29._exuberans
2684 4632 2845 4708 fatis;
2873 4635 2966 4708 lib.
2992 4651 3082 4702 vu,
3109 4650 3226 4708 capi.
3262 4636 3346 4697 l5,
3378 4653 3510 4708 ager
3540 4632 3730 4692 exube-

2124 4714 2240 4768 rat;
2266 4704 2340 4780 tit:
2362 4705 2462 4780 Ira.
2497 4721 2614 4780 cap.
2649 4705 2836 4780 15ηυι
2853 4707 3059 4760 arbusta
3083 4707 3245 4780 pontis
3267 4704 3554 4761 exuberent.
3582 4708 3728 4780 Epit.

2126 4789 2244 4844 cap.
2279 4775 2348 4831 72
2378 4794 2388 4828 :
2425 4776 2619 4835 Laetis.
2653 4778 2754 4829 vini
2780 4784 2946 4846 fontes
2975 4776 3344 4831 exuberabunt.
3379 4779 3508 4833 Ilua.

2203 4845 2311 4900 Nec
2334 4849 2450 4902 libri
2505 4850 2731 4911 modum,
2779 4845 2868 4902 nec
2901 4851 3054 4918 linem
3100 4850 3320 4916 reperiat
3365 4853 3547 4904 oratio.
3579 4849 3728 4904 Heu-

2128 4936 2356 4974 maunus
2388 4921 2634 4981 miratur,
2671 4931 2775 4974 tam
2805 4922 2892 4974 diu
2925 4922 2976 4976 in
3008 4921 3203 4974 tnetnlo
3232 4922 3484 4975 cubuisse
3517 4921 3572 4975 h.
3608 4921 3642 4974 Ι.
3673 4928 3730 4977 et

2127 4992 2394 5051 rescribit,
2427 4991 2570 5048 liber.
2603 4992 2715 5046 Non
2747 5007 2882 5062 opus
2905 4995 2983 5058 si,
3041 5007 3132 5045 nrc
3158 4989 3275 5044 libri
3306 4992 3543 5060 modum,
3568 5005 3728 5062 repe-

2127 5064 2267 5115 riant
2298 5063 2608 5116 subaudias.
2643 5061 2803 5119 Certe
2833 5079 3023 5117 omnes
3048 5063 3165 5119 librt
3194 5062 3381 5130 scripti
3409 5074 3462 5117 et
3488 5064 3617 5117 editi
3663 5061 3726 5116 Ii-

2128 5134 2204 5186 bri
2234 5131 2426 5186 habent
2467 5152 2478 5186 :
2517 5137 2584 5187 ita
2616 5146 2670 5185 ut
2701 5137 2863 5200 priori
2895 5135 3012 5189 Ιοου
3040 5135 3145 5194 hic.
3179 5135 3457 5200 reperiant.

2214 5203 2386 5257 Vanis.
2414 5203 2469 5257 ltt
2499 5205 2584 5258 ed.
2616 5205 2831 5260 Snblac.
2864 5207 3053 5273 legitur
3079 5205 3253 5258 rariis.

2203 5274 2472 5329 Obdurant
2499 5293 2552 5329 se
2571 5289 2767 5329 contra.
2802 5275 2964 5332 Gotlt.
3007 5276 3322 5329 obdurantur
3350 5285 3528 5330 contra
3554 5277 3730 5332 mani-

2127 5349 2309 5417 festam
2337 5348 2618 5400 veritatem.
2664 5349 2852 5401 Cicero
2892 5352 3010 5401 sine
3056 5361 3353 5411 reciproco,
3406 5348 3499 5405 lib.
3537 5364 3594 5404 ιιι
3641 5347 3730 5404 Fi-

2130 5419 2270 5483 nib.,
2289 5420 2344 5472 Η
2378 5432 2391 5471 :
2418 5421 2543 5482 Quis
2565 5431 2742 5474 contra
2764 5420 2934 5472 studia
2953 5427 3272 5487 naturazjtam
3295 5419 3612 5476 vehementer
3638 5420 3733 5475 ob-

2127 5490 2345 5542 duravit.
2385 5489 2514 5543 BUS.

2204 5559 2370 5614 Prnve
2395 5569 2645 5614 assmtnt.
2678 5559 2752 5613 lla
2785 5575 2904 5615 cum
2935 5561 3095 5616 editis
3134 5563 3320 5631 optimi
3367 5562 3563 5632 quique
3593 5575 3726 5618 mss.

2127 5631 2185 5685 In
2219 5633 2388 5685 trtbus
2418 5647 2529 5686 rer.
2581 5641 2663 5685 est
2693 5637 2993 5702 proferunt;
3022 5633 3072 5686 itt
3098 5633 3286 5688 decent
3316 5631 3728 5700 reueotissitnis,

2129 5706 2433 5775 praeferunt.
2465 5702 2599 5759 Vide
2626 5703 2760 5758 infra
2783 5718 2940 5776 prave
2963 5707 3307 5762 sentientium.
