4172 6202
361 197 469 261 121

1460 216 1669 275 LIBER
1705 218 1750 276 l.
1781 219 1874 277 DE
1917 220 2136 280 FALSA
2168 223 2560 287 BELIGIONE.

3561 239 3667 298 123

359 317 639 425 uiderunt,
670 317 953 428 docentes,
1005 337 1106 382 nec
1149 326 1267 384 ﬁeri
1311 331 1573 388 mundum
1617 333 1735 393 sine
1781 336 1963 393 divina
1987 343 2040 404 Α
2065 343 2209 414 gutis
2233 354 2288 401 et
2316 346 2717 419 eloquentibus,
2746 359 2799 407 et
2819 351 2889 409 de
2916 352 3137 411 solertia
3160 354 3358 414 divinae
3381 358 3671 430 providen-

355 412 573 470 ratione
600 416 842 485 potuisse
861 459 877 485 ,
911 433 1013 475 nec
1038 432 1330 492 constare,
1357 425 1460 482 nisi
1503 442 1715 485 summa
1754 433 1967 490 ratione

355 517 661 576 regeretur.
709 507 816 565 Sed
847 520 900 565 et
946 510 1017 567 M.
1058 514 1289 581 Tullius,
1342 521 1586 588 quamvis
1627 522 1966 580 Academicus

351 596 660 669 disciplina:
704 602 958 659 defensor
984 616 1165 675 esset,
1203 609 1271 665 de
1310 612 1651 682 providentia
1689 617 1964 687 guberna-

361 694 505 749 trice
552 710 733 751 rerum
766 706 824 753 et
854 699 1022 754 multa
1057 710 1112 756 et
1162 718 1308 775 saepe
1347 706 1625 774 disseruit,
1658 710 1963 770 Stoicorum

354 801 679 859 argumenta
706 791 1038 849 confirmans
1057 836 1074 863 ,
1104 804 1163 851 et
1196 813 1335 854 nova
1377 801 1491 872 ipse
1529 802 1761 860 aﬁ‘erens
1791 806 1963 876 pluri-

353 896 490 937 ma:
522 882 665 954 quod
696 885 821 940 facit
845 894 957 941 tum
985 887 1037 941 in
1069 890 1323 947 omnibus
1363 893 1718 965 philosophia:
1753 913 1866 954 suae
1897 899 1964 954 li-

353 971 495 1036 bris,
530 983 640 1029 tum
675 975 909 1033 maxime
936 979 988 1032 in
1038 979 1104 1036 iis
1128 982 1222 1054 qui
1244 984 1459 1041 suntde
1483 985 1681 1042 Natura
1711 988 1957 1046 deorum.

431 1064 544 1121 Nec
570 1066 792 1124 difﬁcile
824 1083 958 1125 sane
1003 1071 1106 1127 fuit
1148 1088 1441 1143 paucorum
1474 1077 1752 1135 hominum
1799 1096 1964 1152 prave

352 1161 714 1217 sentientium
741 1160 1068 1235 redarguere
1099 1168 1379 1224 mendacia
1398 1172 1711 1229 testimonio
1731 1175 1961 1243 populo-

353 1269 487 1311 rum
513 1266 676 1326 atque
704 1257 950 1327 gentium
978 1259 1031 1314 in
1065 1259 1169 1317 hac
1193 1277 1299 1317 una
1334 1279 1395 1320 re
1424 1280 1531 1321 non
1561 1265 1958 1323 dissidentium.

351 1346 534 1404 Nemo
565 1358 649 1405 est
684 1350 827 1405 enim
870 1360 977 1407 tam
1026 1353 1212 1423 rudis,
1246 1364 1356 1411 tam
1399 1357 1531 1415 leris
1565 1360 1834 1428 moribus,
1869 1363 1961 1433 qui

353 1443 550 1501 oculos
578 1458 709 1501 suos
735 1444 790 1500 in
821 1446 1018 1503 caelum
1044 1449 1281 1517 tollens,
1314 1455 1527 1510 tametsi
1561 1455 1766 1511 nesciat
1805 1456 1961 1527 cujus

352 1532 459 1591 Dei
486 1534 817 1604 providentia
834 1545 1054 1607 regatur
1078 1538 1185 1596 hoc
1209 1555 1372 1597 omne
1390 1543 1535 1614 quod
1559 1546 1820 1611 cernitur,
1850 1562 1958 1603 non

348 1625 598 1698 aliquam
628 1635 810 1685 tamen
836 1645 958 1685 esse
984 1630 1251 1703 intelligat
1283 1648 1351 1690 ex
1380 1636 1491 1705 ipsa
1530 1652 1710 1692 rerum
1752 1639 1959 1710 magni-

2070 438 2158 494 tiae
2185 455 2284 513 per
2312 450 2481 498 totum
2521 444 2623 500 hoc
2650 461 2808 516 opus,
2837 448 2980 519 quod
3026 452 3386 519 suscepimus,
3435 453 3666 522 sparsim

2069 533 2250 589 dicere
2264 551 2487 593 necesse
2510 549 2613 600 est;
2630 542 2942 596 omittamus
2965 542 3016 596 itt
3044 545 3296 612 prtescnti
3327 545 3466 601 hanc
3485 563 3668 619 quaes-

2070 629 2288 693 tionem,
2316 648 2435 699 qua:
2461 649 2582 689 cum
2611 638 2824 691 caeteris
2841 639 2917 692 sic
2939 636 3199 706 cohaeret,
3217 647 3277 695 ut
3301 641 3437 696 nihil
3461 660 3488 696 a
3515 644 3668 700 nobis

2067 718 2261 776 disseri
2294 739 2456 792 posse
2490 727 2771 798 videatur,
2803 740 2864 785 ut
2890 745 2997 786 non
3028 731 3191 787 simul
3221 732 3289 789 de
3330 735 3666 805 providentia

2068 813 2391 872 disseratur.

2703 939 2933 999 CAPUT
2974 943 3058 999 Ill.

2071 1046 2302 1104 Uniusne
2339 1058 2584 1121 potestate
2614 1052 2708 1110 Dei
2731 1058 2949 1113 mundus
2968 1068 3193 1131 regatur,
3225 1078 3295 1117 an
3337 1064 3619 1120 multorum
3640 1067 3667 1122 Ρ

2136 1181 2217 1238 Sit
2253 1197 2383 1255 ergo
2415 1186 2586 1242 nostri
2626 1190 2806 1258 operis
2841 1190 3123 1248 exordium
3152 1197 3383 1266 quaestio
3411 1197 3498 1252 illa
3526 1213 3664 1255 con-

2065 1288 2299 1345 sequens
2343 1292 2407 1332 ac
2458 1279 2694 1335 secunda
2758 1299 2771 1334 :
2821 1292 3001 1339 utrum
3047 1295 3317 1355 potestate
3364 1290 3522 1345 unius
3567 1291 3664 1348 Dei

2064 1367 2298 1423 mundus
2326 1379 2561 1440 regatur,
2592 1388 2733 1430 anne
2756 1375 3047 1432 multorum
3073 1377 3291 1435 ‘lNemo
3319 1388 3404 1437 est
3430 1384 3519 1453 qui
3543 1384 3665 1454 qui-

2063 1456 2187 1512 dem
2239 1459 2452 1530 sapiat,
2507 1466 2884 1535 rationemque
2922 1482 3107 1523 secum
3153 1478 3470 1539 putet,non
3497 1489 3662 1530 unum

2062 1565 2187 1608 esse
2213 1553 2515 1625 intelligat,
2552 1558 2643 1627 qui
2673 1567 2729 1614 et
2757 1559 3063 1617 condiderit
3088 1564 3268 1619 omnia
3290 1606 3306 1631 ,
3339 1574 3395 1620 et
3423 1566 3612 1624 eadem
3642 1610 3660 1637 ,

2062 1660 2166 1716 qua
2196 1646 2474 1716 condidit,
2500 1650 2699 1706 virtute
2750 1652 3079 1709 moderetur.
3134 1656 3273 1724 Quid
3304 1660 3448 1713 enim
3477 1661 3664 1717 multis

350 1718 570 1784 tudine,
598 1731 768 1789 motu,
797 1720 1178 1793 dispositione,
1197 1729 1793 1794 constantia,uti|itate,
1832 1732 1952 1802 pul-
1982 1747 2033 1808 Β
2061 1754 2195 1812 opus
2225 1751 2311 1797 est
2336 1742 2404 1798 ad
2431 1745 2615 1800 mundi
2650 1747 2890 1818 regimen
2928 1718 3307 1805 sustinendum
3336 1752 3360 1805 ?
3392 1753 3493 1807 nisi
3521 1752 3663 1811 forte

348 1809 690 1881 cbritudine,
718 1817 1106 1884 temperatione
1153 1835 1166 1872 :
1214 1833 1314 1875 nec
1355 1835 1517 1891 posse
1557 1822 1673 1879 ﬁeri
1725 1825 1853 1896 quin
1877 1825 1950 1893 id,

346 1904 501 1977 quod
534 1906 765 1964 mirabili
788 1910 999 1965 ratione
1038 1920 1273 1978 constat,
1297 1914 1526 1970 consilio
1552 1918 1743 1986 majori
1772 1919 1952 1987 aliquo

341 1998 786 2056 sitinstructum.
818 2001 885 2057 Et
915 2002 1077 2059 nobis
1106 2006 1289 2075 utique
1311 2007 1625 2065 facillimum
1648 2020 1731 2066 est
1754 2012 1951 2081 exequi

340 2088 490 2146 banc
542 2102 747 2162 partem
777 2093 1076 2165 quamlibet
1115 2099 1358 2168 copiose.
1405 2098 1512 2155 Sed
1554 2102 1677 2172 quia
1723 2104 1948 2159 multum

337 2180 492 2240 inter
536 2184 892 2257 philosophos
933 2189 1132 2260 agitata
1174 2206 1264 2248 res
1288 2202 1411 2262 est,
1456 2203 1511 2250 et
1557 2198 1949 2266 prmidentiam

338 2276 661 2334 tollentibus
685 2280 819 2336 satis
847 2295 1168 2353 responsum
1202 2284 1414 2341 videtur
1433 2287 1500 2343 ab
1526 2288 1837 2347 hominibus
1862 2307 1952 2347 ar-

2057 1833 2420 1903 arbitremnr,
2461 1838 2505 1892 si
2557 1838 2736 1907 plures
2779 1841 2918 1907 sint,
2950 1841 3128 1896 minus
3164 1842 3366 1899 habere
3418 1846 3662 1917 singulos

2055 1940 2352 1981 nervorum
2382 1937 2544 1999 atque
2568 1930 2783 1986 virium.
2816 1932 2969 1999 Quod
2998 1933 3215 2001 quidem
3244 1934 3449 1991 faciunt
3475 1937 3545 2005 ii,
3570 1938 3659 2010 qui

2054 2020 2253 2074 multos
2282 2034 2404 2077 esse
2433 2022 2648 2090 volunt;
2676 2025 2802 2095 quia
2827 2040 3051 2083 necesse
3072 2039 3155 2083 est
3174 2029 3472 2087 imbecilles
3502 2046 3657 2090 esse:

2054 2110 2320 2181 siquidem
2372 2114 2603 2185 singuli,
2654 2116 2775 2173 sine
2811 2119 3012 2174 auxilio
3052 2120 3392 2186 reliquorum
3420 2163 3435 2187 ,
3495 2133 3659 2182 tantte

2056 2205 2217 2260 molis
2260 2207 2680 2277 gubernaculum
2734 2212 3004 2269 sustinere
3053 2230 3161 2269 non
3218 2224 3459 2285 possent.
3516 2217 3659 2274 Deus

2058 2305 2237 2354 autem
2259 2341 2274 2364 ,
2318 2301 2411 2372 qui
2453 2313 2538 2358 est
2566 2313 2767 2359 aeterna
2795 2320 2950 2361 mens
2970 2347 2986 2374 ,
3010 2321 3079 2361 ex
3104 2308 3254 2363 omni
3281 2309 3468 2380 utique
3501 2318 3658 2381 parte

1689 2405 2059 2467 VARIORUM
2099 2412 2334 2472 NOTAE.

337 2499 397 2547 et
417 2490 709 2550 Cleanthes
738 2494 879 2564 apud
910 2494 1242 2572 Simplicium
1268 2514 1282 2551 :
1316 2497 1363 2552 0
1403 2496 1573 2564 Deus,
1611 2499 1806 2567 inquit,
1830 2518 1951 2572 rege

334 2579 551 2641 meper
570 2582 678 2641 eam
707 2583 936 2641 causam,
965 2583 1066 2637 qua
1082 2570 1261 2641 omnia
1287 2572 1567 2624 moderaris
1593 2582 1640 2626 et
1672 2570 1942 2641 temperas.

419 2635 680 2711 Acerrime
722 2635 1036 2693 retuderunt.
1081 2639 1141 2694 L.
1177 2656 1272 2706 ιιι,
1306 2655 1355 2695 c.
1400 2640 1472 2696 28
1506 2660 1517 2694 :
1570 2641 1697 2698 Cum
1745 2635 1948 2711 fortiter

335 2705 672 2779 inimicorum
690 2711 908 2779 impetus
925 2713 1190 2767 retudisset
1208 2729 1225 2777 ;
1241 2705 1275 2765 1⁷.
1300 2728 1374 2776 1v,
1395 2729 1443 2765 c.
1464 2712 1556 2777 27,
1576 2715 1673 2768 vim
1696 2705 1943 2770 retundit.

422 2777 691 2834 Docentes.
724 2777 793 2834 Ita
816 2777 1006 2855 ierunt
1034 2797 1166 2837 mss.
1200 2784 1476 2855 veterrimi
1510 2794 1564 2838 et
1590 2789 1799 2855 optimi.
1834 2787 1946 2841 Ro-

337 2848 595 2925 hannetts
641 2866 770 2925 vero
811 2862 867 2907 et
919 2852 1404 2924 Sangermanensis
1454 2848 1655 2911 habent
1702 2859 1943 2925 dicentes,

335 2921 490 2990 quod
519 2920 660 2976 idem
690 2923 801 2978 fere
827 2932 929 2978 est.

420 2991 503 3069 lt.
536 2991 759 3069 Tullius.
780 2993 975 3069 Cicero
1000 2994 1162 3051 modo
1185 2995 1507 3067 Platonicos,
1533 2998 1693 3055 modo
1709 2999 1944 3069 Stoicos,

334 3063 513 3119 modo
542 3065 884 3120 Aristotelem
914 3077 1132 3122 secutus
1162 3077 1265 3123 est.

422 3134 594 3189 Nemo
620 3144 697 3190 est
719 3138 849 3190 enim
875 3147 979 3191 tam
1001 3139 1166 3198 rudis,
1195 3147 1299 3193 etc.
1334 3139 1501 3196 Recte
1522 3141 1776 3197 observat
1814 3143 1946 3197 doc-

336 3206 467 3262 tiss.
496 3206 964 3283 Wuyveritts,_ha:c
987 3209 1370 3283 vulgaria_esse
1393 3224 1728 3282 argumenta,
1754 3215 1948 3283 quibus

336 3291 542 3333 omnes
589 3278 843 3354 iere__qui
901 3281 1162 3354 adversus
1212 3280 1413 3354 Gentes
1460 3278 1835 3354 scrip<erun't,
1895 3287 1947 3340 in

336 3349 640 3403 astruenda
680 3350 958 3407 divinitate
1001 3353 1080 3406 usi
1123 3360 1268 3406 sunt.
1291 3349 1738 3409 Minucius-idem
1787 3355 1949 3411 habet

334 3429 749 3491 argumentum,
773 3422 916 3491 quod
945 3438 974 3477 a
1002 3424 1267 3477 Cicerone
1300 3436 1575 3479 mutuatur
1598 3469 1611 3490 ,
1645 3427 1714 3482 de
1742 3426 1946 3482 Natura

334 3490 572 3545 deorum
614 3507 672 3552 tt.
721 3491 938 3567 dicente
971 3511 983 3547 :
1020 3493 1175 3567 Quid
1206 3504 1369 3566 potest
1412 3512 1519 3551 esse
1559 3507 1660 3551 tant
1714 3510 1947 3567 apertum

332 3571 557 3639 tantque
573 3564 918 3631 perspicuum,
941 3581 1056 3619 cum
1077 3564 1262 3639 coelum
1291 3570 1635 3633 suspeximus,
1669 3564 1820 3639 quam
1843 3586 1949 3624 esse

332 3633 558 3710 αιὶφιρᾴ
577 3651 763 3710 numen
791 3638 1228 3710 praestantissima:
1249 3640 1450 3710 mentis,
1477 3656 1573 3707 quo
1612 3633 1718 3693 [nec
1759 3656 1945 3710 regan-

334 3712 447 3759 tur.
478 3704 650 3772 Idem,
674 3706 741 3761 de
770 3704 953 3777 arttsp.
982 3707 1148 3778 Resp.
1185 3726 1199 3763 :
1235 3704 1443 3763 Etenim
1464 3704 1576 3779 quis
1613 3720 1686 3764 est
1728 3704 1835 3764 tant
1858 3729 1945 3766 ve-

333 3791 479 3839 cors,
501 3780 591 3848 qui
618 3794 730 3831 cum
755 3781 938 3834 calum
965 3780 1252 3848 suspexerit
1273 3823 1288 3845 ,
1321 3781 1443 3835 deos
1472 3798 1580 3834 esse
1607 3798 1708 3835 non
1739 3787 1944 3851 sentiat,

333 3858 389 3901 et
417 3866 476 3921 ea
503 3865 621 3919 quoe
644 3858 784 3903 tanta
810 3861 977 3904 mente
1007 3853 1163 3918 ﬁunt.
1196 3861 1250 3905 ut
1289 3853 1374 3907 vix
1399 3853 1665 3921 quisquam
1708 3865 1817 3907 arte
1838 3854 1947 3908 ulla

333 3920 579 3993 ordinem
610 3937 780 3975 rerum
808 3939 869 3976 ac
894 3922 1292 3976 vicissitudinem
1324 3920 1554 3993 persequi
1587 3926 1778 3993 possit,
1824 3942 1948 3979 casu

331 3990 475 4059 ﬁerit
501 3993 687 4061 putet?
708 4003 796 4046 aut
835 4010 950 4047 cum
980 3995 1101 4048 deos
1128 4010 1238 4047 esse
1265 3990 1596 4055 intellexerit,
1624 4013 1723 4050 non
1752 3990 1945 4050 intelli-

329 4073 454 4133 gat,
487 4080 664 4117 eorum
708 4068 915 4119 numine
962 4066 1055 4119 hoc
1101 4076 1300 4119 tantum
1335 4066 1610 4128 imperium
1654 4078 1860 4134 natum,
1900 4077 1948 4122 et

329 4144 551 4186 auctum
568 4146 612 4189 et
642 4145 908 4202 retentant,
932 4147 1040 4193 etc.
1087 4137 1464 4193 ELHENHOBS‘I‘.
1516 4166 1587 4177 —
1618 4137 1946 4195 Prudentius

328 4218 472 4260 vero
496 4207 549 4260 in
580 4206 879 4275 Apotheosi
907 4225 921 4263 :

465 4301 699 4368 éuamen
727 4304 773 4352 in
797 4304 975 4353 caelum
991 4307 1225 4368 quotiens
1244 4305 1493 4368 suspexit,
1514 4305 1561 4354 in
1581 4318 1681 4355 uno

468 4364 736 4430 Qunstituit
752 4369 835 4428 jus
852 4380 1001 4416 omne
1012 4364 1147 4427 'lleo,
1175 4369 1257 4416 cui
1282 4364 1469 4417 serviat
1482 4364 1672 4430 ingens

468 4426 718 4477 Virtutum
744 4426 886 4488 ratio,
909 4430 1058 4480 variis
1076 4426 1310 4480 iuStrttcta
1335 4426 1589 4479 ministris.

332 4535 481 4591 Vide
512 4536 706 4591 lsidor.
737 4537 914 4592 Pctus.
945 4537 1036 4592 lib.
1066 4554 1143 4593 tv.
1178 4538 1292 4593 Hoc
1319 4548 1696 4607 argumentum
1729 4552 1757 4591 a
1789 4552 1943 4593 crea-

335 4607 483 4663 turis
506 4610 730 4677 petitutn
748 4624 938 4663 omnes
954 4611 1246 4675 convincit,
1270 4620 1323 4664 et
1348 4610 1601 4664 omnibus
1624 4622 1809 4664 nolunt
1834 4618 1939 4675 est,

333 4678 483 4732 adeo
512 4693 565 4731 nt
596 4679 989 4734 validissimum
1022 4682 1092 4735 sit
1119 4682 1183 4735 ad
1202 4680 1553 4736 asserendant
1573 4682 1937 4747 divinitatem;

335 4750 451 4804 hoc
476 4751 621 4821 enim
652 4761 969 4821 argumento
1002 4753 1061 4807 Β.
1094 4751 1312 4815 Paulus,
1346 4753 1528 4818 Rom.,
1558 4768 1595 4817 1,
1630 4769 1680 4805 ν.
1711 4751 1802 4819 20,
1833 4753 1940 4806 uti-

334 4829 456 4885 tur,
495 4830 553 4874 ut
574 4819 777 4877 Gentes
803 4822 994 4877 reddat
1026 4824 1439 4879 inexcusabiles.
1470 4823 1763 4878 lnvisibilia
1792 4828 1937 4878 enim

334 4891 523 4965 ipsius
550 4907 581 4945 a
606 4904 852 4948 creatura
884 4896 1068 4948 mundi
1105 4910 1199 4963 per
1228 4910 1288 4948 ca
1320 4909 1440 4965 quae
1468 4893 1604 4949 facta
1628 4905 1753 4951 aunt
1783 4895 1941 4949 intel-

330 4962 505 5035 lecta
529 4967 930 5035 conspiciuntur
958 4984 970 5018 :
1003 4962 1586 5035 sempiterna'qnoqne
1621 4970 1740 5032 ejus
1772 4966 1941 5020 virtus

335 5041 404 5088 et
451 5031 721 5099 divinitas,
767 5036 840 5090 ita
872 5045 934 5091 ut
963 5038 1071 5092 sint
1100 5031 1515 5091 inexcusabiles.
1550 5037 1835 5093 Gauisus.
1868 5066 1940 5077 —

335 5116 722 5174 argumentum
749 5108 946 5163 iterum
974 5125 1003 5162 a
1029 5106 1290 5164 Cicerone
1316 5116 1574 5163 tractatur
1600 5109 1739 5165 libro
1761 5125 1778 5162 ι
1804 5107 1940 5162 Tus-

339 5178 667 5231 culanarum
693 5180 1082 5245 Quaestionum.

420 5247 525 5316 Qui
542 5250 735 5303 oculos.
760 5250 835 5304 lta
855 5266 986 5305 mss.
1011 5259 1067 5307 et
1091 5250 1217 5305 editi
1243 5258 1474 5306 veteres.
1512 5249 1664 5305 Unde
1691 5249 1940 5305 homines

340 5320 707 5388 cognitionem
736 5321 960 5375 deorum
992 5322 1315 5385 habuerint,
1345 5322 1505 5377 docet
1535 5323 1854 5375 Plutarchus
1885 5323 1937 5376 in

342 5387 564 5445 Placitis
593 5392 1034 5462 philos0phorntn
1058 5393 1193 5446 libro
1220 5410 1257 5460 t,
1287 5407 1337 5448 c.
1361 5393 1415 5449 6.
1447 5392 1582 5449 Vide
1603 5393 1763 5448 etiam
1786 5391 1939 5449 Cice-

343 5475 538 5516 ronem
565 5462 619 5516 in
648 5463 783 5517 libro
813 5464 882 5518 de
908 5462 1293 5519 Universitate.

428 5530 847 5606 Pttlcltriludine.
879 5534 1020 5589 Nihil
1044 5544 1191 5591 certe
1214 5535 1428 5590 illorum
1458 5551 1579 5606 quae
1606 5550 1768 5590 sensu
1790 5549 1939 5591 cum-

342 5604 782 5675 preltettdnntur,
815 5607 1013 5662 mundo
1034 5608 1273 5661 ornatius
1293 5650 1307 5670 ,
1336 5604 1609 5675 pulchrius
1635 5617 1683 5659 et
1724 5608 1939 5663 absolu-

343 5674 477 5761 titts,
504 5686 568 5761 ιιι.
586 5676 740 5761 Philo
763 5688 913 5761 ttqtat
940 5679 991 5732 in
1018 5680 1251 5761 lib-Lirapi
1268 5680 1574 5761 ‘Apeapaiae
1586 5679 1808 5761 ξεὸσμου..
1825 5679 1934 5761 βία.

342 5745 442 5802 lib.
477 5760 513 5801 tt
536 5747 605 5806 de
638 5747 760 5807 Nat.
805 5748 1052 5808 deorum.
1084 5745 1750 5810 meantime—Cicero
1794 5748 1937 5808 idem

2054 2508 2312 2578 afﬁrmat,
2340 2514 2481 2582 quod
2514 2515 2603 2571 hic
2629 2515 2806 2578 Lact..
2839 2517 2935 2572 lib.
2971 2534 3008 2573 ll
3034 2516 3103 2573 de
3134 2517 3369 2574 Divinat.
3404 2519 3486 2574 Ob
3513 2519 3654 2577 hanc

2055 2583 2509 2663 pulchritudinem
2533 2588 2762 2663 mundus
2790 2587 2995 2663 Graecis
3015 2601 3098 2645 est
3119 2590 3471 2663 xjégrpoe.Vide
3492 2594 3655 2648 etiam

2054 2654 2402 2731 grismtelem
2425 2658 2494 2713 de
2524 2661 2744 2726 mundo,
2770 2669 2826 2714 et
2858 2661 3110 2726 Plinium,
3142 2654 3358 2721 Iib'ron.
3393 2664 3572 2731 capite
3595 2664 3651 2718 4.

2054 2722 2161 2779 Pro
2199 2743 2330 2784 voce
2361 2722 2742 2800 temperatione,
2772 2748 2892 2801 quze
2917 2722 3183 2803 sequitur,
3215 2733 3301 2789 ed.
3336 2722 3488 2789 Subl.
3526 2734 3655 2805 legit

2054 2809 2244 2865 prave,
2272 2805 2676 2864 comparatione.

2134 2868 2283 2945 Quod
2337 2874 2558 2929 mirabili
2606 2875 2819 2929 ratione.
2863 2874 3123 2930 Francius
3153 2874 3316 2945 legit,
3363 2876 3501 2945 quod
3549 2885 3653 2931 tam

2049 2940 2268 2996 mirabili
2291 2946 2488 2999 ratione
2512 2957 2730 3001 constat.

2129 3010 2337 3081 Utique.
2379 3015 2470 3071 Sic
2517 3021 2858 3085 reposuimus
2888 3034 2955 3075 ex
2991 3033 3124 3075 mss.
3154 3028 3211 3075 et
3247 3018 3503 3075 omnibus
3537 3018 3654 3076 fere

2052 3081 2228 3159 editis.
2255 3086 2312 3140 In
2330 3088 2363 3141 4
2392 3088 2517 3143 edd.
2549 3081 2685 3155 rt'-c.,
2712 3092 2901 3159 itaque.

2127 3154 2349 3230 l_\:ecesse
2377 3170 2474 3213 est.
2505 3160 2560 3215 In
2596 3160 2682 3215 ed.
2714 3154 2932 3217 StlDlJc.
2966 3162 3180 3217 additur
3200 3179 3320 3228 non,
3350 3163 3577 3230 Optime.

2126 3226 2293 3303 Nemo
2342 3240 2417 3303 est
2454 3232 2543 3301 qui
2586 3234 2786 3301 quidem
2817 3235 3005 3303 sapiat.
3036 3234 3250 3303 Optime
3271 3226 3402 3288 cttm'
3425 3234 3650 3290 dnctiss.

2050 3296 2324 3372 Gronovio
2349 3302 2417 3354 ita
2451 3296 2662 3358 restitui
2701 3320 2765 3359 ex
2810 3296 2911 3359 ms.
2949 3296 3184 3372 unus",
3215 3307 3341 3360 item
3369 3320 3432 3360 ex
3458 3304 3495 3358 2
3531 3306 3653 3360 aliis

2049 3367 2184 3439 Reg.
2215 3370 2370 3425 home
2402 3382 2541 3427 nota:
2565 3415 2579 3437 ,
2611 3390 2819 3431 necnon
2847 3375 3081 3431 Gronov.
3102 3417 3117 3437 ,
3147 3367 3179 3430 l'
3207 3375 3356 3431 Colb.
3382 3417 3397 3439 ,
3419 3376 3454 3429 2
3483 3376 3644 3430 Brnn.

2047 3449 2104 3494 et
2154 3442 2287 3517 edit.
2347 3443 2544 3517 Cellar.
2595 3443 2655 3499 In
2705 3448 2954 3510 caeteris,
3008 3447 3173 3502 Nemo
3221 3457 3293 3501 est
3334 3446 3652 3517 quidemqui

2050 3513 2286 3582 sapiat...
2310 3516 2416 3582 qui.

2124 3582 2247 3637 Non
2298 3601 2455 3659 unum
2504 3602 2611 3641 esse
2646 3588 2919 3659 intelligat.
2953 3587 3094 3642 Etliti
3116 3587 3350 3657 quinque
3387 3587 3439 3641 in
3471 3587 3651 3642 medio

2049 3652 2293 3729 inserunt
2318 3654 2488 3729 De_um
2514 3672 2533 3711 :
2562 3659 2656 3713 sed
2692 3652 3005 3729 perperam;
3046 3652 3168 3714 mox
3201 3652 3344 3713 enim
3375 3660 3652 3727 praecessit

2048 3726 2199 3780 unius
2230 3724 2347 3781 Dei.
2379 3726 2644 3783 Caeterum
2669 3729 2722 3784 in
2754 3724 3000 3785 eamdem
3026 3746 3140 3786 rem
3165 3730 3286 3784 vide
3310 3724 3647 3785 Lactantium

2049 3795 2144 3872 lib_.
2180 3813 2256 3872 ttl
2291 3813 2409 3872 cap.
2428 3799 2469 3872 2
2506 3818 2519 3854 :
2548 3799 2675 3854 Cum
2693 3803 2908 3872 jurant,
2939 3814 3123 3855 etcum
3164 3812 3358 3869 aptant,
3398 3810 3537 3864 etc.,
3568 3801 3652 3855 in-

2049 3868 2165 3943 quit
2216 3870 2576 3943 Tertullianus
2619 3874 2669 3926 in
2693 3868 3001 3943 'Apologct.
3033 3873 3102 3928 de
3126 3868 3357 3927 ethnicis
3383 3873 3466 3927 sui
3514 3881 3649 3927 tem-

2049 3939 2236 4015 poris:
2269 3942 2453 4015 Anima
2481 3944 2597 3997 licet
2627 3939 2779 4015 falsis
2801 3939 3240 4015 diis-exancillata
3262 3984 3276 4004 ,
3314 3960 3430 3997 cum
3482 3953 3651 3998 tamen

2048 4011 2336 4086 resipiscit,
2366 4023 2509 4086 utea:
2526 4011 2739 4086 crapula
2774 4026 2822 4070 et
2870 4032 3048 4070 somno
3090 4014 3255 4070 Deum
3307 4016 3569 4080 nominat,
3604 4026 3651 4068 et

2048 4081 2186 4147 quod
2216 4083 2350 4136 Deus
2399 4081 2626 4150 dederit,
2658 4089 2885 4141 omnium
2923 4103 3022 4140 vos;
3043 4098 3115 4141 est
3135 4129 3150 4151 ,
3195 4088 3424 4154 judicem
3450 4102 3649 4155 quoque

2049 4162 2361 4208 contestatur
2395 4155 2580 4210 illum:
2641 4156 2778 4213 Deus
2824 4158 2955 4212 videt
2978 4200 2992 4221 ,
3034 4170 3079 4212 et
3113 4156 3221 4211 Deo
3247 4157 3573 4218 commendo,
3600 4166 3650 4209 et

2051 4221 2190 4276 Deus
2219 4225 2345 4279 mihi
2392 4227 2587 4281 reddet.
2626 4228 2671 4282 0
2723 4230 3066 4284 testimonium
3117 4229 3305 4281 anima:
3345 4227 3649 4279 naturaliter

2049 4292 2360 4379 Gltristiante
2386 4298 2406 4350 .'
2434 4297 2661 4379 Denique
2689 4301 3031 4379 pronuntians
3057 4300 3186 4379 hinc,
3214 4314 3314 4379 non
3345 4298 3418 4379 ad.
3439 4296 3649 4379 Capito:

2050 4364 2198 4431 lium,
2245 4370 2333 4421 sed
2381 4370 2450 4422 ad
2504 4364 2699 4424 cce'lum'
2724 4373 2931 4437 respicit
2965 4370 2990 4423 ?
3014 4372 3129 4424 novi
3156 4371 3290 4422 enim
3332 4364 3521 4421 sedent
3554 4366 3649 4421 Dei

1970 4415 2026 4475 D
2049 4415 2198 4511 ’
2233 4415 2399 4493 Deum
2456 4415 2619 4495 unum
2668 4415 2840 4510 βιίέιτῖξ
2872 4450 3204 4511 agnoverunt
3244 4437 3536 4511 {Eschyjtts
3557 4480 3572 4504 ,
3596 4446 3651 4511 et

2045 4505 2347 4583 Sophocles
2365 4551 2381 4583 ,
2406 4505 2710 4583 Philemon,
2742 4505 3018 4583 Orpheus,
3053 4505 3561 4582 Pytltagoras.'Vid.
3583 4510 3644 4566 S.

2043 4576 2313 4633 Jttstinttnt
2345 4581 2413 4634 de
2440 4576 2768 4639 Mnnarchia.

2120 4652 2221 4717 Qui
2248 4662 2297 4705 et
2320 4654 2605 4734 condiderit
2631 4657 2825 4715 omnia.
2844 4664 2961 4734 etc.
2997 4654 3276 4734 Hierocles
3303 4660 3436 4713 Ζῆνα
3466 4660 3520 4707 et
3550 4654 3645 4734 Aie:

2048 4722 2214 4777 Deum
2245 4726 2568 4797 appellatum
2600 4742 2722 4782 esse
2751 4727 2976 4790 scribit,
3020 4728 3146 4797 quia
3178 4741 3273 4792 per
3293 4740 3415 4779 eunt
3464 4726 3646 4778 omnia

2042 4802 2181 4867 sunt
2225 4802 2279 4849 et
2325 4794 2532 4850 vivunt.
2586 4798 2719 4854 llinc
2746 4798 3005 4867 Apuleius
3040 4794 3231 4853 'Deum
3264 4804 3422 4849 vocat
3473 4811 3646 4848 rerum

2042 4865 2270 4940 omnium
2299 4880 2596 4923 exertat-em.
2632 4865 2855 4926 Proclus
2885 4879 3041 4924 Vocat
3070 4870 3234 4940 Deum
3261 4872 3431 4940 πηγήν
3470 4868 3646 4927 πάσης

2043 4940 2199 5001 ζωῆς,
2221 4938 2415 5002 fontem
2446 4942 2613 4995 omnis
2642 4943 2775 4997 uitat.
2811 4942 2901 4997 Sic
2925 4940 3061 4996 Cato
3090 4939 3231 5009 apud
3258 4938 3532 4994 Lutanuut
3564 4955 3577 4990 :

2166 5030 2428 5102 ﬁgeremus
2444 5038 2603 5086 cuncti
2628 5039 2844 5102 superis,
2863 5036 3149 5101 temploque
3173 5043 3391 5095 tacente,

2166 5093 2247 5143 Nil
2269 5099 2462 5159 agimus
2478 5102 2566 5149 nisi
2585 5093 2763 5163 sponte
2778 5093 2891 5152 Dei.

2002 5168 2011 5179 ’
2043 5177 2205 5235 Sacra
2229 5182 2390 5236 etiam
2410 5185 2611 5257 pagina
2636 5186 2702 5239 ad
2740 5180 3525 5257 providentiamasserendam,
3559 5192 3645 5257 ar-

2042 5261 2355 5327 gumentum
2398 5251 2587 5327 (quod
2616 5251 2805 5312 omnes
2844 5254 3156 5327 convincit)
3202 5254 3270 5306 ab
3314 5251 3644 5322 experientia

2043 5324 2171 5406 petit
2199 5323 2218 5395 (
2246 5324 2333 5378 Ps.
2363 5323 2479 5391 ciu,
2509 5343 2561 5380 v.
2593 5328 2745 5406 2_8_ct
2772 5328 2844 5406 29
2875 5331 2915 5399 ).
2994 5398 3007 5406 _
3135 5323 3146 5327 ⁷
3290 5396 3300 5406 _
3584 5394 3618 5406 ..

2116 5392 2402 5477 Neruqruln
2424 5410 2572 5467 atque
2588 5401 2789 5477 uirium.
2803 5392 3207 5477 Ptfl?fl9_ﬁ“’0'x‘
3225 5396 3457 5477 ΡῘῙοτθῐη
3478 5394 3646 5477 θΧΡῘί·

2042 5475 2144 5537 cat.
2180 5465 2312 5520 Vide
2343 5465 2516 5524 Davis.
2550 5471 2614 5523 ad
2646 5469 2781 5525 Ctes.
2810 5487 2825 5524 ι
2855 5470 2995 5537 Gal.,
3027 5467 3133 5523 20:
3164 5467 3357 5533 Opibus
3380 5483 3438 5520 ac
3460 5467 3644 5537 neruis.

2043 5535 2140 5618 llic
2168 5537 2323 5618 viden
2351 5555 2661 5618 expressum
2696 5535 3011 5618 Ciceronem
3038 5540 3133 5595 0r.
3161 5556 3195 5595 γ
3227 5539 3421 5606 Philip.
3446 5553 3496 5592 c.
3627 5552 3641 5589 :

2042 5604 2352 5681 Empt’rietur
2411 5604 2767 5667 consentientis
2814 5624 3019 5667 senatus
3060 5628 3238 5666 nervos
3286 5604 3444 5681 atque
3495 5609 3640 5661 viret-

2041 5674 2196 5751 Ουᾱῷ
2221 5678 2372 5737 Lact.
2406 5682 2521 5748 l.tv,
2555 5698 2599 5738 ρ.
2636 5684 2724 5751 18,
2753 5687 2918 5740 nervis
2943 5701 3003 5738 ac
3034 5685 3241 5738 viribus.
3276 5674 3551 5751 ﬂuat-3mg.

2115 5748 2340 5808 1Eterna
2382 5744 2540 5810 mens.
2597 5744 2799 5814 Seneca
2847 5757 2940 5813 lib.
2968 5771 2986 5811 ι
3017 5756 3203 5812 Natur.
3233 5752 3436 5818 Quaest.
3466 5744 3639 5809 ευιιίίι
