4172 6202
530 230 638 295 127

1657 247 1843 305 FIRM.
1883 247 2255 310 LACTANTII
2286 252 2492 312 DIVIN.
2535 255 2710 314 INST.

3731 252 3833 314 128

531 354 652 426 ejus
711 354 943 428 imperio
988 371 1053 414 ac
1095 358 1313 415 nutibus
1362 361 1619 419 servient.
1667 363 1727 421 Si
1778 365 2019 424 universi
2042 383 2138 438 pa-
2165 370 2221 434 Α
2244 370 2503 429 divinatio
2524 374 2684 431 docet
2712 386 2819 430 non
2852 373 3015 430 fuisse
3035 373 3288 432 furiosos.
3316 375 3448 445 Quis
3475 376 3620 433 enim
3637 378 3837 433 mentis

536 463 628 504 res
651 464 757 505 non
790 458 933 517 sunt,
963 465 1071 506 non
1102 451 1266 522 igitur
1303 452 1375 509 dii
1407 469 1599 511 omnes
1647 467 1793 512 sunt.
1833 457 1944 515 Nec
1992 460 2135 515 enim

534 550 713 612 potest
745 543 844 595 hoc
867 542 1005 598 idem
1025 558 1164 607 esse.
1189 548 1330 617 quod
1352 549 1539 614 servit,
1561 558 1615 605 et
1638 551 1779 620 quod
1807 551 2133 607 dominatur.

536 632 670 689 Nam
694 635 739 688 si
784 634 922 689 Deus
973 645 1057 691 est
1100 653 1295 693 nomen
1346 654 1571 696 summa:
1617 645 1915 713 potestatis,
1964 645 2141 700 incor-

538 728 805 792 ruptibilis
824 744 945 785 esse
971 730 1149 798 debet,
1182 732 1469 803 perfectus,
1499 736 1862 807 impassibilis,
1897 740 2027 795 nulli
2057 742 2140 797 rei

536 818 836 887 subjectus.
865 822 1006 894 Ergo
1026 822 1101 879 dii
1127 840 1233 880 non
1263 836 1409 893 sunt,
1425 844 1561 900 quos
1580 846 1768 900 parere
1790 833 1879 887 nni
1908 835 2140 889 maximo

537 913 653 969 Deo
675 916 968 972 necessitas
994 918 1157 988 cogit.
1186 918 1292 976 Sed
1317 921 1442 992 quia
1468 938 1574 977 non
1602 922 1797 979 frustra
1824 926 2079 983 falluntur
2105 928 2141 983 ii

540 1008 630 1079 qui
656 1009 757 1065 hoc
778 1010 846 1064 ita
880 1019 1087 1080 putant,
1120 1027 1335 1070 causam
1369 1015 1529 1086 hujus
1580 1019 1782 1074 erroris
1832 1022 1991 1091 paulo
2023 1030 2146 1092 post

542 1102 867 1171 aperiemus.
898 1102 1051 1161 Nunc
1078 1106 1338 1163 unitatem
1369 1106 1569 1166 divina:
1597 1113 1878 1181 poteStatis
1903 1112 2143 1169 testimo-

542 1193 646 1250 niis
674 1196 1108 1270 comprobemus.
2010 1190 2034 1213 “

1163 1292 1390 1351 CAPUT
1428 1295 1519 1351 IV.

1163 1292 1222 1349 C.
1256 1294 1296 1349 P
1506 1338 1519 1351 .

550 1378 703 1449 Quod
728 1396 858 1438 unus
882 1398 995 1440 vere
1015 1385 1080 1439 sit
1116 1291 1257 1443 Det:
1285 1293 1604 1461 ἒιῖνοῐιῖιετίε
1641 1390 1795 1446 etiam
1822 1394 2140 1464 prwnuntia-

1307 1490 1408 1539 tus.

611 1590 920 1662 Prophetas,
938 1592 1029 1664 qui
1051 1593 1268 1651 luerunt
1287 1596 1575 1654 admodum
1594 1598 1770 1666 multi,
1791 1615 1954 1655 unum
1971 1600 2144 1656 Deum

549 1683 867 1753 praedicant,
902 1702 1064 1740 unum
1092 1687 1418 1758 loquuntur:
1451 1692 1651 1763 quippe
1698 1696 1785 1763 qui
1843 1693 2002 1748 unius
2053 1693 2146 1749 Dei

2241 474 2454 532 emotte,
2486 481 2589 522 non
2619 467 2779 522 modo
2801 466 2975 523 futura
2999 468 3315 538 praecinere.
3341 468 3436 524 sed
3465 470 3626 524 etiam
3657 469 3839 526 cohae-

2241 561 2413 615 rentia
2441 560 2585 628 laqui
2616 560 2829 629 possit?
2858 559 2995 615 Num
3022 576 3153 633 ergo
3184 561 3402 617 fallaces
3426 571 3604 627 erant,
3637 564 3728 633 qui
3757 572 3840 618 ta-

2244 652 2314 707 lia
2357 654 2753 723 loquebantur?
2799 653 2926 725 quid
2969 654 3038 711 ab
3092 655 3177 710 bis
3226 665 3333 710 tam
3393 654 3552 726 longe
3601 655 3837 712 alienum

2241 764 2401 818 quam
2435 752 2573 805 ratio
2597 749 2810 805 fallendi
2835 792 2848 815 ,
2873 764 2997 805 cum
3020 760 3247 805 caeteros
3270 749 3338 806 ab
3358 750 3505 805 omni
3538 748 3726 805 fraude
3748 764 3837 806 co-

2243 841 2536 898 biberent?
2588 841 2793 899 Idcirco
2839 844 2981 899 enim
3036 858 3067 898 a
3118 843 3231 899 Deo
3280 844 3650 908 mittebantur,
3684 854 3743 900 ut
3784 852 3840 901 et

2244 950 2526 1006 prmcones
2546 945 2730 993 esseut
2749 936 3046 1008 majestatis
3075 937 3216 1008 ejus,
3246 946 3303 995 et
3321 947 3665 994 correctores
3706 952 3837 1009 pra-

2245 1028 2425 1083 vitatis
2456 1030 2724 1085 humanae.

2318 1121 2583 1179 Praeterea
2632 1123 2880 1179 voluntas
2920 1124 3156 1194 fingendi
3198 1139 3261 1181 ac
3302 1125 3598 1181 mentiendi
3646 1140 3838 1181 eorum

2246 1224 2329 1269 est
2359 1217 2448 1286 qui
2478 1232 2609 1289 opes
2632 1228 2922 1288 appetunt,
2953 1221 3041 1291 qui
3066 1219 3211 1274 lucra
3241 1219 3573 1288 desiderant;
3601 1236 3721 1292 quae
3750 1235 3839 1277 res

2245 1310 2431 1379 procul
2456 1311 2523 1366 ab
2548 1311 2653 1366 illis
2680 1313 2880 1369 sanctis
2906 1313 3036 1369 viris
3075 1313 3267 1371 abfuit.
3297 1313 3373 1370 Ita
3413 1316 3556 1371 enim
3592 1315 3840 1387 delegato

2245 1403 2346 1458 sibi
2374 1402 2553 1459 oflicio
2580 1404 2744 1462 functi
2768 1416 2914 1472 sunt,
2942 1416 3019 1476 ut,
3047 1406 3319 1464 derelictis
3339 1409 3670 1466 omuihusad
3702 1419 3845 1466 tute-

2246 1496 2354 1552 lam
2387 1499 2510 1553 vita:
2538 1500 2883 1564 necessariis,
2916 1514 3022 1556 non
3052 1501 3213 1557 modo
3258 1500 3312 1556 in
3360 1501 3619 1569 futurum,
3650 1502 3743 1558 sed
3774 1517 3843 1558 nc

2247 1589 2301 1646 in
2341 1591 2743 1679 diem.quidem
2789 1593 3126 1662 laborarent,
3197 1596 3437 1651 contenti
3484 1596 3843 1666 extemporali

2249 1684 2371 1738 cibo
2396 1727 2410 1750 ,
2439 1699 2600 1754 quem
2645 1685 2783 1741 Deus
2819 1686 3285 1742 subministrasset
3318 1705 3330 1742 :
3362 1699 3416 1743 et
3448 1686 3501 1742 hi
3534 1702 3640 1742 non
3683 1687 3845 1742 modo

551 1777 742 1847 spiritu
771 1778 934 1848 pleni,
959 1796 1079 1849 qua:
1110 1779 1285 1836 futura
1305 1793 1505 1849 essent,
1528 1786 1639 1855 pari
1670 1794 1725 1842 et
1748 1800 1985 1842 conscita
2010 1802 2143 1844 voce

2248 1784 2510 1846 quaestum
2535 1776 2738 1832 nullum
2755 1777 3074 1842 habuerunt,
3099 1778 3194 1834 sed
3211 1779 3372 1833 etiam
3396 1781 3668 1835 cruciatus
3684 1787 3848 1850 atque

550 1868 941 1938 praedixerunt.
970 1870 1042 1925 At
1066 1873 1210 1927 enim
1241 1875 1488 1931 veritatis
1508 1886 1761 1948 expertes
1814 1894 1922 1934 nun
1955 1888 2145 1949 putant

551 1958 639 2015 his
668 1974 790 2017 esse
817 1962 1166 2023 credendum.
1203 1964 1326 2021 Illas
1353 1968 1497 2022 enim
1528 1982 1634 2023 non
1662 1968 1897 2036 divinas,
1929 1970 2022 2025 sed
2049 1972 2146 2026 hu-

549 2066 738 2107 manas
764 2069 925 2109 voces
953 2054 1117 2111 fuisse
1145 2057 1313 2112 aiunt.
1351 2057 1612 2116 Videlicet
1639 2060 1761 2130 quia
1785 2061 1853 2116 de
1882 2076 1991 2117 uno
2038 2061 2147 2117 Deo

548 2146 878 2215 praeconium
910 2148 1130 2216 faciunt,
1161 2158 1255 2204 aut
1302 2150 1493 2216 insani,
1527 2164 1617 2207 aut
1660 2153 1880 2209 fallaces
1912 2155 2143 2209 fuerunt.

549 2236 622 2293 At
673 2240 800 2307 quin
858 2241 1074 2311 impleta
1104 2258 1224 2299 esse
1272 2244 1589 2317 implerique
1640 2247 1880 2317 quotidie
1928 2248 2145 2304 illorum

541 2332 795 2391 vaticinia
824 2333 1075 2393 videmus
1102 2352 1118 2403 ;
1141 2346 1197 2393 et
1223 2337 1277 2393 in
1297 2352 1458 2394 unam
1483 2339 1806 2397 sententiam
1839 2356 2148 2413 congruens

2245 1879 2496 1925 mortem.
2526 1868 2725 1925 Atuara
2755 1880 2882 1925 sunt
2923 1871 3066 1925 enim
3110 1870 3320 1926 vitiosis
3348 1885 3412 1926 ac
3441 1871 3582 1926 male
3612 1872 3847 1927 viventi-

2246 1964 2349 2021 bus
2364 1973 2627 2035 prtecepta
2646 1964 2885 2034 justitite.
2911 1964 3092 2037 Itaque
3114 1965 3171 2029 ii,
3190 1981 3416 2035 quorum
3444 1975 3658 2037 peccata
3681 1976 3737 2021 et
3756 1981 3853 2021 ar-

2247 2058 2549 2131 guebantur
2568 2067 2622 2113 et
2645 2058 3087 2129 prohibebantur,
3128 2060 3466 2115 excruciatos
3487 2074 3584 2115 eos
3608 2061 3848 2117 acerbis-

2250 2151 2389 2209 sime
2419 2160 2768 2207 necaverunt.
2793 2150 2936 2221 Ergo
2955 2165 2986 2205 a
3016 2151 3210 2222 quibus
3237 2150 3405 2207 abfttit
3425 2150 3661 2206 studium
3691 2152 3851 2220 lucri,

2252 2246 2421 2302 abfuit
2448 2246 2609 2302 etiam
2646 2246 2898 2302 voluntas
2927 2254 2982 2301 et
3008 2259 3171 2301 causa
3220 2244 3458 2301 fallendi.
3507 2245 3675 2315 Quid,
3707 2244 3855 2318 quod

2250 2340 2413 2411 aliqui
2444 2355 2633 2396 eorum
2670 2339 2939 2412 principes
2981 2347 3075 2395 aut
3112 2338 3278 2396 etiam
3324 2353 3481 2411 reges
3517 2338 3754 2409 fuerunt,
3800 2338 3853 2396 in

1889 2498 2254 2558 VARIORUM
2281 2501 2514 2559 ΝΟΤᾸΞ.

619 2631 874 2689 Serviani.
904 2632 994 2689 Sic
1029 2634 1363 2690 restituimus
1392 2647 1457 2688 ex
1511 2634 1729 2699 optima:
1758 2644 1897 2690 noue
1925 2651 2056 2692 mss.
2107 2637 2144 2693 2

545 2701 703 2777 Reg.,
724 2704 760 2759 2
790 2704 1256 2777 Bouou.,Taxaq.,
1278 2708 1301 2760 1
1321 2702 1504 2772 Colb.,
1521 2705 1558 2777 2
1582 2706 1766 2772 Brun.,
1797 2717 1851 2761 et
1879 2709 2144 2777 antiquio-

546 2722 703 2775 neg.,
724 2722 760 2759 z
790 2722 1171 2771 uouou.,1axa
1217 2747 1256 2772 .,
1278 2722 1301 2760 ι
1321 2722 1558 2772 u0tu.,z
1582 2722 1766 2772 mum,
1797 2722 1851 2761 et
1879 2722 2139 2777 anttquto-

540 2775 695 2831 ribus
724 2778 904 2832 editis.
932 2778 987 2833 In
1020 2793 1148 2833 mss.
1176 2722 1213 2832 Ἰ
1246 2793 1353 2832 rec.
1407 2788 1459 2831 et
1505 2776 1573 2833 10
1603 2778 1762 2833 editis
1791 2788 1873 2833 est
1899 2781 2139 2833 serviant.

617 2846 680 2922 _Si
707 2850 926 2903 universi
952 2865 1098 2918 pares
1145 2866 1249 2903 non
1291 2857 1432 2904 sunt.
1462 2848 1565 2905 Ed.
1599 2850 1815 2906 Sublac.
1851 2851 1977 2922 legit
2016 2869 2030 2906 :
2081 2850 2145 2907 Si

539 2920 791 2989 universa:
813 2932 981 2989 partes
998 2935 1101 2973 non
1130 2932 1265 2975 sunt.

614 2987 979 3063 [impossibilia
1010 2991 1072 3045 L.
1104 3007 1161 3056 tt,
1212 3007 1261 3045 c.
1294 2992 1348 3054 8,
1381 2991 1451 3047 d0
1499 2993 1860 3063 antiquiorem
1915 2992 2140 3048 Tertull.

546 3060 615 3135 de
646 3051 871 3135 Resurr.
922 3063 1085 3135 Cara:
1109 3051 1159 3116 οξ
1199 3064 1291 3127 57,
1321 3051 1452 3117 Caro
1478 3051 1808 3135 intpas'siltilis
1837 3082 1857 3130 ;
1888 3064 2008 3118 adv.
2044 3065 2142 3118 Va-
2171 3051 2216 3114 C

544 3131 742 3204 lentia.
765 3147 813 3187 c.
844 3133 937 3197 27.
968 3135 1020 3187 in
1045 3130 1247 3189 Christo
1270 3130 1621 3202 impassibilis,
1658 3146 1712 3188 et
1759 3138 1975 3204 sa-pius.
2013 3136 2141 3190 BUN.

623 3202 743 3269 Qui'
766 3206 861 3259 hoc
901 3206 973 3258 ita
1001 3221 1110 3260 esse
1140 3216 1339 3275 putant.
1378 3206 1567 3261 Venet.
1613 3204 1773 3263 H95.
1810 3202 1899 3270 9‘7,
1948 3207 2142 3273 Paris.,

547 3275 636 3347 qui
662 3278 757 3329 hoc
789 3287 969 3349 putant
995 3292 1014 3331 :
1039 3288 1186 3349 certe
1210 3277 1408 3349 _me|ius
1437 3293 1596 3349 quam
1632 3278 1806 3343 multi,
1832 3277 1920 3349 qui
1952 3279 2043 3332 hoc
2075 3280 2148 3333 ita

547 3357 758 3417 putant,
786 3347 907 3402 cum
931 3347 1093 3403 Goth.
1122 3357 1177 3403 et
1204 3347 1434 3402 Reimm.
1466 3348 1747 3403 Bassum.

624 3417 796 3490 l_’aulo
818 3429 949 3486 post.
978 3420 1197 3475 Scilicet
1223 3419 1362 3474 infra
1388 3435 1508 3490 cap.
1543 3420 1598 3475 8.

626 3488 876 3545 Fuerunt.
904 3491 975 3545 Ita
999 3492 1344 3547 emendatum
1373 3508 1441 3545 ex
1458 3488 1711 3546 omnibus
1726 3505 1857 3546 mss.
1882 3499 1937 3546 et
1962 3490 2140 3558 editis,

549 3572 748 3631 praeter
772 3564 826 3628 3,
852 3564 982 3618 edit.
1015 3562 1212 3635 Thys.,
1241 3560 1406 3630 Gall.,
1435 3562 1657 3634 Spark.,
1687 3564 1738 3617 in
1794 3563 1991 3635 quibus
2041 3576 2145 3629 εει,

578 3644 778 3687 "nerant.

552 3636 800 3758 {aemili}.
827 3705 1123 3774 loquuntur.
1153 3705 1314 3760 Deut.
1339 3720 1393 3759 vr
1442 3713 1496 3760 et
1523 3720 1693 3764 xxvu.
1724 3704 1924 3759 Psalm.
1957 3722 2062 3760 xvu
2095 3715 2149 3761 et

551 3790 774 3841 Lxxxv;
808 3775 935 3842 Sap.
972 3792 1080 3843 xu;
1107 3776 1259 3831 lsaizc
1289 3774 1538 3831 cvacn
1567 3777 1785 3830 adducit
1837 3775 2149 3831 Lactantius

552 3846 884 3911 testimonia,
909 3849 1031 3918 quia
1060 3847 1444 3918 praphetarum
1491 3848 1688 3918 scripta
1712 3845 1815 3901 huc
1851 3863 2016 3901 unum
2057 3863 2147 3903 so-

553 3927 703 3971 nam.

626 3986 887 4046 Fallaces.
912 3990 1042 4044 Cum
1061 3988 1317 4057 Cellario,
1344 4005 1411 4044 ex
1440 3989 1659 4059 optimis
1688 4004 1820 4043 mss.
1852 3988 1888 4042 2
1910 3989 2142 4056 Bonon,

557 4058 591 4131 ti
625 4059 779 4130 Reg.,
810 4061 843 4116 5
869 4060 1047 4125 Culb.,
1097 4061 1327 4131 Taxaq.,
1377 4062 1520 4127 PaL,
1553 4062 1725 4131 LlpS.,
1754 4060 1904 4127 Juu.,
1943 4062 2085 4127 Etn.,
2114 4062 2149 4115 2

556 4129 893 4185 Clarumont.
925 4132 1028 4186 et2
1059 4132 1222 4187 Bruti.
1248 4129 1866 4203 reposuitnus,'[allaces.
1896 4131 2144 4188 Iu5mss.

555 4215 671 4258 rec.
705 4211 760 4257 et
779 4203 939 4258 editis
963 4205 1175 4271 legitur,
1208 4205 1497 4258 mendaces.

627 4274 694 4327 At
721 4275 867 4345 quin,
896 4285 1000 4329 etc.
1039 4276 1129 4331 Sic
1182 4276 1309 4345 legit
1340 4274 1527 4341 Ismus,
1577 4284 1633 4331 et
1659 4284 1828 4340 recte,
1881 4275 2035 4344 cujus
2080 4275 2147 4331 ad

556 4343 701 4418 hunc
717 4343 902 4418 locum
920 4343 1319 4402 annotatiouetn
1343 4347 1484 4403 vide.
1517 4347 1618 4402 Alii
1633 4362 1759 4402 veru
1784 4348 1967 4417 legunt
1986 4348 2146 4418 atqui,

555 4417 658 4489 sed;
684 4416 860 4471 minus
891 4416 1059 4489 bene;
1088 4418 1442 4489 Sangertuau.
1469 4420 1595 4489 legit
1614 4429 1783 4488 atque.

633 4486 966 4558 Implet-ique.
1001 4488 1088 4543 Sic
1114 4488 1423 4561 legendum,
1456 4486 1758 4561 volentibus
1782 4505 1912 4545 tuss.
1949 4489 1985 4542 2
2014 4488 2143 4561 Reg.

557 4554 675 4631 9097
695 4554 909 4625 annm-1,
950 4561 972 4614 1
1010 4561 1081 4613 al.
1113 4554 1247 4631 Reg.
1271 4554 1430 4614 bonae
1453 4573 1613 4628 nutu},
1650 4559 1887 4616 Gronov.
1914 4576 2014 4616 nec
2043 4554 2150 4617 utin

562 4630 594 4703 1⁷
619 4627 1036 4703 Claromoutano
1063 4646 1091 4685 a
1136 4627 1305 4700 prima
1338 4648 1517 4686 manu.
1552 4632 1890 4701 Loquiturtlc
1919 4634 2151 4703 prophe-

558 4702 628 4754 tis
657 4700 874 4755 llieruu.
911 4703 1144 4770 pr:cfat.,
1170 4706 1224 4767 6,
1256 4704 1307 4756 in
1352 4700 1708 4758 llieremiatu:
1742 4703 1853 4756 Nos
1879 4700 2046 4757 autem
2066 4721 2149 4757 se-

559 4785 768 4842 quentes
791 4775 1140 4828 auctoritatem
1165 4775 1536 4841 apostolorum,
1565 4786 1610 4828 et
1639 4773 2078 4841 evangelistarnm,
2104 4785 2153 4830 et

557 4845 781 4916 maxime
808 4847 1029 4915 apostoli
1063 4846 1215 4900 Pauli
1243 4888 1254 4907 ,
1287 4846 1529 4916 quidquid
1557 4846 1746 4914 populo
1772 4843 1940 4897 Israel
1964 4861 2151 4900 carna-

561 4914 675 4969 liter
704 4914 1036 4983 promittitur,
1071 4918 1124 4972 in
1160 4914 1306 4972 nobis
1344 4914 1681 4983 spi’rituuliter
1711 4916 2015 4985 completum
2044 4934 2154 4973 esse

561 4998 902 5061 monstramus
933 4992 1181 5061 hodieque
1209 4990 1472 5061 compleri.
1511 4987 1835 5044 GRONOVIUS.
1861 5017 1930 5026 —
1956 4988 2044 5043 Sic
2076 4989 2152 5044 Ie-

558 5068 693 5128 guut
718 5060 884 5116 Cauc.
919 5071 974 5116 et
1001 5060 1140 5117 Ultr.

637 5129 838 5203 Futura
867 5134 1162 5200 prwcinere.
1194 5132 1346 5188 Valla
1391 5147 1440 5187 c.
1492 5132 1528 5185 l.
1583 5132 1634 5187 in
1666 5146 1766 5186 suo
1786 5131 1972 5187 codice
2000 5131 2147 5200 legit,

562 5201 739 5271 futura
796 5206 1165 5269 prwdicere....
1225 5206 1513 5275 Eleganter
1552 5221 1730 5258 cauere
1775 5215 1828 5260 et
1877 5205 2152 5274 prmcinere

565 5286 717 5329 vatcs
743 5275 1013 5330 dicuntur.
1049 5276 1200 5332 Lact.
1229 5276 1267 5330 1.
1300 5292 1352 5341 v,
1382 5291 1432 5329 c.
1460 5278 1511 5343 ες,
1547 5275 1857 5329 Zachariam
1880 5285 2147 5330 constat...

563 5349 844 5403 cecini~se.
869 5348 928 5402 L.
949 5362 1025 5410 tv,
1042 5363 1090 5403 c.
1110 5348 1197 5413 11,
1221 5346 1358 5402 Olim
1381 5347 1654 5415 PrOpheta:
1670 5347 1996 5403 cecinerunt.
2016 5348 2146 5402 Buu.

635 5416 824 5473 Mentis
843 5430 1041 5473 emota'.
1078 5420 1241 5476 Plane
1262 5430 1412 5473 mota:
1442 5420 1582 5480 loco.
1606 5420 1811 5474 Seneca
1840 5434 1957 5489 cap.
1992 5418 2058 5473 l8
2083 5419 2151 5474 de

560 5486 724 5545 Cous.
756 5490 821 5543 ad
848 5490 1037 5559 Polyb.
1069 5491 1157 5545 Sic
1181 5491 1340 5546 etiam
1366 5491 1610 5546 Lactant.
1659 5490 1696 5544 l.
1725 5506 1799 5557 tv,
1823 5507 1872 5545 c.
1901 5486 1990 5545 '27.
2020 5490 2147 5544 Mss.

563 5560 670 5612 tluu
700 5560 856 5630 Reg.,
880 5561 915 5614 2
941 5561 1443 5626 Coib.,Goth.,.lun.
1474 5576 1525 5619 et
1551 5563 1716 5617 Brun.
1748 5562 1947 5617 habent
1971 5563 2151 5615 mentis

560 5646 797 5696 semctw,
829 5633 969 5701 quod
1024 5635 1186 5687 etiam
1232 5643 1378 5688 recte
1408 5636 1683 5703 exprimit,
1709 5635 1816 5688 itnu
1855 5634 2147 5699 efﬁcacius,

559 5703 613 5761 id
644 5706 786 5773 quod
829 5704 1139 5777 Lactantius
1192 5704 1449 5777 intendit;
1502 5722 1624 5761 nam
1679 5706 1870 5777 volens
1921 5706 2152 5777 probare

558 5779 853 5847 prophetas
891 5789 1001 5833 non
1045 5773 1211 5836 fuisse
1258 5775 1514 5848 furiosos,
1556 5777 1683 5832 dicit
1723 5776 1826 5833 hoc
1870 5773 1985 5834 ﬂeri
2040 5792 2149 5833 non

2249 2656 2411 2713 posse
2438 2650 2491 2694 ιιι
2513 2641 2721 2709 furiosi,
2743 2642 2936 2712 quibus
2952 2656 3119 2713 mens
3146 2649 3230 2697 est
3257 2649 3485 2705 semota,
3508 2650 3564 2698 et
3592 2643 3763 2699 futura
3790 2654 3848 2702 et

2247 2712 2577 2785 cuba-rentia
2599 2715 2908 2781 loquantur.
2930 2712 3219 2769 GALLEUS.
3240 2713 3451 2770 —Vide
3472 2730 3687 2785 quoque
3703 2718 3843 2784 apud

2250 2784 2585 2911 Lactantéqm
2615 2786 2878 2840 hominum
2921 2797 3112 2840 mentes
3141 2795 3355 2852 emotos,
3384 2787 3475 2842 lib.
3494 2784 3547 2842 tv
3582 2784 3697 2844 Div.
3725 2789 3844 2844 lns-

2250 2867 2358 2911 ιιι..
2388 2872 2436 2911 c.
2547 2898 2559 2910 .

2318 2897 2358 2924 ο,
2389 2897 2436 2911 νο
2472 2897 2559 2911 -.Ι

2323 2950 2428 3006 Sed
2455 2951 2604 3004 etiam
2626 2949 2953 3004 cohaerentia.
2980 2948 3052 3003 Ita
3069 2947 3390 3005 feruutmss.
3414 2957 3468 3004 et
3482 2951 3609 3006 editi
3630 2966 3840 3008 omnes.

2253 3021 2360 3078 Sed
2389 3022 2570 3076 saltent
2593 3023 2923 3084 cohaerentia,
2953 3021 3063 3087 vel,
3089 3024 3178 3075 sed
3198 3022 3676 3089 certecoltwrentia,
3705 3024 3842 3090 sive,

2250 3093 2339 3148 sed
2366 3095 2443 3146 vel
2470 3094 2798 3153 cohtcreutia.
2820 3096 3002 3148 dieare
3029 3091 3278 3147 debuisse
3307 3092 3664 3156 Lactantium,
3694 3103 3845 3150 notat

2249 3164 2391 3237 Yall.
2409 3175 2461 3219 et
2487 3166 2740 3237 Illetldttm
2764 3180 2885 3237 esse
2906 3164 3252 3220 librarorium
3274 3171 3603 3237 suspicatur,
3654 3167 3750 3222 lib.
3782 3182 3843 3223 ut

2250 3235 2499 3305 Elegant.
2533 3252 2656 3304 cap.
2681 3236 2773 3291 27.
2797 3236 2987 3293 Isaae.

2325 3328 2473 3402 Nam
2515 3344 2653 3399 ergo.
2714 3328 2841 3402 mss.
2884 3329 2917 3384 8
2948 3337 3216 3402 recentes,
3246 3327 3384 3402 _Non
3434 3346 3573 3402 ergo.
3610 3329 3847 3402 Utraque

2252 3400 2412 3472 lectio
2462 3400 2620 3472 bona.
2662 3398 2907 3472 -ηΝιιηι
2956 3401 3212 3472 ergo._lta
3246 3400 3447 3456 habent
3493 3401 3606 3472 fere
3629 3398 3844 3468 omnes,

2251 3471 2431 3536 Sultl.,
2484 3471 2659 3537 Rost.,
2715 3471 2847 3526 Ven.
2880 3470 3040 3537 1471,
3068 3470 3159 3535 72,
3194 3482 3418 3539 utraque
3464 3471 3555 3538 78,
3617 3474 3709 3536 95.
3753 3476 3842 3541 97,

2249 3542 2423 3617 J_unt.,
2452 3542 2603 3617 Abh,
2635 3544 2850 3617 Parrhp
2876 3542 3279 3617 Crat.,AParis.)
3337 3540 3587 3617 Gymn,
3608 3544 3843 3617 Gryph.,

2252 3613 2448 3672 Thom.
2486 3656 2502 3681 ,
2548 3616 2753 3683 Turn.,
2801 3615 2990 3684 Ismus,
3033 3613 3201 3683 Gall.,
3233 3613 3521 3679 Cantatum,
3563 3613 3843 3685 Sparltius.

3420 3686 3703 3741 BUNEIAN.

3467 3702 3703 3743 UNEIAN.

2325 3781 2578 3836 Alienum.
2612 3782 2961 3837 Heumannus
2990 3778 3461 3850 putataddendum
3490 3794 3612 3836 esse
3633 3782 3733 3851 fuit
3750 3798 3770 3849 ;
3796 3788 3853 3837 at

2252 3867 2531 3922 sequunur
2553 3868 2685 3908 mss.

2324 3921 2644 3980 Correctores
2696 3924 2984 3995 pravitatis.
3058 3921 3157 3976 Ms.
3212 3922 3369 3995 cant.
3420 3930 3475 3978 et
3533 3924 3706 3993 prima
3759 3924 3851 3978 ed.

2254 3995 2405 4052 Suhl.
2445 3995 2583 4051 M65
2610 4039 2624 4061 ,
2659 3994 2993 4065 carreptores.
3030 3994 3099 4047 At
3142 3994 3375 4065 amplius
3416 4005 3470 4050 et
3499 3996 3675 4063 aptius
3704 3995 3853 4062 prius

2254 4067 2573 4122 vocabulum
2608 4067 2679 4120 ub
2708 4064 2961 4136 sequens.
2996 4065 3281 4136 prauitatis.
3305 4064 3445 4120 Noto
3476 4065 3541 4120 ad
3593 4065 3849 4121 Lactant.

2252 4139 2322 4195 de
2347 4138 2452 4205 lra,
2482 4152 2603 4209 cap.
2628 4139 2717 4205 15;
2743 4135 2798 4194 et
2828 4152 2878 4194 c.
2913 4137 3003 4204 17,
3042 4135 3111 4190 ad
3154 4137 3350 4208 prauita
3363 4137 3425 4191 tis
3467 4139 3848 4192 correctionem.

3427 4207 3708 4263 Buunuau.

3473 4224 3708 4264 UNBIAN.

2326 4301 2521 4357 Procul
2543 4303 2627 4358 ab.
2657 4300 2876 4357 Rectius
2897 4301 2975 4356 sic
2995 4316 3115 4356 cum
3133 4315 3265 4356 mss.
3286 4298 3643 4371 quamASubI"
3667 4299 3849 4369 Rost.,

2252 4375 2389 4431 Ven.
2444 4374 2606 4441 1471,
2660 4374 2762 4437 72.
2819 4372 2919 4440 97,
2972 4369 3381 4439 Pier.,Parrh.,
3425 4369 3609 4435 Crat.,
3652 4371 3850 4438 Paris.,

2172 4444 2226 4505 D
2252 4447 2474 4574 (lima...
2503 4445 2732 4529 Gryph.,
2764 4445 2911 4510 Altl.,
2943 4446 3121 4515 procul
3151 4444 3327 4499 dubio.
3380 4441 3637 4510 Reimm.,
3666 4442 3849 4515 procul

2257 4534 2290 4573 a
2350 4521 2457 4574 tllts
2485 4523 2600 4574 fuit.
2635 4517 2911 4573 Buusuau.

2350 4521 2457 4574 illis
2483 4517 2600 4590 fuit}
2635 4517 2911 4573 Buusuau.

2326 4611 2409 4666 Ad
2464 4610 2673 4663 tutelam
2719 4610 2853 4662 vitae.
2904 4606 3023 4662 Vid.
3066 4607 3103 4662 l.
3147 4623 3218 4663 vn
3261 4606 3393 4663 Inst.
3441 4622 3491 4663 c.
3548 4608 3581 4662 4
3608 4624 3623 4662 :
3651 4603 3853 4661 Tutela:

2255 4684 2367 4753 ejus
2416 4681 2643 4753 (confer.
2688 4682 2875 4753 supra)
2923 4688 3075 4753 atque
3117 4680 3291 4753 usibus
3334 4679 3477 4753 data.
3526 4677 3852 4753 Seneca‘ad

2257 4748 2498 4809 Helviam
2530 4766 2579 4806 c.
2611 4750 2645 4807 9
2678 4769 2691 4806 :
2735 4749 2895 4805 Terra
2934 4748 2995 4804 ea
3032 4752 3120 4805 via:
3151 4751 3218 4804 all
3271 4751 3478 4805 tutelam
3520 4748 3854 4805 incolentium

2257 4826 2511 4896 fertilis...
2539 4823 2842 4896 quantulum
2868 4832 2960 4886 est,
2989 4822 3123 4893 quod
3170 4822 3224 4877 in
3268 4822 3477 4877 tutelam
3507 4821 3703 4876 homini
3757 4836 3851 4878 nc-

2254 4897 2533 4952 ccssarium
2562 4897 2647 4949 sit.
2683 4895 2960 4950 Bassum.

2327 4987 2395 5042 In
2422 4989 2576 5042 diem.
2618 4986 2680 5042 L.
2716 5003 2792 5049 III,
2823 5002 2873 5041 c.
2902 4985 2976 5041 95
3007 5004 3019 5041 :
3055 4984 3252 5052 Quibus
3295 4983 3350 5038 in
3393 4982 3527 5039 diem
3572 4983 3738 5039 uictus
3767 4983 3850 5039 la-

2258 5060 2376 5115 bore
2401 5072 2470 5114 est
2495 5059 2821 5129 qtuerendus.
2855 5058 3135 5114 Buusuau.

2331 5126 2682 5196 Extemporali
2732 5131 2865 5184 cibo.
2915 5131 3167 5190 Sublac..
3216 5126 3405 5182 Venet.
3455 5127 3589 5183 “71
3621 5168 3635 5190 ,
3681 5126 3846 5196 1472,

2256 5214 2485 5268 utraque
2508 5203 2667 5258 H78.
2695 5203 2870 5263 liost.,
2902 5200 3068 5254 Paris.
3092 5240 3105 5262 ,
3135 5198 3402 5267 temporali
3428 5202 3560 5252 cibo.
3593 5198 3661 5254 At
3680 5199 3843 5254 etiam

2258 5275 2571 5329 lautissimus
2614 5275 2766 5329 cibus
2810 5271 3121 5341 temporalis
3165 5280 3268 5326 est.
3302 5269 3435 5326 Ven.
3486 5271 3647 5334 1495,
3687 5268 3844 5341 1479,

2257 5345 2472 5409 Ρτιτΐ11.,
2498 5343 2869 5414 extemporali,
2899 5340 3118 5397 vocibus
3145 5342 3377 5398 duabus.
3412 5341 3669 5397 Tatndem
3698 5340 3848 5414 Ald,

2256 5415 2478 5489 Gymu.,
2509 5412 2701 5488 Gryp.,
2733 5414 2927 5489 fl‘lnmt.
2946 5429 3059 5489 una
3090 5429 3225 5489 voce
3248 5456 3263 5478 ,
3304 5414 3674 5489 extemparali._
3693 5422 3749 5466 et
3772 5412 3852 5466 sic

2256 5483 2387 5544 mss.
2422 5483 2664 5543 Gothfet
2697 5487 2808 5539 alii.
2839 5484 3071 5553 Optime.
3130 5483 3285 5539 Cibus
3339 5484 3701 5552 extemporalis
3740 5491 3847 5551 est,

2256 5557 2448 5623 facilis,
2478 5560 2678 5621 subito,
2707 5574 2889 5625 parvo,
2917 5556 3190 5626 parabilis.
3219 5557 3499 5611 BUNEMAN.

2328 5631 2591 5685 Cruciatus
2638 5624 2785 5699 atque
2831 5624 3059 5682 mortem.
3099 5629 3170 5682 De
3214 5629 3407 5697 quibus
3450 5625 3607 5699 infra
3643 5624 3739 5699 lib.
3770 5639 3845 5699 tv,

2255 5718 2376 5773 cap.
2408 5703 2494 5757 ll.
2531 5702 2677 5757 Vitas
2704 5697 3105 5784 prophetarum
3151 5700 3487 5771 scripserunt
3515 5697 3849 5771 Epiphanius

2255 5784 2310 5831 et
2328 5773 2699 5831 Theodoretus
2729 5771 2853 5842 Cyrt
2872 5786 3175 5842 episcopus.

2253 5788 2310 5831 et
2328 5788 2699 5831 't'neouoretus
2729 5788 2853 5843 byn
2872 5788 3175 5843 episcopus.
