4172 6202
500 276 606 334 155

1578 274 1761 332 FlRM.
1806 275 2173 336 LACTANTII
2208 276 2412 336 DIVIN.
2447 275 2692 336 INSTIT.

3703 278 3804 338 156

499 389 765 447 interdum
793 388 1026 445 divinam
1045 388 1420 445 necessitatem
1447 389 1614 444 Deum
1639 402 1928 462 nuncupat.
1957 392 2090 447 Item
2121 396 2169 456 Α
2198 393 2262 446 iis
2292 391 2463 458 libris,
2507 407 2642 462 quos
2689 390 2758 448 de
2801 388 3033 460 Legibus
3076 389 3325 462 scripsit;
3371 389 3441 446 ab
3469 404 3645 462 eoque
3689 393 3806 464 regi

499 484 644 540 Zeno
673 485 904 539 divinam
935 482 1340 552 naturalemque
1373 483 1564 552 legem.

569 578 770 631 llnruni
820 576 1059 630 omnium
1111 575 1398 640 sententia,
1451 577 1697 645 quamvis
1749 576 1821 631 sit
1867 577 2089 644 incerta,

497 669 687 727 eodem
738 679 914 725 tamen
961 678 1209 739 spectat,
1256 677 1315 724 ut
1364 669 1755 738 providentiam
1788 686 1944 725 unam
1976 686 2098 726 esse

498 763 856 820 consentiant.
911 761 1034 819 Sive
1091 764 1234 818 enim
1285 772 1514 830 natura,
1569 763 1682 818 sive
1725 765 1930 830 aether,
1983 765 2099 820 sive

499 859 658 923 ratio,
683 855 800 911 sive
831 870 1004 924 mens,
1051 855 1164 911 sive
1192 854 1367 911 fatalis
1394 860 1712 923 necessitas,
1761 858 1874 912 sive
1919 857 2098 911 divina

499 949 606 1014 lex,
655 951 770 1005 sive
817 951 941 1020 quid
980 950 1121 1005 aliud
1150 951 1386 1017 dixeris;
1422 951 1560 1007 idem
1587 961 1689 1017 est,
1721 950 1862 1021 quod
1888 966 1917 1004 a
1949 951 2102 1006 nobis

500 1043 695 1098 dicitur
735 1045 892 1099 Deus.
949 1043 1056 1099 Nec
1104 1045 1284 1098 obstat
1328 1045 1746 1114 appellationum
1793 1045 2100 1112 diversitas,

501 1149 622 1189 cum
658 1136 771 1204 ipsa
804 1135 1198 1207 signiﬁcatione
1223 1135 1289 1190 ad
1322 1153 1486 1191 unum
1535 1137 1713 1190 omnia
1737 1136 2101 1191 revolvantur.

502 1228 842 1290 Aristoteles,
873 1229 1117 1299 quamvis
1147 1245 1330 1284 secum
1377 1232 1494 1298 ipse
1536 1229 1818 1296 dissideat,
1853 1244 1915 1284 ac
1943 1244 2104 1298 repu-

503 1320 721 1390 gnantia
761 1319 861 1374 sibi
910 1329 964 1374 et
1009 1320 1154 1374 dicat
1179 1331 1234 1375 et
1263 1320 1481 1387 sentiat,
1531 1321 1584 1375 in
1625 1337 1891 1375 summum
1927 1333 2106 1376 tamen

507 1427 666 1466 unam
699 1423 935 1468 mentem
970 1413 1169 1466 tnuudo
1202 1427 1436 1483 praeesse
1486 1421 1728 1468 testatur.
1778 1413 1964 1480 Plato,
2017 1414 2109 1484 qui

505 1507 744 1560 omnium
778 1506 1213 1575 sapientissimus
1237 1505 1528 1575 iudicatur,
1561 1505 1928 1561 monarchiam
1952 1506 2110 1577 plane

504 1609 798 1670 aperteque
825 1598 1095 1663 defendit;
1147 1615 1247 1654 nec
1291 1598 1514 1665 ethera,
1545 1610 1638 1654 aut
1681 1600 1968 1664 rationem,
2020 1607 2113 1653 aut

506 1703 776 1756 naturam,
800 1693 917 1760 sed,
949 1703 1004 1748 ut
1033 1702 1138 1761 est,
1173 1694 1337 1748 Deum
1365 1693 1607 1748 nominat
1633 1709 1646 1759 ;
1671 1693 1738 1748 ab
1760 1709 1826 1748 eo
1855 1693 2110 1748 mundum

2199 483 2454 538 mundum
2477 494 2902 554 argumentatur,
2931 499 3053 538 cum
3084 483 3323 554 disputat
3343 482 3411 538 de
3433 482 3633 537 Natura
3665 484 3808 541 deo-

2199 593 2340 641 rum,
2377 577 2477 629 hoc
2503 577 2703 630 modo:
2735 594 2753 627 ι
2780 577 2919 630 Nihil
2951 585 3033 630 est
3080 576 3418 646 praestantius
3470 576 3616 642 Deo;
3649 575 3719 632 ab
3742 592 3810 634 eo

2200 671 2361 740 igitur
2385 671 2643 726 mundum
2674 671 2783 741 regi
2815 685 3040 726 necesse
3085 677 3186 726 est.
3242 668 3383 724 Nulli
3414 670 3574 740 igitur
3602 679 3686 726 est
3715 686 3810 726 na-

2202 773 2335 817 tura:
2361 762 2617 818 obediens
2642 772 2731 816 aut
2761 762 3035 832 subjectus
3067 763 3242 828 Deus;
3273 775 3490 816 omnem
3519 777 3649 832 ergo
3671 762 3813 833 regit

2203 856 2318 925 ipse
2342 866 2606 911 naturam.
2641 875 2659 908 ι
2689 856 2824 923 Quid
2851 865 3028 912 autem
3052 856 3121 911 sit
3149 855 3312 918 Deus,
3343 853 3396 910 in
3427 854 3813 914 Consolatione

2203 947 2393 1003 deﬁnit
2417 966 2428 1001 :
2462 969 2480 1000 ε
2508 947 2616 1004 Nec
2644 964 2774 1004 vero
2801 949 2942 1004 Deus
2971 950 3105 1018 ipse,
3129 949 3217 1020 qui
3242 949 3561 1020 intelligitur
3581 966 3610 1004 a
3635 950 3812 1018 nobis,

2204 1039 2312 1093 alio
2337 1039 2498 1095 modo
2528 1039 2758 1110 intelligi
2786 1049 2983 1110 potest,
3015 1039 3114 1096 nisi
3144 1056 3298 1096 mens
3349 1042 3526 1096 soluta
3569 1043 3816 1113 quaedam

2205 1139 2261 1186 et
2303 1131 2492 1199 libera,
2539 1143 2818 1203 segregata
2864 1134 2933 1188 ab
2973 1133 3124 1188 omni
3176 1135 3528 1191 concretione
3575 1137 3814 1208 mortali,

2206 1227 2384 1280 omnia
2412 1228 2650 1282 sentiens
2682 1243 2746 1283 ac
2774 1245 3016 1285 movens.
3059 1249 3079 1282 ι

2279 1319 2517 1374 Annaeus
2543 1335 2757 1390 quoque
2788 1321 2993 1377 Seneca
3019 1363 3034 1388 ,
3060 1322 3149 1392 qui
3174 1338 3240 1380 ex
3269 1323 3530 1380 Romanis
3558 1325 3644 1382 vel
3670 1341 3824 1383 acer-

2211 1416 2382 1470 rimus
2412 1415 2630 1470 Stoicus
2660 1416 2782 1483 fuit,
2825 1433 2985 1487 quam
3018 1431 3164 1488 saepe
3192 1435 3462 1476 summum
3497 1421 3666 1477 Deum
3706 1437 3820 1479 me-

2211 1509 2314 1563 rita
2343 1509 2499 1564 laude
2528 1510 2904 1580 prosequitur!
2935 1510 3069 1567 Nam
3092 1527 3215 1568 cum
3245 1514 3314 1570 de
3341 1515 3622 1571 immatura
3649 1525 3824 1576 morte

2211 1603 2536 1658 dissereret:
2565 1603 2712 1658 «Non
2732 1605 3008 1676 intelligis,
3028 1606 3612 1678 inquit,auct0ritatem
3629 1626 3691 1666 ac
3712 1628 3825 1666 ma-

2209 1696 2464 1765 iestatem
2488 1697 2684 1766 iudicis
2716 1699 2814 1763 tui,
2857 1709 3122 1756 rectorem
3167 1701 3316 1758 orbis
3346 1711 3630 1771 terrarum,
3671 1703 3826 1760 (ξαςιί-

508 1787 649 1842 hunc
708 1789 1001 1857 perlectum
1049 1800 1210 1857 atque
1258 1788 1558 1844 mirabilem
1600 1803 1722 1843 esse
1768 1788 2108 1844 fabricatum.
2143 1808 2192 1868 B
2217 1805 2320 1860 que
2345 1800 2400 1846 et
2440 1791 2665 1846 deorum
2694 1793 2936 1848 omnium
2978 1793 3175 1858 Deum,
3221 1809 3252 1849 a
3278 1811 3385 1865 quo
3422 1797 3520 1850 ista
3567 1797 3816 1866 numina,

507 1879 678 1947 Quem
731 1878 921 1935 Cicero
974 1888 1192 1936 secutus
1237 1890 1396 1951 atque
1445 1879 1686 1934 imitatus
1737 1881 1789 1935 in
1843 1881 2111 1951 plurimis,

508 1973 679 2029 Deum
711 1971 1022 2045 frequenter
1051 1973 1358 2039 conﬁtetur,
1405 1987 1467 2028 ac
1508 1988 1818 2043 supremum
1871 1983 2026 2030 voc:it
2057 1974 2112 2028 in

2219 1900 2339 1954 quae
2366 1885 2574 1956 singula
2606 1885 2915 1953 adoramus,
2947 1898 3000 1942 et
3028 1889 3289 1956 colimus,
3323 1904 3587 1960 suspensa
3614 1899 3762 1945 sunt.
3797 1909 3817 1943 ι

2221 1976 2353 2032 ltcm
2383 1977 2949 2035 in.Exbortationibus
2978 1998 2991 2034 :
3022 1998 3040 2034 ι
3065 1980 3166 2038 Hic
3186 2021 3201 2048 ,
3241 1997 3364 2038 cum
3405 1983 3578 2054 prima
3628 1982 3825 2039 funda-

1837 2111 2200 2172 VARIORUM
2232 2114 2462 2171 NOTAE.

511 2252 702 2292 rarum.
733 2233 810 2288 lta
841 2231 1051 2290 Cicero.
1096 2233 1132 2286 l.
1169 2249 1182 2286 ι
1237 2231 1306 2287 de
1333 2231 1452 2286 Nat.
1487 2231 1638 2286 deor.
1685 2229 1818 2285 Vide
1848 2229 2106 2296 Aristot.,

513 2320 643 2364 tom.
678 2323 745 2369 u;
779 2306 930 2361 Slul).
964 2306 1014 2357 in
1040 2305 1222 2376 Eclog.
1254 2305 1444 2375 Phys.,
1473 2319 1521 2358 c.
1544 2303 1602 2368 9.;
1623 2303 1915 2373 Diogenem
1949 2303 2112 2359 Laer-

510 2381 641 2435 tium
664 2421 676 2439 .
707 2380 743 2432 ι.
774 2393 867 2430 vu.
901 2377 1146 2432 Emesa.

585 2449 746 2505 Zeno.
769 2450 901 2506 (lic..
937 2450 970 2501 Ι.
1008 2465 1020 2501 ι
1051 2448 1117 2502 de
1147 2446 1268 2502 Nat.
1301 2447 1474 2511 deor.,
1499 2462 1551 2502 c.
1583 2446 1650 2500 14
1684 2464 1696 2498 :
1729 2445 1871 2500 Zeno
1911 2456 2116 2500 natura-

513 2523 611 2578 lem
656 2523 815 2592 legem
859 2520 1084 2572 divinam
1123 2536 1229 2592 esse
1271 2530 1470 2581 censet;
1500 2533 1708 2584 eamque
1738 2520 1846 2592 pint
1892 2517 2116 2592 obtinere

511 2605 650 2649 recta
676 2589 1026 2662 imperantem,
1054 2591 1496 2660 prohibentemque
1521 2589 1980 2662 contrariattttque
2011 2589 2114 2642 alio

515 2668 626 2721 luco
671 2659 860 2718 tet/ierit
887 2659 1061 2717 Deum
1093 2678 1200 2716 esse
1245 2661 1367 2714 dicit
1387 2659 1419 2726 ;“
1439 2662 1758 2716 testantibus
1803 2659 2018 2714 Laertio
2062 2668 2119 2715 et

516 2737 838 2800 Plutarcho,
867 2750 1026 2804 quem
1071 2733 1265 2788 deinde
1309 2734 1601 2804 Cleanthes
1632 2731 1749 2804 ejus
1793 2731 2006 2804 auditor
2035 2740 2119 2804 est.

515 2819 750 2863 Secutus.
785 2802 934 2860 Zeno
962 2815 1141 2860 autem
1188 2805 1277 2860 ille
1321 2803 1597 2860 Cittteusis
1627 2803 1827 2858 Stoica:
1867 2802 2118 2858 factionis

518 2881 770 2950 princeps
790 2878 907 2931 fuit.

593 2943 920 3013 Nec'obstat,
971 2957 1076 3002 etc.
1122 2947 1239 3002 Huc
1286 2947 1530 3017 apprime
1575 2946 1909 3000 conveniunt
1948 2943 2112 2998 verba

517 3022 576 3077 S.
611 3023 887 3094 Cypriani,
917 3021 983 3094 d_e
1011 3020 1278 3073 idolorum
1321 3019 1494 3094 cultu.
1533 3017 1662 3094 Nec,
1693 3019 2117 3094 inquithnomen

2219 2243 2352 2296 tare,
2385 2249 2452 2288 ne
2481 2241 2664 2305 postea
2686 2273 2698 2295 ,
2731 2233 2820 2305 ubi
2848 2231 2990 2288 idem
3034 2235 3298 2301 recurrit,
3345 2251 3602 2305 cogamur
3631 2238 3826 2294 eadem

2217 2306 2475 2359 oherrare
2496 2303 2718 2358 chorda.
2742 2304 2926 2373 Itaque
2945 2305 3000 2358 in
3017 2305 3347 2360 :tdorationis
3369 2303 3472 2362 ritu
3494 2324 3710 2364 manum
3739 2309 3825 2364 ori

2218 2375 2498 2431 admoveri
2545 2376 2761 2429 solitam
2811 2376 3064 2430 omnibus
3103 2376 3211 2445 jam
3245 2387 3453 2433 notum.
3489 2379 3728 2434 Brisson.
3761 2381 3830 2437 de

2220 2446 2400 2501 Form.
2457 2457 2606 2500 notat
2655 2448 2827 2501 locum
2879 2446 3170 2501 admodum
3220 2448 3554 2505 luculentum
3587 2452 3651 2505 ad
3683 2452 3826 2509 hanc

2221 2535 2334 2572 rem
2365 2517 2763 2585 explicandam,
2800 2533 3006 2591 nempe
3027 2518 3273 2578 Luciani.
3300 2522 3442 2589 quod
3464 2536 3518 2578 et
3555 2523 3831 2591 Dt-mpste-

2222 2606 2318 2645 rus
2345 2591 2412 2643 ad
2441 2591 2624 2642 llosin.
2658 2588 2861 2642 notavit
2891 2604 2957 2643 ex
2981 2588 3212 2656 Apuleio
3247 2588 3498 2648 Milesiar.
3536 2595 3567 2647 4
3594 2610 3609 2652 ;
3644 2588 3710 2648 Et
3736 2595 3831 2648 ad-

2223 2672 2474 2715 moventes
2503 2660 2675 2734 at'ibns
2701 2661 2805 2714 suis
2828 2661 3111 2734 dexteram,
3147 2664 3308 2730 priori
3330 2663 3492 2734 digito
3518 2667 3572 2718 in
3605 2678 3828 2720 erectum

2226 2734 2458 2800 pollicem
2490 2732 2760 2792 residente,
2785 2742 2840 2784 ut
2872 2733 3040 2799 ipsam
3067 2749 3278 2800 prorsus
3305 2732 3452 2788 decim
3486 2734 3727 2791 Venerem
3751 2754 3833 2792 re-

2225 2805 2421 2869 ligiosis
2454 2802 2856 2877 adorationibus
2903 2804 3296 2877 venerabantur.
3341 2805 3527 2872 Idem,
3571 2808 3828 2877 Apolog.,

2224 2875 2480 2929 adorandi
2511 2875 2680 2942 gratia
2717 2890 2924 2927 manum
2963 2874 3123 2929 labris
3163 2877 3454 2932 admovere.
3518 2874 3684 2934 Recte
3731 2874 3833 2934 ob?

2224 2949 2461 3001 servavit
2501 2945 2799 3001 S-dmasius
2829 2947 3053 3000 exercit.
3089 2947 3255 3012 Plin.,
3299 2964 3352 3016 p.
3383 2950 3834 3007 956.'atlnrantes

2226 3019 2276 3089 in
2299 3019 2548 3072 dextrum
2580 3017 2720 3089 latus
2742 3032 2939 3087 corpus
2959 3017 3326 3089 circumagere
3350 3023 3562 3076 solitos.
3588 3022 3829 3078 Plinius:

518 3095 616 3150 Dei
657 3087 892 3160 quaeras;
927 3091 1064 3145 Deus
1091 3107 1271 3144 nomen
1314 3102 1384 3144 est
1418 3091 1514 3144 illi.
1549 3089 1572 3142 l
1585 3090 1668 3141 llic
1692 3087 1952 3162 vocabulis
1973 3102 2119 3162 lopus
2147 3088 2190 3150 C
2225 3088 2292 3143 In
2325 3089 2612 3162 adoranda,
2647 3088 2908 3142 dexteram
2935 3087 3278 3162 aduoscttlum
3322 3096 3608 3162 referimus,
3640 3104 3833 3146 totum-

520 3178 612 3228 est,
637 3157 722 3218 ubi
754 3165 974 3234 propriis
996 3163 1400 3233 appellationum
1429 3162 1712 3234 insignibus
1737 3158 2012 3234 multitudo
2038 3157 2120 3209 di-

521 3230 869 3291 rimenda—est.
901 3230 1040 3299 Deo,
1065 3230 1154 3305 qui
1179 3235 1318 3288 salus
1346 3243 1442 3302 est,
1486 3230 1582 3286 Dei
1619 3230 1922 3285 vocabulum
1961 3240 2123 3283 totum

523 3320 616 3364 εει.

592 3380 908 3434 Aristoteles.
945 3377 1078 3433 Vide
1121 3377 1378 3442 Aristot.,
1413 3375 1508 3429 lib.
1538 3390 1554 3430 ι
1588 3373 1886 3444 Metaphys.
1929 3386 2056 3444 cap.
2093 3371 2127 3426 5

523 3461 576 3508 ει
604 3453 656 3514 ti;
681 3450 880 3512 Cicer.,
925 3451 1015 3504 lib.
1044 3449 1148 3504 tde
1186 3447 1386 3503 Natura
1415 3445 1664 3509 deorum;
1698 3443 1888 3499 Minut.
1923 3443 2123 3508 Felic.,

526 3525 740 3588 Dctnv.,
767 3523 857 3578 ubi
883 3522 1088 3578 videbis
1109 3530 1368 3592 quantum
1396 3518 1750 3590 philosoiihus
1766 3517 1854 3572 ille
1868 3533 1895 3570 a
1919 3530 1979 3570 se
2009 3515 2127 3584 ipso

525 3595 805 3652 dissideat.

597 3668 663 3720 In
704 3681 959 3720 summum
1012 3675 1178 3718 tamen
1208 3679 1366 3716 unam
1407 3670 1626 3715 mentem
1672 3659 1865 3715 mundo
1913 3673 2131 3726 prceesse

527 3749 759 3793 testatur.
797 3738 869 3790 De
903 3737 1189 3790 Aristotele
1215 3735 1476 3803 loquitur,
1509 3747 1667 3803 quem
1696 3748 1762 3803 ex
1795 3748 1826 3783 ιι
1867 3729 1934 3784 de
1963 3730 2132 3784 Gene-

526 3820 632 3866 rat.
664 3825 728 3864 ex
748 3824 819 3862 xu
854 3806 1176 3872 Divinarum,
1197 3822 1262 3858 ex
1291 3801 1345 3858 ε.
1379 3806 1407 3858 7
1441 3804 1604 3857 libelli
1627 3801 1696 3856 de
1716 3802 1935 3863 Mundo,
1962 3815 2128 3854 unum

530 3881 696 3936 Deum
727 3879 960 3933 sensisse
985 3888 1218 3931 constat.
1237 3875 1369 3930 Vide
1388 3875 1675 3943 Scaliger.,
1707 3873 1774 3927 de
1800 3872 2127 3939 Subtilitate,

531 3953 597 4007 ad
630 3952 859 4006 (lardan.
894 3949 1179 4004 exercitat.
1215 3948 1344 4002 565.
1384 3947 1565 4001 Ιειευε.

602 4023 779 4077 Plato.
817 4022 1081 4075 Minucius
1112 4020 1263 4074 Felix
1296 4037 1308 4070 :
1345 4017 1555 4071 Platoni
1584 4016 1636 4069 in
1670 4014 1867 4069 Timaeo
1890 4013 2025 4070 Deus
2055 4025 2132 4070 est

533 4097 646 4163 ipso
675 4095 876 4148 nomine
907 4093 1082 4146 mundi
1113 4089 1668 4163 paretts.7P|arto,libr07
1689 4103 1740 4142 tv
1763 4087 2129 4163 de‘Lt-gihus:

533 4158 690 4228 δ’θεὸς
709 4169 800 4240 μὲν
822 4158 1160 4240 Ῑτᾲνταηειεξ,
1176 4173 1232 4240 et
1249 4162 1590 4240 ittSttpltista,
1605 4162 1810 4240 πάντῳν
1825 4158 2133 4240 δημιουρῖδέν

534 4233 791 4307 appellat.
824 4237 1062 4291 Platonis
1091 4234 1416 4303 theologiam
1439 4236 1714 4286 examinat
1734 4234 1789 4286 S.
1813 4233 2042 4301 August.
2070 4233 2128 4284 li-

534 4311 632 4365 bro
658 4327 750 4365 vui
780 4309 848 4364 de
873 4307 1033 4363 Civit.
1068 4307 1182 4360 Dei.

609 4383 919 4447 Supremum
952 4388 1112 4432 vocat.
1145 4378 1294 4432 Plato
1317 4375 1410 4447 lib.
1447 4390 1464 4429 ι
1496 4373 1562 4429 de
1589 4373 1775 4447 Legib,
1815 4373 1984 4429 etlih.
2020 4389 2078 4428 ιι.

607 4446 920 4535 Detegibus.
937 4449 1082 4516 Quos
1105 4450 1318 4532 scripsit
1341 4446 1529 4501 Cicero
1559 4446 1716 4535 ρειιιΙο
1734 4454 1858 4527 ante
1881 4454 2132 4535 mortem:
2164 4474 2215 4535 Β

607 4473 688 4508 ue
709 4473 754 4506 ιϐ
791 4473 920 4506 wus.
937 4473 1082 4516 unus
1105 4473 1318 4518 δυϊιμδιι
1341 4473 1529 4501 mucru
1559 4473 1716 4514 parum
1734 4473 1858 4499 ειιιισ
1881 4473 2132 4499 ιιιυιιειιι.

537 4529 558 4560 ’⁷
613 4473 852 4578 Niltii’est
885 4523 1277 4590 praestantius...
1306 4531 1564 4590 naturam.
1604 4517 1731 4590 Ηεεε
1766 4517 1980 4590 singuht
2007 4525 2135 4590 sunt

539 4600 650 4666 ipsa
679 4587 956 4650 Ciceronis
982 4592 1146 4647 verba
1167 4607 1234 4646 ex
1255 4591 1290 4645 l.
1325 4607 1361 4646 ιι
1384 4589 1448 4645 de
1477 4589 1598 4644 Nat.
1629 4589 1809 4654 deor.,
1841 4604 1890 4643 ε.
1923 4587 2134 4643 ¹50.Βυ-

537 4683 741 4727 NEMAN.

613 4739 678 4793 In
705 4737 1081 4793 Consolatione.
1111 4735 1257 4804 Opus
1284 4732 1663 4798 deperditum;
1702 4729 1796 4786 sed
1829 4729 1950 4784 vide
1976 4729 2132 4786 Cice-

540 4827 728 4869 rOnem
761 4810 812 4865 in
844 4826 857 4863 ι
890 4807 1240 4863 Tttseulauar.
1267 4821 1330 4860 ex
1353 4805 1595 4859 Platone.

616 4881 863 4950 Quumde
887 4881 1160 4934 immatura
1210 4887 1370 4950 morte
1421 4878 1704 4930 dissereret.
1762 4872 1882 4950 Non
1929 4881 2137 4950 est‘su-

543 4943 751 5028 perstes
776 4953 908 5008 liber
932 4953 1090 5022 hujus
1116 4949 1349 5028 nominis
1374 4963 1403 5000 a
1434 4949 1637 5028 Seneca
1670 4943 1965 5028 cotil'ecttts.
2001 4945 2133 5001 BDN.

615 5028 979 5081 Auctoritatem
1000 5016 1084 5075 ἀθ
1135 5026 1470 5088 majestatem.
1499 5020 1570 5070 Ita
1619 5016 2029 5070 etnetulavimus
2071 5033 2139 5071 cx

543 5099 796 5156 omnibus
827 5099 939 5151 lere
970 5110 1103 5150 mss.
1133 5090 1434 5151 codicibus,
1464 5099 1518 5143 et
1541 5089 1930 5142 vetustioribus
1956 5104 2017 5142 ac
2042 5103 2140 5158 po-

547 5171 774 5227 tioribus
813 5168 973 5222 editis
1003 5185 1015 5219 :
1049 5166 1100 5218 iu
1147 5161 2140 5234 posterioresirrepsithaucturemAac

544 5245 859 5315 majestatem
879 5254 898 5303 ;
931 5241 981 5291 in
1015 5237 1039 5290 1
1077 5230 1209 5315 Heg.
1244 5247 1382 5315 rec.‘,
1414 5235 1445 5315 l.
1469 5231 1646 5315 C_o|b.,
1686 5232 1708 5284 ί
1739 5230 1928 5296 Brun.,
1962 5232 2143 5315 verita-

547 5303 644 5371 tem
674 5325 718 5368 et
748 5313 1082 5382 majestatent.
1112 5303 1234 5360 Mox
1260 5304 1471 5358 rectoris
1498 5303 1714 5375 legitur,
1746 5318 1844 5373 pro
1874 5314 2141 5371 rectorem,

546 5388 599 5443 itt
625 5387 712 5439 ed.
736 5385 952 5436 thlnc.

623 5457 847 5509 Deorum
877 5451 1100 5504 omnium
1135 5447 1320 5502 Deum.
1349 5448 1548 5509 Recte,
1582 5447 1654 5500 ita
1698 5460 1828 5500 mss.
1865 5447 1952 5500 18.
1992 5446 2146 5501 Prius

549 5538 686 5590 erat,
710 5523 917 5578 rectoris
935 5521 1068 5575 orbis
1090 5532 1368 5586 terrarum,
1392 5521 1600 5588 caelique
1624 5528 1669 5573 et
1692 5518 1902 5572 deorum
1923 5519 2148 5572 omnium

551 5598 686 5663 Dei;
716 5595 809 5650 sed
845 5595 1021 5647 minus
1055 5593 1210 5647 liene.

631 5661 758 5738 Quw
786 5665 994 5738 singula
1038 5664 1334 5738 adoramus.
1367 5661 1505 5738 Quia
1550 5669 1742 5738 auctor
1791 5671 1977 5738 no5ter
2004 5675 2152 5731 saepe

554 5735 887 5800 mentionem
921 5737 1049 5793 facit
1077 5735 1439 5802 adorationis,
1475 5735 1688 5788 animus
1717 5743 1794 5789 est
1832 5736 2152 5802 impraesen-

558 5818 752 5876 tiarum
785 5827 848 5869 ea
879 5827 998 5884 quae
1025 5810 1092 5868 ad
1121 5807 1456 5867 adorationis
1490 5805 1649 5862 ritum
1682 5807 1955 5878 pertinent
1983 5820 2155 5862 anno-

2226 3179 2323 3227 que
2347 3178 2532 3229 corpus
2555 3161 2968 3232 circutttagnttus.
3001 3159 3228 3232 Videndi
3263 3159 3484 3220 Plautus
3513 3175 3568 3218 et
3605 3165 3837 3232 Proper-

2228 3234 2350 3286 tius.
2387 3231 2684 3286 Salmasius
2715 3231 2765 3283 in
2817 3230 2964 3284 Flav.
3001 3231 3248 3300 VOSpiSC.
3283 3233 3428 3290 hunc
3465 3230 3728 3290 adorandi
3761 3236 3836 3291 ri-

2227 3313 2338 3376 tum
2371 3303 2673 3376 eitplicaus,
2725 3301 2907 3376 docet,
2949 3318 3054 3356 non
3105 3305 3278 3358 solum
3314 3315 3485 3361 totum
3527 3322 3726 3376 corpus
3757 3307 3829 3362 ab

2226 3375 2580 3430 adorantihus
2611 3373 2802 3427 destra
2829 3375 3118 3444 circumagi
3149 3377 3388 3440 solitum,
3434 3373 3641 3432 verum'
3667 3380 3835 3434 etiam

2228 3448 2534 3520 speciatim,
2555 3460 2778 3520 rmanutn
2805 3445 2970 3520 labris
2993 3448 3291 3520 admoveri,
3320 3449 3481 3520 eique
3508 3450 3691 3504 oscula
3721 3449 3833 3520 ligi;

2230 3519 2462 3587 hincque
2491 3517 2744 3588 labratum
2783 3517 3014 3570 osculum
3044 3517 3185 3586 ejus,
3215 3523 3304 3588 qui
3329 3520 3380 3573 in
3411 3519 3688 3574 adoranda
3712 3517 3834 3576 ma-

2234 3605 2334 3644 nus
2364 3591 2527 3643 labris
2549 3587 2874 3642 admovebat
2893 3598 3056 3656 atque
3078 3587 3440 3648 osenlabatur.
3475 3593 3565 3646 Sic
3587 3593 3717 3647 olim
3741 3607 3836 3646 nu-

2232 3663 2376 3716 mina
2402 3676 2530 3734 sua,
2556 3660 3025 3734 sic‘itnperator‘es
3054 3675 3182 3734 suos
3209 3661 3529 3727 adorabant,
3572 3674 3628 3719 et
3660 3666 3833 3734 impe-

2231 3744 2469 3787 ratorum
2504 3730 2766 3799 imagines
2787 3773 2802 3795 ,
2833 3730 2976 3785 haud
3007 3733 3184 3786 minus
3215 3748 3377 3793 quam
3408 3735 3633 3790 deorum
3667 3730 3834 3789 simu-

2231 3805 2397 3859 lacra.
2427 3803 2789 3873 Hieronymus
2818 3801 3082 3857 adversus
3102 3802 3375 3858 Bullinum
3407 3823 3420 3858 :
3449 3806 3550 3872 Qui
3589 3808 3834 3871 adorant,

2232 3877 2394 3929 solent
2417 3875 2700 3927 deosculari
2723 3890 2948 3940 manum,
2979 3884 3026 3926 et
3048 3876 3222 3944 capita
3244 3877 3556 3932 submittere.
3583 3878 3743 3932 Plura
3767 3876 3839 3932 de

2237 3947 2339 4001 hoc
2364 3961 2514 4000 more
2539 3945 2747 4012 Lipsius
2771 3948 2822 3998 in
2855 3945 3070 4009 Electis,
3100 3947 3190 3999 hb.
3224 3962 3281 4014 ιι,
3310 3964 3429 4016 pag.
3454 3948 3547 4005 20;
3574 3948 3666 4004 sed
3697 3947 3838 4003 male

2235 4021 2302 4072 ab
2334 4019 2429 4072 illo
2458 4016 2655 4088 ibidem
2695 4016 2954 4088 scriptum
2983 4026 3087 4088 est,
3117 4017 3408 4073 adorantes
3440 4037 3657 4074 manum
3689 4020 3838 4088 prius

2238 4091 2532 4160 porrigere,
2560 4087 2756 4142 deinde
2783 4088 2966 4142 Statim
2994 4087 3060 4142 ad
3084 4103 3147 4142 os
3176 4093 3380 4144 rel'erre
3407 4092 3599 4145 Solitos
3635 4113 3647 4146 :
3674 4092 3843 4146 immo

2237 4159 2421 4216 eontra
2453 4159 2745 4225 faciebant,
2774 4175 2990 4213 manuni
3025 4160 3170 4215 enim
3201 4162 3456 4223 osculari,
3489 4162 3689 4216 deinde
3718 4177 3839 4216 eam

2238 4245 2426 4286 versus
2459 4233 2604 4284 illum
2632 4245 2794 4301 quem
2827 4231 3148 4292 adorabunt.
3184 4233 3510 4301 protendere
3537 4248 3841 4288 consueve-

2240 4313 2380 4365 rant;
2413 4312 2464 4357 et
2497 4303 2739 4375 itocerat
2766 4303 3204 4375 quoddicehaut,
3239 4307 3417 4375 oscula
3436 4307 3636 4375 jacere,
3669 4315 3716 4359 et
3750 4304 3843 4358 ba-

2241 4377 2318 4429 sia
2347 4378 2551 4447 jactare
2577 4373 2832 4447 (Tacitus,
2865 4373 2953 4428 lib.
2987 4391 3001 4428 ι
3035 4373 3220 4447 llist.).
3247 4373 3468 4447 lactare
3501 4377 3647 4430 basia
3695 4375 3840 4446 apud

2240 4445 2515 4515 Juvenal.,
2545 4447 2725 4517 Satyr.
2759 4445 2815 4514 4,
2843 4457 2898 4502 ει
2924 4446 3066 4514 apud
3095 4445 3406 4514 Pila-drum,
3439 4448 3531 4516 87,
3564 4449 3656 4504 lib.
3689 4445 3765 4502 vi:

2924 4558 3086 4608 lactat
3103 4559 3237 4609 basia

2423 4647 2649 4707 Tibicen,

2241 4757 2292 4813 id
2323 4765 2407 4811 est
2431 4755 2687 4826 populum
2715 4754 2926 4810 adorat.
2955 4752 3146 4812 Jacere
3173 4763 3353 4811 autem
3377 4754 3620 4810 osculum
3649 4754 3696 4810 is
3720 4770 3844 4826 pro-

2243 4828 2358 4898 prie
2388 4827 2619 4892 dicetur,
2645 4828 2734 4897 qui
2769 4843 2986 4881 manum
3017 4830 3318 4891 ost'ulatur,
3349 4827 3546 4883 deinde
3572 4843 3691 4881 eam
3723 4842 3846 4894 por-

2241 4901 2365 4962 rigit
2395 4899 2464 4954 ad
2507 4914 2622 4961 eos.
2655 4915 2881 4969 quorum
2925 4899 3116 4954 honori
3149 4914 3213 4953 ac
3251 4900 3589 4954 venerationi
3636 4899 3728 4952 dat
3777 4899 3845 4952 il-

2241 4971 2330 5027 lttd
2381 4971 2622 5025 osculum
2657 4989 2669 5024 :
2704 4986 2824 5024 nam
2865 4973 3212 5039 protensione
3246 4987 3468 5036 manus,
3498 4987 3657 5039 quam
3694 4969 3845 5038 prius

2243 4988 2330 5027 luu
2381 4988 2622 5025 OSCIIIllIn
2657 4989 2669 5024 :
2704 4988 2824 5024 nam
2850 4988 3212 5096 (prownsmne
3246 4988 3468 5036 tnantts,
3498 4988 3657 5039 quam
3694 4988 3845 5038 prius

2243 5052 2400 5098 erant
2431 5042 2692 5109 osculati,
2740 5059 2846 5113 quo
2887 5045 3138 5097 ammodo
3165 5043 3407 5098 osculum
3461 5047 3635 5108 ipsum
3668 5041 3846 5111 porri-

2242 5130 2392 5186 gere,
2429 5124 2484 5167 et
2507 5113 2725 5186 jactare
2763 5114 2827 5168 ad
2868 5131 2963 5170 eos
2991 5114 3314 5186 videbantur
3357 5113 3550 5183 quibus
3581 5114 3845 5186 humu-em

2247 5183 2396 5241 illum
2425 5183 2759 5241 deferebant.
2792 5186 3010 5240 Tacitus
3041 5187 3106 5240 de
3135 5183 3352 5240 Nerone
3377 5195 3630 5240 cantante
3661 5201 3673 5236 :
3706 5183 3846 5238 Pos-

2247 5267 2406 5311 tremo
2434 5274 2565 5326 genu
2590 5259 2776 5327 ﬂexus.
2813 5267 2859 5311 et
2887 5267 3070 5311 castum
3096 5257 3245 5310 illum
3277 5274 3432 5310 manu
3456 5266 3721 5310 veneratus
3748 5265 3842 5309 est.

2249 5327 2572 5383 llistriouem
2605 5329 2698 5383 ille
2721 5344 2905 5382 verum
2937 5333 3164 5398 agebat:
3195 5338 3250 5382 at
3276 5328 3623 5391 histrionum,
3657 5336 3849 5397 panto—

2249 5401 2536 5454 mimorum
2558 5412 2611 5455 et
2631 5410 2913 5454 cantorum
2940 5414 3057 5453 mos
3081 5399 3166 5453 hic
3192 5411 3328 5465 erat,
3356 5413 3413 5454 ut
3443 5401 3696 5468 populum
3723 5413 3847 5452 scc-

2251 5487 2373 5557 natn
2395 5472 2634 5554 ingressi
2652 5471 2959 5557 adorarent.
2983 5469 3152 5557 Veitps
3181 5472 3532 5557 epigramma,
3563 5486 3592 5524 a
3618 5470 3847 5542 Pythmo

2251 5543 2474 5611 editum,
2505 5553 2565 5598 ut
2586 5542 2770 5598 videre
2799 5553 2884 5598 est
2913 5542 3030 5613 ejus
3054 5543 3146 5597 hb.
3173 5559 3222 5597 tv
3253 5542 3435 5612 Epigr.
3474 5558 3488 5596 :

2378 5676 2645 5740 Ingressus
2667 5688 2865 5726 scenam
2887 5675 3120 5740 populum
3143 5673 3346 5726 saltator
3369 5675 3554 5726 adorat.

2258 5807 2350 5866 Sic
2373 5807 2572 5879 auriga:
2597 5808 2812 5881 ﬂagello
2828 5809 3082 5881 populum
3101 5807 3495 5867 venerabantur
3525 5826 3538 5866 :
3561 5823 3685 5865 cum
3705 5806 3855 5868 enim
