4172 6202
481 267 579 327 1ὕ1

1554 256 1740 313 ιτιιιιι.
1773 252 2140 312 LACTANTH
2181 249 2386 308 DIVIN.
2429 248 2673 307 INSTIT.

3686 238 3795 300 1ὺὲ

482 382 717 455 Apollini
760 398 879 445 suo,
910 382 999 452 qui
1030 378 1219 435 eodem
1250 377 1340 433 illo
1371 389 1653 446 responso,
1686 381 1742 429 ut
1773 372 1891 430 ,Ιονὶ
1925 370 2076 442 prin-
2108 383 2161 443 Α
2184 367 2428 440 (scilicet
2452 381 2571 438 cap.
2600 366 2667 420 l5
2687 377 2725 436 ).
2759 364 2977 420 Interim
3005 364 3159 419 nobis
3187 370 3269 419 sat
3298 372 3411 427 est,
3458 360 3623 455 quod,
3663 360 3794 415 dum

479 477 712 547 cipatum
734 518 748 540 ,
780 476 859 530 sic
882 473 1042 529 etiam
1073 471 1284 527 creteris
1313 470 1417 525 diis
1445 468 1664 525 abstulit
1690 481 1913 521 nomen.
1944 464 2080 520 Ter-

480 568 590 622 tius
618 567 759 622 enim
790 578 976 619 versus
1005 563 1276 627 ostendit,
1310 562 1404 616 Dei
1439 561 1714 616 ministres
1735 600 1750 623 ,
1784 572 1891 612 non
1924 556 2077 623 deos,

479 672 668 713 verum
699 657 923 727 angelos
949 655 1204 725 appellari
1238 663 1508 724 oportere.
1546 652 1619 705 De
1650 665 1711 705 se
1740 648 1956 720 quidem
1988 648 2081 704 ille

481 749 742 805 mentitus
768 758 881 813 est,
913 748 1003 818 qui
1036 762 1157 802 eum
1184 747 1255 800 sit
1283 761 1313 800 e
1344 758 1566 799 numero
1592 742 1896 797 daemonum
1922 782 1937 804 ,
1978 755 2079 795 an-

481 842 617 914 gelis
657 857 715 897 se
759 841 852 897 Dei
895 841 1237 912 aggregavit:
1288 839 1521 909 denique
1560 840 1613 891 in
1655 836 1776 890 aliis
1806 833 2084 904 responsis

477 936 781 993 daemonem
810 951 869 992 se
894 951 1018 991 esse
1041 934 1323 990 confessus
1350 944 1451 989 est.
1480 932 1612 986 Nam
1641 946 1762 985 eum
1790 930 2086 998 interroga-

460 1042 648 1101 .retur,
677 1031 950 1105 quomodo
978 1031 1081 1087 sibi
1113 1030 1402 1100 supplicari
1435 1027 1628 1091 vellet,
1660 1026 1733 1079 ita
1763 1022 2042 1094 respondit
2067 1039 2081 1076 :

729 1159 911 1209 Πάνσοφι,
933 1151 1202 1195 καντοδίδακτ⁸
1219 1154 1477 1202 αὶολόστφοφι,
1500 1151 1657 1196 titulum,
1679 1145 1826 1197 δαῖμον.

484 1249 619 1307 Item
666 1265 853 1305 rursus
878 1264 998 1303 cum
1030 1262 1243 1318 precem
1290 1246 1343 1299 in
1393 1243 1693 1313 Apollinem
1738 1235 2084 1310 Stnynthium

484 1353 707 1417 rogatus
737 1350 1115 1412 expromeret,
1159 1339 1348 1394 abhoc
1375 1352 1532 1393 versu
1583 1348 1811 1391 exorsus
1853 1343 1973 1387 est:

737 1464 896 1522 Ᾰρμονὶη
921 1474 1090 1521 uocitata.
1107 1471 1283 1522 ςαισῳόρι
1292 1469 1356 1507 καὶ
1378 1468 1469 1518 iser
1486 1462 1631 1515 δαῖμον.

484 1565 620 1634 Quid
647 1581 776 1636 ergo
802 1575 1087 1635 superest,
1120 1565 1220 1618 nisi
1253 1573 1311 1618 ut
1362 1578 1456 1617 sua
1499 1560 1846 1616 confessione
1891 1561 2085 1614 verbeo

480 1659 630 1715 ribus
650 1661 762 1721 veri
793 1661 885 1715 Dei
912 1675 974 1713 ac
1002 1674 1177 1729 poenas
1226 1656 1500 1726 subjaceat
1541 1649 1927 1723 sempiternae?
1955 1649 2086 1705 Nam

485 1760 541 1807 et
566 1753 618 1807 in
648 1753 759 1808 alio
786 1766 1048 1822 responso
1078 1751 1149 1806 ita
1175 1750 1309 1804 dixit
1339 1767 1351 1802 :

731 1877 906 1925 Δαὶμονις
930 1875 967 1914 οἳ
983 1881 1135 1927 φοιτῶσι
1156 1876 1237 1927 rupi.
1258 1875 1370 1927 χθόνα
1392 1876 1452 1913 καὶ
1474 1874 1557 1924 περὶ
1577 1876 1711 1912 πόντω

733 1930 924 1988 Adparet
947 1935 1132 1987 δάμανται
1152 1937 1240 1976 ἓνκαὶ
1262 1938 1412 1987 μάστιγι
1435 1938 1550 1976 οιοῖο.

484 2033 561 2089 De
593 2032 835 2104 utrisque
856 2032 1147 2104 generibus
1192 2032 1246 2086 in
1299 2030 1542 2087 secundo
1583 2029 1720 2085 libro
1766 2028 2090 2085 disserimus

2185 462 2456 517 honorare
2482 474 2542 515 se
2568 458 2715 523 vult,
2740 466 2797 515 et
2824 459 2877 513 in
2904 457 3047 513 ctelo
3071 457 3359 523 collocare,
3382 453 3665 509 confessus
3685 463 3791 520 est,

2186 554 2239 609 id
2269 554 2413 625 quod
2438 568 2528 608 res
2555 552 2753 618 habet,
2786 550 3061 623 quomodo
3089 550 3199 606 sint
3219 547 3525 619 appellandi
3551 547 3642 618 qui
3685 547 3797 602 Deo

2186 660 2405 714 semper
2435 644 2717 700 assistunt.

2260 736 2560 792 Retrahant
2583 750 2713 804 ergo
2760 750 2821 790 se
2848 734 3099 790 homines
3127 733 3196 788 ab
3224 732 3505 788 erroribus
3536 739 3591 787 et
3614 730 3796 801 abjec-

2188 831 2257 887 tis
2295 829 2653 901 religionibus
2685 830 2887 900 pravis,
2919 838 3198 899 parentem
3224 842 3381 882 suum
3409 826 3801 897 dominumque

2190 933 2559 993 cognoscant:
2592 922 2748 991 cujus
2789 938 2893 978 nec
2919 922 3091 977 virtus
3132 922 3386 976 aestimari
3438 929 3651 991 potest,
3696 935 3800 977 nec

2192 1015 2509 1085 magnitudo
2556 1015 2827 1085 perspici,
2874 1029 2976 1070 nec
3022 1013 3344 1085 principium
3384 1011 3795 1083 comprehendi.

2190 1106 2330 1165 Cum
2378 1109 2445 1164 ad
2476 1108 2625 1163 illum
2656 1108 2854 1164 mentis
2906 1108 3157 1163 humanm
3200 1108 3428 1163 intentio
3472 1116 3528 1163 et
3569 1121 3798 1162 acumen

2190 1210 2246 1257 et
2300 1202 2563 1256 memoria
2617 1200 2968 1271 pervenerit,
3016 1203 3168 1271 quasi
3226 1200 3505 1255 subductis
3555 1208 3611 1255 et
3663 1215 3794 1255 con-

2200 1292 2488 1348 summatis
2516 1292 2768 1347 omnibus
2798 1292 2934 1358 viis,
2978 1290 3262 1356 subsistit,
3318 1290 3524 1356 btet-et,
3573 1289 3799 1358 deﬁcit;

2192 1401 2294 1441 nec
2337 1395 2422 1440 est
2461 1383 2665 1454 aliquid
2717 1383 2945 1439 ulterius
2991 1398 3098 1453 quo
3147 1381 3399 1453 progredi
3448 1382 3638 1453 possit.
3690 1380 3798 1437 Ve-

2193 1490 2312 1531 rum
2360 1475 2485 1545 quia
2529 1474 2646 1530 ﬁeri
2692 1490 2800 1530 non
2831 1482 3041 1545 potest,
3070 1474 3197 1543 quin
3253 1472 3304 1528 id
3348 1471 3492 1543 quod
3536 1472 3646 1533 sit,
3702 1471 3803 1525 ali-

2192 1568 2407 1639 quando
2427 1582 2548 1623 esse
2569 1567 2817 1638 cmperit,
2850 1580 3190 1635 consequens
3212 1575 3316 1632 est,
3339 1573 3399 1620 ut
3418 1563 3632 1635 quando
3660 1563 3795 1618 nihil

2198 1660 2491 1716 anteillum
2534 1658 2662 1727 fuit,
2696 1660 2811 1730 ipse
2837 1667 2961 1714 ante
2991 1658 3168 1712 omnia
3196 1672 3261 1712 ex
3316 1672 3376 1712 se
3422 1658 3539 1725 ipse
3567 1655 3637 1710 sit
3674 1668 3802 1725 pro—

2195 1762 2428 1809 creatus.
2462 1751 2696 1821 Ideoque
2716 1750 2784 1806 ab
2802 1749 3053 1820 Apolline
3081 1752 3353 1822 αὐτοφυής,
3373 1764 3402 1801 a
3429 1745 3630 1819 Sibylla
3654 1749 3804 1802 αὐτο-

2118 1815 2166 1875 Β
2190 1851 2366 1922 γενὴς,
2395 1853 2450 1899 ει
2474 1815 2733 1918 ἀγέννιπος
2756 1884 2770 1907 ,
2799 1815 2866 1898 eti
2880 1842 3121 1903 ἀποίητος
3168 1815 3498 1894 nominatur.
3524 1815 3678 1905 Quod
3709 1837 3807 1893 Se-

2191 1952 2323 1993 neca
2346 1979 2361 2006 ,
2390 1936 2555 1991 homo
2576 1945 2786 2001 acutus,
2811 1934 2866 1988 in
2892 1931 3374 1988 Exhortationibus
3396 1929 3531 1985 vidit
3559 1947 3574 1984 :
3610 1947 3629 1981 ‹
3666 1928 3801 1994 Nos,

2192 2030 2397 2101 inquit,
2430 2026 2646 2084 aliunde
2669 2025 2990 2098 pendemus.
3027 2024 3213 2096 Itaque
3256 2023 3324 2079 ad
3347 2023 3581 2096 aliquem
3628 2022 3807 2094 respi-

1848 2144 2214 2204 VARIORUM
2254 2144 2486 2202 NOTAE.

552 2270 880 2324 Dtemenmn.
934 2266 1144 2322 Daemon
1198 2265 1337 2335 apud
1396 2266 1646 2336 antiquos
1701 2263 1840 2336 idem
1871 2271 1977 2336 est
2018 2277 2082 2317 ac

480 2343 692 2413 angelus
726 2359 742 2402 ;
771 2343 863 2393 sed
893 2339 1202 2413 Lactantius
1224 2337 1289 2413 ad
1315 2335 1545 2413 mentem
1566 2351 1734 2413 sa_cr:e
1764 2335 2079 2413 Scriptura»,

481 2405 747 2469 Dieinenis
772 2412 990 2465 nomine
1016 2410 1263 2478 intelligit
1294 2409 1572 2478 gentilium
1604 2408 1736 2462 deos
1771 2408 1923 2476 juxta
1952 2405 2081 2460 illud

485 2485 699 2556 psalmi,
722 2498 895 2556 omnes
913 2482 985 2534 dii
1003 2480 1290 2556 Gentilium
1304 2479 1580 2556 dwmeiiirt.

553 2560 769 2628 Πὰνσοφε
802 2552 1219 2628 Interpret._lat.
1249 2549 1442 2628 Omnia
1465 2552 1687 2618 sapiens,
1719 2549 1890 2603 omnia
1915 2552 2083 2612 docte,

483 2628 568 2697 qui
590 2621 731 2682 circa'
752 2626 894 2678 varia
923 2624 1160 2697 versaris,
1191 2624 1378 2697 emendi
1407 2621 1629 2697 dwmen.

556 2700 900 2772 Αξολᾷστρεφε.
939 2696 1025 2749 Sic
1058 2710 1186 2772 mss.
1216 2694 1403 2772 lﬂch.
1451 2703 1512 2772 et
1542 2692 1811 2772 Guilleltni
1843 2690 2082 2772 conteri.

486 2770 635 2838 i‘iegii
659 2771 713 2834 .i,
738 2762 1043 2843 τὲἁεὶσῖροφε,
1066 2775 1120 2819 ει
1141 2766 1221 2843 sic
1242 2762 1430 2829 Goth.,
1455 2762 1600 2843 illam
1625 2775 1676 2820 et
1704 2764 1865 2843 Brun.
1893 2763 2089 2843 legisse

486 2835 736 2895 videntur
787 2854 849 2893 ex
884 2835 1044 2893 latina
1078 2838 1321 2890 versione
1343 2879 1356 2895 .
1389 2836 1476 2900 qui
1522 2852 1611 2903 per
1640 2835 1800 2888 multa
1849 2835 2087 2888 versaris.

486 2913 639 2986 Alter
656 2910 904 2986 Claram,
939 2908 1154 2986 l_Reg_.,
1184 2908 1209 2962 1
1244 2907 1422 2969 Colb.,
1457 2906 1772 2986 ὁλοίστροφες
1795 2905 1831 2959 2
1853 2906 2004 2960 Colb.
2039 2912 2094 2959 et

488 2982 613 3055 edd.
648 2981 925 3055 quiddam,
966 2980 1322 3055 ἐνολοίᾳτροφε.

564 3047 794 3107 Precem.
827 3051 903 3106 Ita
935 3047 1269 3107 restituiuius
1296 3066 1359 3105 ex
1392 3065 1521 3105 mss.
1547 3058 1735 3119 estque
1765 3048 1904 3118 apud
1933 3047 2093 3119 Plau-

490 3135 623 3179 tum.
686 3125 738 3178 Iu
792 3122 951 3178 editis
1010 3134 1093 3175 est
1135 3138 1423 3186 preces.—
1460 3118 1661 3175 Preces.
1721 3119 1774 3172 Id
1815 3130 1899 3175 est
1945 3118 2094 3173 diras

491 3196 886 3250 execrationes.
941 3192 1061 3247 Vid.
1116 3194 1290 3245 Daris.
1344 3194 1408 3248 ad
1458 3191 1594 3248 (Ζευς.
1654 3207 1707 3245 vr
1761 3189 1946 3255 Gall.,
1999 3190 2091 3255 51,

494 3268 529 3322 5
561 3284 574 3320 :
611 3264 859 3320 Omnibus
903 3267 1150 3334 precibus
1202 3265 1476 3317 detestatus
1522 3263 1881 3333 Ambiorigem.
1933 3260 2092 3318 Ovid.

496 3354 566 3392 xv
595 3338 744 3400 Met.,
774 3337 880 3393 505
907 3356 919 3390 :

618 3408 898 3470 Hostilique
923 3415 1070 3470 caput
1090 3420 1239 3469 prece
1263 3406 1542 3470 detestatus
1566 3411 1761 3470 euntes.

497 3472 587 3527 Sic
600 3488 731 3528 mss.
752 3468 909 3534 83in,
930 3468 1097 3533 'I‘:ix.,
1113 3471 1276 3528 Ultr.,
1296 3469 1462 3524 Gron.
1482 3472 1534 3522 in
1556 3468 1833 3539 singulari,
1854 3482 2099 3538 campre-

491 3559 624 3606 cem,
656 3558 776 3597 Cum
812 3542 1041 3595 Reimm.
1080 3542 1296 3595 habent.
1329 3541 1607 3596 BUNEIIAN.

569 3614 857 3685 Apollinem
889 3615 1238 3683 Smynthium.
1269 3611 1341 3666 [ta
1366 3614 1419 3685 in
1454 3628 1583 3667 mss.
1625 3611 1743 3685 fere
1784 3609 1991 3685 cunctis
2045 3616 2098 3662 et

497 3682 736 3753 eptiinis,
787 3682 999 3738 favente
1033 3684 1525 3737 Romanacditione
1578 3682 1738 3744 M70,
1784 3682 1838 3735 in
1870 3696 1973 3749 qua
1998 3687 2101 3753 _cst

500 3751 815 3810 Samnitium
865 3771 882 3807 :
915 3756 965 3808 in
1014 3756 1201 3818 editis,
1260 3754 1619 3823 Smyntheum.
1653 3755 1695 3806 Α
1730 3753 1969 3805 muribus
1998 3751 2100 3805 hoc

498 3828 778 3895 epitheton
809 3828 1027 3879 ductuut
1052 3836 1134 3880 est
1159 3827 1296 3898 ,_qui
1328 3822 1518 3898 σξλίνᾷᾳι
1563 3824 1919 3898 appellantur,
1954 3822 2102 3876 Auc-

501 3893 707 3952 toribus
741 3898 1001 3950 Pausania
1024 3940 1037 3955 .
1063 3893 1429 3959 Strabbueset
1459 3896 1713 3959 Homere,
1747 3893 1915 3947 Illiad.
1945 3909 1997 3957 (ι,

750 3974 926 4019 Τινιδθῖό
948 3994 988 4019 τι
1007 3975 1062 4030 ist
1081 3980 1269 4025 ἁνάισσις,
1295 3979 1455 4027 Σμινθεῦ.

501 4029 634 4086 Cum
658 4030 800 4085 enim
825 4025 1080 4084 sacerdos
1101 4025 1603 4100 quidamApollinis
1622 4071 1635 4090 ,
1659 4025 1834 4100 Crinis
1860 4026 2099 4100 nomine,

503 4117 655 4157 sacra
709 4103 793 4155 dei
852 4102 1196 4172 neglexisset,
1249 4097 1407 4171 atque
1434 4102 1503 4154 ob
1555 4100 1655 4172 hoc
1708 4099 1839 4172 nihil
1892 4097 2104 4167 penitus

506 4173 776 4227 fructuum
797 4188 862 4227 eo
893 4170 1035 4226 anno
1066 4170 1367 4242 collegisset
1393 4214 1406 4234 ,
1442 4171 1691 4225 omnibus
1742 4170 1903 4223 rebus
1923 4185 1953 4223 a
1987 4185 2104 4222 mtt-

502 4245 656 4299 ribus
705 4246 960 4311 corrosis,
992 4253 1143 4298 tanto
1173 4244 1497 4299 detrimento
1542 4250 1870 4296 commotum
1926 4255 2105 4294 sacer-

503 4316 685 4370 dotem
716 4326 970 4370 consueta
994 4316 1100 4370 deo
1136 4331 1287 4369 sacra
1320 4314 1613 4384 peregisse.
1646 4312 1913 4381 deumque
1959 4312 2105 4365 illico

505 4403 691 4442 mures
722 4403 912 4441 omnes
935 4389 1142 4455 sagittis
1167 4390 1280 4440 suis
1323 4385 1643 4456 perdidisse,
1672 4394 1832 4453 atque
1860 4399 1928 4438 ex
1955 4398 2015 4437 ea
2047 4396 2106 4437 re

2259 2260 2640 2315 Censummatis
2686 2259 2924 2315 omnibus
2969 2262 3083 2315 uiis.
3146 2259 3237 2315 Sic
3283 2256 3695 2315 emendavimus
3736 2271 3803 2313 ex

2189 2333 2529 2403 optimoms.
2560 2332 2889 2403 Regio-Pot.
2915 2340 2970 2403 et
2994 2333 3027 2386 4
3058 2330 3197 2394 aliis,
3238 2346 3301 2385 ex
3349 2334 3380 2386 5
3409 2329 3585 2394 Colb.,
3619 2331 3644 2383 1
3680 2327 3772 2382 Cla
3792 2358 3804 2369 ο

2189 2419 2354 2465 rom.,
2388 2402 2535 2469 Em.,
2569 2401 2793 2458 Cantab.
2828 2410 2884 2456 et
2913 2402 3305 2470 Lipsiensibus.
3342 2415 3440 2457 nec
3473 2416 3579 2455 non
3609 2417 3676 2455 ex
3707 2415 3801 2453 ve-

2193 2475 2396 2529 teribus
2425 2474 2585 2527 editis
2615 2474 2669 2538 5,
2730 2474 2913 2539 Rom.,
2974 2473 3145 2527 Paris.
3197 2472 3360 2537 1595,
3411 2472 3577 2531 ΑΜ..
3628 2473 3802 2536 ι]ηιι.,

2191 2545 2393 2614 Grapli.
2418 2545 2575 2599 1552.
2615 2547 2669 2599 ln
2691 2545 2725 2599 5
2755 2546 2884 2614 Reg.
2915 2542 3141 2608 lColb.,
3170 2543 3454 2597 iCIarom.
3487 2552 3540 2597 et
3560 2542 3802 2604 28mm.

2190 2619 2507 2685 consumptis
2528 2658 2543 2680 ,
2597 2616 2649 2671 in
2683 2631 2912 2685 quorum
2946 2617 3249 2683 posteriore
3272 2626 3353 2670 est
3383 2616 3489 2667 suis
3537 2630 3665 2685 prof
3687 2616 3800 2668 viis.

2263 2684 2475 2753 Aliquid
2502 2684 2734 2741 ulterius.
2759 2686 2884 2742 Mss.
2915 2689 2939 2742 1
2976 2687 3184 2740 Βυιιοιι.
3218 2687 3533 2757 autiquier.,
3563 2698 3614 2740 et
3639 2684 3798 2748 Pen.,

2200 2758 2349 2812 aliud
2402 2759 2636 2812 ulterius.

2282 2828 2468 2883 Verum
2494 2831 2615 2900 quia
2643 2830 2754 2897 ﬁeri
2791 2845 2892 2883 non
2923 2838 3087 2900 potest
3117 2829 3239 2899 quin
3276 2828 3331 2881 id
3368 2829 3530 2900 quod!
3550 2828 3671 2900 sit,_
3702 2827 3804 2900 ali-

2201 2902 2410 2969 quando
2448 2898 2555 2955 esse
2583 2901 2808 2970 coeperit.
2860 2898 3275 2955 Atiimadvcrsio
3326 2901 3387 2951 li.
3417 2900 3474 2953 P.
3506 2898 3591 2954 Jo.
3626 2898 3806 2953 Maria:

2203 2972 2548 3037 Brasichell.,
2580 2973 2717 3026 sacri
2752 2972 3130 3040 pillalilaptlsl.
3167 2971 3424 3039 Magistri,
3456 2981 3709 3038 excerpta
3736 2985 3803 3023 es

2201 3056 2293 3096 ora
2325 3058 2423 3096 ins.
2459 3044 2590 3113 Reg.
2628 3060 2679 3096 ιι.
2709 3039 2849 3097 5759
2875 3060 2889 3095 :
2913 3039 3074 3097 Caute
3104 3042 3214 3113 lege
3244 3046 3340 3095 ista
3353 3043 3523 3096 omnia
3552 3042 3621 3094 ad
3651 3042 3805 3113 ﬁnem

2202 3129 2363 3184 usque
2388 3111 2594 3177 capitis,
2650 3130 2766 3166 nam
2817 3114 3134 3166 vehementer
3156 3111 3437 3184 'abliorrent
3464 3129 3496 3165 α
3540 3129 3678 3166 more
3723 3111 3803 3165 le-

2197 3183 2387 3253 quendi
2433 3184 2825 3255 theologorum;
2855 3200 3015 3255 neque
3044 3186 3181 3237 enim
3234 3183 3369 3237 Deus
3396 3200 3428 3236 a
3465 3184 3633 3249 seipse
3663 3184 3808 3254 geni-

2200 3266 2280 3308 tus
2307 3266 2381 3309 est
2409 3265 2498 3309 aut
2521 3266 2817 3320 procreatus
2838 3296 2853 3321 ,
2874 3272 2990 3309 cum
3018 3255 3147 3308 nihil
3173 3257 3335 3325 magis
3363 3256 3678 3324 impossibile
3702 3257 3764 3306 sit
3790 3297 3805 3319 ,

2199 3343 2351 3398 quam
2380 3326 2579 3398 aliquid
2604 3329 2826 3398 seipsum
2866 3342 3108 3398 generare
3137 3336 3228 3398 aut
3244 3328 3549 3398 producere.
3586 3325 3695 3380 Nec
3723 3328 3799 3378 vi-

2200 3397 2384 3451 dentur
2425 3396 2571 3451 verba
2599 3397 2857 3452 Lactantii
2886 3399 2938 3450 in
2960 3396 3147 3450 bonum
3179 3397 3398 3466 aliquem
3426 3414 3631 3451 sensum
3660 3413 3809 3459 posse

2199 3471 2392 3538 reduci,
2421 3470 2519 3522 nisi
2542 3470 2770 3539 negative
2800 3486 2831 3522 a
2858 3469 3026 3537 seipse
3043 3469 3264 3539 genitus,
3287 3467 3345 3539 id
3368 3478 3460 3535 est,
3495 3484 3596 3521 non
3619 3468 3681 3522 ab
3703 3471 3807 3520 alio

2202 3541 2420 3610 genitus.
2457 3538 2686 3610 Denique
2734 3542 2786 3594 in
2814 3541 2908 3593 hac
2938 3538 3093 3593 causa
3110 3555 3263 3609 quam
3308 3538 3439 3592 illud
3482 3540 3758 3593 absurdum
3789 3555 3807 3593 :

2208 3628 2227 3661 ι
2261 3609 2399 3664 Fieri
2419 3628 2520 3664 non
2540 3621 2700 3681 potest
2728 3612 2848 3680 quin
2869 3611 2942 3674 id,
2963 3611 3097 3679 quod
3118 3611 3204 3673 sit,
3224 3611 3500 3681 aliquando
3517 3627 3623 3663 esse
3644 3627 3809 3681 caepe-

2202 3682 2468 3737 rit.s\"ide
2496 3691 2811 3751 apparatum
2832 3697 3044 3736 sacrum
3073 3682 3352 3736 Pesscvini
3382 3681 3434 3735 in
3465 3680 3606 3737 Gilb.
3628 3680 3807 3737 Gene-

2202 3752 2419 3807 brardo.
2446 3756 2653 3819 ——Quia
2682 3754 2794 3820 ﬁeri
2816 3770 2915 3807 non
2947 3763 3142 3823 potest,
3174 3754 3295 3822 quin
3322 3754 3377 3805 id
3404 3752 3539 3822 quod
3575 3754 3640 3806 sit
3660 3794 3674 3815 ,
3705 3753 3808 3805 ali-

2203 3825 2411 3892 quando
2432 3841 2538 3879 esse
2554 3825 2779 3892 coeperit.
2801 3824 2976 3878 Locus
3008 3824 3092 3877 ltic
3116 3825 3367 3878 immunis
3388 3834 3470 3877 est
3496 3828 3563 3878 ab
3588 3839 3806 3887 errore;

2206 3895 2369 3950 debet
2399 3896 2543 3951 enim
2573 3896 2641 3950 de
2664 3894 2827 3949 rebus
2854 3910 2974 3964 qua:
3005 3897 3243 3948 existunt
3264 3894 3484 3964 intelligi
3516 3911 3529 3947 τ
3558 3904 3613 3948 ιιι
3662 3895 3699 3947 l.
3746 3911 3808 3959 ιι,

2205 3980 2253 4020 c.
2294 3967 2379 4021 10.
2413 3967 2668 4029 Quoniam
2698 3978 2778 4019 est
2807 3975 3020 4035 apparet
3061 3966 3342 4034 aliquando
3389 3967 3620 4031 coepisse.
3674 3965 3810 4020 Esse

2205 4039 2349 4092 enim
2375 4038 2518 4091 nulla
2544 4053 2628 4091 res
2647 4037 2765 4091 sine
2786 4037 3008 4091 exordio
3033 4046 3224 4104 potest.
3251 4036 3469 4092 Confer.
3496 4037 3631 4090 infra
3658 4037 3692 4089 Ι.
3710 4053 3807 4096 vti.

2206 4124 2254 4162 c.
2293 4109 2317 4162 1
2353 4111 2425 4162 De
2446 4109 2554 4163 Deo
2587 4119 2733 4162 recte
2761 4109 2951 4172 sensit,
2974 4106 3064 4162 lib.
3099 4123 3238 4168 iv,c.
3262 4108 3352 4162 12.
3385 4122 3504 4176 cap.
3538 4108 3624 4161 13.
3650 4109 3807 4162 Conl'.

2208 4178 2441 4234 Hockeri
2488 4178 2744 4233 Bibliotli.
2799 4178 3142 4234 lleilsbroun.
3177 4178 3214 4231 f.
3249 4180 3318 4235 48
3358 4179 3496 4250 (50).
3530 4178 3805 4233 Bessum.

2284 4250 2525 4317 Quando.
2562 4252 2634 4304 Ita
2666 4263 2795 4303 mss.
2820 4250 3007 4319 optimi
3034 4264 3089 4303 et
3113 4265 3304 4304 eomes
3329 4250 3496 4304 ferme
3536 4251 3686 4304 editi.
3748 4252 3813 4304 lit

2211 4320 2326 4374 luet:
2374 4338 2475 4375 vox
2529 4333 2613 4376 est
2660 4321 3015 4377 Ciceroniaua
3074 4337 3169 4388 pro
3215 4320 3660 4389 quandoquidem,
3723 4324 3811 4376 Vel

2208 4395 2472 4461 quoniam.
2507 4393 2563 4447 lu
2596 4408 2725 4447 mss.
2753 4392 3033 4448 codicibus
3058 4392 3082 4444 1
3125 4391 3361 4457 Βυιιοιι.,
3383 4390 3416 4445 6
3441 4390 3622 4458 Colb.,
3643 4391 3809 4458 Ultr.,

508 4460 847 4534 Smintlieum
898 4469 1164 4534 vocatttm_
1189 4472 1330 4511 esse.
1383 4457 1516 4511 Nam
1547 4456 1873 4523 Cretenses,
1926 4467 2095 4508 mures

2216 4456 2242 4517 1
2275 4466 2509 4519 Clarum.
2542 4475 2594 4519 et
2635 4464 2798 4518 Brttn.
2823 4505 2839 4530 ,
2871 4463 3132 4534 quoniam.

514 4531 769 4601 Smyntas
800 4544 1077 4601 vocavere.
1128 4529 1460 4601 Remmius.

584 4598 833 4676 'Appteuir'i.
866 4599 1095 4668 lnterpr.
1126 4598 1247 4676 1,καί
1278 4618 1291 4653 :

638 4656 915 4743 tbnceutus
939 4656 1121 4743 ine-udi,
1145 4656 1324 4728 lucifer
1349 4687 1401 4729 et
1417 4682 1619 4743 sapiens
1641 4679 1852 4729 dtemon.

636 4741 903 4803 Dtemones
925 4742 1007 4803 qui
1029 4742 1270 4791 ventitant
1291 4743 1418 4790 circa
1445 4741 1645 4800 terram,
1673 4743 1868 4791 etcirca
1894 4749 2031 4787 mare

638 4802 898 4862 Indel'essi,
924 4802 1181 4852 domantur
1197 4806 1290 4853 sub
1314 4804 1514 4866 ﬂagello
1539 4804 1650 4853 Dei.

589 4887 860 4942 Honerare
880 4905 932 4941 se
958 4888 1061 4941 vult
1088 4889 1204 4942 etin
1227 4889 1351 4942 caele
1386 4890 1659 4942 collocare.
1699 4886 1773 4941 Ita
1822 4898 1954 4939 mss.
1984 4899 2109 4940 cum

513 4962 763 5015 omnibus
788 4962 946 5014 editis
992 4970 1187 5029 prieter
1217 4957 1416 5014 Cellar.
1444 4970 1499 5015 ct
1523 4960 1553 5012 7
1584 4973 1712 5013 mss.
1746 4972 1856 5012 rec.
1904 4956 1957 5009 in
1989 4956 2110 5025 qui-

512 5032 612 5086 bus
640 5041 723 5085 est
752 5028 1001 5085 honorari
1023 5042 1068 5083 et
1094 5031 1340 5084 collocari
1355 5046 1374 5094 ;
1401 5046 1560 5099 quam
1611 5028 1896 5083 lectionem
1927 5036 2111 5082 vetus-

514 5104 737 5157 tioribus
769 5115 822 5157 et
848 5101 1158 5156 melioribus
1187 5116 1316 5156 mss.
1341 5103 1647 5154 eontirmari
1680 5100 1892 5154 vellem.

587 5174 696 5229 Deo
740 5190 939 5241 semper
973 5174 1235 5225 assistunt.
1284 5171 1600 5226 Addidimus
1626 5187 1823 5239 semper
1848 5188 1914 5228 ex
1944 5184 2053 5225 mss
2075 5170 2114 5224 2

513 5245 747 5309 Bouou.,
786 5247 817 5299 4
844 5246 974 5312 Reg.
1003 5257 1231 5309 quorum
1272 5242 1378 5294 duo
1408 5244 1853 5312 suntvetet'rimi,
1877 5244 1910 5298 6
1931 5243 2109 5309 Colb.,

515 5318 671 5379 Pen.,
704 5318 739 5370 2
762 5311 1024 5375 Clarum,
1058 5314 1200 5376 ltlm.,
1248 5313 1495 5376 Cautalu,
1520 5311 1709 5375 Cauc.,
1758 5313 1910 5381 Jun.,
1943 5315 2107 5368 Brun.

513 5404 578 5442 ac
606 5386 993 5455 Lipsiensibus,
1030 5394 1080 5437 et
1104 5383 1263 5439 editis
1290 5382 1447 5437 Rom.
1481 5385 1640 5450 1468,
1672 5385 1830 5451 1470,
1855 5396 1909 5440 ει
1936 5385 2108 5440 Betui.

517 5460 571 5512 in
606 5472 711 5511 rec.
744 5457 903 5511 editis
928 5455 1101 5527 deest,
1134 5456 1703 5527 s_emper.-'—-Assistunt.
1741 5455 1809 5511 Ut
1838 5457 2110 5527 apparito-

515 5543 607 5583 res
635 5528 750 5593 Dei,
785 5529 817 5589 Ι,
850 5542 907 5590 ιι,
936 5540 985 5578 c.
1022 5526 1107 5589 16,
1142 5525 1300 5590 Bou.,
1329 5527 1486 5592 Pen.,
1515 5528 1703 5590 Cauc.,
1737 5525 2109 5594 .Iun.,'Goth.,

517 5598 664 5667 Lips.
724 5601 775 5662 1,
831 5597 865 5651 ὅ
908 5597 1104 5658 Ellum,
1162 5596 1414 5661 Reimm.,
1470 5599 1711 5664 Stiblac.,
1763 5598 1892 5655 Ven.
1950 5598 2110 5668 1471,

522 5669 685 5737 1197,
719 5668 805 5739 qui
836 5668 944 5722 Deo
970 5682 1185 5734 semper
1212 5671 1491 5723 assistunt.
1525 5669 1659 5725 Buu.

596 5742 864 5815 Parentein
892 5756 1041 5795 suum
1066 5739 1445 5815 dominumque.
1475 5742 1589 5799 Hoc
1606 5756 1749 5815 saepe
1769 5751 1923 5815 urget
1952 5758 1968 5799 ι
1997 5742 2113 5800 loca

518 5812 696 5872 indico
721 5813 786 5870 ad
814 5813 849 5869 1.
883 5823 958 5880 tv,
990 5827 1038 5868 c.
1069 5811 1122 5867 5.
1156 5810 1431 5868 Bonitas.

2292 4534 2375 4589 Ea:
2400 4538 2566 4605 seipse
2587 4535 2651 4589 sit
2681 4532 2995 4603 procreatus.
3024 4532 3325 4587 Notandum
3359 4533 3692 4589 Lactantium
3724 4549 3813 4589 er-

2217 4620 2372 4673 rare,
2405 4614 2617 4676 quando
2644 4605 2777 4660 dicit
2810 4608 2972 4659 Deum
3004 4606 3239 4671 seipsum
3270 4619 3616 4676 procreasse;
3649 4622 3812 4676 quem

2217 4675 2456 4732 errorem
2483 4678 2678 4745 repetit
2719 4677 3044 4742 Lactantius,
3071 4677 3163 4729 lib.
3195 4691 3255 4741 ιι,
3286 4690 3406 4745 cap.
3437 4676 3489 4732 9.
3523 4675 3809 4733 ϐλιιευε.

2214 4746 2373 4801 -Εω
2413 4750 2578 4816 seipse
2606 4749 2669 4800 sit
2703 4757 3015 4813 procreatus.
3068 4746 3218 4800 llaud
3263 4762 3514 4803 accoratc
3545 4767 3557 4802 :
3591 4751 3659 4802 ita
3700 4750 3814 4803 fere

2215 4817 2307 4871 lib.
2342 4834 2398 4881 ιι,
2419 4833 2466 4872 e.
2497 4820 2552 4879 8,
2575 4835 2637 4871 ea:
2666 4819 2832 4885 seipse
2858 4828 2950 4872 est.
2983 4817 3246 4873 Notaruut
3273 4816 3538 4875 Lactantii
3566 4835 3812 4876 errorem

2216 4885 2356 4943 Gall.
2394 4898 2450 4943 et
2476 4889 2701 4959 Sparck.
2734 4890 3013 4945 Bessum.

2287 4958 2577 5034 Ἀντοφυῄς.
2603 4960 2745 5025 Lat.,
2780 4961 2859 5015 Ea:
2880 4978 2934 5015 se
2971 4969 3130 5034 ortus.

2288 5034 2328 5085 A
2360 5032 2582 5108 Sybilla,
2611 5035 2901 5108 aeroyeyng,
2926 5042 3031 5087 etc.
3054 5032 3195 5097 Lat.,
3221 5048 3275 5087 se
3294 5034 3517 5108 genitus,
3542 5042 3596 5089 et
3614 5034 3812 5105 ingeni-

2215 5112 2316 5163 tus.
2345 5115 2398 5158 et
2426 5120 2526 5157 non
2554 5104 2941 5174 factnsIMinus
2969 5113 3113 5158 recte
3136 5113 3369 5158 mentem
3396 5104 3810 5160 christianorum

2214 5175 2446 5243 explicat
2472 5174 2780 5250 Lactantius
2806 5191 2900 5243 per
2930 5175 3025 5250 has
3051 5190 3212 5229 voces
3238 5176 3491 5247 αὐτοφυής
3519 5186 3571 5231 ει
3600 5180 3778 5250 adrepe
3800 5208 3812 5218 ο

2214 5252 2318 5309 νής,
2344 5262 2464 5316 (ιιιιε
2486 5246 2774 5300 excludunt
2796 5248 3121 5318 creationem
3139 5258 3190 5300 et
3209 5246 3633 5313 generationem;
3651 5246 3813 5318 atque

2216 5318 2410 5391 melius
2430 5319 2828 5391 explicarentur
2855 5331 2952 5386 per
2994 5317 3130 5391 hanc
3160 5332 3346 5391 vocem
3380 5319 3522 5388 quod
3554 5336 3617 5374 ex
3643 5317 3811 5391 seipse

2213 5388 2308 5461 sit,
2338 5404 2402 5441 ex
2427 5405 2479 5461 se
2521 5390 2632 5459 ipso
2654 5389 2908 5453 existens;
2938 5387 3077 5458 quod
3109 5403 3177 5443 ex
3205 5390 3262 5443 S.
3298 5387 3593 5445 Athanasio
3622 5387 3815 5461 probat

2216 5457 2558 5513 Pearsonius.

2288 5528 2565 5603 ’Δγέννητος
2580 5539 2631 5584 el
2646 5532 2903 5603 ἀποίητος.
2928 5528 2980 5583 Id
2996 5538 3104 5603 est,
3123 5545 3239 5603 non
3257 5533 3470 5599 genitus
3490 5547 3590 5587 nec
3616 5531 3809 5587 factus.

2216 5600 2331 5657 Huc
2347 5600 2590 5658 redeunt
2613 5602 2956 5656 Athanasiani
2986 5601 3226 5673 Symboli
3254 5606 3412 5657 vi-rba
3431 5644 3446 5669 ,
3477 5621 3578 5658 non
3616 5606 3806 5673 factus,

2216 5689 2306 5727 nec
2329 5682 2552 5745 creatus,
2580 5690 2668 5745 nec
2695 5673 2911 5745 genitus.
2940 5675 3012 5728 De
3039 5689 3145 5742 quo
3172 5674 3293 5729 vide
3319 5673 3677 5745 TlteOphilum
3701 5680 3812 5731 An-

2219 5743 2522 5800 tiochenum
2550 5743 2615 5798 ad
2648 5744 2949 5800 Autolicum
2975 5745 3112 5798 libro
3140 5760 3196 5798 ιι.

2292 5813 2463 5870 Home
2504 5826 2697 5869 acutus.
2736 5814 2808 5870 lia
2858 5815 3159 5885 repesuies
3188 5814 3436 5875 omnibus
3464 5833 3573 5875 mss
3624 5834 3687 5875 ac
3712 5831 3807 5874 νει
