4172 6202
420 192 529 251 155

1483 191 1688 249 LIBER
1727 194 1767 249 1.
1810 190 1900 248 DE
1941 192 2167 252 FALSA
2205 191 2597 252 RELIGIONE.

3608 195 3711 253 154

414 314 621 381 cimus,
647 313 758 381 cui,
785 310 931 384 quod
958 318 1041 368 est
1089 311 1352 384 optinmm
1405 314 1457 369 in
1511 312 1667 368 nobis
1696 311 2007 368 debeamus.
2044 321 2098 378 Α
2123 312 2395 370 interdum
2423 314 2594 371 videri
2624 314 2803 371 solent
2833 323 2941 371 tam
2965 316 3131 382 caeci,
3163 325 3271 372 tam
3301 315 3674 388 incogitabiles
3695 358 3712 385 ,

417 406 573 463 Atius
596 421 700 463 nos
724 404 925 471 edidit;
958 405 1096 461 alius
1123 406 1377 461 instruxit
1401 405 1563 462 :Deus
1586 405 1701 476 ipse
1731 420 1792 461 se
1823 403 1966 461 fecit.
1990 423 2011 458 ι

1012 520 1241 578 CAPUT
1282 520 1415 579 VIII.

423 636 575 708 Quod
610 636 750 693 Deus
781 636 890 690 sine
920 651 1133 708 corpore
1157 638 1253 702 sit,
1286 653 1377 692 nec
1410 653 1535 693 sexu
1561 636 1630 691 ad
1645 636 2019 708 procreandum

1140 739 1300 803 egeat.

490 845 588 903 His
630 845 793 917 igitur
818 853 898 901 tot
932 854 987 902 et
1008 845 1171 901 tantis
1199 845 1424 903 testibus
1452 846 1835 917 comprobatur
1860 849 2021 902 unius

421 939 517 998 Dei
579 948 849 1011 potestate
903 955 966 995 ac
1010 940 1347 1011 providentia
1388 941 1647 997 mundum
1692 940 2015 1013 gubernari;

418 1034 576 1105 cujus
596 1034 706 1088 vim
732 1033 1181 1105 majestatemque
1210 1043 1411 1089 tantam
1433 1049 1556 1091 eSSe
1580 1034 1710 1090 dicit
1740 1034 1792 1089 in
1814 1034 2018 1090 Timaeo

422 1127 598 1194 Plato,
623 1135 683 1181 ut
713 1142 831 1183 eam
863 1142 1041 1197 neque
1075 1136 1256 1183 mente
1285 1129 1571 1199 concipere
1590 1171 1605 1196 ,
1637 1143 1811 1199 neque
1837 1129 2019 1187 verbis

421 1235 678 1276 enarrare
720 1220 1000 1292 quisquam
1049 1221 1251 1291 possit,
1286 1221 1355 1277 ob
1383 1220 1603 1276 nimiam
1628 1223 1747 1293 ejus
1778 1231 1833 1278 et
1859 1223 2019 1280 intes-

422 1311 715 1367 timabilem
742 1319 1084 1382 potestatem.
1116 1313 1333 1369 Dnbitet
1360 1329 1492 1370 vero
1517 1314 1711 1386 aliquis
1729 1357 1744 1383 ,
1773 1330 1840 1370 an
1864 1316 2021 1388 quid-

421 1421 584 1476 quam
612 1404 832 1462 difﬁcile
859 1415 953 1461 aut
982 1406 1321 1478 impossibile
1343 1407 1414 1463 sit
1444 1408 1577 1473 Deo,
1607 1410 1695 1479 qni
1720 1418 1864 1464 tanta
1891 1418 2020 1466 tam-

419 1516 529 1571 que
556 1500 782 1556 mirilica
830 1516 995 1573 opera
1045 1500 1391 1572 providentia
1428 1503 1786 1575 excogitavit,
1818 1505 2021 1562 virtute

418 1592 699 1648 constituit
720 1634 736 1659 ,
765 1593 977 1648 ratione
1004 1592 1232 1664 perfecit
1258 1612 1272 1661 ;
1302 1609 1446 1650 nunc
1470 1605 1649 1651 autem
1677 1594 1867 1666 spiritu
1894 1611 2018 1651 sus-

418 1692 625 1751 tentet,
655 1694 922 1755 potestate
948 1685 1282 1755 moderetur,
1331 1688 1790 1759 mexcogitabilis,
1829 1690 2017 1746 ineﬂ‘a-
2047 1720 2094 1780 Β

418 1776 545 1832 bilis
565 1818 581 1842 ,
611 1785 668 1832 et
687 1777 818 1832 nulli
852 1776 945 1832 alii
981 1778 1115 1834 satis
1143 1787 1303 1834 notus
1330 1794 1488 1850 quam
1515 1780 1657 1835 sibi?
1689 1780 1839 1837 Unde
1883 1782 2014 1838 mihi

410 1868 481 1924 de
506 1878 654 1924 tanta
684 1868 968 1940 majestate
988 1870 1187 1941 saepius
1217 1871 1497 1943 cogitanti,
1529 1872 1618 1942 qui
1646 1872 1779 1930 deos
1805 1874 2011 1941 colunt,

2124 415 2230 462 tam
2276 405 2539 463 excordes
2560 450 2575 475 ,
2610 417 2715 463 tam
2748 421 2854 462 non
2885 406 3109 463 multum
3141 422 3170 461 a
3199 409 3365 464 mntis
3393 406 3715 463 animalibus

2120 499 2469 569 differentes,
2531 502 2619 571 qui
2662 500 2884 557 credant
2928 515 3056 569 eos,
3086 500 3175 573 qui
3202 501 3366 572 geniti
3399 510 3525 556 sunt
3552 499 3718 555 maris

2121 610 2184 651 ac
2212 594 2448 651 foeminae
2496 598 2678 661 coitu,
2721 595 2922 666 aliquid
2953 594 3251 665 majesmtis
3277 594 3580 663 divinaeque
3606 592 3717 648 vir-

2124 689 2250 745 tutis
2279 688 2482 745 habere
2510 690 2785 761 potuisse;
2818 704 2940 745 cum
2971 688 3177 762 Sibylla
3206 688 3489 761 Erythraea
3522 686 3667 743 dicat
3698 702 3715 742 :

2585 828 3222 883 ..ο...οὺδὺνιιτ⁹ἂνδρδς

2307 910 2359 958 ἐι
2390 924 2509 969 ore“
2540 918 2678 969 μήτράς
2710 932 2752 958 τι
2785 916 2865 964 διὸς
2896 931 2983 957 τιτυ
3017 917 3179 968 ἰι-μινυς
3218 911 3322 955 ἄνει.

2122 1033 2275 1103 Quod
2323 1034 2369 1089 si
2420 1043 2504 1089 est
2547 1048 2732 1088 verum
2759 1074 2773 1097 ,
2813 1032 2968 1087 sicuti
2998 1040 3113 1097 est,
3145 1039 3375 1103 apparet
3408 1030 3717 1100 Herculem,

2122 1125 2427 1196 Apollinem
2455 1168 2470 1191 ,
2502 1126 2755 1182 Liberum
2776 1167 2791 1190 ,
2819 1124 3166 1191 Mercurium,
3198 1124 3499 1195 iovemque
3545 1124 3721 1194 ipsum

2122 1234 2243 1275 cum
2272 1220 2482 1275 caeteris
2512 1218 2756 1273 homines
2784 1216 2986 1283 fuisse;
3013 1218 3230 1287 quando
3257 1227 3384 1273 sunt
3409 1232 3475 1273 ex
3504 1217 3720 1275 duobus

2124 1312 2342 1368 senibus
2391 1311 2519 1367 nati.
2574 1311 2715 1380 Quid
2755 1320 2839 1366 est
2878 1321 3057 1365 autem
3090 1320 3197 1365 tam
3222 1321 3488 1366 remotum
3511 1326 3540 1365 a
3571 1312 3717 1381 Deo,

2123 1420 2284 1477 quam
2337 1404 2389 1459 id
2440 1419 2579 1475 cpus
2622 1403 2762 1476 quod
2793 1404 2909 1474 ipse
2929 1402 2995 1457 ad
3030 1403 3429 1474 propagandam
3475 1402 3718 1460 sobolem

2124 1496 2441 1554 mortalibus
2489 1496 2705 1564 tribuit,
2735 1506 2790 1551 et
2818 1495 2961 1565 quod
2986 1496 3103 1553 sine
3126 1495 3428 1552 substantia
3454 1496 3723 1567 corporali

2125 1590 2328 1646 nullum
2360 1599 2539 1660 potest
2566 1589 2723 1646 esse?

2199 1686 2277 1740 Dii
2305 1699 2435 1757 ergo
2464 1684 2509 1741 si
2538 1695 2663 1739 sunt
2691 1685 3025 1740 immortales
3053 1693 3109 1740 et
3137 1688 3327 1740 aeterni
3348 1727 3366 1754 ,
3412 1683 3545 1755 quid
3582 1700 3722 1756 opus

2123 1787 2204 1836 est
2255 1778 2429 1835 altero
2478 1792 2649 1843 sexu;
2703 1792 2823 1832 cum
2872 1778 3215 1832 successione
3237 1792 3345 1832 non
3372 1785 3596 1848 egeant,
3626 1777 3719 1849 qui

2120 1890 2337 1946 semper
2382 1882 2509 1931 sunt
2557 1873 2764 1928 futuri?
2814 1872 2945 1926 Nam
3000 1871 3241 1943 profecto
3294 1873 3347 1928 in
3403 1870 3711 1929 hominibus

1718 2036 2081 2097 VARIORUM
2121 2037 2357 2096 ΝΟΤᾸΞ.

406 2202 619 2260 teribns
638 2201 795 2257 editis
820 2201 978 2257 Rom.
1008 2209 1197 2270 estque
1233 2201 1374 2273 apud
1405 2201 1721 2273 Ciceronem
1764 2202 1903 2259 libro
1950 2219 2009 2259 ιιι

404 2274 601 2331 Natur.
634 2273 813 2336 deor..
845 2288 964 2343 cap.
990 2273 1077 2329 85.
1116 2273 1173 2328 In
1200 2272 1410 2329 cunctis
1438 2272 1551 2329 fere
1581 2275 1739 2329 editis
1778 2284 1884 2338 est,
1932 2276 2011 2329 vir

405 2356 609 2401 acutus.
638 2344 893 2399 -—Homo
939 2355 1138 2399 acutus.
1188 2344 1439 2415 Prtel‘ero
1471 2346 1788 2415 scripturam
1847 2345 2008 2413 Bou.,

408 2418 574 2480 Tax.,
605 2416 756 2483 Pen.,
792 2415 956 2483 Ultr.,
986 2415 1124 2480 PaL,
1149 2416 1381 2480 Juntar.,
1412 2414 1601 2482 Goth.,
1642 2416 1785 2485 Lips.
1814 2418 2005 2486 trimn,

407 2489 617 2553 Reim.,
650 2487 890 2553 Sublac.,
924 2490 1095 2553 ltost.,
1132 2487 1266 2541 Ven.
1302 2487 1567 2552 1471-97,
1601 2488 1750 2543 homo
1796 2498 2010 2556 acutus;

410 2570 475 2616 ut
497 2560 568 2615 de
588 2559 726 2630 Opit.
753 2574 803 2614 c.
829 2559 855 2613 1
881 2599 897 2623 ,
928 2560 1078 2613 Ιιοηιο
1102 2559 1486 2613 disertissimus.
1514 2559 1646 2614 BDN.

491 2651 643 2719 Quod
658 2660 730 2706 est
757 2651 1002 2719 optimum
1031 2650 1085 2704 in
1102 2650 1245 2705 nobis
1261 2650 1549 2704 debeamus.
1571 2650 1646 2705 Ita
1668 2666 1858 2707 omnes
1876 2650 2006 2707 editi

412 2732 469 2779 et
498 2738 629 2778 mss.
658 2722 896 2787 codices,
930 2732 1123 2789 praster
1146 2738 1310 2777 unum
1341 2723 1546 2777 Bonon.
1575 2732 1631 2778 et
1651 2724 1686 2778 4
1716 2723 1845 2778 edit.
1893 2738 2004 2778 rec.

411 2796 508 2865 qui
538 2809 603 2849 ex
629 2808 696 2848 eo
718 2804 837 2864 post
864 2794 918 2846 in
942 2792 1087 2847 nobis
1110 2793 1313 2848 addunt
1340 2795 1566 2848 animant
1589 2809 1607 2848 :
1629 2809 1789 2865 quam
1820 2809 2007 2850 vocem

413 2875 476 2920 ut
510 2866 777 2931 glossema
808 2866 1184 2933 expunximus.

493 2935 913 3005 Majestatemque
942 2945 1135 2988 tantam
1185 2951 1290 2990 esse
1332 2937 1454 2990 dicit
1492 2937 1547 2989 in
1583 2935 1777 2991 Tinueo
1829 2936 2003 2993 Plato.

414 3007 621 3064 Eadem
672 3008 896 3062 Hermes
923 3007 974 3061 in
1005 3007 1280 3063 Pmmand.
1306 3017 1361 3060 et
1385 3006 1441 3063 S.
1470 3007 1712 3062 Justinus
1738 3008 2004 3065 Partenet.

414 3079 698 3152 Platonem
728 3078 817 3152 illa
846 3078 1181 3152 hausisse‘ex
1223 3078 1386 3132 Mosis
1410 3090 1464 3133 et
1494 3078 1870 3152 Egyptiorum
1901 3080 2014 3135 dis-

415 3151 616 3219 ciplina
649 3149 843 3205 scribit
867 3147 1063 3211 Clem.,
1083 3148 1374 3217 Protrept.;
1404 3151 1544 3217 apud
1582 3147 1838 3205 Iiehrmos
1868 3152 2013 3206 enim

417 3237 634 3296 ngmcu
637 3291 655 3296 _
671 3221 765 3275 Dei
784 3223 1136 3296 ἀνεκφὼνηλςρν.
1167 3220 1332 3275 Basil.
1364 3220 1432 3276 de
1449 3220 1505 3277 S.
1528 3221 1890 3292 Spiritu,cap.
1922 3222 2008 3278 18.

417 3292 559 3349 Vide
582 3291 985 3347 Wowerum'iu
1010 3292 1205 3346 Minue.

495 3362 561 3416 In
587 3363 783 3418 Timwo
818 3362 988 3416 Plato.
1039 3363 1190 3416 llunc
1220 3363 1420 3434 locum,
1453 3379 1618 3433 quum
1648 3364 1838 3420 Celsus
1870 3364 2012 3434 apud

416 3435 567 3506 Orig.
602 3438 636 3489 l.
668 3450 761 3498 vn,
797 3450 847 3503 p.
871 3434 1010 3506 560,
1039 3434 1330 3506 attulisset,
1359 3432 1621 3504 Origenes
1645 3432 2013 3491 examinatum

417 3508 631 3578 plenius
656 3507 889 3574 explicat
933 3505 1000 3559 de
1031 3505 1249 3578 lflatone
1278 3506 1653 3578 uutthDetttu
1695 3507 2010 3578 conﬁtente.

415 3575 577 3634 Cotti.
610 3578 874 3646 Athenag.
907 3590 1002 3643 pro
1026 3576 1348 3631 Christianis
1371 3592 1424 3645 p.
1445 3575 1537 3642 26,
1558 3577 1659 3643 27;
1688 3577 1828 3632 Just.
1856 3578 2011 3633 Mart.

419 3649 582 3721 Apol.
608 3665 645 3704 ιι
667 3691 683 3715 ,
704 3659 838 3703 sect.
864 3650 949 3721 tl,
969 3646 1204 3721 ed._Ox..
1224 3662 1276 3721 ρ.
1303 3647 1404 3711 27;
1430 3648 1623 3721 Minue.
1656 3648 1825 3702 Felic.
1853 3665 1902 3721 c.
1924 3649 2009 3705 19.

497 3721 571 3775 0b
614 3721 849 3775 nimiam.
901 3717 1028 3773 Mss.
1060 3719 1188 3774 Jun.
1219 3719 1385 3775 Cane.
1413 3727 1469 3773 et
1496 3718 1622 3774 editi
1674 3735 1766 3774 sex
1810 3719 2015 3777 addunt

417 3793 531 3863 ejus
554 3810 573 3847 :
598 3808 720 3863 quae
744 3806 843 3846 vox
869 3793 919 3845 in
953 3791 1161 3846 cteteris
1190 3790 1367 3846 deest.
1400 3792 1524 3845 Haec
1556 3802 1731 3846 tamen
1764 3793 1899 3847 mire
1926 3791 2012 3847 hic

417 3864 691 3919 convenit.

494 3935 704 3989 Dnbitet
748 3950 883 3988 vero.
946 3934 1114 3989 ReCle
1160 3950 1277 3988 vero
1317 3949 1346 3987 a
1395 3933 1548 3987 nobis
1578 3935 1914 3988 immutatum
1946 3949 2015 3990 ex

415 4006 672 4061 omnibus
703 4021 835 4059 mss.
862 4006 1137 4061 codicibus
1159 4016 1214 4060 et
1243 4004 1330 4060 ed.
1365 4002 1564 4060 Cellar.
1599 4020 1696 4075 pro
1723 4023 1841 4076 ergo
1870 4005 2013 4075 quod

416 4090 506 4134 est
533 4080 582 4131 itt
615 4077 863 4146 vulgatis.

497 4147 935 4218 lnexcogitabilis.
967 4147 1018 4201 Id
1042 4156 1123 4202 est
1144 4189 1158 4211 ,
1183 4148 1335 4216 cujus
1356 4147 1589 4203 divinam
1616 4158 1861 4202 naturam
1894 4147 2015 4201 inli-

417 4221 671 4290 nitasque
721 4218 1077 4288 perfectiones
1123 4221 1351 4273 humana
1405 4234 1557 4274 meus
1604 4221 1926 4289 cogitatione
1953 4234 2018 4274 ac

419 4292 775 4347 meditatione
804 4305 1128 4359 cognoscere
1161 4308 1263 4343 non
1296 4298 1488 4359 potest.

498 4361 576 4416 De
620 4371 764 4415 tanta
812 4363 1093 4432 majestate.
1147 4360 1328 4416 Mss.2
1359 4361 1563 4417 Bouoo.
1588 4373 1642 4417 et
1667 4361 1754 4415 alii
1778 4375 1886 4416 rec.
1922 4360 2016 4414 ha-

419 4436 551 4490 bent
578 4442 842 4504 potestate.

498 4502 884 4575 lncogitabiles.
918 4503 973 4575 ld
1016 4511 1102 4558 est
1125 4545 1140 4571 ,
1171 4504 1527 4574 iucogitantes
1550 4547 1565 4572 ,
1611 4502 2017 4575 inconsiderati.

420 4577 523 4632 llic
548 4572 859 4631 Lactantius
881 4574 1117 4648 imitatus
1148 4585 1230 4648 est
1259 4572 1507 4630 Plautum
1534 4618 1548 4643 ,
1575 4575 1669 4648 qui
1708 4573 1860 4629 Milit.
1893 4572 2023 4630 Glo-

420 4651 583 4715 rios.,
612 4657 719 4703 act.
753 4663 821 4712 ιι,
850 4661 927 4701 sc.
957 4646 991 4702 6
1015 4689 1029 4713 ,
1064 4663 1114 4702 ν.
1142 4646 1242 4714 65,
1271 4648 1495 4703 scribit:

590 4824 604 4837 .
640 4826 653 4837 .
698 4826 711 4836 .
747 4821 762 4835 .
803 4824 813 4835 .
854 4822 866 4835 .
911 4826 922 4837 .
956 4821 971 4835 .
1008 4821 1020 4835 .
1062 4820 1072 4831 .
1113 4822 1124 4834 .
1164 4821 1177 4836 .
1212 4784 1689 4835 Nuncdemumscio

580 4849 661 4900 Me
684 4849 837 4899 fuisse
863 4849 1150 4911 excordem,
1178 4861 1382 4912 ciccum,
1416 4848 1804 4910 incogitabilem.

420 4977 556 5033 Hzoc
595 4993 697 5032 vos
729 4988 812 5033 est
837 4974 1108 5032 aﬂectatio
1134 4970 1376 5031 vocabuli
1419 4975 1538 5030 soni
1560 4975 1895 5045 grandioris.
1930 4990 2025 5031 cn-

414 5049 660 5121 jusmodi
689 5059 816 5103 sunt
842 5049 961 5119 ejus
986 5047 1174 5121 formae
1205 5048 1425 5121 omnia,
1455 5048 1651 5115 quibus
1695 5048 1834 5121 solet
1877 5047 2024 5121 Maro

423 5118 768 5187 majestatem
813 5118 912 5174 suo
937 5119 1162 5173 carmini
1215 5120 1510 5173 conciliare
1542 5136 1555 5170 :
1587 5129 1666 5181 ut,
1695 5118 2025 5187 lacrymabile

421 5193 616 5246 bellum
640 5208 659 5245 :
688 5190 1012 5245 ineluctabile
1035 5194 1237 5259 fatum:
1266 5189 1526 5243 illaetabile
1572 5205 1820 5241 murmur.
1870 5190 2021 5242 Alio-

420 5263 558 5334 quin
582 5263 947 5334 religiosiores
979 5261 1141 5334 t‘uisse
1168 5270 1381 5334 veteres
1422 5259 1640 5334 Latinos
1666 5260 1725 5334 in
1754 5259 2020 5327 ejusmodi

419 5331 873 5399 reciting—docet
898 5332 966 5386 Μ.
1002 5332 1228 5396 Tullius,
1276 5331 1368 5402 qui
1396 5331 1710 5389 καταληπτὸν
1746 5346 1867 5385 cum
1897 5346 2021 5385 ver-

425 5407 586 5460 tisset
607 5404 1087 5473 comprehensibilis,
1135 5405 1285 5473 quasi
1311 5419 1560 5471 maguum
1588 5402 1800 5471 aliquod
1834 5417 2017 5465 ausus,

426 5475 628 5532 Fcretis
648 5477 800 5531 lucc?
836 5476 1040 5542 inquit;
1091 5485 1144 5530 et
1171 5474 1372 5530 Seneca
1418 5481 1566 5527 notat.
1592 5473 1731 5533 apud
1757 5473 2021 5527 Mmcena-

426 5561 536 5603 tem
590 5548 992 5617 irremediabile.
1049 5560 1148 5617 pro
1204 5546 1458 5609 ἁνηκετὸν,
1500 5544 1806 5617 epistJM.
1832 5543 2020 5600 Simile

421 5620 569 5689 apud
607 5620 865 5674 Lucilium
891 5658 907 5684 ,
942 5616 1363 5684 Moustri/icabtle
1383 5631 1401 5668 :
1426 5616 1564 5689 apud
1604 5616 2019 5689 disertissimum

423 5686 751 5760 scriptorem
786 5688 1561 5760 Lactantium,insustentabilis
1590 5686 1891 5760 dominatio,
1920 5687 2014 5740 lib.

425 5770 523 5826 ru,‘
547 5757 677 5832 cap.
714 5762 819 5829 l6,
851 5770 949 5831 pro
970 5775 1036 5817 eo
1064 5758 1206 5830 quod
1245 5757 1447 5815 Graecis
1470 5757 1822 5818 ἀνυπόστατος
1847 5757 2013 5831 ἀρχή,

2114 2215 2220 2260 etc.
2252 2204 2373 2261 Ιειιι.
2403 2204 2705 2262 Cumanos.

2190 2275 2350 2331 Mutis
2376 2277 2683 2332 animalibus
2704 2276 3016 2345 differentes.
3049 2274 3336 2346 Pleraeque
3361 2287 3554 2346 omnes
3570 2272 3711 2346 edd.

2115 2356 2170 2403 et
2187 2363 2288 2401 ms.
2312 2347 2499 2414 60th.,
2527 2366 2558 2401 α
2581 2351 2771 2414 mutis;
2802 2358 2855 2402 et
2876 2349 2954 2404 sic
2983 2348 3109 2417 legit
3143 2344 3510 2417 Heumannus.
3537 2344 3717 2401 Malim

2115 2434 2236 2472 cum
2287 2420 2559 2484 Cellario,
2605 2420 2861 2481 Reimm.,
2916 2416 3223 2489 Lipsienses
3272 2416 3443 2471 t‘odd.
3476 2417 3719 2489 aliosque

2117 2490 2301 2560 sequi,
2335 2494 2422 2561 qui
2466 2490 2704 2546 dativum
2737 2491 2955 2554 habent,
2986 2488 3171 2546 mutis.
3205 2504 3352 2561 more
3381 2488 3611 2561 Horatii,
3637 2488 3722 2561 Ci-

2117 2560 2359 2616 ceronis.
2387 2562 2507 2617 Vid.
2535 2563 2782 2632 exempla
2813 2565 2864 2618 in
2897 2562 3160 2617 Vochner.
3194 2560 3485 2625 llclleuol.,
3512 2560 3715 2632 p.440,

2120 2631 2210 2686 ubi
2237 2633 2597 2703 Heusingerus
2624 2629 2905 2689 nobiscum
2936 2634 3082 2689 facit.
3116 2633 3211 2686 Hic
3245 2632 3485 2703 imitatur
3537 2629 3716 2703 Cicer.

2118 2718 2147 2754 v
2201 2703 2347 2766 Fiu..
2404 2700 2461 2760 c:
2507 2706 2618 2760 L’i:
2670 2705 2809 2771 Quid
2854 2703 3199 2759 animantibus
3246 2700 3567 2769 (ti/feramus.
3623 2701 3715 2757 Sic

2116 2773 2290 2846 Grat.,
2321 2776 2511 2839 Gron.,
2548 2775 2807 2846 Vcrburg.
2838 2776 2961 2831 edd.
2999 2776 3193 2831 lterum
3218 2773 3370 2846 Lact.
3404 2775 3440 2827 l.
3472 2789 3544 2841 ιι,
3572 2787 3621 2828 c.
3652 2773 3716 2829 5:

2118 2844 2280 2900 Sol...
2317 2847 2438 2901 luna
2465 2844 3105 2903 luminibtts'astrorum...
3140 2844 3406 2911 diﬁ'erunt.

2188 2920 2258 2971 οὐ
2276 2917 2450 2974 δύνατ.
2482 2918 2599 2973 Lat.
2627 2918 2750 2973 Non
2776 2929 2938 2987 potest
2968 2935 3031 2973 ea:
3058 2918 3151 2989 viri
3187 2915 3459 2989 femoribus
3486 2924 3555 2989 etA
3572 2924 3717 2989 utero

2121 2987 2141 3058 (
2162 2990 2432 3061 mulieris)
2488 2991 2620 3043 Deus
2649 2986 2900 3061 formatus
2931 3006 3055 3045 esse.
3086 2986 3210 3061 [hac
3247 3002 3419 3061 graeca
3448 2986 3607 3041 verba
3640 2987 3719 3061 te:

2118 3057 2315 3131 guntur
2344 3057 2482 3129 apud
2516 3057 2874 3131 Theophilum
2904 3062 3042 3117 libro
3070 3077 3108 3115 tl
3136 3060 3200 3114 ad
3235 3059 3541 3112 Autolicum
3571 3100 3585 3124 ,
3619 3057 3713 3113 sed

2120 3129 2240 3185 lttCO
2267 3136 2616 3207 τεταπωμένος
2644 3129 2930 3204 legendum
2957 3132 3166 3187 videtur
3184 3133 3553 3203 τετυπωμένος.

2192 3221 2358 3277 Sicuti
2410 3237 2501 3279 est.
2550 3226 2678 3280 Mira
2735 3225 2891 3294 hujus
2941 3225 3185 3280 formula:
3241 3223 3526 3294 elegantia.
3586 3221 3706 3278 Cic.

2118 3293 2387 3349 Paradox.
2425 3311 2472 3359 v,
2517 3313 2562 3351 c.
2594 3298 2619 3352 1
2649 3313 2661 3349 :
2698 3296 2761 3352 Si
2783 3293 2994 3350 mnu.
3024 3298 3118 3362 sit,
3138 3298 3267 3351 sicut
3294 3293 3398 3360 est,
3431 3294 3716 3348 obedientia

2117 3364 2269 3433 fracti
2290 3368 2471 3421 animi.
2507 3369 2571 3422 Et
2600 3383 2696 3437 pro
2727 3368 2782 3424 S.
2817 3367 2980 3422 Rosc.
3007 3383 3056 3420 c.
3093 3375 3121 3437 ξε
3157 3386 3171 3421 :
3199 3367 3441 3434 Quamvis
3469 3366 3560 3420 ille
3588 3366 3717 3436 felix

2116 3436 2200 3500 sit,
2232 3437 2361 3490 sicut
2409 3450 2504 3493 est.
2549 3436 2728 3493 Livius
2779 3454 2850 3492 vu
2873 3480 2887 3502 ,
2937 3439 3011 3494 '55
3044 3456 3055 3491 :
3086 3436 3149 3492 Si
3192 3454 3297 3490 non:
3322 3447 3613 3505 Opportuna
3641 3446 3716 3490 est

2117 3509 2371 3575 eruptioni
2395 3551 2409 3573 ,
2450 3511 2580 3563 sicut
2629 3521 2809 3564 est.——
2831 3507 2998 3564 Sicuti
3028 3517 3119 3562 est.
3154 3507 3243 3563 Sic
3270 3508 3346 3562 rei
3376 3507 3575 3561 veritas
3601 3507 3715 3561 cle-

2116 3587 2306 3645 gauter
2327 3579 2697 3636 confirmatur.
2723 3579 2902 3649 Nepos
2931 3581 2982 3636 in
3009 3580 3250 3635 Eumene
3271 3594 3318 3632 c.
3352 3579 3371 3632 1
3409 3595 3421 3629 :
3449 3576 3603 3649 Apud
3622 3594 3714 3631 nos

2117 3665 2313 3714 revera,
2347 3653 2483 3706 sicut
2511 3661 2654 3713 sunt,
2685 3647 2863 3706 scriba:
2886 3651 3189 3706 mercenarii
3214 3649 3552 3705 wstimantur.
3578 3647 3710 3702 Buu.

2195 3719 2576 3794 Quandosuut.
2610 3723 2685 3778 lta
2712 3724 2948 3794 potiores
2988 3737 3120 3794 mss.
3150 3731 3215 3794 et
3232 3721 3553 3794 vetustiores
3583 3720 3712 3774 editi

2120 3789 2277 3845 Rmn.
2298 3834 2312 3857 ,
2341 3793 2459 3848 Ald.
2483 3837 2497 3857 ,
2527 3793 2674 3849 Crat.
2696 3789 2943 3863 ,'Graplt.
2964 3836 2978 3857 ,
3028 3792 3268 3859 Fasitel.,
3297 3791 3570 3862 Gymnic..
3613 3805 3714 3846 nec

2120 3877 2224 3915 non
2259 3864 2566 3920 Lactantius
2612 3876 2795 3920 uoster
2840 3867 3001 3920 variis
3028 3866 3078 3919 in
3110 3865 3241 3919 locis
3266 3878 3361 3931 pro
3386 3863 3712 3931 quamtoqui-

2119 3933 2232 3987 dem
2257 3979 2269 3999 ,
2298 3937 2441 4004 quod
2464 3937 2855 3992 substituerent
2885 3938 2912 3992 4
2941 3935 3180 4002 Colb.,2
3200 3934 3439 3991 Clarom.
3470 3944 3524 3990 et
3544 3934 3577 3991 8
3602 3948 3710 3989 rec.

2118 4005 2293 4071 editi.,
2327 4011 2358 4061 5
2385 4007 2545 4077 Begu,
2573 4010 2835 4079 quoniam.

2195 4099 2278 4152 Dii
2307 4117 2425 4171 ergo
2445 4104 2489 4155 si
2514 4113 2632 4157 sunt
2661 4103 2972 4157 immortales
3003 4111 3048 4156 et
3074 4100 3269 4156 interni.
3321 4097 3409 4153 Sic
3457 4098 3576 4169 lcgo
3599 4098 3716 4171 siue

2121 4167 2382 4227 incisione
2432 4189 2553 4229 cum
2608 4190 2737 4228 mss.
2765 4173 2802 4228 2
2857 4174 3089 4240 Button.,
3123 4173 3147 4225 1
3186 4172 3317 4239 lleg.
3350 4167 3714 4225 vetustissimo

2118 4240 2346 4310 aliisque
2399 4246 2641 4311 duobus,
2693 4246 2850 4311 'l‘ax.,
2904 4244 3058 4310 Pen.,
3113 4244 3146 4298 5
3188 4243 3361 4310 Lips...
3404 4240 3645 4311 (illum,
3679 4241 3716 4292 2

2120 4310 2377 4380 Clarout.,
2426 4316 2460 4369 ‘2
2489 4310 2689 4378 Bruu.;
2742 4326 2796 4371 et
2837 4316 3086 4370 omnibus
3113 4315 3224 4367 lere
3245 4312 3424 4364 editis.
3472 4310 3528 4363 lu
3577 4324 3708 4365 mss.

2123 4380 2156 4434 5
2198 4381 2330 4455 Reg.
2374 4385 2514 4441 Goth
2563 4397 2618 4441 et
2662 4387 2836 4442 Betul.
2864 4428 2877 4449 ,
2907 4400 2971 4439 ac
3000 4384 3035 4439 2
3059 4385 3146 4440 ed.
3175 4396 3307 4445 rcc.,
3348 4380 3460 4433 Diis
3484 4396 3603 4452 ergo
3624 4421 3643 4455 ε
3670 4381 3715 4434 si

2125 4464 2262 4507 sunt.
2285 4452 2471 4526 'Magis
2500 4468 2676 4512 tamen
2702 4471 3008 4512 consonans
3036 4456 3309 4526 videretur
3331 4456 3527 4526 oratio,
3556 4454 3600 4507 si
3631 4452 3712 4526 ιφ

2125 4537 2360 4592 geretur,
2396 4522 2507 4583 Diis
2534 4545 2675 4599 ergo,
2703 4529 2748 4583 si
2785 4537 2903 4581 sunt
2945 4525 3258 4582 immortales
3287 4532 3331 4576 et
3352 4523 3527 4580 aeterni
3545 4565 3561 4593 ,
3593 4522 3716 4595 quid

2126 4610 2253 4664 opus
2281 4608 2353 4652 est
2381 4602 2540 4654 altera
2565 4615 2710 4654 sexu.

2202 4687 2341 4753 Quid
2360 4706 2490 4760 opus
2505 4700 2578 4745 est
2595 4691 2757 4745 altero
2777 4705 2918 4753 sexu,
2936 4706 3049 4744 cum
3068 4691 3383 4746 successione
3398 4707 3499 4745 non
3516 4698 3711 4761 egeant.

2126 4756 2201 4830 ita
2230 4776 2359 4814 mss.
2396 4756 2424 4816 1
2459 4762 2664 4818 Bonon.
2696 4764 2888 4830 autiq.,
2917 4762 3166 4829 Navarr.,
3193 4762 3229 4817 2
3254 4764 3475 4827 Bruun.,
3506 4756 3562 4816 ei
3585 4761 3710 4816 edd.

2126 4829 2219 4897 15.,
2249 4831 2439 4904 Thys..
2473 4831 2637 4901 Gall.,
2671 4829 2890 4903 Sparlt.,
2915 4844 2969 4888 et
3005 4834 3040 4887 2
3061 4833 3207 4904 Lips.
3233 4834 3355 4889 Post
3382 4836 3542 4887 altero
3567 4847 3711 4904 sexu,

2129 4918 2258 4973 mss.
2308 4905 2343 4957 4
2389 4903 2523 4973 Reg.
2566 4904 2762 4970 Vatic.,
2816 4907 2849 4958 4
2891 4903 3070 4970 Colb.,
3124 4903 3270 4969 Gat.,
3323 4904 3538 4965 Maron.
3566 4903 3711 4973 Em.,

2126 4972 2354 5038 Christ.,
2407 4977 2542 5039 lal.,
2597 4976 2766 5045 Lips.,
2818 4975 3007 5041 Cauc.,
3038 4985 3094 5031 et
3125 4976 3212 5031 ed.
3246 4976 3463 5045 Fasitcl.
3486 5016 3500 5037 ,
3533 4972 3707 5045 Betttl.

2127 5062 2190 5100 ac
2239 5046 2465 5103 Torues.
2524 5044 2751 5113 addunt,
2806 5048 3046 5101 nimirum
3076 5057 3132 5101 ut
3160 5059 3413 5117 generem.
3448 5044 3504 5117 In
3535 5046 3652 5098 aliis
3679 5044 3713 5117 4

2129 5117 2284 5188 [teg.,
2335 5117 2371 5170 2
2416 5117 2593 5184 Cttlb.,
2644 5119 2670 5172 1
2722 5118 2902 5181 Sorb.,
2956 5120 2977 5171 1
3031 5115 3289 5181 illarom.,
3336 5134 3397 5171 ac
3419 5116 3507 5188 ad.
3540 5115 3713 5188 vetns!

2127 5185 2311 5256 Rom,
2365 5189 2535 5243 Paris.
2586 5189 2757 5255 1525,
2803 5189 2953 5254 ΔΜ..
2983 5190 3152 5251 Crat.,
3181 5188 3407 5255 Graph..
3436 5185 3711 5257 Gymnic.,

2126 5260 2364 5313 nimirum
2391 5270 2444 5312 ut
2470 5271 2791 5331 generentur,
2820 5261 2961 5328 quod
2994 5270 3052 5331 ut
3077 5262 3339 5330 glossema
3371 5256 3675 5331 respuimns
3694 5300 3709 5323 ,

2127 5331 2273 5385 velut
2297 5332 2455 5385 etiam
2474 5329 2761 5401 sequentia
2797 5331 2956 5384 verba
2980 5373 2994 5394 ,
3026 5329 3151 5397 Ipsa
3173 5330 3413 5402 progenie
3430 5330 3556 5402 quid
3584 5346 3712 5399 Opus

2125 5414 2224 5468 est,
2257 5417 2375 5471 qua:
2395 5402 2587 5455 absunt
2611 5403 2677 5456 ab
2704 5402 3004 5468 antiquiore
3035 5401 3391 5463 Bononiensi.
3423 5418 3452 5456 a
3494 5401 3623 5456 Nav.
3659 5411 3714 5456 et

2124 5473 2192 5527 ab
2217 5474 2377 5527 editis
2399 5473 2597 5526 multis.
2626 5474 2685 5526 Et
2708 5472 2922 5539 quidem
2945 5473 3208 5527 sententia
3251 5483 3333 5529 cst
3372 5476 3568 5539 optima
3591 5515 3605 5539 ,
3659 5481 3715 5527 et

2125 5546 2296 5598 oratio
2342 5553 2424 5598 est
2473 5543 2780 5617 efﬁcacior,
2831 5544 2976 5598 hrevi
3029 5546 3261 5614 quodam
3312 5549 3712 5617 enthymemate

2123 5617 2409 5679 conclusa;
2469 5625 2525 5668 ut
2582 5616 2723 5669 dicat
2797 5625 3024 5686 utroque
3084 5631 3213 5671 sexu
3283 5635 3387 5670 non
3444 5616 3579 5684 opus
3628 5623 3714 5667 est

2122 5688 2263 5753 diis,
2315 5686 2436 5756 quia
2490 5689 2831 5746 successione
2875 5702 2982 5748 nou
3027 5699 3203 5751 egent.
3239 5689 3326 5751 qui
3349 5700 3563 5756 semper
3587 5693 3713 5756 sunt

2124 5754 2544 5813 l‘uturié—Scxu.
2572 5756 2698 5815 Post
2721 5760 2836 5813 haec
2864 5759 3022 5815 verba
3051 5760 3243 5829 legitur
3268 5757 3320 5813 in
3358 5757 3442 5811 eil.
3476 5754 3707 5821 Subluc.
