4172 6202
466 188 570 246 155

1608 189 1792 250 FIRM.
1824 189 2191 250 LACTAN'I'II
2229 190 2437 254 DIVIN.
2479 192 2721 254 INS‘I'IT.

3659 197 3762 252 156

465 301 786 375 caeterisque
815 301 1179 360 animantibus
1224 301 1508 362 diversitas
1533 317 1702 362 sexus
1721 344 1737 371 ,
1767 313 1823 360 et
1850 305 2014 361 coitio
2033 347 2048 372 ,
2079 310 2128 374 Α
2157 316 2470 378 nuncupant
2498 317 2553 364 et
2573 309 2820 374 adorant,
2853 323 3012 365 nemo
3041 319 3123 366 est
3159 317 3266 366 tam
3289 308 3755 376 inconsideratius,

466 403 520 452 et
569 395 846 463 generatio
891 395 1091 452 nullam
1135 395 1298 454 habet
1347 397 1507 452 aliam
1556 397 1841 462 rationem,
1875 397 1976 453 nisi
2010 399 2067 450 ut

467 489 647 546 omnia
699 503 898 560 genera
946 488 1263 561 viventium,
1315 489 1534 560 quando
1585 499 1710 548 sunt
1760 490 2066 548 conditione

461 583 808 644 mortalitatis
840 580 1076 649 abitura,
1107 593 1291 639 mutua
1323 585 1533 656 possint
1562 584 1906 640 successione
1951 599 2066 640 ser-

466 675 602 732 vari.
653 674 761 732 Deo
805 684 985 731 autem
1010 717 1026 741 ,
1074 676 1166 746 qui
1193 685 1274 731 est
1299 676 1693 745 sempiternus,
1724 692 1901 746 neque
1927 676 2064 732 alter

468 783 654 832 sexus,
680 783 856 839 neque
903 769 1177 823 successio
1208 770 1512 824 necessaria
1542 777 1641 823 est.
1672 769 1822 824 Dicet
1842 769 2062 838 aliquis,

469 871 526 914 ut
549 859 744 913 habeat
776 859 860 912 vel
895 859 1170 915 ministros
1195 902 1209 926 ,
1240 859 1326 916 vel
1359 861 1412 914 in
1439 873 1575 930 quos
1601 864 1716 930 ipse
1758 860 1927 930 possit
1969 859 2064 913 do-

469 953 683 1008 minari.
707 951 845 1019 Quid
874 951 1036 1022 igitur
1052 969 1188 1023 opus
1205 961 1287 1008 est
1312 968 1440 1008 sexu
1465 951 1741 1012 icemineo.
1757 967 1877 1006 cum
1901 953 2058 1018 Deus,

468 1047 557 1118 qui
589 1055 673 1100 est
717 1047 1062 1115 omnipotens
1084 1087 1098 1111 ,
1131 1046 1250 1100 sine
1277 1060 1375 1100 usu
1410 1056 1462 1100 et
1488 1059 1654 1114 Opera
1686 1044 1918 1100 heminae
1940 1059 2064 1114 pos-

468 1141 537 1195 sit
581 1140 719 1196 ﬁlios
758 1141 1085 1211 procreare?
1114 1139 1247 1194 Nam
1276 1140 1318 1194 si
1349 1139 1672 1210 quibusdam
1703 1139 1921 1194 minutis
1942 1137 2062 1192 ani-

469 1232 700 1288 malibus
728 1234 778 1288 id
809 1234 1078 1303 praestitit,
1094 1244 1151 1288 ut
1181 1233 1283 1288 sibi

718 1344 758 1395 E
779 1345 910 1396 foliis
933 1351 1072 1397 natos
1096 1351 1148 1397 et
1164 1345 1394 1397 suavibus
1411 1345 1585 1396 herbis

717 1407 818 1459 Ore
841 1408 1010 1473 legant
1035 1423 1047 1458 :

467 1533 564 1575 cur
610 1517 884 1574 existimet
927 1516 1119 1587 aliquis
1149 1515 1324 1587 ipsum
1369 1515 1560 1582 Deum,
1591 1513 1694 1569 nisi
1725 1529 1793 1570 ex
1823 1511 2064 1583 permix-

469 1611 618 1666 tione
645 1625 810 1665 sexus
836 1609 1062 1664 alterius
1090 1623 1199 1664 non
1265 1622 1428 1678 posse
1457 1606 1760 1678 generare?
1806 1605 1938 1661 lllos
1968 1603 2065 1675 igi-

2169 399 2260 468 qui
2286 413 2392 455 non
2427 400 2692 472 intelligat
2736 400 2902 459 fuisse
2935 401 3211 459 mortales.
3254 401 3540 470 Quomodo
3590 417 3720 470 ergo
3746 441 3763 462 .

2171 491 2376 561 inquiet
2413 492 2627 562 aliquis,
2660 493 2732 547 dii
2763 494 2951 550 crediti
2974 495 3135 548 sunt?
3161 493 3427 548 Nimirum
3462 493 3584 563 quia
3609 507 3762 564 reges

2169 587 2386 640 maximi
2412 601 2473 641 ac
2508 588 2867 656 potentissimi
2904 588 3106 642 fuerint
3138 605 3150 640 :
3182 588 3250 640 oh
3281 588 3468 641 merita
3500 587 3758 642 virtutum

2169 693 2384 733 suarum
2408 723 2421 744 ,
2446 691 2531 735 aut
2563 696 2868 746 munerum,
2900 690 2993 734 aut
3023 681 3218 734 aitium
3249 690 3609 748 repertarum,
3639 695 3760 735 Cllll‘l

2167 774 2274 827 cari
2306 773 2527 828 fuissent
2553 776 2614 828 iis
2632 775 2827 845 quibus
2863 776 3330 844 imperitaverant,
3357 774 3408 829 in
3437 774 3756 830 memoriam

2165 873 2292 919 sunt
2339 867 2661 921 cciisecrati.
2709 866 2860 933 Quod
2915 867 2960 921 si
3015 868 3135 937 quis
3176 867 3407 934 dubitet,
3446 882 3536 922 res
3572 883 3758 922 eorum

2165 967 2364 1029 gestas,
2399 968 2453 1014 et
2492 958 2629 1015 facta
2653 961 2980 1024 consideret,
3010 977 3133 1031 qua:
3164 963 3416 1018 universa
3449 972 3555 1017 tam
3577 973 3755 1034 poeta:

2167 1068 2326 1124 quam
2359 1052 2601 1110 historici
2633 1063 2845 1111 veteres
2878 1055 3255 1126 prodiderunt.

2777 1207 3005 1264 CAPUT
3035 1207 3129 1266 IX.

2474 1341 2554 1397 De
2589 1340 2808 1398 Hercule
2833 1352 2878 1398 et
2909 1344 3020 1413 ejus
3047 1344 3145 1398 vita
3174 1351 3224 1398 et
3259 1355 3437 1400 morte.

2241 1503 2519 1568 Hercules,
2569 1503 2658 1573 qui
2698 1503 2767 1559 ob
2815 1505 3071 1560 virtutem
3113 1504 3469 1573 clarissimus,
3516 1514 3569 1560 et
3607 1506 3760 1576 quasi

2167 1594 2454 1652 Africanus
2485 1595 2628 1652 inter
2669 1594 2805 1651 deos
2832 1595 3084 1662 habetur,
3139 1611 3322 1654 nonne
3360 1597 3548 1654 orbem
3581 1606 3761 1665 terrai,

468 1711 573 1770 tur,
609 1716 746 1773 quos
772 1700 1008 1772 imperiti
1047 1709 1102 1756 et
1141 1698 1463 1770 insipientes
1508 1708 1762 1770 tanquam
1817 1698 1955 1753 deos
2009 1703 2063 1750 et
2095 1686 2142 1748 B
2168 1705 2327 1762 quem
2356 1703 2674 1759 peragrasse
2696 1703 2759 1744 ac
2775 1704 3105 1761 expurgasse
3122 1699 3398 1759 narratur,
3430 1693 3669 1762 stupris,
3696 1692 3762 1746 li-

1787 1827 2149 1890 VARIORUM
2187 1822 2419 1882 NOTE.

465 1979 704 2034 nimirum
722 1986 776 2031 ut
799 1975 1114 2050 generem?)
1125 1975 1219 2050 psit
1247 1973 1490 2050 progenie
1513 1973 1635 2050 quid
1658 1987 1786 2039 Opus
1809 1968 1912 2024 est?
1934 1966 2060 2050 Haec

465 2051 626 2106 verba
649 2045 846 2104 desunt
866 2119 869 2120 ν
891 2049 942 2102 in
987 2045 1172 2120 Gallmi
1201 2047 1438 2120 editione
1466 2061 1493 2120 ;_
1512 2045 1764 2120 leguntur
1792 2050 1984 2120 tamen
2007 2045 2056 2120 in

465 2121 657 2177 eximia
687 2119 995 2176 Coloniensi
1038 2119 1276 2172 editione
1316 2117 1439 2170 anni
1479 2109 1630 2180 15η,
1668 2122 1721 2168 et
1752 2115 1802 2166 in
1835 2109 2059 2166 Betuleii

465 2193 692 2263 aliisque
741 2191 962 2245 multis:
1017 2189 1112 2264 sed
1163 2189 1358 2264 absunt
1403 2203 1433 2241 a
1486 2203 1618 2264 mss;
1665 2184 1864 2264 qit:e_in
1894 2181 2061 2264 altera

467 2256 620 2335 parte
665 2271 802 2318 nota:
849 2261 1158 2335 superioris
1197 2259 1523 2335 referuntur.
1575 2256 1693 2316 Huc
1731 2256 1917 2313 referri
1951 2268 2062 2323 pos-

465 2329 590 2394 sunt
619 2337 779 2392 verba
802 2378 816 2400 ,
848 2329 968 2404 quin
996 2343 1123 2388 sunt
1148 2332 1200 2386 in
1232 2329 1482 2400 Orphicis
1507 2347 1519 2383 :

652 2482 738 2529 Ζεὺς
759 2481 873 2533 ἀρενήν
895 2483 1032 2531 γένιτο,
1056 2478 1136 2527 ζὼς
1159 2475 1344 2530 ἄμϐροτος
1367 2477 1498 2518 istiista
1521 2477 1659 2530 νύμφῃ

465 2596 545 2651 sic
574 2609 602 2649 a
629 2593 856 2651 Soraico
889 2593 1096 2648 reddita
1125 2611 1137 2645 :

559 2709 859 2772 Progenitor
875 2709 1197 2773 genitrixque
1220 2705 1400 2762 Deum,
1414 2703 1553 2756 Deus
1573 2717 1699 2754 unus
1720 2710 1773 2753 et
1793 2702 1968 2754 omnis.

465 2836 713 2890 Attamen
769 2835 1017 2905 opinatur
1062 2828 1549 2905 Tliomasiushmc
1593 2826 1862 2905 eradenda
1905 2841 2057 2894 esse,

465 2907 610 2963 velut
655 2899 950 2976 glossema.
982 2905 1122 2975 quod
1153 2921 1216 2959 ex
1251 2901 1488 2976 margine
1511 2901 1560 2956 in
1593 2909 1793 2954 textum
1824 2899 2060 2976 irrepse-

2162 1974 2324 2032 quam
2349 1956 2728 2032 benefactores
2747 1976 2762 2023 ;
2782 1958 2908 2013 hinc
2922 1958 3350 2032 primumortam
3369 1957 3730 2032 idololatriam
3748 2005 3763 2028 ,

2163 2029 2498 2100 deorumque
2524 2030 2904 2098 pluralitatem.
2937 2029 3072 2084 Vide
3105 2030 3266 2084 etiam
3297 2030 3389 2085 lib.
3429 2030 3722 2100 Sapientiae
3747 2075 3762 2100 ,

2165 2117 2213 2158 c.
2246 2118 2354 2169 xxv,
2380 2118 2429 2155 v.
2467 2103 2573 2163 15;
2608 2101 2985 2163 Athanasium,
3017 2100 3272 2155 adversus
3298 2110 3520 2169 gentes;
3560 2103 3762 2160 Euseb.

2166 2191 2204 2241 ι,
2237 2190 2356 2237 cap.
2409 2174 2472 2233 6;
2504 2171 2863 2244 Theodoret.,
2896 2189 3060 2226 sertn.
3090 2187 3145 2228 ιιι
3172 2187 3186 2238 ;
3231 2171 3506 2240 Nazianz,
3537 2173 3684 2228 Orat.
3720 2192 3758 2244 ι,

2169 2244 2536 2302 inJulianuin.
2577 2244 2748 2309 Quem
2804 2242 3003 2308 locum,
3038 2244 3160 2312 quia
3204 2244 3464 2310 prolixior
3509 2254 3614 2309 est,
3671 2242 3760 2302 hic

2169 2333 2276 2370 non
2305 2315 2628 2370 describam.
2653 2314 2742 2386 §ic
2771 2323 2823 2368 et
2848 2314 3147 2386 Cyprianus
3176 2323 3403 2368 tractatu
3431 2314 3581 2382 Quod
3615 2316 3758 2372 idola

2170 2387 2242 2442 dii
2267 2403 2379 2455 non
2425 2395 2590 2442 sunt:
2646 2384 2782 2440 Deos
2817 2384 2914 2438 non
2948 2402 3072 2448 esse,
3105 2401 3231 2455 quos
3256 2386 3438 2454 vulgus
3475 2388 3614 2450 colit,
3645 2388 3762 2442 hinc

2171 2453 2348 2518 notum
2377 2468 2467 2510 est.
2501 2457 2663 2528 Reges
2689 2459 2810 2510 Olim
2835 2461 3036 2528 [uerunt
3059 2496 3073 2520 ,
3111 2453 3195 2524 qui
3231 2455 3292 2508 ob
3323 2453 3542 2525 regalem
3571 2475 3760 2512 memo-

2170 2531 2301 2583 riam
2330 2529 2428 2581 coli
2451 2528 2590 2596 apud
2617 2545 2737 2582 suos
2760 2531 3080 2596 postmodum
3110 2528 3263 2581 etiam
3304 2530 3357 2580 in
3407 2536 3567 2582 morte
3595 2545 3760 2597 σωρε-

2169 2611 2308 2654 runt.
2352 2599 2486 2653 Inde
2516 2601 2619 2652 illis
2649 2599 2880 2652 instituta
2911 2598 3133 2668 templa;
3172 2598 3289 2651 inde
3311 2599 3378 2650 ad
3402 2599 3759 2665 defunctorum

2169 2674 2338 2725 vultus
2380 2689 2467 2739 per
2506 2671 2778 2739 imaginem
2817 2671 3114 2722 detinendos
3151 2685 3388 2737 expressa
3426 2670 3705 2724 simulacra
3740 2690 3758 2726 :

2169 2759 2289 2796 nam
2321 2753 2366 2796 et
2400 2741 2730 2796 immolabant
2759 2741 2971 2799 hostias,
2991 2751 3035 2793 et
3063 2741 3169 2794 dies
3189 2744 3342 2811 festos
3373 2741 3544 2793 dando
3568 2745 3762 2798 honore

2169 2814 2503 2868 celebrabant.
2530 2811 2554 2865 Ι
2562 2813 2660 2865 nde
2689 2813 2902 2882 posteris
2935 2815 3069 2936 grata
3100 2821 3216 2864 sunt
3248 2827 3415 2876 sacra,
3439 2827 3554 2883 quce
3581 2816 3760 2881 primis

2171 2886 2373 2936 fuerant
2400 2894 2664 2936 assumpta
2693 2884 2901 2936 solatia.
2985 2901 3012 2934 e
3054 2882 3138 2936 his
3167 2881 3292 2936 vide
3321 2882 3469 2936 plura
3500 2883 3565 2936 ad
3599 2885 3758 2936 huius

2169 2886 2373 2954 fuerant
2400 2894 2664 2954 assumpta
2691 2881 2901 2954 solatia.
2936 2881 3012 2936 De
3054 2882 3138 2936 his
3167 2881 3292 2954 vide
3321 2881 3469 2950 plura
3500 2883 3565 2936 ad
3599 2885 3758 2952 hujus

465 2953 1857 3048 iii'."sﬁé'iﬁE'VeiiIiTséin’éiiiiiﬂsioptundet
1884 2953 2060 3026 or'atio
2087 2985 2132 3048 ρ
2171 2953 2548 3048 {ig-‘qzitgfkté;
2573 2953 2967 3048 "1119395233
2993 2953 3755 3048 i{ﬁt{'_i:255}:‘ffi3s_f!§_E‘ff-

463 3049 991 3123 el'licaciorgeradas
1019 3049 1178 3117 igitur
1203 3045 1430 3123 sivelis.
1493 3114 1522 3123 _
1567 3113 1599 3123 η
1772 3112 1783 3123 _
1847 3113 1894 3123 Η
1960 3113 1970 3123 _

535 3121 718 3174 Coitio.
754 3112 857 3176 Pro
884 3112 1066 3183 coitus',
1083 3116 1401 3180 concubitus;
1426 3113 1730 3179 utSolinus,
1749 3112 2059 3168 desiderium

466 3193 721 3245 coitionis.
747 3191 1024 3246 BUNEMAN.

541 3262 777 3332 Quando.
822 3263 909 3317 Sic
935 3263 1132 3331 passim
1161 3257 1473 3314 Lactantius
1495 3273 1591 3328 pro
1620 3255 2053 3326 quandoquidem.

465 3332 653 3388 Plures
681 3349 836 3398 ωδε..
868 3335 1126 3401 quoniam.

537 3403 662 3458 Cum
723 3398 894 3468 Deus,
928 3407 1014 3473 qui
1057 3412 1127 3458 est
1176 3403 1518 3470 omnipotens,
1552 3401 1661 3454 sine
1691 3415 1818 3456 usu.
1864 3407 1968 3454 etc.
2000 3398 2056 3473 In

465 3476 738 3532 nonnullis
787 3486 904 3545 post
938 3469 1269 3542 omnipotens
1300 3469 1539 3542 sequitur
1566 3482 1619 3525 ut
1648 3480 1880 3545 vocatur,
1914 3469 2055 3545 quod

465 3548 644 3620 inepte
673 3542 798 3620 addi
823 3559 1004 3604 censet
1031 3547 1358 3620 Thontasius,
1383 3546 1548 3599 fretus
1575 3543 1894 3620 auctoritate
1919 3542 2057 3620 anti-

464 3613 570 3688 qui'
598 3619 799 3674 codicis
853 3620 1058 3674 Bonon.
1111 3619 1450 3680 aliorumque
1489 3628 1618 3669 mss.
1651 3613 1718 3667 Et
1753 3628 1884 3688 sane
1919 3613 2057 3668 Deus

465 3687 572 3742 non
627 3691 801 3744 solum
849 3701 1096 3751 vocatur,
1147 3704 1333 3742 verum
1364 3703 1548 3742 revera
1576 3695 1657 3739 est
1689 3687 2054 3752 omnipotens,

467 3769 521 3812 ut
563 3772 617 3815 et
666 3761 893 3829 gentiles
938 3761 1037 3830 ipsi
1082 3759 1210 3814 illud
1249 3761 1486 3814 divinum
1523 3755 1836 3810 attributum
1865 3769 2057 3826 agnos-

464 3841 613 3886 cunt.
640 3833 925 3887 GALLEUS.

540 3901 756 3956 Minun‘s
807 3902 1132 3959 animalibus.
1189 3901 1392 3974 Apibus
1446 3913 1663 3974 nempe.
1715 3896 1852 3974 Vide
1908 3896 2052 3974 _Virg.

465 3971 662 4043 Georg.
700 3989 776 4039 iv,
828 3986 880 4027 et
934 3975 1202 4037 Plinium;
1238 3967 1385 4026 inter
1425 3967 1727 4043 neotericos
1775 3967 2054 4043 Clusium,

467 4039 634 4113 vulgo
657 4044 720 4099 de
749 4045 958 4101 Lecluse
979 4046 1046 4099 de
1065 4044 1426 4099 Generatione
1446 4042 1643 4110 Apum.
1669 4039 1813 4113 Istud
1839 4055 1967 4113 vero
1991 4039 2057 4093 de

465 4111 640 4183 Apum
665 4119 1013 4185 generatione
1047 4119 1206 4170 habet
1233 4115 1631 4185 Quintilianus.
1663 4111 2056 4185 declamatione

467 4187 537 4240 15
569 4205 582 4240 :
615 4183 768 4242 Abest
793 4190 1002 4242 inimica
1048 4189 1290 4242 virtutum
1330 4183 1567 4254 voluptas
1606 4184 1760 4238 castis
1797 4183 2058 4254 sinelnbe

464 4260 783 4327 corporibus.
827 4260 970 4314 Sola:
1007 4264 1230 4314 omnium
1271 4275 1370 4311 non
1411 4257 1567 4310 edunt
1617 4261 1785 4326 foetus,
1839 4253 1930 4307 sed
1968 4253 2054 4322 fa-

465 4331 625 4395 ciunt,
656 4341 702 4385 et
731 4343 784 4386 ut
819 4343 1013 4404 aportet
1054 4333 1245 4386 animal
1275 4330 1606 4396 laboriosum,
1645 4344 1706 4382 ea:
1740 4341 1890 4395 opere
1928 4342 2051 4378 nas-

465 4415 668 4455 cuntur.

538 4471 586 4524 Ε
630 4474 770 4544 foliis
819 4485 985 4530 natos.
1030 4473 1236 4545 Virgilii
1286 4472 1449 4529 verba
1503 4483 1627 4528 sunt
1685 4470 1752 4526 de
1813 4468 2004 4539 apibus
2033 4509 2046 4534 ν

465 4542 661 4613 Georg.
698 4547 787 4598 lib.
815 4561 886 4612 tv,
920 4563 1058 4604 vers.
1082 4542 1210 4601 200.

543 4611 675 4681 Quia
703 4611 1105 4686 Regesmaximi
1155 4634 1213 4670 ac
1259 4616 1591 4685 potentissimi
1638 4616 1861 4685 fuerunt.
1915 4611 2044 4665 Mss.

466 4683 618 4740 Colh.
663 4697 716 4757 et
759 4683 945 4752 Brun.,
971 4689 1178 4757 fuerint.
1225 4683 1489 4742 Maximus
1509 4683 1727 4757 Tyri-us,
1763 4686 2046 4757 Disseruit.

467 4758 557 4819 '58.
580 4761 668 4812 Καὶ
687 4756 935 4826 Ἕλληνες,
956 4754 1061 4814 etc.
1085 4759 1144 4813 Et
1167 4759 1334 4812 (ἕνατὶ
1359 4754 1569 4826 quidem
1586 4757 1730 4810 bonis
1752 4761 1904 4826 etiam
1930 4754 2048 4809 viris

465 4846 612 4884 sacra
643 4834 872 4899 fuerunt,
901 4825 1114 4898 quorum
1143 4825 1384 4884 virtutum
1425 4829 1720 4882 memoriam
1762 4825 2043 4899 celebrant,

465 4897 778 4956 calamitates
807 4897 920 4956 vero
959 4901 1218 4957 omittunt.
1252 4901 1317 4954 Et
1347 4901 1516 4956 inulto
1541 4909 1668 4952 ante
1698 4900 1766 4952 ita
1799 4897 2047 4952 Persa-us

463 4971 734 5039 Cittieus.,
789 4973 833 5027 is
899 4989 1056 5043 quem
1113 4974 1312 5028 Aratus
1389 4970 1673 5043 Sicyonius
1726 4969 2046 5043 Acrocorin-

467 5044 559 5098 tho
586 5037 778 5111 ejecit;
833 5054 888 5100 et
916 5037 1120 5100 'Cicero
1160 5045 1303 5099 lib.t
1347 5043 1414 5097 dc
1453 5037 1574 5095 Nat.
1615 5041 1770 5096 deor.
1828 5037 2046 5111 Perseus

467 5110 673 5191 (scribe
690 5115 950 5191 Persteus,
963 5127 1032 5191 _ut
1059 5113 1557 5191 Grmce,nspaaio;)
1573 5111 1793 5191 Zenonis
1815 5110 2043 5191 auditor,

464 5182 547 5239 eos
572 5189 692 5240 dicit
723 5187 921 5242 habitos
950 5187 1108 5250 Deos,
1132 5204 1164 5240 a
1191 5182 1370 5252 quibus
1402 5182 1586 5254 magna
1617 5185 1810 5237 utilitas
1839 5182 1907 5234 ad
1934 5183 2048 5235 vita:

463 5257 655 5310 cultum
683 5271 811 5314 esset
840 5261 1066 5321 inventa.
1094 5261 1333 5327 ipsasque
1369 5274 1448 5310 res
1477 5256 1627 5310 utiles
1650 5259 1867 5327 deorum
1893 5269 2045 5327 uoca-

463 5327 595 5382 bulis
623 5345 962 5398 nuncupatas,
995 5324 1270 5386 ctc.'Vide
1303 5330 1532 5384 lloctiss.
1564 5328 1724 5384 Voss.
1753 5325 1821 5380 de
1853 5324 2040 5398 Idolol.

462 5398 668 5477 §uidas_
687 5401 736 5452 in
761 5401 957 5477 Σερούχ
984 5413 1036 5456 et
1063 5401 1504 5477 Damascen._lib.
1530 5403 1595 5477 de
1622 5397 2049 5477 H:eres.,iiit]uit

460 5468 849 5534 Elmenhorst;
889 5468 1137 5527 auctores
1185 5484 1334 5537 sunt,
1378 5473 1678 5528 Seruclium
1705 5511 1720 5533 ,
1762 5468 2047 5522 defunctos

457 5551 776 5612 praestantes
807 5544 952 5597 virus
981 5543 1216 5607 adorari,
1245 5555 1298 5598 et
1327 5542 1614 5612 quotannis
1643 5555 1828 5612 eorum
1850 5554 2048 5592 menm-

457 5611 592 5666 riam
623 5613 887 5668 celebrari
915 5612 1163 5682 jussisse,
1191 5623 1246 5667 et
1278 5611 1490 5682 illm-um
1517 5615 1735 5682 nomina
1781 5611 2046 5682 insacros

454 5683 876 5741 cotninentarios
909 5677 1121 5751 referri,
1150 5688 1313 5751 atque
1340 5678 1472 5739 deos
1495 5693 1590 5739 eos
1614 5677 1867 5754 iudicari,
1911 5686 2046 5736 tam-

2165 3027 2286 3082 cule
2309 3027 2571 3089 scribens,
2621 3026 2968 3081 Ptolemaeum
3013 3033 3287 3078 auctorem
3316 3025 3466 3090 citat,
3492 3027 3632 3094 quod
3664 3043 3756 3083 re.

2161 3113 2256 3168 ges
2279 3113 2467 3153 oi‘unes
2505 3099 2668 3163 θεοὺς,
2715 3097 2946 3166 lieginas
2969 3112 3097 3150 vero
3128 3097 3237 3158 θεὰς
3282 3096 3545 3165 appellari
3592 3097 3756 3154 fuerit

2164 3169 2401 3224 solitum.

2237 3237 2503 3294 Hercules.
2540 3239 2810 3310 [ntegrum
2838 3247 2998 3303 caput
3025 3239 3239 3294 abunde
3270 3241 3502 3295 illustrat
3525 3240 3755 3298 Munke-

2163 3327 2254 3365 rus
2299 3313 2364 3364 ad
2421 3311 2637 3381 Hygiu.,
2690 3326 2737 3366 c.
2769 3311 2860 3374 ἓξ).
2903 3310 2994 3376 30,
3049 3327 3208 3380 quem
3243 3317 3401 3369 toties
3439 3313 3754 3370 exscribere

2163 3397 2266 3437 llOll
2299 3392 2382 3436 est
2413 3398 2612 3436 meum.

2235 3454 2395 3521 Quasi
2417 3454 2710 3521 Africanus.
2742 3451 2922 3522 Scipio
2945 3451 3195 3508 videlicet
3225 3453 3512 3510 Africanus
3545 3465 3621 3509 tot
3649 3456 3756 3509 vir-

2163 3527 2366 3579 tutibus
2396 3525 2725 3580 celebratus.
2755 3525 2913 3577 llecst
2945 3525 3094 3593 quasi
3149 3526 3198 3578 in
3233 3542 3334 3579 ms.
3367 3543 3380 3581 ι
3414 3528 3747 3582 Claromont.

2161 3595 2219 3650 In
2249 3613 2377 3670 uiss.
2397 3612 2542 3670 τρε.)
2570 3597 2726 3670 Beg.,
2751 3595 2937 3670 tGolb.
2957 3604 3012 3670 et
3037 3595 3226 3659 Brun.,
3246 3611 3418 3667 gentes
3439 3599 3580 3670 apud
3611 3597 3754 3670 Afri-

2159 3684 2340 3721 canas.
2363 3668 2416 3720 ld
2436 3675 2541 3731 est,
2561 3667 2701 3721 sicut
2720 3681 2824 3720 non
2840 3666 3142 3721 celebratur
3159 3666 3295 3723 alius
3315 3670 3455 3723 inter
3477 3666 3751 3723 Romanos

2160 3741 2411 3808 Scipione
2443 3754 2602 3793 nemo
2635 3740 2831 3792 virtute
2860 3740 3204 3805 priestantior
3233 3758 3243 3791 :
3279 3742 3359 3794 sic
3380 3743 3522 3795 inter
3552 3740 3750 3795 herozis

2161 3811 2337 3864 nullus
2369 3809 2600 3864 Hercule
2621 3810 2886 3864 celebrior
2916 3808 3033 3862 fuit.

2233 3883 2304 3934 Ac
2325 3897 2655 3951 expurgasse.
2691 3879 2764 3932 lia
2807 3895 2934 3932 mss.
2965 3891 3016 3933 et
3044 3879 3172 3951 editi
3202 3882 3353 3935 multi
3381 3923 3395 3947 ,
3446 3881 3751 3937 faventibus

2161 3966 2290 4006 mss.
2320 3953 2353 4004 ‘2
2382 3950 2620 4017 Bonum,
2655 3952 2678 4004 1
2713 3951 2845 4022 Reg.
2881 3960 3014 4015 vet.,
3048 3950 3208 4018 Tax.,
3242 3954 3263 4005 1
3302 3951 3476 4022 Lips.,
3505 3955 3539 4008 '5
3565 3953 3748 4020 Colb.,

2160 4024 2184 4078 1
2247 4024 2507 4086 Clarou't.,
2542 4023 2705 4076 Bl‘tlll.
2756 4034 2810 4075 et
2840 4022 2926 4076 ed.
2961 4022 3116 4076 Rulli.
3168 4024 3329 4090 1470,
3368 4029 3418 4079 in
3467 4025 3662 4093 quibus
3691 4041 3751 4078 ac

2158 4111 2420 4164 purgasse.
2443 4093 2498 4147 In
2520 4095 2540 4147 1
2566 4095 2718 4162 Reg.,
2737 4093 2770 4146 5
2787 4094 2965 4156 Coll)”
2984 4095 3138 4160 Jun.,
3170 4094 3576 4159 Ultr.,Christ.,
3601 4096 3747 4160 Enn,

2157 4183 2217 4218 ac
2237 4180 2557 4235 expugnasse
2579 4181 2597 4218 :
2623 4179 2744 4234 quae
2772 4165 2930 4218 lectio
2965 4181 3072 4231 pra:
3099 4168 3310 4220 eieteris
3363 4167 3570 4221 arridet
3609 4182 3746 4220 non-

2159 4235 2342 4290 nullis.
2388 4236 2480 4290 llae
2524 4235 2645 4289 duae
2691 4250 2851 4290 voces
2896 4235 3142 4290 Walcltio
3183 4237 3472 4304 superﬂuae
3525 4253 3646 4292 esse
3695 4247 3751 4293 et

2158 4308 2425 4381 glossema
2475 4322 2666 4375 sapere
2715 4309 2987 4381 videntur.
3024 4310 3116 4361 list
3144 4319 3322 4362 autem
3374 4326 3594 4381 purgare
3617 4353 3631 4376 ,
3667 4310 3747 4363 in-

2079 4373 2133 4433 D
2158 4373 2272 4451 {luit
2311 4373 2592 4443 Cellariu‘s,
2618 4395 2653 4451 Aa
2695 4380 2957 4451 monstris
2987 4389 3042 4433 et
3073 4381 3314 4451 tyrannis
3363 4373 3626 4435 liberare.
3664 4381 3737 4434 De

2206 4453 2383 4506 ercule
2434 4451 2559 4504 vide
2610 4449 2668 4506 S.
2706 4449 2955 4504 Basilium
2997 4449 3247 4520 magnum
3275 4492 3289 4514 ,
3333 4465 3496 4505 serm.
3556 4452 3650 4518 21,
3692 4460 3749 4507 et

2155 4521 2212 4576 S.
2245 4521 2516 4576 Asterium
2546 4520 2872 4576 Amasenum
2899 4523 3094 4590 episc.,
3127 4537 3291 4576 serm.
3329 4523 3422 4578 10.

2225 4614 2452 4680 Stupris.
2497 4613 2609 4667 Hoc
2653 4623 2968 4682 argumento
2993 4615 3153 4684 etiam
3184 4613 3492 4681 Arnobius,
3545 4615 3636 4670 lib.
3665 4633 3740 4684 tv,

2151 4685 2268 4754 ejus
2336 4685 2673 4739 Divinitatctn
2724 4695 3032 4753 oppugnat:
3072 4683 3138 4738 Ut
3187 4684 3466 4749 Hercules,
3532 4683 3738 4756 inquit,

2149 4767 2354 4841 iunctus
2383 4758 2530 4841 deus,
2561 4763 2709 4810 natas
2739 4756 3112 4841 quinquaginta
3129 4757 3192 4809 de
3213 4756 3416 4839 Thestio
3435 4756 3543 4841 (vel
3569 4759 3741 4840 potius

2153 4826 2410 4896 Thespia)
2440 4836 2581 4880 nocte
2610 4843 2714 4900 una
2741 4827 3024 4900 perdocuit,
3056 4839 3101 4881 et
3120 4844 3301 4884 nomen
3321 4826 3630 4900 virginitatis
3653 4847 3740 4884 ea:-

2187 4914 2354 4959 onere,
2413 4907 2460 4950 et
2505 4897 2807 4968 genitricum
2847 4897 3075 4966 pondera
3125 4897 3410 4954 sustinereX
3448 4901 3740 4956 Pausanias

2195 4979 2316 5046 teat.
2339 4968 2600 5046 ’ξιιρακλέα
2626 4977 2744 5046 ταῖς
2771 4970 3088 5046 θυγατρὰφι,
3131 4979 3236 5046 etc.
3279 4971 3423 5046 “me
3449 4973 3517 5025 ita
3547 4973 3740 5046 _latine

2149 5045 2309 5096 vertit
2339 5040 2600 5095 Ro'tliulus
2634 5040 2948 5096 Atnasm’us':
2994 5042 3266 5095 Herculem
3307 5043 3516 5097 tradunt
3542 5041 3741 5097 Thestii

2149 5113 2286 5180 ﬁlias
2309 5113 2682 5181 quinquaginta
2713 5115 2820 5180 (tot
2851 5113 2985 5166 enini
3012 5116 3188 5182 erant)
3237 5113 3411 5168 eadem
3436 5122 3581 5168 nocte
3611 5131 3738 5168 con-

2148 5195 2429 5253 stuprasse,
2486 5201 2589 5236 una
2617 5195 2824 5252 excepta
2855 5201 2873 5238 :
2909 5201 3044 5249 eum,
3069 5201 3180 5238 cum
3213 5184 3321 5239 sola
3353 5187 3556 5254 obsequi
3591 5202 3739 5238 recu-

2147 5265 2324 5319 sasset,
2374 5257 2685 5310 sacerdotem
2720 5256 2813 5308 sibi
2844 5267 3098 5325 perpetua:
3123 5256 3430 5325 uirginitatis
3480 5258 3588 5326 lege
3617 5259 3739 5310 data

2149 5326 2345 5395 legisse.
2383 5326 2567 5378 Audivi
2612 5337 2777 5381 tamen
2804 5326 2970 5396 alios,
3021 5327 3108 5396 qui
3143 5342 3318 5380 omnes
3351 5327 3500 5396 plane
3548 5327 3738 5382 Thestii

2147 5398 2512 5466 quinquaginta
2530 5397 2665 5464 ﬁlias
2683 5399 2743 5449 ab
2772 5395 2995 5450 Hercule
3016 5395 3190 5452 eadem
3217 5415 3319 5452 una
3345 5395 3491 5452 nocte
3514 5399 3735 5464 vitiatas,

2149 5480 2194 5522 et
2235 5469 2280 5521 ei
2333 5467 2565 5537 singulas
2619 5485 2783 5522 mares
2837 5467 2973 5534 ﬁlios
3020 5469 3276 5538 peperisse
3323 5480 3636 5533 narrarent;
3694 5479 3739 5523 et

2147 5539 2351 5662 quidem
2423 5541 2649 5609 geminos
2689 5578 2703 5604 ,
2798 5549 2920 5592 natu
2993 5545 3267 5594 maximam
3332 5551 3380 5593 et
3452 5543 3735 5594 minimam.

2196 5611 2356 5662 atian.
2380 5620 2553 5662 contr.
2583 5609 2822 5662 Graecos.
2856 5609 3186 5662 Theodorin.
3221 5613 3287 5662 de
3318 5611 3534 5662 Martvr.
3555 5623 3735 5662 eoutra

2196 5611 2356 5663 atian.
2380 5620 2553 5680 contr.
2583 5609 2823 5680 graecos,
2856 5609 3186 5680 Theodorin.
3221 5613 3287 5665 de
3305 5611 3534 5680 _Martyr.
3555 5623 3741 5666 contra

2148 5674 2322 5739 Grato.
2355 5692 2463 5740 ser.
2508 5675 2563 5748 8,
2593 5674 2847 5738 Clemens
2872 5677 3275 5739 Alexandrinus
3304 5677 3404 5739 hoc
3435 5674 3576 5738 litem
3610 5681 3742 5738 Iler-
