4172 6202
372 215 487 275 157

1484 218 1693 279 Ltstta
1736 220 1773 277 l.
1823 219 1911 279 DE
1943 176 2165 280 rstsa
2204 222 2596 286 RELIGIONE.

3565 233 3670 289 158

359 336 642 395 bidinibus
664 378 682 407 ,
722 336 1009 397 adulteriis
1048 338 1387 410 inquinavit?
1418 357 1520 399 nec
1558 344 1755 400 mirum
1775 383 1791 415 ,
1844 357 1965 400 cum
1992 343 2047 406 Α
2072 344 2301 417 Orator)
2329 355 2477 402 tanta
2506 345 2611 412 vis,
2638 359 2761 417 quae
2782 357 2890 401 non
2917 344 3061 403 ferro
3082 359 3145 402 ac
3168 346 3371 403 viribus
3400 346 3669 404 debilitari

359 431 795 489 essetaduiterio
816 433 1035 504 genitus
1059 434 1358 493 Alcmenae.
1382 435 1520 504 Quid
1547 435 1763 491 tandem
1793 435 1967 507 potuit
2068 437 2349 510 frangique
2395 440 2586 509 possit.
2636 441 2702 493 At
2748 439 2988 494 animum
3040 438 3282 503 vincere,
3329 439 3668 496 iracundiam

363 525 423 583 in
449 541 517 582 eo
547 540 669 583 esse
694 525 883 591 divini,
908 526 1030 599 quis
1051 526 1161 585 suis
1184 528 1302 599 ipse
1346 529 1495 585 vitiis
1521 529 1881 601 mancipatus,
1909 538 1966 587 et

362 633 550 675 mares
576 626 634 676 et
657 616 910 675 heminas
939 627 1131 675 contra
1177 636 1369 677 omnes
1408 621 1558 694 leges
1588 622 1829 689 infamia,
1862 623 1962 680 de-

362 712 600 779 decore,
635 710 839 784 llagitio
866 710 1087 768 all‘ecit?
1129 713 1238 770 Sed
1289 729 1358 771 ne
1399 715 1490 773 illa
1542 716 1785 787 quidem,
1841 733 1963 788 quas

360 820 559 875 magna
602 815 656 860 et
685 805 953 861 mirabilia
984 807 1172 876 gessit,
1204 807 1329 865 talia
1364 808 1658 877 judicanda
1697 820 1862 878 sunt;
1903 820 1964 868 ut

358 896 658 953 virtutibus
696 897 896 955 divinis
944 898 1235 955 tribuenda
1283 901 1588 957 videantur.
1631 902 1772 971 Quid
1811 904 1960 960 enim

357 1001 474 1049 tam
513 990 857 1063 magniﬁcum
881 1034 898 1058 ,
942 993 989 1050 si
1015 993 1228 1051 leonem
1253 1009 1554 1066 aprumque
1582 997 1882 1066 superavit,
1915 998 1963 1054 si

358 1100 495 1142 aves
522 1086 740 1157 sagittis
768 1086 993 1156 dejecit,
1026 1087 1071 1143 si
1099 1090 1307 1160 regium
1334 1090 1605 1146 stabulum
1628 1092 1868 1163 egessit,
1913 1093 1958 1149 si

357 1179 660 1249 viraginem
716 1180 883 1245 vicit,
929 1181 1317 1253 cingulumque
1371 1182 1646 1251 detraxit,
1700 1185 1745 1240 si
1792 1200 1962 1257 equos

357 1269 577 1325 feroces
597 1285 722 1327 cum
748 1269 970 1327 domino
992 1272 1309 1328 interemit?
1330 1272 1507 1345 Opera
1530 1283 1659 1331 sunt
1675 1276 1777 1331 ista
1807 1275 1963 1333 fortis

356 1365 487 1430 viri,
547 1365 784 1420 hominis
840 1376 1044 1424 tamen.
1088 1367 1183 1423 Illa
1236 1370 1405 1437 enim,
1457 1386 1580 1441 quae
1612 1371 1760 1440 vicit,
1796 1371 1960 1444 fragi-

2068 529 2345 597 cohibere,
2370 530 2651 587 fortissimi
2682 541 2767 586 est
2792 551 2806 583 :
2833 545 2956 602 qum
2986 530 3078 586 ille
3108 544 3210 587 nec
3236 530 3363 588 fecit
3392 546 3630 603 unquam
3650 573 3666 596 ,

2067 638 2168 679 nec
2197 623 2388 693 potuit.
2422 622 2547 678 Haec
2569 622 2663 692 qui
2693 622 2875 689 iaciat,
2896 636 3005 676 non
3022 635 3125 692 ego
3145 635 3267 677 eum
3296 636 3421 678 cum
3440 623 3669 681 summis

2063 716 2197 771 viris
2223 730 2513 785 comparo;
2538 716 2632 770 sed
2664 714 2999 770 simillimum
3020 715 3131 770 Deo
3149 715 3355 784 judico.

2140 808 2343 865 Vellem
2367 807 2656 879 adjecisset
2693 807 2760 864 de
2799 808 3041 873 libidine,
3074 808 3316 873 luxuria.
3344 809 3666 879 cupiditate,

2065 901 2382 967 insolentia;
2417 912 2475 955 ut
2514 900 2769 956 virtutem
2799 902 2919 970 ejus
2945 901 3212 971 impleret,
3245 916 3404 972 quem
3435 901 3665 958 similem

2066 995 2181 1050 Deo
2218 993 2513 1063 judicabat.
2558 992 2676 1048 Non
2722 993 2867 1049 enim
2912 991 3106 1049 fortior
3136 993 3402 1063 putandus
3428 1002 3545 1058 est,
3576 995 3665 1066 qui

2066 1089 2300 1155 leonem,
2316 1102 2477 1159 quam
2502 1089 2592 1158 qui
2613 1086 2907 1142 violentam
2930 1087 2984 1141 in
3007 1087 3189 1158 scipso
3208 1087 3470 1143 inclusam
3495 1088 3665 1145 ieram

2066 1192 2306 1254 superat,
2338 1181 2701 1246 iracundiam;
2751 1191 2843 1235 aut
2877 1181 2966 1250 qui
3011 1181 3390 1251 rapacissimae
3416 1182 3666 1239 volucres

2066 1275 2297 1346 dejeeit,
2327 1290 2486 1347 quam
2533 1274 2625 1345 qui
2659 1274 2982 1344 cupiditates
3033 1274 3373 1331 avidissimas
3415 1284 3663 1343 coercet;

2070 1377 2164 1426 aut
2189 1369 2284 1441 qui
2312 1371 2638 1424 Amazonem
2670 1366 3040 1431 bellatricem,
3068 1381 3230 1436 quam
3261 1367 3353 1438 qui
3384 1367 3664 1424 libidinem

355 1459 433 1515 lia
480 1468 538 1516 et
572 1460 818 1516 mortalia
861 1460 1097 1517 luerunt.
1151 1460 1307 1518 Nulla
1351 1464 1497 1519 enim
1535 1472 1620 1521 est
1658 1465 1846 1537 (quod
1891 1466 1970 1522 ait
1997 1451 2046 1511 Β
2073 1464 2270 1530 vincit,
2317 1460 2537 1532 pudoris
2575 1473 2640 1514 ac
2684 1456 2841 1514 famae
2878 1457 3318 1526 debellatricem;
3350 1467 3443 1515 aut
3482 1459 3573 1532 qui
3604 1460 3666 1516 liv

1691 1622 2053 1682 VARIORUM
2102 1617 2334 1683 ΝΟΤᾸΕ.

351 1763 461 1836 culi
501 1759 694 1836 objicit
750 1761 804 1816 in
857 1760 1129 1836 Ptotrept.
1175 1762 1368 1818 Suidas
1406 1764 1459 1819 in
1487 1763 1774 1829 θεπιάδες.
1826 1765 1954 1836 Epi-

353 1835 523 1906 pltau.
551 1832 886 1906 Ancborato,
917 1832 1170 1888 Naziana.
1201 1845 1342 1889 orat.
1379 1851 1393 1889 ι
1427 1837 1480 1890 in
1507 1836 1705 1891 Julian.
1739 1832 1956 1893 Emica-

353 1903 549 1962 itoas'r.
578 1933 655 1946 -
679 1903 749 1963 Et
779 1920 888 1980 non
915 1907 1089 1960 solum
1140 1906 1236 1980 itas
1263 1909 1650 1979 quinquaginta
1677 1923 1955 1980 compres-

350 1981 445 2040 sit,
486 1991 679 2030 verum
718 1984 772 2029 et
812 1976 1057 2033 Elienses
1096 1978 1358 2039 mulieres
1404 1976 1528 2035 cum
1567 1976 1820 2037 exercitu
1853 1995 1953 2035 suo

352 2047 719 2104 concumbere
760 2048 1024 2117 permisit.
1084 2047 1215 2103 Vide
1271 2048 1565 2104 Diodorum
1614 2051 1853 2113 Siculum
1889 2050 1952 2105 li-

351 2120 455 2173 bro
484 2135 560 2174 tv.
588 2117 947 2190 Cbalciopen,
981 2118 1220 2190 Eurypili
1242 2119 1443 2187 tiliam,
1479 2122 1725 2175 vitiavit:
1760 2123 1948 2186 lolem,

351 2191 550 2262 Euryti
582 2188 784 2262 tiliam,
832 2191 883 2244 vi
923 2188 1179 2246 abstulit:
1212 2190 1328 2258 ejus
1357 2193 1674 2248 concubitus
1702 2208 1826 2249 cum
1859 2194 1952 2249 Al-

352 2260 685 2317 cimi-dontis
717 2262 858 2327 lilia,
898 2272 1026 2327 etc.,
1062 2262 1292 2318 diversis
1334 2263 1467 2319 locis
1508 2263 1804 2321 Pausanias
1837 2274 1950 2321 tra-

351 2333 455 2388 dii.
486 2331 555 2387 ν.
596 2331 915 2386 Betuleium.

429 2405 708 2474 Alcmena.
745 2402 1135 2472 Atnphitrionis
1173 2404 1377 2458 uxoris.
1430 2402 1699 2460 Arnobius
1728 2405 1821 2460 iib.
1873 2422 1945 2474 tv,

350 2476 553 2533 scribit
584 2494 597 2529 :
626 2472 805 2529 Jovem
848 2477 902 2527 in
947 2475 1190 2528 Alcmena
1218 2490 1394 2528 novem
1421 2477 1676 2530 continuis
1719 2472 1950 2533 noctibus

351 2547 721 2619 pervigilasse;
748 2556 900 2619 atque
924 2562 987 2600 ea:
1018 2546 1109 2601 illo
1146 2545 1414 2619 concubitu
1441 2556 1619 2619 nutum
1649 2546 1946 2619 Herculem,

348 2616 443 2686 qui
475 2616 896 2688 patristransivit
932 2619 1348 2688 exsuperavitque
1377 2617 1429 2670 in
1461 2617 1760 2688 hujusmodi
1798 2616 1951 2675 rebus

349 2692 588 2743 virtutes.
621 2687 922 2759 iioectiatn
958 2698 1184 2759 testatur
1212 2686 1465 2742 Clemens
1498 2686 1790 2759 l‘rotrept.,
1826 2691 1951 2747 Scr-

354 2762 549 2816 viusin
574 2775 665 2813 vttt
688 2757 903 2814 )Eneid.
925 2772 981 2814 et
1002 2758 1222 2812 Lucian.
1251 2758 1383 2812 Dial.
1414 2759 1569 2812 deor.
1588 2757 1832 2816 scribunt
1859 2761 1952 2816 Jo-

350 2848 480 2887 vetn
512 2831 822 2885 trinoctium
845 2871 861 2896 ,
897 2830 1069 2883 Plaut.
1105 2830 1315 2900 l’rolog.
1348 2830 1617 2897 Amphitr.
1650 2844 1808 2887 unum
1838 2833 1949 2887 sal-

354 2915 495 2968 tem,
531 2902 624 2956 sed
667 2901 999 2973 longiorem;
1035 2901 1253 2973 Hieron.
1298 2910 1430 2956 tom.
1464 2917 1521 2964 ll,
1555 2902 1770 2958 advers.
1808 2904 1952 2973 Vigi-

356 2971 1141 3068 [ἓὲί·ι-.ῗ³¹¹ξ..⁴’ΒΥΨΨΕἚἮ·
1172 2971 1414 3068 ΞΑΨΡΕ,
1435 2973 1588 3068 Eli}:
1626 2975 1737 3068 "in
1761 2986 1815 3068 ξι
1832 2971 1950 3068 fil:
1978 3003 2023 3068 C

349 3049 469 3115 gin.
503 3043 732 3105 faini’tb.
777 3043 911 3099 duas
942 3052 1126 3099 nectes
1170 3046 1617 3114 cnngemiuasse,
1669 3043 1796 3101 dum
1827 3043 1950 3107 cum

354 3114 620 3171 Alcmena
647 3116 826 3169 cubat.
864 3114 1249 3170 ELttennonsr.

430 3186 623 3241 Gessit.
654 3186 780 3241 Mss.
816 3202 830 3241 ι
853 3186 1006 3240 Coib.
1034 3196 1089 3241 et
1114 3182 1279 3240 Bi‘llil.
1307 3183 1532 3250 addunt,
1559 3195 1611 3241 ut
1639 3187 1809 3242 vultis.

430 3257 673 3312 Leonem.
709 3254 1301 3328 Nemmmndiseerpsit
1329 3272 1391 3312 ac
1423 3257 1756 3315 diiaccravit.
1791 3257 1948 3316 Ovid.

351 3329 717 3398 Mctamorph.
746 3331 837 3382 lib.
865 3343 942 3394 ιχ,
976 3327 1082 3382 fab.
1108 3327 1162 3381 ὅ.

428 3395 749 3470 Aprumque.
796 3399 1102 3471 Menalium,
1149 3396 1281 3471 sive_
1320 3395 1756 3471 Erymantltium,
1787 3400 1954 3460 Arca-

351 3473 461 3528 dia:
477 3468 819 3526 vastatorem
844 3470 987 3539 cepit
1014 3470 1212 3524 vivum.
1249 3468 1409 3525 Ovidi
1433 3471 1818 3541 Meiarmorph.
1851 3474 1943 3529 lib.

352 3560 431 3604 ιι,
470 3543 578 3599 fab.
610 3541 828 3599 3.——Si
850 3541 1045 3596 leonem
1062 3557 1374 3611 aptumque.
1406 3540 1525 3596 Noti
1570 3540 1782 3598 labores
1823 3542 1956 3600 lier-

351 3617 516 3669 culis.
558 3614 825 3686 Hyginum
880 3614 999 3682 iege
1050 3610 1156 3666 fab.
1200 3610 1302 3678 50;
1338 3612 1557 3666 Diodor.
1592 3614 1701 3668 Sic.
1750 3613 1844 3668 lib.
1878 3631 1951 3685 tv,

351 3702 403 3742 c.
437 3685 493 3748 9,
526 3700 641 3748 seq.

662 3756 864 3827 sagittis
881 3752 1102 3827 dejecit?
1125 3751 1550 3827 Stymphalidas,
1567 3770 1604 3827 _a
1633 3754 1954 3827 Stymphalo

426 3828 675 3885 Arcadia:
705 3824 904 3897 oppido
931 3824 988 3897 ei.
1016 3824 1390 3897 Stymphalide
1420 3824 1614 3896 palude
1639 3824 1832 3882 dictas.
1882 3858 1955 3869 —-

427 3901 495 3955 Si
537 3914 655 3953 aves
702 3895 905 3967 defecit.
960 3895 1097 3968 Infra
1126 3939 1140 3964 ,
1189 3898 1415 3968 volucres
1465 3897 1658 3968 deﬁgi.
1718 3898 1951 3955 Verbum

352 3980 678 4028 venatorum
712 3966 952 4038 dejicere.
986 3966 1102 4024 Viti.
1140 3967 1324 4038 Virgil.
1357 3966 1449 4025 lib.
1477 3966 1532 4021 v‘
1557 3966 1714 4037 Em,
1741 3968 1869 4034 542,
1898 3982 1953 4026 et

353 4059 390 4100 ll
414 4042 574 4106 IEn.,
598 4042 722 4098 580.
755 4042 890 4096 BUN.

425 4114 727 4169 Stabulum.
772 4112 991 4167 Setlicet
1030 4110 1237 4181 Augitc,
1278 4108 1571 4183 Eiiensium
1612 4111 1781 4183 regis,
1804 4112 1947 4183 quod

350 4186 607 4256 purgavit
660 4183 1044 4256 supegnducto
1089 4180 1142 4238 in
1192 4183 1461 4256 stabulum
1512 4180 1695 4256 Alcimi
1736 4180 1941 4256 diluvio.

354 4252 657 4312 Pausanias
698 4257 749 4311 in
793 4254 990 4312 Eiiacis
1030 4269 1068 4320 ι,
1098 4268 1148 4308 c.
1187 4253 1239 4318 l;
1273 4253 1492 4313 Diodor.
1537 4252 1705 4312 Sicul.
1735 4253 1825 4309 lib.
1870 4271 1944 4323 tv,

352 4344 477 4384 can.
515 4327 604 4383 l5.

422 4345 829 4470 giist'raginem
877 4397 1012 4470 vicit.
1064 4394 1273 4470 Vilipse
1325 4395 1376 4448 in
1417 4394 1683 4470 plerisque
1728 4411 1858 4470 mss.
1895 4405 1951 4452 et

348 4470 637 4541 nonnullis
660 4466 849 4533 editis,
875 4468 1140 4541 virginem.
1175 4466 1377 4539 Legere
1406 4466 1547 4541 male
1573 4481 1694 4522 cum
1727 4467 1761 4521 5
1791 4467 1947 4541 lii-3.,

354 4543 379 4596 1
415 4541 580 4596 Colb.
614 4540 808 4604 Brun.,
831 4550 886 4594 et
917 4536 1155 4608 pluribus
1181 4536 1456 4610 impressis
1486 4536 1789 4610 viraginem,
1822 4536 1952 4610 Ilip-

349 4616 575 4683 polyten
618 4612 847 4683 scilicet,
883 4614 1209 4683 Aumatium
1240 4609 1510 4683 reginam.
1537 4607 1811 4683 Justinus,
1837 4607 1949 4683 qui

349 4679 466 4741 lib:
493 4700 550 4747 tt,
588 4681 836 4738 lierculis
865 4698 986 4735 cum
1014 4681 1379 4737 Amazonibus
1411 4680 1607 4735 bellum
1654 4679 1910 4737 describit
1933 4724 1946 4749 ,

350 4773 463 4829 non
557 4755 765 4829 dicunt,
791 4754 873 4829 vel
901 4753 1169 4822 cingulum
1198 4749 1530 4829 (Cma‘l’ﬁpa)!
1558 4751 1650 4829 sed
1674 4767 1822 4829 art_ua
1853 4752 1949 4806 ha-

349 4828 467 4881 bet.
492 4825 680 4879 Varias
702 4825 769 4878 de
797 4823 897 4878 bac
915 4839 974 4877 re
1000 4822 1294 4877 si'ntent’ias
1319 4822 1701 4876 relert'isacins
1727 4823 1951 4879 Tzetzes

348 4901 404 4953 in
432 4897 888 4969 Lycophmniano
915 4894 1320 4969 commentario.
1368 4893 1648 4969 Βετυιέ-
1660 4891 1951 4969 Yiraginem

346 4965 495 5024 vicit;
526 4965 720 5022 Volunt
743 4967 1014 5028 nonnulli,
1049 4966 1328 5037 viraginem
1354 4968 1534 5019 valere
1570 4965 1814 5035 virginem
1837 4970 1950 5037 for-

346 5052 454 5096 tem
476 5057 496 5106 ;
526 5039 664 5093 unde
686 5036 819 5092 iul‘ra
848 5038 1151 5091 Amazonem
1177 5034 1486 5090 bellatricem
1516 5034 1691 5091 vocat.

428 5111 675 5164 Domino.
706 5107 925 5180 Scilicet
960 5108 1244 5180 Diomede,
1275 5107 1421 5180 Rege
1450 5105 1716 5174 Thracite,
1750 5106 1816 5163 de
1846 5122 1952 5180 quo

346 5182 580 5239 Ovidius
605 5179 960 5251 Metamorpit.
987 5182 1077 5233 lib.
1109 5177 1322 5251 tx.7fab.
1350 5179 1404 5234 5.

428 5254 584 5320 Quod
614 5254 687 5306 ait
729 5248 937 5304 Orator.
971 5250 1046 5305 Ita
1080 5250 1413 5304 restiluimus
1442 5263 1507 5303 ex
1540 5248 1789 5305 omnibus
1815 5263 1948 5304 mss.

346 5326 722 5392 Praeterquam
756 5322 783 5375 1
811 5322 1144 5392 Claromont.
1174 5321 1225 5373 itt
1253 5336 1382 5391 quo,
1414 5320 1553 5376 sicut
1590 5330 1644 5375 et
1671 5322 1728 5392 in
1758 5321 1952 5390 pleris-

345 5413 463 5467 que
486 5390 656 5467 editis
675 5434 691 5467 ._
720 5402 803 5448 est
830 5394 995 5467 ut_ait
1022 5391 1248 5467 Orator,
1276 5390 1331 5445 id
1362 5400 1445 5445 est
1479 5390 1953 5467 i;i_c_ero_Orat_i_oue

344 5461 456 5539 pro
480 5465 753 5539 Marcello.
783 5462 1031 5539 —‘Quod
1064 5464 1398 5539 αἱιηιίιρηιιι,
1423 5477 1497 5539 9τὲ
1524 5462 1611 5517 19.
1643 5461 1765 5516 Non
1795 5462 1950 5539 dissi-

345 5533 476 5593 im’le
499 5538 632 5590 illud
665 5535 900 5589 Platonis
929 5545 1020 5605 est,
1039 5535 1175 5605 quod
1205 5533 1392 5587 aiebat.
1420 5533 1538 5588 Lib.
1573 5550 1649 5600 vr,
1684 5550 1804 5602 cap.
1841 5534 1905 5589 11
1935 5551 1948 5587 :

358 5608 651 5678 Verumque
678 5617 752 5662 est
775 5607 912 5678 illud
937 5604 1213 5678 Ciceronis.
1241 5605 1379 5676 quod
1408 5607 1499 5669 ait,
1527 5605 1796 5678 etc._Btuv.

428 5676 576 5748 ρῳ
603 5696 704 5733 non
753 5676 912 5748 ferro.
950 5677 1041 5748 Sic
1079 5676 1277 5748 habent
1314 5688 1453 5748 tuas.
1496 5685 1553 5748 et
1592 5676 1721 5732 editi
1760 5684 1950 5748 omnes

347 5741 490 5826 quos
517 5741 778 5820 hactenui
805 5744 988 5805 videre
1016 5743 1195 5813 licuit.
1227 5751 1283 5803 et
1306 5741 1498 5805 Cicero
1528 5743 1664 5819 ipse,
1699 5743 1853 5817 cuius
1872 5750 1955 5803 est

2058 1764 2176 1821 btet:
2219 1762 2509 1838 sententia.
2548 1761 2989 1838 Bonon._tamen
3014 1760 3287 1834 antiquior
3324 1761 3505 1838 habet,
3551 1781 3668 1838 qua:

2057 1840 2196 1907 ferro
2224 1851 2287 1907 ac
2314 1834 2505 1889 viribus
2522 1833 2788 1907 debilitari
2817 1833 3088 1907 frangique
3111 1833 3211 1907 non
3236 1834 3423 1907 possit.

2128 1905 2392 1962 Cohibete.
2418 1908 2491 1960 De
2521 1904 2622 1961 hac
2648 1904 2875 1961 victoria
2905 1904 3027 1961 vide
3054 1904 3401 1963 Ambrosium
3426 1904 3495 1962 de
3521 1904 3660 1962 Olli-

2056 1979 2175 2043 ciis,
2208 1990 2261 2031 et
2290 1976 2639 2031 Prudentium
2659 2017 2675 2039 ,
2709 1975 2798 2029 ubi
2824 1984 2907 2030 est
2935 1975 3191 2030 virtutum
3221 1990 3343 2031 cum
3374 1978 3517 2033 vitiis
3547 1992 3663 2035 mo-

2057 2048 2359 2103 nomachia:
2386 2047 2700 2114 descriptio.

2141 2118 2266 2173 Ηωε
2292 2119 2380 2189 qui
2405 2118 2582 2189 faciat.
2611 2116 2773 2173 Goth.
2804 2117 2912 2171 hinc
2939 2117 3027 2187 qui
3056 2118 3201 2187 facit,
3232 2117 3387 2173 sicuti
3416 2117 3663 2176 Grtcvius

2063 2206 2129 2248 es
2164 2190 2366 2247 Erfurt.
2405 2188 2528 2246 cod.
2562 2190 2615 2245 in
2655 2190 2920 2245 Cicerone
2951 2189 3202 2247 restituit.
3238 2189 3371 2246 Butt.

2133 2260 2257 2317 Non
2285 2278 2376 2333 ego
2402 2276 2655 2333 suntcum
2681 2261 2893 2319 summis
2921 2260 3330 2333 virisicompagro.
3361 2260 3474 2333 Ego
3496 2276 3662 2319 excu-

2059 2330 2533 2404 dcudum'curatvi
2573 2342 2639 2404 ut;
2662 2341 2744 2404 est
2784 2333 2833 2385 in
2873 2346 3004 2387 mss.
3033 2332 3067 2386 3
3093 2344 3229 2404 opt..
3256 2330 3657 2404 Reg.,'Bonon.

2058 2407 2270 2475 antiq.,
2319 2404 2343 2456 l
2388 2401 2566 2468 Colb.,
2616 2402 2652 2475 2
2683 2402 2875 2475 Brom,
2918 2401 3147 2475 etiapud
3198 2401 3661 2475 ipsutit'l‘uliium.

2058 2476 2151 2531 illa
2179 2473 2322 2534 enim
2352 2484 2551 2529 tantum
2575 2473 2918 2534 solummodo,
2948 2474 3224 2544 eleganter
3251 2475 3315 2529 ad
3346 2473 3662 2531 Graecorum

2060 2546 2413 2603 imitationem
2443 2546 2760 2616 plerumque
2785 2546 3054 2616 negalinni
3078 2546 3477 2611 subintellecta,
3501 2562 3661 2616 quam

2054 2618 2235 2672 addita
2269 2614 2475 2671 malunt
2505 2614 2703 2680 Latini,
2734 2614 2996 2685 sequente
3024 2617 3384 2685 adversativa,
3417 2614 3663 2687 quamvis

2054 2700 2103 2745 et
2150 2697 2242 2744 aut
2284 2689 2436 2743 etiam
2480 2701 2587 2740 non
2630 2687 2881 2741 addatur.
2928 2687 3123 2754 lsaaos,
3173 2691 3260 2757 qui
3303 2687 3371 2742 de
3412 2703 3479 2743 eo
3510 2690 3660 2757 plura

2054 2759 2297 2827 exempla
2316 2757 2697 2828 adducit.-—-In
2718 2758 2838 2811 aliis
2859 2767 2958 2823 est,
2989 2775 3091 2811 non
3109 2759 3258 2812 modo
3277 2775 3368 2828 ego
3387 2775 3521 2817 eum.
3548 2769 3657 2815 etc.

2127 2830 2460 2886 Simillimnm
2492 2827 2599 2882 Deo
2621 2831 2822 2898 judico.
2853 2829 3112 2897 Apuleius
3145 2831 3238 2885 lib.
3262 2830 3331 2884 de
3360 2831 3468 2884 Deo
3492 2830 3650 2887 Socr.

2058 2900 2213 2955 Nihil
2236 2912 2308 2954 est
2340 2898 2451 2954 Deo
2476 2901 2695 2955 similius
2722 2910 2768 2955 et
2803 2902 3023 2970 gratius,
3062 2916 3213 2969 quam
3241 2903 3318 2955 vir
3345 2902 3517 2955 animo
3544 2919 3660 2970 per-

2058 2978 2184 3045 fecte
2199 2972 2377 3028 bonus.
2406 2971 2609 3045 Plinius
2630 2973 2784 3045 initio
2803 2973 3064 3043 Panegyr.
3085 2988 3097 3024 :
3124 2971 3263 3039 Quid
3281 2973 3413 3025 enim
3429 2983 3501 3026 est
3528 2989 3662 3041 pro:-

2057 3040 2291 3099 stabilius
2320 3054 2408 3095 aut
2437 3040 2702 3112 pulchrius
2741 3040 3211 3114 ntunereﬂdeorttm,
3242 3060 3395 3114 quant
3422 3054 3588 3098 castus
3614 3055 3662 3100 et

2058 3127 2263 3173 sanctus
2281 3122 2329 3169 et
2355 3115 2455 3169 diis
2478 3114 2770 3184 simillimus
2800 3114 3071 3184 princeps?
3102 3113 3563 3174 ldcnt'ilttsouius.
3590 3115 3660 3171 de

2059 3202 2120 3242 re
2144 3187 2330 3241 eadem
2358 3182 2496 3255 apud
2524 3185 2818 3249 SlObil‘llm,
2848 3201 2955 3240 ser.
2976 3182 3073 3241 ‘46.
3101 3184 3326 3241 Aristot.
3367 3187 3527 3241 etiam
3552 3185 3659 3240 Po-

2058 3257 2137 3313 lit.
2169 3258 2262 3312 lib.
2298 3271 2376 3317 tu,
2407 3269 2525 3328 cap.
2566 3256 2619 3321 9,
2649 3257 2919 3311 hominem
2965 3258 3159 3328 virtute
3187 3266 3529 3328 prmstantem
3556 3260 3662 3313 θεὸν

2061 3332 2109 3383 ἐν
2130 3332 2432 3407 amomi
2453 3326 2604 3407 sive“:
2636 3344 2743 3407 esse
2781 3337 3050 3407 utinquam
3080 3326 3245 3407 psunt
3272 3329 3405 3407 inter
3430 3328 3661 3407 homines

2059 3398 2348 3456 existu'nat.
2378 3401 2533 3455 Plura
2565 3399 2632 3454 de
2660 3398 2764 3454 hoc
2789 3398 2910 3453 vide
2937 3400 3030 3454 lib.
3069 3398 3138 3453 de
3160 3400 3240 3454 ira
3270 3399 3383 3466 Dei,
3410 3414 3530 3469 cap.
3564 3400 3653 3455 l9.

2063 3471 2353 3527 VALLtNus.

2133 3541 2367 3597 Similem
2397 3540 2519 3595 Deo.
2542 3539 2741 3596 Juliutn
2769 3539 2976 3596 scilicet
2995 3538 3263 3596 Caesarem
3289 3550 3510 3611 promer
3537 3542 3651 3598 cle-

2059 3613 2338 3669 mentium.

2131 3683 2403 3737 Putandus
2432 3692 2524 3737 est.
2569 3683 2660 3738 Sic
2690 3682 2870 3751 legere
2912 3681 3054 3735 malo
3079 3698 3203 3736 cum
3239 3683 3489 3739 omnibus
3520 3699 3658 3752 pene

2058 3771 2187 3811 mss.
2216 3756 2354 3811 inter
2374 3770 2510 3825 quos
2533 3766 2657 3809 sunt
2678 3755 2864 3825 Optimi
2891 3764 2945 3808 et
2972 3755 3314 3809 vetustissimi
3338 3755 3373 3808 2
3397 3755 3527 3820 Reg.
3553 3756 3660 3812 900

2056 3842 2249 3882 annor.
2280 3835 2334 3881 et
2358 3826 2394 3879 ﬂ
2422 3826 2629 3883 Bonan.
2660 3840 2820 3895 quam
2849 3840 2970 3880 cum
3003 3827 3192 3889 (Lauc.,
3226 3825 3351 3882 Jun.
3385 3839 3449 3881 ac
3474 3826 3652 3892 editis,

2051 3899 2368 3968 judicandus
2391 3909 2483 3952 est.
2511 3897 2670 3953 Plura
2698 3897 2818 3951 vide
2838 3895 2977 3967 apud
3005 3895 3338 3953 Lactantium
3363 3898 3455 3954 lib.
3486 3898 3550 3952 de
3570 3897 3660 3954 Ira

2058 3968 2178 4034 Dei,
2207 3984 2327 4039 cap.
2364 3969 2450 4025 i9.

2132 4042 2301 4107 Quam
2326 4043 2412 4109 qui
2439 4040 2711 4095 violentam
2739 4040 2793 4094 in
2821 4055 2894 4103 se,
2919 4047 3025 4097 etc.
3055 4039 3303 4109 Plerique
3331 4040 3578 4106 impressi
3605 4049 3662 4095 et

2057 4127 2191 4168 mss.
2237 4113 2434 4167 habent
2463 4113 2788 4178 violentiam;
2820 4110 2913 4165 sed
2954 4109 3116 4166 [satus
3162 4120 3283 4181 post
3311 4111 3657 4166 'l‘ltotnasium

2057 4184 2309 4250 correxit,
2347 4184 2602 4253 legitque.
2629 4184 2714 4251 qui
2744 4184 2969 4246 leonem,
3001 4199 3153 4252 quant
3181 4183 3268 4248 qui
3308 4182 3578 4237 violentam
3605 4184 3658 4236 in

2058 4271 2112 4326 se
2136 4256 2252 4326 ipso
2291 4255 2539 4326 incluserit
2581 4256 2748 4326 {erant
2772 4263 2976 4326 superat
2998 4254 3342 4326 iracundiam.
3381 4254 3468 4326 Sic
3494 4254 3654 4326 etiam

1979 4324 2033 4384 D
2059 4324 2260 4385 habent
2287 4326 2312 4379 i
2342 4325 2473 4379 Bon.
2508 4322 2698 4394 anliq.,
2725 4324 2760 4378 2
2787 4322 2916 4394 Reg.
2937 4364 2951 4386 ,
2989 4323 3015 4377 1
3049 4324 3284 4378 Claram.
3314 4333 3365 4378 et
3398 4322 3441 4394 2
3468 4323 3650 4394 Colla;

2059 4400 2201 4467 quod
2229 4398 2357 4450 mihi
2386 4395 2541 4450 valde
2566 4392 2851 4467 probatur;
2874 4392 3002 4447 nam
3028 4395 3337 4467 oratioipsa
3361 4392 3658 4467 elegantior

2060 4464 2145 4523 est
2168 4481 2232 4522 ac
2252 4469 2487 4537 gravior.
2510 4467 2661 4534 Quod
2689 4466 2733 4520 si
2756 4467 2995 4537 legamus
3012 4464 3324 4529 violentiam,
3354 4464 3655 4537 lltllll‘lllﬂn,

2057 4554 2177 4606 qua:
2208 4534 2344 4592 ratio
2371 4536 2519 4592 reddi
2564 4549 2764 4606 posset,
2797 4534 2895 4592 cur
2931 4534 3262 4590 iracundiam
3306 4536 3659 4605 appellaverit

2057 4609 2224 4665 feram
2258 4611 2309 4663 itt
2344 4610 2523 4678 seipsn
2552 4607 2833 4675 inclusam,
2871 4621 2996 4661 cum
3028 4607 3277 4663 violentia
3316 4608 3373 4662 lit
3411 4608 3661 4662 acerbior

2056 4681 2301 4751 quaedam
2344 4679 2648 4743 iracundia;
2681 4680 2782 4748 ita,
2811 4694 2932 4733 cum
2961 4693 3120 4751 unum
3156 4680 3243 4733 ttni
3275 4687 3479 4751 tantum
3510 4693 3659 4733 com-

2059 4767 2281 4820 parare,
2310 4763 2365 4807 et
2400 4753 2611 4806 leonem
2642 4760 2915 4817 assumat,
2966 4750 3116 4805 illunt
3176 4752 3294 4805 sine
3318 4750 3496 4819 ,dubio
3533 4764 3656 4805 cum

2055 4823 2291 4878 violenta
2316 4824 2404 4877 illa
2433 4820 2546 4877 fera
2578 4822 2849 4878 iracundia
2876 4828 3169 4889 comparat.

2134 4894 2512 4965 Rupacissimas
2562 4893 2790 4965 volucres
2844 4893 3037 4965 dejicit.
3085 4889 3304 4965 sagittis
3348 4890 3651 4965 interfecit;

2060 4965 2253 5036 Hygin.
2306 4963 2434 5021 Fab.
2468 4967 2569 5027 30,
2609 4964 2754 5034 quod
2798 4963 2956 5035 negat
2997 4964 3311 5036 Apollonius
3351 4963 3446 5020 lib.
3488 4976 3553 5027 tt,
3600 4977 3649 5013 v.

2058 5034 2222 5097 1055,
2250 5052 2402 5090 teneo
2427 5036 2755 5103 crepitaculo
2784 5034 2960 5104 potius
2989 5046 3042 5091 et
3070 5034 3284 5101 tinnitu,
3312 5049 3472 5105 quam
3498 5047 3650 5097 arcu,

2056 5108 2303 5178 abegisse
2332 5107 2684 5162 contendens.
2721 5107 2851 5162 BDN.

2131 5180 2436 5233 Amazonem
2466 5178 2796 5232 bellatricem.
2828 5183 3155 5234 Amazonum
3192 5189 3389 5231 nomen
3422 5180 3653 5229 tractum

2058 5258 2142 5305 est
2163 5252 2230 5303 ab
2250 5250 2471 5304 alterius
2495 5264 2741 5303 mamma:
2759 5252 2966 5317 jactura
2995 5268 3008 5303 :
3036 5250 3263 5303 dextram
3287 5246 3475 5316 quippe
3496 5263 3657 5299 tuam-

2057 5336 2194 5375 mant
2218 5320 2281 5375 ab
2309 5321 2530 5389 infantia
2552 5322 2838 5386 inurcbant,
2868 5336 2930 5375 ne
2952 5321 3253 5390 sagittarum
3269 5317 3472 5390 jac-tum
3496 5319 3659 5388 impe-

2058 5392 2223 5453 diret;
2251 5388 2395 5462 quod
2426 5393 2727 5462 fabulosum
2760 5404 2863 5462 non
2896 5388 3548 5462 esse'prorsuscoiiigere
3572 5400 3661 5462 est

2058 5478 2124 5517 ex
2157 5460 2400 5529 Platone,
2439 5462 2507 5516 dc
2537 5461 2790 5532 Legibus,
2821 5460 2911 5514 lib.
2936 5476 3030 5516 vtt.
3061 5460 3276 5528 Aliquid
3300 5462 3478 5516 simile
3501 5460 3661 5532 habet

2059 5532 2413 5603 Hippocrates
2461 5535 2513 5589 in
2567 5531 2632 5589 re
2676 5534 2817 5589 seria
2865 5533 2933 5588 de
2979 5533 3195 5604 Scythis
3243 5534 3327 5591 sui
3378 5531 3653 5600 temporis.

2057 5604 2406 5662 Bocnaarus.

2065 5674 2478 5806 δυιέἴέἅιηιξῗι...
2509 5676 2663 5748 fama
2685 5671 3079 5733 debellatricem.
3110 5671 3235 5751 llaec
3263 5674 3459 5747 desunt
3481 5669 3532 5725 in
3562 5664 3665 5743 ed.
