4172 6202
516 239 620 298 159

1616 260 1805 318 FIRM.
1849 263 2217 327 LACTANTII
2260 271 2464 330 DIVIN.
2509 275 2752 337 INSTIT.

3713 298 3816 355 160

508 377 658 421 mum
680 364 749 422 de
777 367 1008 473 stabulo,
1031 386 1192 479 quam
1216 374 1304 446 qui
1333 375 1458 432 vitia
1486 378 1554 434 de
1580 383 1746 438 corde
1775 399 1875 440 suo
1902 388 2099 458 egerit,
2131 391 2185 452 Α
2210 390 2349 446 rium
2377 411 2388 446 :
2420 395 2596 451 nullos
2625 397 2791 453 dabit.
2823 397 3121 458 Credamus
3150 405 3310 476 igitur
3341 409 3480 477 istis,
3504 411 3592 482 qui
3623 428 3728 470 non
3757 425 3814 471 ut

507 471 628 528 quae
656 461 823 531 magis
842 471 970 518 sunt
990 466 1315 534 perniciosa,
1341 473 1462 541 quia
1489 472 1785 532 domestica
1815 487 1870 534 et
1892 483 2104 552 propria

507 555 648 607 mala
681 565 836 620 sunt,
865 572 1024 628 quam
1055 560 1179 626 illa,
1223 579 1342 634 quae
1372 578 1427 620 et
1465 570 1622 624 vitari
1657 581 1907 640 poterant
1933 584 1986 630 et
2013 591 2104 630 ca-

505 646 641 700 veri.
673 645 752 700 Ex
781 663 887 718 quo
917 649 993 716 lit,
1030 662 1090 707 ut
1120 654 1208 710 ille
1244 657 1395 713 solus
1432 659 1516 715 vir
1554 661 1706 717 fortis
1742 663 1940 721 debeat
1960 666 2108 737 judi—

507 739 650 803 cari,
683 740 773 810 qui
807 749 1148 812 temperans,
1182 749 1493 806 moderatus
1517 763 1573 810 et
1597 755 1777 825 justus
1814 769 1917 812 est.
1952 759 2104 828 Quod

505 829 552 885 si
573 831 770 901 cogitet
787 833 1006 904 aliquis,
1025 854 1146 909 qua:
1169 841 1277 895 sint
1298 843 1392 898 Dei
1415 860 1578 914 Opera
1605 866 1616 901 :
1638 849 1748 913 jam
1767 849 1884 906 haec
1901 853 2103 919 omnia,

505 938 626 992 quae
650 927 916 983 mirantur
939 929 1188 989 homines
1213 933 1558 1005 ineptissimi,
1581 939 1804 996 ridicula
1823 942 2104 1012 judicabit.

504 1015 598 1071 Illa
630 1019 772 1073 enim
804 1035 910 1076 non
940 1023 1138 1080 divinis
1171 1027 1493 1097 virtutibus,
1536 1047 1672 1101 quas
1705 1033 1977 1102 ignorant,
2009 1036 2104 1092 sed

506 1107 819 1168 inﬁrmitate
847 1128 1063 1170 suarum
1093 1117 1288 1173 virium
1321 1123 1636 1178 metiuntur.
1669 1124 1805 1180 Nam
1835 1126 1966 1181 illud
1989 1129 2105 1198 qui-

504 1199 626 1257 dem
659 1218 820 1258 nemo
851 1207 1086 1277 negabit,
1121 1209 1405 1266 Herculem
1429 1227 1538 1269 non
1563 1215 1869 1288 Eurystheo
1894 1227 2105 1274 tantum

504 1296 740 1353 servisse
765 1301 902 1370 regi,
930 1302 1073 1370 quod
1103 1303 1443 1375 aliquatenus
1475 1307 1763 1366 honestum
1807 1311 1974 1369 videri
2015 1330 2108 1385 po-

504 1397 641 1456 test;
670 1391 764 1446 sed
791 1392 952 1448 etiam
987 1395 1272 1465 impudica:
1309 1401 1520 1457 mulieri
1549 1403 1858 1474 Omphalae,
1889 1423 2010 1478 quae
2039 1409 2107 1462 il-

506 1481 617 1536 lum
649 1485 894 1541 vestibus
921 1487 1033 1542 suis
1065 1488 1308 1546 indutum
1344 1493 1537 1549 sedere
1565 1496 1632 1551 ad
1663 1496 1831 1567 pedes
1861 1514 1989 1556 suos
2013 1501 2108 1570 ju-

505 1574 666 1632 bebat
710 1592 876 1647 pensa
922 1581 1205 1639 facientem
1240 1602 1254 1639 :
1286 1585 1624 1644 detestabilis
1669 1593 1976 1662 turpitudo!
2011 1597 2106 1651 sed

504 1669 638 1723 tanti
667 1679 784 1725 erat
811 1673 1082 1744 voluptas.
1109 1675 1246 1744 Quid
1281 1686 1356 1742 tu,
1383 1679 1587 1748 inquiet
1613 1682 1830 1754 aliquis,
1859 1687 2108 1756 poetisne

504 1761 834 1818 credendum
864 1767 1058 1835 putas?
1085 1766 1280 1837 Quidni
1311 1774 1530 1841 putem?
1557 1773 1673 1830 Non
1701 1778 1846 1832 enim
1874 1778 1974 1834 ista
1996 1779 2104 1834 Lu-
2140 1787 2188 1846 B

505 1856 660 1911 cilius
686 1868 892 1924 narrat,
922 1870 1013 1916 aut
1036 1861 1324 1930 Lucianus,
1347 1866 1437 1936 qui
1462 1866 1566 1921 diis
1592 1878 1648 1923 et
1671 1867 1978 1927 hominibus
2000 1888 2107 1928 non

507 1950 781 2020 pepercit;
812 1952 911 2008 sed
947 1953 998 2008 bi
1031 1956 1391 2026 potissimum,
1425 1960 1516 2030 qui
1546 1960 1772 2018 deorum
1805 1964 1989 2021 laudes
2014 1981 2108 2022 ea-

507 2042 728 2099 nebaut.

577 2137 782 2206 Quibus
810 2140 970 2211 igitur
993 2142 1312 2211 credemus,
1345 2146 1390 2200 si
1428 2146 1589 2203 ﬁdem
1631 2148 1975 2207 laudantibus
2002 2169 2109 2208 non

505 2228 802 2286 habemus?
829 2233 929 2302 Qui
963 2232 1062 2290 bos
1093 2239 1308 2293 mentiri
1342 2247 1522 2308 putat,
1552 2241 1793 2312 proferat
1827 2245 1963 2299 alios
1993 2247 2112 2317 qui-

503 2324 606 2381 bus
631 2325 918 2384 credamus
945 2337 1212 2395 auctores,
1241 2331 1331 2400 qui
1367 2347 1467 2389 nos
1495 2333 1747 2402 doceant,
1773 2337 1862 2406 qui
1890 2339 1997 2392 sint
2020 2339 2108 2394 isti

504 2417 602 2484 dii,
632 2419 926 2489 quomodo,
955 2421 1096 2477 unde
1123 2423 1261 2488 orti;
1292 2439 1412 2494 qua:
1443 2424 1513 2480 sit
1545 2427 1623 2482 vis
1651 2443 1861 2497 eorum,
1892 2432 1980 2500 qui
2012 2448 2111 2486 nu-

506 2527 688 2568 merus
710 2555 725 2578 ,
756 2529 878 2582 qua)
906 2524 1179 2586 potestas,
1211 2517 1338 2587 quid
1386 2521 1437 2573 in
1479 2519 1564 2576 his
1593 2520 1942 2589 admirabile,
1983 2524 2108 2594 quid

506 2606 654 2661 cultu
675 2605 917 2680 dignum,
942 2607 1084 2680 quod
1109 2609 1342 2681 denique
1367 2613 1572 2669 certius
1592 2616 1882 2687 veriusque
1909 2626 2110 2690 myste-

2212 484 2673 552 reprelicnderent
2697 502 2821 545 sunt
2852 492 3045 556 locuti;
3075 497 3170 552 sed
3206 510 3262 554 ut
3300 501 3679 570 praedicarent.
3705 506 3815 562 Na-

2213 578 2412 647 vigavit
2433 595 2561 652 ergo
2585 598 2706 638 cum
2737 588 3082 656 Argonautis,
3108 597 3546 668 expugnavitque
3567 599 3810 670 Trojam,

2215 670 2383 726 iratus
2421 673 2772 732 Laomedonti
2803 679 2872 734 ob
2915 694 3161 751 negatam
3195 685 3297 740 sibi
3329 703 3426 758 pro
3462 690 3584 745 lilize
3641 695 3814 749 salute

2216 764 2518 820 mercedem
2545 785 2558 820 :
2589 768 2746 836 unde,
2778 785 2884 841 quo
2912 782 3155 845 tempore
3181 777 3361 846 fuerit,
3391 795 3638 852 apparet.
3665 785 3808 842 Idem

2213 853 2395 912 furore
2420 869 2584 928 atque
2614 863 2815 916 insania
2848 865 3105 934 percitus,
3141 885 3366 927 uxorem
3407 890 3560 930 suam
3593 893 3714 933 cum
3744 880 3812 934 li-

2212 947 2357 1003 beris
2403 951 2693 1009 interemit.
2737 955 2893 1012 Hunc
2938 957 3184 1018 homines
3231 963 3389 1020 deum
3441 971 3669 1038 putant?
3715 973 3808 1027 sed

2211 1039 2506 1098 Philocteta
2535 1045 2654 1116 ejus
2681 1045 2855 1103 haeres
2880 1065 2987 1106 non
3024 1055 3260 1121 putavit,
3291 1058 3381 1127 qui
3414 1058 3586 1115 facem
3610 1076 3810 1133 suppo-

2210 1133 2317 1187 suit
2343 1150 2563 1204 arsuro,
2595 1140 2686 1209 qui
2713 1150 2864 1195 artus
2903 1143 3020 1213 ejus
3056 1154 3111 1200 et
3137 1163 3332 1204 nervos
3356 1154 3584 1208 cremari
3613 1169 3676 1210 ac
3701 1155 3808 1210 dif-

2211 1224 2377 1280 ﬂuere
2406 1227 2570 1294 vidit,
2601 1231 2687 1298 qui
2722 1247 2842 1288 ossa
2873 1235 2987 1304 ejus
3024 1252 3086 1291 ac
3110 1240 3321 1296 cineres
3345 1242 3397 1296 in
3424 1243 3597 1300 (Eteo
3625 1257 3807 1304 monte

2210 1318 2475 1389 sepelivit,
2509 1337 2607 1392 pro
2632 1339 2740 1395 quo
2771 1342 2994 1384 munere
3019 1332 3242 1401 sagittas
3270 1335 3388 1404 ejus
3416 1337 3642 1408 accepit.

2835 1488 3063 1546 CAPUT
3104 1490 3170 1550 Χ.

2212 1616 2292 1674 De
2318 1617 2645 1689 £sculapii,
2676 1623 2932 1692 Apollinis
2951 1666 2966 1688 ,
3013 1624 3272 1696 Neptuni,
3313 1627 3500 1684 Martis
3521 1673 3535 1694 ,
3588 1629 3811 1687 Castoris

2326 1723 2373 1767 et
2401 1712 2654 1781 Pollucis,
2692 1715 2936 1772 Mercurii
2962 1728 3112 1788 atque
3145 1719 3316 1775 Liberi
3341 1722 3442 1776 vita
3461 1733 3510 1777 et
3529 1726 3700 1794 gestis.

2290 1868 2635 1939 IEsculapius
2683 1881 2737 1926 et
2791 1870 2905 1940 ipse
2959 1885 3065 1926 non
3123 1873 3240 1928 sine
3294 1873 3498 1944 ﬂagitio
3547 1877 3815 1946 Apollinis

2217 1971 2412 2028 natus,
2469 1961 2599 2031 quid
2648 1961 2773 2017 fecit
2821 1962 2964 2018 aliud
3006 1964 3208 2019 divinis
3230 1965 3525 2022 honoribus
3549 1967 3768 2038 dignum
3797 2010 3813 2033 ,

2217 2055 2318 2111 nisi
2373 2056 2518 2126 quod
2565 2059 2775 2112 sanavit
2799 2057 3192 2129 Hippolytum?
3223 2069 3450 2116 mortem
3481 2077 3612 2117 sane
3631 2061 3816 2118 habuit

2215 2149 2498 2204 clariorem
2519 2193 2534 2215 ,
2567 2150 2709 2220 quod
2741 2165 2768 2203 a
2803 2151 2912 2206 Deo
2941 2151 3138 2207 meruit
3174 2151 3467 2209 fulminari.
3512 2155 3662 2210 Hunc
3684 2156 3819 2212 Tar-

2213 2243 2413 2314 quitius
2452 2243 2520 2299 de
2567 2243 2865 2299 illustribus
2896 2245 3027 2300 viris
3056 2245 3349 2312 disserens,
3377 2248 3452 2302 ait
3476 2247 3694 2304 incertis
3723 2266 3817 2320 pa—

2215 2335 2464 2390 rentibus
2492 2346 2673 2389 natum
2696 2378 2710 2400 ,
2742 2336 3042 2404 expositum
3063 2379 3075 2400 ,
3104 2347 3158 2392 et
3184 2353 3212 2392 a
3245 2339 3591 2395 venatoribus
3624 2344 3816 2396 inven«

2213 2439 2370 2494 tum,
2421 2430 2617 2484 canino
2674 2430 2814 2484 laCIe
2873 2431 3165 2497 nutritum,
3227 2431 3448 2488 Chironi
3513 2434 3814 2501 traditum,

2218 2524 2470 2580 didicisse
2501 2525 2818 2579 medicinam
2849 2541 2864 2580 :
2897 2524 3062 2580 fuisse
3085 2534 3264 2580 autem
3313 2526 3635 2582 Messenium
3661 2570 3676 2593 ,
3722 2530 3816 2582 sed

2215 2619 2470 2689 Epidauri
2499 2629 2786 2674 moratum.
2813 2619 3020 2675 Tullius
3044 2620 3205 2676 etiam
3229 2619 3524 2694 Cynosuris
3545 2623 3620 2678 ait
3640 2623 3820 2695 sepul-

1774 2758 2139 2816 VARIORUM
2168 2758 2393 2815 NOTAE.

579 2867 888 2946 Temperans
910 2879 1003 2935 est,
1026 2879 1072 2925 et
1095 2869 1409 2946 moderatus,
1437 2880 1518 2946 et._
1541 2870 1772 2946 Reimm.
1803 2875 1891 2946 qui
1915 2885 2104 2946 tempe-

505 2957 628 2994 rans
657 2950 703 2993 et
733 2942 1026 2996 moderatus
1055 2952 1148 3008 est,
1180 2951 1227 2994 et
1244 2945 1439 3010 justus.
1473 2941 1590 2996 Non
1621 2944 1781 2997 male.
1806 2944 1941 3000 Bon.

582 3012 886 3084 Eurystheo.
915 3013 1043 3084 Regi
1066 3013 1514 3085 Mycenarum.V.
1546 3013 1794 3082 Diodor.,
1813 3017 1848 3070 l.
1870 3033 1941 3081 ιν,
1968 3033 2017 3073 c.
2047 3021 2102 3079 9.

505 3093 560 3140 et
587 3085 760 3139 Betul.

581 3155 869 3216 Omphalae.
904 3157 1088 3226 Lydize
1115 3157 1335 3226 regime.
1365 3156 1502 3212 Vide
1540 3156 1787 3225 Fulgent.
1807 3201 1822 3223 ,
1854 3159 2104 3227 Mythol.,

506 3226 601 3302 l_ib.
645 3243 729 3302 ιι..
756 3230 913 3302 c;_5;
947 3217 1536 3302 Ῐῖἱθιιοικίείιειιι...ιίιιἱ
1569 3217 1725 3291 ινξο.
1753 3217 1849 3297 3i;
1888 3217 2106 3302 Hygin.,

507 3298 639 3353 Fab.
668 3298 758 3358 52:
785 3299 1146 3354 Elmenhorst.
1177 3301 1228 3353 in
1255 3297 1456 3354 Arnob.
1482 3298 1621 3354 libro
1650 3316 1720 3366 tv,
1751 3307 1890 3369 apud
1918 3297 2109 3360 Luciu-

507 3385 658 3433 num,
689 3369 1062 3426 )Esculanium
1112 3381 1167 3427 et
1193 3371 1443 3428 Statium.

576 3440 886 3508 Turpitudo.
915 3442 1015 3496 Ms.
1045 3442 1170 3498 Jun.
1199 3443 1330 3513 legit
1357 3439 1629 3513 fortitudo,
1655 3441 1750 3498 sed
1777 3444 1938 3500 male.
1975 3446 2108 3504 Vide

506 3512 755 3568 Ovidium
789 3513 840 3567 in
870 3513 1134 3569 Heroicis.

582 3584 702 3639 Non
723 3586 857 3639 enim
880 3588 978 3641 ista
997 3585 1243 3642 Lucilius.
1271 3585 1533 3640 Vitiorum
1553 3593 1770 3640 notator
1789 3589 2103 3644 acerrimus.

505 3654 736 3728 Videndi
766 3657 1041 3728 Juvenalis
1071 3659 1184 3714 Sat.
1230 3659 1281 3720 1,
1313 3657 1380 3712 de
1423 3657 1526 3711 hoc
1565 3656 1770 3714 Lucilio
1815 3669 2007 3728 poeta,
2055 3672 2110 3717 et

508 3727 729 3783 Persius
759 3727 871 3784 Sat.
911 3731 960 3783 l.

581 3799 734 3865 Quod
761 3799 976 3868 denique
1005 3800 1190 3854 certius
1218 3801 1481 3867 veriusque
1510 3801 1826 3869 mysterium.
1857 3801 1946 3856 Sic
1981 3817 2106 3859 cum

507 3871 730 3940 reliquis
750 3869 983 3924 Reimm.
1012 3870 1129 3924 Non
1149 3870 1310 3923 credit
1331 3871 1702 3937 Henmannns,
1728 3871 1982 3926 Lactantii
2002 3891 2108 3930 esse

508 3941 618 3994 haec
645 3941 826 4006 verba;
856 3953 909 3995 at
944 3941 1073 3996 mihi
1116 3942 1366 3996 videntur
1407 3942 1488 3997 vel
1532 3941 1762 3997 maxime
1803 3947 2106 4001 necessaria

510 4022 730 4080 propter
756 4023 1036 4080 suspectos
1073 4013 1341 4068 mendacii
1371 4023 1576 4082 poetas,
1610 4013 1700 4079 qui
1729 4013 1817 4067 illa
1853 4017 2106 4084 mysteria

508 4087 905 4139 revelaverant.
946 4084 1081 4140 Hinc
1123 4100 1242 4152 cap.
1284 4084 1351 4139 12
1376 4127 1390 4150 ,
1441 4085 1771 4138 revelauimus
1811 4087 2108 4154 mysterium

509 4165 794 4229 poetarum,
837 4156 1030 4229 quibus
1069 4155 1316 4229 rejectis,
1346 4157 1878 4229 certius__veriusque
1908 4169 2110 4229 myste-

508 4227 645 4280 rium
673 4238 790 4281 erat
814 4228 1216 4296 requirendum.
1249 4226 1405 4281 Conf.
1437 4241 1486 4279 c.
1521 4227 1608 4289 15,
1635 4241 1683 4280 e.
1709 4228 1802 4280 21.

582 4297 773 4353 Nullos
801 4299 963 4352 dabit.
997 4299 1124 4353 Mss.
1156 4315 1293 4364 ree.,
1336 4300 1370 4351 5
1408 4297 1563 4354 Colb.
1603 4307 1659 4352 et
1691 4299 1713 4352 1
1751 4299 1953 4354 Bonon.
1983 4314 2105 4354 cum

506 4369 595 4423 ed.
628 4369 785 4424 Rom.
835 4371 1004 4435 M70,
1035 4371 1204 4426 Paris.
1245 4371 1412 4438 1525,
1441 4367 1666 4440 Graph.,
1699 4369 1973 4441 Gymnic.,
2007 4370 2104 4439 ls.,

506 4441 680 4494 nullus
703 4442 862 4495 dabit.

578 4511 905 4581 Argonautis.
951 4514 1381 4580 Argonautarum
1426 4511 1693 4582 navigatio
1721 4511 1854 4566 facta
1896 4510 1995 4566 fuit
2037 4515 2108 4570 85

507 4596 679 4638 annos
709 4592 833 4637 ante
863 4585 1154 4651 Troianum
1199 4583 1488 4642 excidium.
1528 4585 1610 4638 vel
1652 4583 1722 4636 ’52
1752 4598 1922 4636 annos
1950 4595 2104 4640 aute-

505 4669 664 4721 quam
694 4664 946 4723 regnaret
985 4655 1265 4709 Thesmns.
1308 4655 1442 4710 Vide
1475 4655 1815 4722 Apollonium
1869 4664 1922 4709 et
1950 4655 2108 4711 Vale-

507 4724 645 4779 rium
677 4725 925 4780 Flaccum
961 4727 1010 4779 in
1043 4726 1438 4794 Argonauticis.

577 4795 809 4864 Trojam.
847 4797 969 4851 llrcc
997 4797 1212 4867 quidem
1241 4797 1452 4852 obsidio
1475 4797 1542 4851 10
1562 4797 1716 4850 annis
1741 4806 1866 4852 ante
1887 4797 2103 4865 Trojam

506 4882 536 4921 a
567 4867 772 4924 Graecis
797 4869 1090 4936 direptam,
1121 4870 1172 4924 in
1213 4884 1317 4940 qua
1347 4868 1764 4924 Laomedontem
1795 4884 1958 4939 regno
1993 4871 2104 4938 pri-

507 4940 650 4993 vavit
682 4940 957 4995 Hercules.

540 5011 751 5084 ‘Filirr.
785 5013 1066 5078 Hesiones,
1107 5027 1264 5084 quam
1297 5026 1325 5065 a
1351 5019 1592 5066 monstro
1628 5012 1920 5066 vorandam
1949 5015 2104 5069 rede-

506 5083 602 5138 mit
627 5085 906 5141 Hercules.

577 5154 793 5211 Insania
838 5157 1079 5220 percitus.
1120 5155 1166 5210 Α
1208 5154 1451 5213 Iunone,
1487 5169 1607 5219 qure
1637 5153 1844 5209 scilicet
1873 5154 1971 5222 ipsi
2016 5157 2101 5211 in-

504 5224 638 5281 festa
663 5239 798 5282 erat.
831 5228 964 5283 Vide
996 5226 1280 5282 Herculem
1324 5225 1589 5280 furentem
1631 5225 1904 5292 Euripidis
1942 5239 2104 5298 atque

504 5299 664 5350 etiam
685 5299 926 5354 Senecm.

581 5367 824 5424 Uxorem.
849 5370 945 5426 Cui
970 5386 1162 5425 nomen
1185 5378 1300 5424 erat
1322 5369 1552 5437 Megara,
1576 5367 1824 5424 Creontis
1849 5369 2100 5426 Menzeeei

507 5438 830 5513 liliinatam.
859 5443 995 5496 Vide
1045 5443 1326 5512 Epitomen
1367 5440 1650 5506 Lactantii,
1693 5455 1812 5509 cap.
1843 5441 1898 5505 7,
1942 5451 2102 5513 atque

505 5509 913 5579 Apollodorum,
945 5513 1039 5566 lil).
1063 5509 1120 5568 ti.

583 5580 886 5636 Philocteta.
935 5585 1009 5639 Ita
1055 5585 1388 5639 restituimns
1433 5599 1499 5638 ex
1544 5599 1700 5644 mss.:
1733 5583 1798 5637 ad
1828 5583 1928 5636 hoc
1955 5584 2098 5638 enim

504 5654 681 5708 cuncti
722 5656 1066 5709 conveniunt.
1117 5654 1175 5708 In
1212 5656 1370 5710 editis
1409 5665 1490 5707 est
1533 5654 1862 5709 Philoctetes.
1897 5657 1968 5708 lle
1999 5656 2102 5711 hoc

507 5725 623 5794 lege
655 5725 902 5782 Servium
935 5725 1000 5779 ad
1029 5725 1244 5782 Eueid.
1280 5742 1355 5794 nt.
1389 5723 1656 5780 Caeterum
1681 5727 1749 5782 de
1780 5726 2099 5782 Philocteta:

509 5792 724 5853 interitu
762 5805 816 5854 et
844 5793 1142 5868 suaesuae,
1175 5795 1292 5869 lege
1320 5792 1474 5853 Ovid.
1507 5795 1598 5853 lib.
1632 5809 1682 5852 ιιι
1716 5795 2096 5870 Metamorpli.,-

2131 4463 2184 4523 D

2211 2873 2320 2931 fab.
2350 2877 2401 2930 1.
2430 2875 2560 2944 Ejus
2592 2876 2816 2931 historia
2849 2885 2930 2932 est
2966 2876 3105 2946 apud
3148 2876 3532 2932 Philostratnm
3562 2877 3613 2932 in
3637 2877 3819 2933 heroi-

2213 2949 2310 3013 cis,
2341 2963 2460 3017 cap.
2491 2950 2543 3002 6.
2571 2948 2895 3004 BETULEIUS.

2289 3040 2389 3106 Qui
2417 3059 2532 3096 ossa
2557 3044 2666 3112 ejus
2693 3060 2752 3096 ac
2781 3044 2971 3097 cineres
2994 3043 3045 3096 in
3071 3041 3232 3096 (Eleo
3258 3055 3426 3098 monte
3447 3043 3694 3112 sepeliuit.
3725 3044 3820 3098 Vi-

2214 3111 2333 3166 bius
2361 3111 2652 3174 Setinoster
2676 3115 2744 3168 de
2771 3115 3035 3168 Montibus
3062 3133 3074 3167 :
3106 3113 3242 3168 (Eia
3270 3131 3412 3168 mons
3440 3111 3694 3182 Tliracire,
3730 3117 3818 3169 ubi

2217 3182 2467 3239 Hercules
2488 3196 2560 3239 est
2581 3187 2892 3240 combustus.
2917 3185 3220 3256 Cyprianus
3245 3184 3313 3239 de
3341 3186 3496 3240 idolis
3524 3204 3535 3238 :
3570 3185 3816 3241 Hercules

2214 3264 2268 3327 ut
2291 3257 2544 3309 hominem
2572 3271 2746 3319 exuat,
2773 3257 2947 3312 (Eteis
2976 3258 3173 3327 ignibus
3202 3267 3570 3310 concrematur.
3605 3257 3816 3312 Videsis

2211 3325 2565 3400 Mythologos,
2605 3327 2892 3400 Hyginum,
2924 3325 3438 3400 fab.‘56;rServinm
3467 3329 3531 3381 ad
3561 3329 3670 3382 Ecl.
3702 3330 3734 3384 8
3761 3339 3815 3384 ct

2211 3414 2306 3469 vin
2336 3398 2574 3462 [Eneidq
2602 3398 2912 3469 Aiignstin.,
2933 3401 2999 3453 de
3023 3398 3139 3452 Civ.
3173 3399 3286 3459 llei,
3314 3401 3404 3454 lib.
3432 3416 3578 3461 xviii,
3608 3417 3726 3464 cap.
3754 3402 3807 3454 αἱ.

2215 3468 2297 3524 Ea:
2312 3468 2772 3525 ELIIENHOBST.-
2789 3471 3059 3526 Arnobius
3079 3469 3170 3522 lib.
3190 3486 3238 3521 iv
3262 3487 3325 3524 ex
3344 3471 3645 3531 Plutarcho,
3667 3474 3739 3524 ait
3759 3473 3809 3526 id

2210 3540 2409 3595 factum
2453 3558 2573 3597 esse
2619 3553 2738 3611 post
2781 3541 3067 3596 comitialis
3113 3541 3284 3596 morbi
3335 3542 3548 3605 ruinas;
3579 3544 3721 3598 unde
3757 3556 3810 3597 et

2213 3612 2312 3666 iste
2338 3613 2561 3667 morbus
2597 3614 2664 3667 ab
2691 3613 2912 3669 Aristot.
2945 3613 2996 3668 in
3026 3611 3298 3668 Problem.
3333 3613 3630 3670 Herculeus
3652 3629 3810 3668 voca-

2213 3693 2318 3738 tur.

2281 3755 2463 3811 (Eleo.
2501 3756 2722 3812 Prmstat
2750 3771 2879 3811 mss.
2909 3771 3046 3826 pene
3073 3769 3260 3827 omnes
3290 3755 3460 3825 sequi,
3489 3771 3648 3827 quam
3676 3756 3810 3810 (Eia

2213 3827 2585 3898 vulgatornm,
2635 3839 2689 3882 et
2730 3825 3082 3898 quommdam
3135 3825 3531 3898 Vaticanorum.
3581 3830 3604 3882 1
3659 3829 3805 3896 Lips.

2213 3895 2406 3964 habet,
2440 3900 2492 3952 in
2521 3899 2696 3953 (Euro
2737 3895 2904 3952 monte
2943 3897 3240 3969 Thessalica.
3276 3897 3365 3951 Sic
3399 3908 3453 3951 et
3482 3899 3620 3969 apud
3653 3895 3811 3952 cum-

2211 3983 2398 4022 rOnem
2428 3970 2520 4023 lib.
2551 3987 2602 4022 ιιι
2632 3971 2699 4023 de
2722 3969 2916 4023 Natura
2941 3968 3118 4028 deor.,
3143 3988 3191 4021 c.
3215 3969 3305 4027 41),
3335 3971 3386 4020 in
3415 3968 3582 4024 monte
3608 3969 3806 4024 (Euro.

2289 4039 2532 4109 Flagitio.
2585 4041 2637 4095 [tl
2691 4050 2773 4094 est
2814 4041 3077 4094 adulterio
3123 4040 3385 4109 Apollinis
3427 4056 3548 4095 cum
3585 4044 3811 4096 Arsinoe

2212 4111 2297 4166 vel
2346 4109 2634 4180 Coronide,
2683 4123 2736 4166 ut
2767 4111 3030 4166 Pindarus
3055 4111 3125 4165 ait
3152 4153 3165 4174 ,
3195 4121 3356 4182 atque
3397 4113 3668 4168 Arnobius
3698 4114 3809 4168 libi

2209 4191 2264 4236 et
2291 4199 2380 4237 vn.

2287 4253 2644 4326 Hippolytum.
2679 4254 2874 4310 Thesei
2907 4253 3094 4308 lilium.

2285 4345 2434 4410 Quod
2459 4362 2490 4398 a
2510 4345 2603 4399 deo
2633 4348 2812 4400 meruit
2838 4347 3121 4411 fulminari.
3146 4347 3178 4398 Α
3191 4345 3343 4399 rnob.
3367 4347 3458 4400 lib.
3486 4362 3564 4412 tv,
3585 4355 3810 4402 testatur

2212 4415 2362 4470 illntn
2393 4417 2624 4487 fulminis
2673 4420 2770 4473 telo
2812 4420 2969 4489 fuisse
3013 4417 3359 4486 transﬁxum;
3406 4429 3459 4471 et
3489 4419 3805 4473 Tertullian.

2210 4489 2476 4543 rationem
2525 4489 2933 4560 Aredditiqttare
2972 4489 3239 4560 merui-rit
3291 4489 3585 4560 fulminari.
3645 4491 3802 4560 Apol.

2211 4574 2332 4632 cap.
2371 4561 2437 4615 M
2471 4578 2483 4613 :
2515 4558 2610 4613 Est
2639 4560 2703 4614 de
2733 4559 2931 4632 Lyricis
2959 4559 2978 4632 (
3007 4559 3293 4613 Pindarum
3331 4559 3488 4632 dico)
3539 4561 3627 4625 qui
3677 4558 3808 4615 1E:-

2209 4630 2470 4697 culapium
2517 4632 2654 4685 canit
2728 4630 2976 4685 avaritias
3027 4632 3240 4694 merito,
3298 4631 3434 4697 quod
3501 4633 3807 4686 medicinam

2209 4712 2446 4756 nocenter
2473 4702 2752 4762 exercebat,
2775 4703 2988 4770 fulmine
3006 4701 3336 4754 vindicatum.
3364 4703 3536 4757 Locus
3558 4702 3622 4756 ad
3645 4720 3804 4770 quem

2210 4775 2448 4843 respexit
2474 4773 2699 4828 Tertull.
2725 4783 2809 4828 est
2841 4773 2995 4843 Pyth.
3028 4773 3129 4828 0d.
3149 4773 3202 4828 5.
3238 4775 3310 4826 De
3335 4773 3652 4841 Eseulapio
3682 4775 3805 4829 vide

2207 4842 2524 4898 Pausaniam
2574 4844 2625 4898 in
2682 4842 3080 4906 Corinthiacis,
3127 4859 3189 4898 ac
3238 4844 3532 4900 Diodorum
3566 4845 3804 4902 Siculum

2209 4913 2404 4985 lib.jv,
2436 4915 2624 4985 Virgil.
2654 4917 2744 4968 lib.
2774 4932 2842 4969 vn
2877 4915 3092 4971 xEneid.

2283 4984 2435 5039 Hunc
2465 4984 2776 5055 Tarquitius.
2811 4990 3125 5041 Ammianus
3172 4987 3507 5042 Marcellinus
3539 4989 3629 5043 lib.
3664 5005 3766 5044 xxv
3788 5032 3803 5056 ,

2205 5070 2256 5128 c.
2287 5059 2319 5112 6
2344 5099 2359 5119 .
2387 5058 2455 5114 de
2487 5059 2586 5111 hoc
2613 5067 2832 5114 auctore
2864 5078 2876 5112 :
2917 5059 2997 5113 Ex
3016 5059 3360 5128 Tarquitianis
3383 5059 3524 5112 libris
3549 5061 3599 5114 in
3623 5061 3768 5114 titulo
3786 5103 3801 5125 ,

2207 5127 2286 5183 De
2307 5131 2454 5183 rebus
2481 5131 2684 5198 diuinis,
2708 5132 2924 5185 relatum
2948 5148 3074 5184 esse.
3109 5127 3372 5184 Memorat
3401 5133 3562 5185 etiatn
3593 5133 3800 5187 Macro-

2205 5199 2324 5254 bius
2350 5201 2564 5255 Saturn.
2597 5218 2674 5267 lll,
2700 5219 2748 5266 c,
2780 5204 2832 5256 7.
2864 5203 3139 5257 BUNEMAN.

2277 5291 2504 5348 Chironi.
2539 5295 2612 5349 De
2642 5294 2795 5348 Mort.
2831 5295 2980 5350 Pers.
3009 5309 3126 5356 cap.
3161 5294 3248 5347 55.
3277 5293 3376 5347 Vill
3408 5295 3722 5364 Apollodor.
3760 5297 3800 5354 l.

2205 5380 2221 5418 ι
2253 5365 2402 5437 p._5.
2433 5376 2485 5420 et
2508 5365 2601 5421 lib.
2634 5382 2710 5425 ιιι,
2738 5365 2764 5437 §
2790 5367 2824 5420 5
2848 5408 2861 5430 ,
2897 5381 3015 5436 pag.
3051 5366 3168 5437 I798.
3200 5366 3476 5420 Buuuusn.

2282 5435 2530 5505 Epidauri
2572 5435 2842 5491 moratum.
2888 5435 2983 5491 Ita,
3014 5436 3099 5491 ed.
3138 5445 3191 5491 et
3231 5453 3360 5490 mss.
3392 5436 3559 5492 ferme
3583 5455 3797 5502 omnes:

2205 5508 2232 5561 1
2264 5507 2500 5562 Clarom.
2553 5520 2958 5570 commoratum;
3010 5523 3137 5561 mss.
3177 5509 3200 5561 1
3239 5507 3327 5570 IL,
3383 5510 3404 5562 1
3469 5511 3627 5566 Colb.
3673 5525 3729 5568 et
3773 5515 3796 5568 1

2205 5579 2395 5640 Brun.,
2425 5591 2698 5634 mortuum.
2755 5579 3056 5648 Epidaurus
3107 5589 3187 5634 cst
3253 5580 3380 5649 urbs
3430 5581 3482 5635 in
3553 5585 3751 5636 Achaia
3781 5628 3796 5649 ,

2205 5651 2470 5705 Noronico
2498 5652 2648 5721 quasi
2677 5666 2946 5722 marmore
2964 5651 3232 5710 redimita,
3261 5648 3550 5722 jEsculapii
3575 5648 3802 5709 delubro

2205 5723 2528 5793 percelebris
2577 5723 2743 5777 :hinc
2799 5721 3114 5793 Epidaurius
3157 5730 3376 5776 vocatur
3415 5721 3796 5793 _A£sculapins.

2273 5793 2570 5861 (ignorarit.
2603 5793 2714 5855 Cic.
2743 5790 2864 5849 Nat.
2896 5796 3049 5848 deor.
3082 5793 3174 5845 lib.
3202 5804 3281 5858 ui,
3314 5809 3362 5847 c.
3395 5790 3481 5848 2'2.
3515 5790 3796 5862 Cynosura
