4172 6202
362 281 464 339 165

1431 275 1635 365 Linea
1675 278 1714 335 l.
1759 275 1845 336 ne
1878 271 2094 336 FALSA
2140 271 2526 338 ﬂELlGlONE.

3556 279 3660 339 166

364 397 599 451 humano
643 395 833 467 generi
879 395 1202 468 principium
1257 398 1357 454 fuit
1401 401 1667 455 malorum
1710 399 1952 470 :quihus
1979 403 2028 466 Α
2058 399 2204 456 sulse
2233 399 2451 470 quidam
2503 407 2660 470 poeta
2702 398 3037 471 triumphum
3080 395 3363 470 Cupidinis
3406 397 3660 469 scripsit:

365 493 520 547 victis
541 534 555 558 ,
603 497 658 547 et
704 507 836 562 pace
867 491 918 546 in
953 504 1272 563 perpetuum
1301 505 1610 563 comparata
1630 537 1644 562 ,
1694 493 1957 564 reliquam

358 602 512 641 suam
564 586 727 640 vitam
785 586 838 640 in
891 587 1093 656 stupris
1139 586 1531 658 adulteriisque
1599 587 1959 658 consumpsit.

356 677 564 734 Omitto
594 677 865 748 virgines,
895 693 1033 748 quas
1079 679 1369 734 imminuit.
1419 680 1476 735 Id
1505 681 1650 736 enim
1679 679 1964 735 tolerabile

354 769 590 840 judicari
613 772 774 824 solet.
792 770 1244 842 Amphitryonem
1277 787 1340 826 ac
1355 771 1664 844 Tyndarum
1687 771 1965 842 praeterire

366 877 476 918 neu
555 876 815 932 possum,
886 877 1116 932 quorum
1193 863 1384 918 domos
1447 864 1717 919 dedecore
1801 873 1965 932 atque

363 955 586 1010 infamia
616 955 960 1025 plenissimas
988 954 1244 1010 reddidit.
1273 956 1407 1010 Illud
1439 972 1568 1012 vero
1590 972 1818 1011 summa:
1867 957 1963 1008 im-

365 1052 588 1124 pietatis
613 1066 677 1106 ac
707 1051 968 1116 sceleris,
1003 1052 1146 1121 quod
1191 1053 1398 1123 regium
1433 1067 1659 1122 puerum
1693 1051 1870 1121 rapuit
1896 1048 1964 1104 ad

364 1152 633 1212 stuprum.
651 1143 845 1197 Parum
865 1143 1007 1198 enim
1027 1143 1329 1211 videbatur,
1350 1144 1397 1198 si
1413 1145 1462 1198 iu
1483 1143 1835 1215 exliugnanda
1864 1145 1964 1200 fa:-

363 1238 631 1291 minarum
647 1235 900 1306 pudicitia
916 1235 1456 1308 maculosusessetac
1471 1237 1662 1306 turpis,
1686 1238 1788 1292 nisi
1802 1240 1963 1294 etiam

365 1328 520 1384 sexui
549 1342 649 1383 suo
677 1327 928 1398 injuriam
959 1327 1160 1384 faceret
1195 1343 1211 1381 :
1243 1327 1346 1383 hoc
1390 1337 1477 1384 est
1521 1343 1708 1385 verum
1757 1330 1964 1388 adulte-

368 1421 541 1487 rium,
565 1422 710 1494 quod
737 1422 799 1477 ﬁt
842 1432 1031 1478 contra
1076 1432 1343 1478 naturam.
1379 1424 1505 1481 Haec
1538 1425 1629 1496 qui
1657 1426 1781 1482 fecit
1813 1426 1965 1484 vide-

363 1515 570 1581 rimus,
614 1531 686 1572 an
726 1517 1024 1582 maximus;
1053 1525 1203 1574 certe
1241 1519 1480 1588 optimus
1521 1533 1628 1574 non
1659 1529 1782 1576 est:
1820 1521 1964 1592 quod

363 1624 570 1665 nomen
621 1625 651 1664 a
703 1611 1151 1680 corruptoribus,
1202 1611 1272 1666 ab
1323 1611 1614 1678 adulteris,
1646 1614 1714 1668 ab
1743 1614 1965 1671 incestis

361 1699 554 1767 abest;
589 1702 690 1757 nisi
712 1701 855 1758 forte
883 1717 984 1758 nos
1009 1718 1254 1759 erramus
1285 1703 1532 1760 homines
1553 1746 1568 1773 ,
1600 1708 1688 1777 qui
1723 1707 1850 1762 talia
1885 1707 1964 1764 fa-

2065 507 2172 562 quo
2207 495 2256 547 in
2288 493 2427 547 libro
2456 508 2560 547 non
2593 491 2754 548 modo
2787 493 3222 563 petentissimum
3249 491 3473 548 deorum
3503 492 3663 563 Cupi-

2065 583 2276 651 dinem,
2329 582 2424 639 sed
2465 585 2626 639 etiam
2673 585 2931 640 victorem
2962 583 3110 641 facit.
3143 585 3489 640 Enumeratis
3519 583 3664 639 enim

2064 677 2341 731 amoribus
2369 678 2726 747 singulorum,
2761 679 2956 748 quibus
2993 679 3045 732 in
3081 686 3400 748 potestatem
3434 675 3662 747 Cupidi-

2067 771 2150 824 nis
2179 770 2544 840 ditionemque
2582 773 2877 837 venissent,
2915 772 3130 826 instruit
3161 785 3434 842 pompam,
3467 770 3518 824 in
3557 785 3664 840 qua

2064 862 2274 934 Jupiter
2303 878 2424 918 eum
2463 865 2672 920 caeteris
2709 864 2813 920 diis
2844 873 2968 920 ante
3012 879 3228 919 currum
3275 863 3657 934 triumphantis

2065 954 2279 1010 ducitur
2300 965 2600 1010 catenatus.
2636 955 2923 1026 Eleganter
2962 955 3010 1010 id
3039 956 3251 1027 quidem
3280 970 3309 1010 a
3343 965 3496 1027 poeta
3526 957 3658 1026 ligu-

2066 1058 2241 1117 ratum
2273 1065 2284 1101 :
2321 1048 2416 1103 sed
2463 1059 2640 1104 tamen
2687 1064 2791 1102 non
2836 1047 3059 1102 multum
3101 1047 3262 1103 distat
3304 1062 3334 1102 a
3366 1063 3514 1102 vero.
3555 1046 3654 1115 Qui

2066 1141 2207 1194 enim
2237 1141 2453 1194 virtutis
2482 1150 2562 1195 est
2589 1153 2802 1210 expers,
2837 1141 2926 1210 qui
2952 1155 2982 1194 a
3011 1138 3305 1210 cupiditate
3335 1153 3398 1194 ac
3427 1139 3667 1194 libidini-

2066 1233 2166 1288 bus
2210 1232 2366 1286 malis
2395 1232 2660 1300 vincitur,
2693 1247 2799 1287 non
2829 1231 3078 1302 Cupidini
3107 1234 3186 1302 (ut
3218 1231 3311 1287 ille
3341 1231 3539 1304 finxit),
3569 1231 3666 1288 sed

2066 1326 2227 1380 morti
2263 1327 2538 1394 subjectus
2580 1335 2664 1381 est
2699 1326 3069 1396 sempiterute.
3100 1324 3208 1381 Sed
3249 1326 3564 1382 omittamus
3596 1326 3666 1383 de

2066 1417 2308 1473 moribus
2354 1417 2536 1473 dicere
2580 1433 2738 1473 :rem
2782 1416 3216 1485 conlideremus;
3259 1426 3317 1473 ut
3365 1418 3666 1489 intelligant

2067 1510 2337 1577 homines,
2372 1511 2426 1564 in
2454 1510 2648 1578 quibus
2673 1509 2858 1566 miseri
2885 1520 3172 1566 versentur
3191 1510 3487 1567 erroribus.
3523 1510 3663 1583 Reg-

2067 1619 2199 1660 nare
2242 1605 2294 1658 in
2339 1603 2480 1658 cado
2524 1602 2712 1658 Jovem
2741 1602 2933 1675 vulgus
2968 1603 3243 1660 existimat
3272 1622 3284 1658 :
3319 1604 3370 1660 id
3397 1615 3451 1662 et
3489 1605 3663 1662 doctis

2067 1697 2270 1769 pariter
2313 1705 2368 1752 et
2406 1696 2636 1752 indoctis
2666 1710 2981 1768 persuasum
3023 1705 3126 1752 est.
3160 1695 3313 1765 Quod
3360 1707 3414 1752 et
3453 1696 3665 1769 Religio

361 1791 572 1850 cientes
599 1796 899 1851 sceleratos
921 1810 1197 1862 vocamus,
1219 1811 1281 1850 ac
1300 1797 1561 1865 perditos,
1595 1799 1954 1870 oumibusque

2063 1790 2198 1860 ipsa,
2226 1800 2280 1843 et
2307 1787 2660 1860 precationes,
2686 1799 2739 1844 et
2769 1787 2972 1860 hymni,
3001 1798 3055 1843 et
3079 1787 3325 1855 delubra,
3358 1798 3414 1846 et
3441 1791 3663 1846 simula-

358 1887 539 1954 ptnnis
567 1888 915 1959 dignissimos
939 1889 1266 1959 judicamus.
1303 1889 1508 1946 Stultus
1537 1902 1714 1946 autem
1746 1893 1957 1953 Marcus

357 1977 591 2044 Tullius,
627 1983 718 2051 qui
745 1981 808 2038 C.
839 1982 990 2039 Verri
1019 1984 1286 2039 adulteria
1315 1985 1513 2053 obiecit
1546 2001 1561 2038 :
1593 1987 1780 2042 eadem
1811 1990 1954 2045 enim

349 2071 588 2144 Jupiter,
617 2091 780 2146 quem
809 2076 1055 2139 colebat,
1087 2076 1340 2141 admisit;
1374 2077 1464 2147 qui
1496 2075 1557 2131 P.
1589 2076 1781 2134 Clodio
1800 2096 1957 2137 soro-

351 2166 431 2221 ris
475 2166 740 2223 incestum
775 2179 874 2224 :at
920 2169 994 2224 illi
1027 2168 1245 2239 Optimo
1290 2169 1522 2225 Maximo
1553 2171 1742 2228 eadem
1781 2173 1882 2229 fuit
1908 2185 1956 2228 et

351 2275 505 2315 soror
525 2271 575 2314 et
594 2263 804 2332 conjnz.

971 2371 1200 2433 CAPUT
1239 2372 1310 2431 XI

349 2491 436 2547 De
457 2491 602 2548 lovis
628 2503 762 2561 ortu,
802 2493 928 2560 vita,
959 2509 1138 2562 regno,
1168 2494 1374 2547 nomine
1402 2502 1449 2547 et
1478 2504 1658 2559 morte,
1687 2505 1732 2548 et
1760 2495 1824 2549 de
1851 2495 1955 2550 Sa-

927 2597 1076 2642 turno
1103 2597 1149 2642 et
1184 2586 1380 2643 Urano.

426 2726 559 2794 Quis
583 2734 667 2782 est
697 2725 857 2798 igitur
881 2735 990 2780 tam
1019 2740 1243 2794 excors,
1283 2727 1372 2793 qui
1415 2725 1558 2782 hunc
1599 2727 1654 2782 in
1689 2727 1830 2784 uelo
1862 2741 1952 2783 re-

346 2833 523 2891 gnare
544 2827 716 2889 putet,
741 2817 834 2889 qui
864 2833 934 2874 ne
963 2818 1018 2873 in
1049 2827 1194 2874 terra
1223 2817 1438 2888 quidem
1471 2817 1698 2876 debuit?
1727 2821 1842 2875 Non
1874 2819 1957 2874 iu-

2065 1897 2154 1939 cra
2187 1883 2575 1938 demonstrant.
2610 1880 2871 1936 Eumdem
2905 1891 3083 1936 tamen
3127 1879 3362 1936 Saturno
3403 1891 3459 1937 et
3502 1881 3655 1938 Rhea

2063 1976 2305 2048 genitum
2345 1974 2691 2030 confitentur.
2729 1973 3016 2042 Quomodo
3054 1980 3232 2044 potest
3264 1973 3410 2031 Deus
3447 1974 3659 2044 videri,

2061 2079 2154 2124 aut
2183 2067 2331 2124 credi
2351 2069 2432 2139 (ut
2455 2067 2530 2121 ait
2560 2065 2770 2137 poeta):

2222 2240 2231 2251 .
2277 2242 2286 2251 .
2324 2237 2337 2250 .
2380 2238 2392 2250 .
2431 2237 2445 2250 .
2486 2238 2498 2250 .
2538 2241 2550 2252 .
2587 2200 2853 2251 Hominum
2876 2215 3153 2266 rerumque
3174 2208 3424 2267 repertor,

2061 2359 2188 2406 ante
2217 2349 2367 2420 cujus
2399 2358 2574 2404 ortum
2623 2348 2828 2404 inﬁnita
2875 2349 3153 2406 hominum
3195 2349 3366 2408 millia
3409 2350 3662 2409 fuerunt?

2063 2457 2250 2497 eormn
2282 2441 2519 2507 scilicet,
2556 2443 2648 2512 qui
2678 2445 2916 2500 Saturno
2952 2451 3216 2512 regnante
3263 2445 3550 2510 vixerunt;
3597 2459 3661 2500 ac

2065 2535 2272 2607 priores
2304 2535 2458 2600 luce,
2485 2550 2643 2604 quam
2673 2535 2904 2606 Jupiter,
2932 2547 3058 2590 sunt
3093 2538 3266 2607 potiti.
3299 2538 3467 2593 Video
3493 2539 3656 2605 alium

2066 2627 2232 2682 Deum
2259 2641 2442 2697 regem
2472 2625 2638 2681 fuisse
2669 2628 2855 2696 primis
2889 2629 3247 2698 temporibus,
3277 2630 3440 2685 alium
3468 2646 3664 2688 conse-

2062 2722 2371 2792 quentibus.
2406 2720 2590 2776 Potest
2617 2735 2749 2792 ergo
2779 2720 2915 2789 lieri,
2944 2731 3001 2777 ut
3030 2724 3168 2778 alius
3197 2725 3268 2779 sit
3297 2734 3484 2795 postea
3517 2724 3667 2780 futu-

2064 2832 2177 2872 rus.
2210 2817 2266 2872 Si
2289 2816 2432 2871 enim
2464 2831 2689 2887 regnum
2720 2815 2870 2886 prius
2895 2825 3159 2872 mutatum
3192 2827 3276 2874 est
3305 2833 3442 2874 :cur
3466 2819 3664 2891 despe-

1676 2953 2040 3012 VARIORUM
2067 2951 2298 3010 NOTAE.

347 3108 480 3165 gon.
508 3109 523 3154 ;
553 3090 839 3165 Ovidium,
873 3071 965 3148 lib.
1000 3108 1030 3147 v
1059 3091 1411 3164 Metamorph.
1437 3111 1452 3160 ;
1483 3102 1538 3150 et
1564 3093 1941 3164 Claudianum,
1973 3094 2019 3157 ί]
2051 3089 2215 3148 Odar.
2239 3134 2258 3165 ,_
2288 3091 2356 3158 ὃς
2386 3089 2715 3148 Macrobium
2761 3102 2818 3149 et
2842 3094 3211 3152 Plutarchum.
3246 3097 3304 3154 Id
3331 3095 3384 3155 in
3417 3115 3516 3158 usu
3546 3112 3664 3159 erat

350 3163 410 3221 in
436 3163 905 3235 Gigatttomachia.

426 3236 497 3290 In
541 3238 729 3306 stupris
748 3235 1134 3304 adulteriisque.
1167 3235 1317 3291 Jovis
1365 3236 1633 3292 adulteria
1667 3248 1721 3293 et
1767 3247 1951 3305 stupra

351 3306 476 3434 lige
507 3308 646 3433 alnud
674 3307 970 3362 Arnobium
993 3306 1086 3362 lib.
1121 3323 1172 3362 tv
1199 3316 1256 3363 et
1283 3323 1315 3361 v
1339 3347 1354 3374 ,
1384 3317 1440 3363 et
1466 3309 1732 3380 Epipltun.
1764 3312 1816 3364 in
1846 3310 1953 3364 An-

351 3395 384 3434 c
425 3395 522 3434 ora
551 3396 604 3432 o.

351 3390 604 3436 eborato.

430 3450 657 3523 Omitto,
705 3459 793 3523 etc
837 3448 894 3503 In
945 3449 1197 3523 omnibus
1238 3450 1500 3506 Lactantii
1561 3451 1712 3508 libris
1753 3453 1951 3523 passim

351 3523 590 3578 usitatus
622 3521 711 3576 hic
741 3522 994 3591 loquendi
1023 3522 1236 3577 modus.

434 3591 672 3663 Virgines
714 3610 841 3662 quas
869 3594 1145 3646 imminuit.
1178 3594 1309 3650 Vide
1360 3595 1588 3649 similem
1623 3595 1950 3650 locutionem

353 3665 503 3721 libro
531 3667 598 3718 de
625 3664 783 3720 Mori.
817 3665 1057 3731 Persee.,
1086 3679 1136 3719 c.
1161 3665 1251 3721 58.

427 3734 500 3790 1d
529 3737 664 3790 enim
702 3735 984 3792 tolerabile.
1019 3736 1118 3790 Ed.
1151 3737 1368 3792 Sublac.
1405 3736 1565 3792 habet
1589 3738 1914 3794 intolerabile
1935 3781 1949 3807 ,

352 3808 538 3863 minus
563 3820 731 3862 recte.

427 3879 852 3954 Amphitryona:
881 3894 941 3933 ac
980 3876 1319 3954 Tyndarum.
1348 3879 1675 3954 Amphitryo
1703 3882 1955 3952 princeps

352 3949 458 4005 fuit
488 3950 782 4005 Thebanus
804 3992 835 4020 ,ί
853 3967 883 4004 e
909 3950 1063 4019 cujus
1095 3967 1275 4007 uxore
1296 3951 1555 4005 Alcmena
1587 3949 1800 4020 Jupiter
1823 3949 1955 4008 Her-

356 4021 538 4076 colem
562 4023 766 4092 genuit.
797 4019 1081 4091 Tyndarus
1107 4038 1239 4079 vero
1264 4037 1358 4078 rex
1387 4022 1486 4078 fuit
1507 4019 1752 4078 (Ebalize
1774 4027 1825 4078 in
1857 4027 1956 4080 Pe-

356 4091 685 4163 l0pouueso,
708 4092 792 4146 hic
816 4091 1032 4147 Laulatn
1057 4110 1280 4149 uxorem
1313 4095 1518 4148 habuit.
1555 4097 1632 4149 Ex
1661 4111 1723 4150 ea
1748 4106 1802 4151 et
1822 4098 1957 4152 Jove

359 4167 472 4220 nati
505 4176 627 4218 sunt
659 4164 850 4218 Pollux
882 4175 935 4218 et
965 4164 1189 4219 Helena.

431 4235 658 4311 Regium
683 4251 897 4311 pueru_m
926 4238 1094 4304 rapuit
1122 4239 1190 4290 ad
1212 4246 1469 4311 stuprum.
1518 4237 1738 4311 Scilicet
1778 4237 1957 4311 Gany-

358 4308 575 4378 medem
620 4305 1174 4378 Trois,Trojnnorum
1208 4305 1350 4378 regis
1383 4310 1567 4362 lilium.
1603 4310 1676 4363 De
1709 4311 1800 4364 illo
1844 4305 1954 4365 Ho-

357 4394 499 4432 mer.
531 4377 706 4432 Ili:id..
745 4376 950 4446 \'irgil.,
987 4376 1117 4431 En.
1147 4394 1200 4443 ν,
1225 4376 1380 4433 oua.
1418 4381 1470 4433 in
1499 4379 1740 4442 Metam,
1768 4381 1956 4435 ania-

358 4466 463 4523 nus
491 4449 803 4523 in_dialo_gis
830 4448 1276 4523 a_li_quot,_Ca-sar
1305 4449 1661 4523 Germanicus
1691 4453 1748 4508 in
1777 4455 1957 4523 Aqua-

358 4521 474 4582 rio,
529 4519 820 4575 llerodian.
852 4518 945 4572 lib.
978 4536 1029 4584 I,
1059 4520 1216 4575 Oros.
1248 4521 1283 4575 Ι.
1313 4537 1364 4585 ι,
1395 4538 1444 4576 c.
1473 4522 1560 4576 l2.

433 4589 752 4644 Maculosus.
772 4589 1036 4662 Pollutas.
1055 4593 1470 4647 contaminatus.
1488 4593 1706 4649 Tacitus
1724 4594 1858 4650 Hist.
1878 4611 1958 4662 tu,

361 4675 484 4730 Cap.
511 4662 582 4715 38
604 4704 616 4722 .
662 4662 801 4715 omni
831 4661 1077 4718 dedecore
1107 4665 1418 4718 maculosus.
1452 4663 1582 4720 BUN.

432 4732 937 4806 Adulterium,‘quod
959 4735 1016 4801 ﬁt
1045 4745 1224 4806 contra
1250 4747 1510 4790 naturam.
1542 4736 1957 4806 Turpissimum,

361 4802 705 4876 detestabile.
722 4813 792 4876 et
814 4821 1024 4876 sumine
1049 4805 1334 4860 uelandum
1361 4802 1701 4862 Pmderastia:
1729 4802 1959 4876 crimen,

360 4874 511 4945 quod
537 4875 692 4930 Plato
719 4875 810 4929 lib.
839 4892 854 4929 ι
882 4879 949 4931 de
976 4875 1099 4947 Leg.
1139 4889 1194 4932 ιιι
1219 4879 1542 4933 sceleratum
1574 4891 1628 4932 et
1656 4874 1960 4948 impurissié

362 4963 519 5001 mum
547 4956 852 5018 eseeratur,
902 4950 1248 5018 appellatque
1292 4959 1349 5004 nt
1405 4949 1494 5004 hic
1543 4949 1856 5006 Lactantius
1897 4954 1965 5006 Τὸ

360 5021 517 5092 παρ-ἀ
545 5016 688 5087 φύσιν
706 5016 1349 5092 adiungat.Cltristianiss.
1383 5021 1550 5090 lmpp.
1577 5022 1966 5076 Constantinus

362 5099 421 5146 et
440 5089 795 5159 Constantius
826 5089 984 5159 primi
1013 5091 1224 5145 obviam
1277 5089 1509 5147 ivet'uut
1533 5094 1658 5148 huic
1683 5094 1965 5148 scelerata:

364 5158 662 5233 temeritati
686 5202 701 5225 ,
729 5171 783 5216 et
815 5158 1064 5215 laudabili
1093 5165 1208 5232 lege
1237 5162 1366 5226 lata,
1385 5178 1490 5233 qua
1512 5164 1798 5217 infamibus
1821 5164 1969 5220 hisce

363 5232 772 5304 ptedictmibus,
804 5234 1019 5286 infamia
1049 5243 1104 5287 et
1126 5233 1376 5303 capitalia
1411 5232 1654 5304 irrogant
1680 5236 1965 5304 supplicia,

366 5304 572 5356 malum
621 5303 725 5356 hoc
774 5306 1109 5358 sustulerunt
1140 5305 1208 5360 de
1237 5315 1400 5360 terra.
1436 5303 1569 5360 Vide
1600 5306 1694 5359 lib.
1729 5303 1796 5361 ιιι
1828 5305 1964 5362 Cod.

365 5371 645 5430 Tlteodos.
675 5375 740 5427 ad
772 5373 833 5428 L.
865 5373 1063 5429 Juliattt
1085 5375 1151 5429 de
1169 5374 1439 5440 Atlultet'.;
1468 5377 1557 5430 lib.
1587 5392 1645 5432 ιιι
1666 5377 1800 5432 Cod.
1826 5378 1966 5433 Just.

366 5445 438 5500 ad
459 5444 653 5514 Legem
677 5444 879 5499 Juliam
904 5449 971 5501 de
987 5445 1231 5502 Adulter.
1251 5463 1266 5513 ;
1291 5447 1565 5503 Novellam
1587 5464 1718 5503 Lm
1737 5460 1792 5504 et
1818 5465 1965 5506 cxu.

367 5516 458 5571 Ea:
488 5518 870 5572 Euersaonsr.

454 5586 602 5642 Verri
623 5590 956 5642 adulteria...
1000 5587 1184 5644 Clodio
1212 5590 1478 5645 incestum.
1532 5590 1663 5647 Vide
1715 5589 1967 5648 Ciceton.

368 5658 498 5716 Act.
533 5675 566 5714 ll
599 5660 652 5714 in
685 5658 948 5724 Verrem,
976 5671 1030 5714 et
1056 5660 1208 5718 Orat.
1236 5676 1337 5724 pro
1361 5662 1428 5717 Μ.
1464 5663 1654 5718 Caelio.

447 5729 523 5804 Et
547 5741 773 5804 sereret
817 5732 1026 5804 conjug.
1071 5731 1206 5790 Vide
1237 5729 1552 5804 Virgilium,
1596 5733 1814 5792 Eneid.
1850 5735 1885 5791 l.
1921 5752 1970 5802 t;

373 5801 659 5870 Ovidium,
695 5801 792 5859 lib.
839 5801 915 5859 tu
943 5801 1508 5877 Metatnorpb.;'simt
1547 5817 1602 5864 et
1647 5807 1834 5866 Horat.
1882 5801 1970 5880 iu,

1983 4489 2036 4549 D

2055 3165 2197 3235 apud
2225 3163 2554 3219 Orientales.

2131 3235 2353 3290 Excors.
2393 3236 2522 3291 Sine
2553 3235 2739 3300 corde,
2772 3236 2857 3292 vel
2887 3238 3005 3295 sine
3027 3243 3230 3294 animo.

2132 3308 2365 3387 Quidam
2388 3319 2538 3387 poeta
2569 3307 3200 3387 triumphant-Cupidinis
3234 3315 3459 3387 scripsit.
3508 3315 3665 3387 Igno-

2059 3389 2192 3444 tum,
2228 3379 2320 3450 qui
2347 3381 2716 3505 fuerit'poeta,
2749 3396 2849 3435 nec
2876 3379 3013 3435 liber
3038 3382 3158 3451 ejus
3201 3384 3266 3438 ad
3291 3398 3481 3505 austra
3527 3379 3664 3444 t'em-

2059 3466 2188 3505 nora
2221 3451 2483 3505 nervenit.
2569 3465 2635 3504 uc
2658 3452 2896 3505 resnexit
2924 3463 3116 3505 auctor
3147 3454 3267 3505 libri
3340 3473 3371 3505 e
3397 3457 3659 3505 Pudicitia

2057 3466 2188 3520 pora
2221 3451 2483 3520 pervenit.
2519 3451 2635 3505 Huc
2658 3452 2896 3520 respexit
2924 3463 3116 3506 auctor
3147 3454 3267 3508 libri
3291 3451 3371 3510 ’δε
3397 3457 3660 3514 Pudicitia

2055 3521 2197 3591 apud
2228 3520 2390 3591 Cypr.
2446 3523 2531 3576 ubi
2577 3522 2837 3589 scripsit:
2874 3521 3210 3590 [inpudicitia
3261 3527 3517 3582 hominem
3565 3531 3657 3584 sub

2057 3593 2370 3667 triumphum
2388 3591 2613 3667 libidinis
2629 3593 2804 3667 mittit.
2833 3593 3010 3667 Poeta:
3039 3611 3234 3667 nomen
3260 3597 3499 3666 ignotum
3522 3617 3662 3667 quo-

2056 3679 2160 3735 que
2185 3664 2472 3720 conﬁtetur
2506 3663 2623 3720 Nic.
2666 3661 2888 3719 Abram.
2931 3665 2999 3720 ad
3035 3664 3151 3722 Cic.
3187 3668 3238 3720 in
3273 3661 3457 3724 Pison.
3486 3661 3655 3728 0.95.

3155 3737 3437 3793 Bonnam.

3236 3755 3437 3795 NEIAR.

2132 3805 2560 3880 Potestatcmﬁic
2583 3807 2725 3876 apud
2749 3807 3044 3880 Lucianum
3062 3807 3275 3880 Jupiter
3290 3811 3546 3880 Cupidini
3568 3830 3662 3870 ex-

2055 3879 2302 3951 probrat,
2324 3881 2466 3949 quod
2487 3881 2659 3951 ipsum
2680 3880 2868 3934 fecerit
2891 3879 3158 3950 Satyrum,
3191 3879 3442 3946 Taurum,
3473 3902 3664 3941 aurum

2057 3949 2111 4005 et
2136 3952 2262 4022 alia,
2295 3967 2415 4018 quae
2446 3952 2543 4022 ipsi
2580 3949 2700 4006 Jovi
2735 3953 2788 4005 in
2816 3949 3059 4007 dedecus
3081 3965 3384 4010 verterunt.

2132 4020 2443 4097 Qupiditate.
2467 4020 2570 4077 *lta
2594 4037 2736 4097 mss.
2779 4025 3022 4097 codices.
3054 4023 3196 4078 Editi
3218 4064 3233 4088 ,
3267 4028 3658 4097 cupiditatibus.

2133 4093 2370 4153 Regnare
2410 4094 2466 4148 iu
2508 4093 2634 4148 ctrlo
2661 4092 2862 4148 Jovem.
2907 4094 3065 4150 Caelo
3107 4092 3384 4152 tonantem
3436 4100 3665 4153 credidi-

2058 4180 2179 4238 mus
2209 4164 2418 4238 Jovem.
2451 4167 2528 4220 ait
2558 4164 2812 4221 Horatius
2842 4181 2907 4238 ιιι
2939 4166 3066 4231 0d.,
3097 4167 3149 4222 5.
3179 4167 3425 4237 Fiugitur
3451 4169 3664 4238 Jupiter

2057 4236 2182 4292 εωιί
2211 4252 2336 4292 esse
2373 4236 2649 4308 dominus,
2680 4239 2806 4306 quia
2839 4237 2912 4292 illi
2940 4237 3248 4308 obtigerunt
3276 4236 3490 4294 excelsa
3519 4236 3658 4300 ioca.

2059 4309 2332 4377 praecipue
2364 4324 2493 4363 vero
2515 4307 2721 4374 Africa,
2739 4308 2894 4377 cujus
2912 4307 3102 4377 magna
3131 4325 3254 4377 pars
3279 4325 3401 4363 cum
3429 4311 3501 4364 sit
3522 4313 3663 4365 inter

2059 4381 2319 4448 tropieos,
2352 4380 2520 4434 solem
2553 4381 2714 4432 habet
2742 4392 2794 4434 et
2823 4381 3059 4446 reliquos
3078 4380 3319 4444 planetas
3345 4395 3508 4450 supra
3543 4399 3657 4436 νει-ο

2061 4451 2221 4524 ticeui
2245 4494 2258 4516 ,
2317 4450 2584 4524 undenest
2620 4451 2760 4519 quod
2804 4459 3020 4520 putatur
3068 4464 3193 4506 esse
3221 4454 3362 4508 cado
3393 4457 3660 4524 proxima.

2065 4520 2128 4575 V.
2162 4520 2424 4574 Lucanum
2456 4520 2549 4574 lib.
2581 4538 2654 4575 ix.

2137 4591 2349 4662 Hymni.
2377 4593 2615 4663 llytnnos
2633 4591 2698 4646 ad
2725 4591 2913 4648 Jovem
2933 4592 3052 4649 vide
3082 4595 3222 4663 apud
3249 4594 3661 4654 Callimachum.

2137 4608 2349 4662 nymm.
2377 4608 2414 4644 ιι
2461 4608 2615 4647 mltos
2633 4608 2698 4646 aa
2725 4608 2913 4648 Jovem
2933 4608 3052 4649 Viue
3082 4608 3222 4663 apud
3249 4608 3661 4654 Callimachum.

2137 4663 2383 4736 Delubra.
2420 4608 2708 4718 lielubrum
2743 4674 2827 4736 est
2866 4665 3012 4736 locus
3036 4707 3050 4732 ,
3093 4668 3144 4719 in
3174 4681 3280 4736 quo
3312 4667 3408 4723 Dei
3441 4669 3665 4722 simula-

2063 4749 2215 4789 crum
2249 4735 2552 4789 dedicatum
2583 4745 2684 4790 est.
2711 4735 2848 4792 Vide
2877 4734 3118 4804 Festum,
3151 4734 3307 4794 Sérv.
3343 4751 3397 4794 et
3423 4739 3663 4796 Macrob.

2065 4807 2120 4861 in
2139 4806 2534 4861 Saturnalibus.

2138 4877 2371 4931 Saturno
2397 4889 2442 4932 et
2461 4876 2626 4931 Rhea.
2664 4876 2740 4932 Ita
2769 4879 3079 4949 frequentes
3108 4894 3236 4934 mss.
3263 4889 3318 4935 et
3345 4895 3531 4937 omnes
3555 4881 3667 4937 lere

2067 4949 2218 5004 editi.
2242 4949 2368 5004 Mss.
2404 4951 2594 5005 decem
2621 4965 2760 5018 rec.,
2793 4951 3013 5020 dempto
3044 4967 3168 5017 uno,
3206 4951 3403 5007 habent
3436 4953 3665 5008 Saturno

2068 5030 2114 5074 et
2163 5020 2293 5087 0pc.
2352 5021 2458 5075 Res
2504 5020 2696 5076 eodem
2738 5023 2907 5087 redit;
2956 5022 3104 5078 Rhea
3135 5023 3278 5078 enim
3311 5024 3417 5078 alio
3447 5025 3666 5079 nomine

2072 5089 2180 5160 Ops
2209 5102 2448 5160 vocatur,
2481 5101 2538 5147 ut
2563 5094 2734 5148 cuivis
2765 5105 2970 5148 notum.

2141 5161 2313 5217 Credi.
2343 5164 2453 5218 Hoc
2475 5164 2697 5218 verbum
2723 5166 2870 5234 quod
2895 5176 2978 5220 est
3007 5165 3062 5218 in
3087 5166 3307 5234 antiquo
3337 5165 3667 5221 Bononiensi

2069 5235 2288 5309 codice,
2334 5242 2390 5289 et
2413 5235 2469 5309 in
2498 5237 2656 5309 editis
2687 5235 2969 5304 Thomas,
3003 5235 3196 5308 Thys.,
3222 5236 3363 5292 Gali.
3397 5249 3451 5292 et
3479 5235 3516 5291 2
3540 5235 3669 5309 Lip-

2071 5304 2361 5370 siensilms,
2392 5306 2736 5362 desideratur
2777 5312 2831 5362 in
2858 5311 3090 5361 caeteris.

2146 5375 2329 5448 Poeta.
2357 5377 2572 5448 Virgil.,
2606 5394 2678 5434 xu
2703 5377 2944 5442 Etteid.,
2976 5379 3101 5434 820.

2148 5446 2318 5501 Mittin
2367 5446 2590 5518 Ῑκεῐ-ιιιιι.
2648 5448 2844 5521 iisdem
2887 5448 3000 5504 fere
3045 5451 3381 5521 argumentis
3434 5453 3675 5509 conlutat

2075 5518 2446 5645 T'tzrttitgianus
2474 5521 2696 5576 Saturni
2724 5520 3066 5577 divinitatem
3096 5518 3149 5578 in
3176 5521 3548 5597 Apologetieo,
3583 5541 3674 5580 ea-

2075 5605 2130 5645 nt
2157 5606 2188 5645 e
2291 5632 2302 5643 .

2135 5599 2188 5645 te
2216 5599 2302 5645 19.

2074 5605 2208 5736 pair
2209 5605 2240 5714 t1
2248 5605 2386 5718 iilius
2408 5664 2490 5718 sit.
2523 5663 2690 5719 Forte
2721 5665 3028 5736 legendum,
3062 5677 3120 5720 ut
3149 5676 3201 5721 et
3225 5667 3357 5722 alius
3384 5668 3466 5722 sit.

2159 5733 2414 5810 Mittaturne
2459 5746 2551 5810 est.
2605 5738 2694 5793 Sic
2726 5733 3049 5792 Aristoteles
3101 5737 3283 5794 libelio
3327 5739 3395 5794 dc
3441 5735 3638 5793 Mundo
3670 5777 3687 5810 ,

2080 5803 2219 5864 hanc
2248 5806 2317 5864 de
2355 5806 2488 5866 Jove
2517 5809 2796 5867 ﬁctionem
2819 5810 3060 5882 exponit.
