4172 6202
367 199 471 257 169

1476 197 1684 259 LIBER
1709 197 1750 259 ἰ.
1793 197 1883 259 DE
1909 197 2136 263 FALSA
2173 199 2564 264 RELIGIONE.

3574 203 3676 264 170

362 316 545 389 itaque
571 315 686 372 sola
702 312 803 372 fuit
826 312 1210 385 continentior,
1238 327 1360 373 cum
1381 329 1499 374 eam
1517 317 1818 389 deperiret;
1853 335 1958 377 non
1987 319 2043 381 Α
2067 321 2150 377 llli
2190 323 2332 378 enim
2360 323 2428 380 de
2465 319 2778 379 hominibus
2824 317 3208 394 loquebantur;
3238 322 3337 380 sed
3363 326 3425 379 ut
3452 334 3548 380 eos
3587 337 3678 380 or-

363 410 562 466 virtute
601 408 799 480 aliqua,
846 407 940 464 sed
979 416 1126 465 metu
1164 411 1514 466 successoris.
1557 410 1687 478 Qua:
1735 411 1967 469 formido

362 502 547 574 utique
572 503 688 574 ejus
716 510 820 568 est,
851 501 941 572 qui
982 501 1053 557 sit
1081 512 1135 557 et
1165 503 1429 570 mortalis,
1461 514 1517 558 et
1556 503 1881 571 imbecillus,
1911 514 1968 562 et

362 598 554 655 nihili:
583 598 783 670 quippe
823 597 914 668 qui
959 598 1132 667 potuit
1167 605 1222 653 et
1262 606 1416 665 tunc,
1463 613 1585 654 cum
1630 609 1965 667 nasceretur,

364 690 628 763 extingui,
657 691 797 746 sicut
824 689 990 746 frater
1015 690 1134 761 ejus
1156 697 1283 746 ante
1308 691 1542 762 genitus,
1565 693 1832 748 extinctus
1853 701 1965 748 est:

360 786 452 858 qui
482 785 528 841 si
553 784 736 840 vivere
763 782 1052 854 potuisset,
1076 798 1352 856 nunquam
1391 783 1587 838 minori
1610 786 1970 840 concessisset

361 877 670 949 imperium.
703 875 823 946 Ipse
850 883 1030 931 autem
1066 873 1209 930 furto
1249 884 1515 943 servatus,
1546 874 1838 948 furtimque
1865 893 1969 932 nu-

363 969 544 1035 tritus,
584 969 702 1034 ζεὺς
739 966 853 1022 sive
879 971 968 1032 ζῆν
1002 966 1302 1037 appellatus
1342 977 1459 1033 est;
1502 983 1630 1033 non,
1664 979 1723 1023 ut
1756 969 1840 1024 isti
1876 986 1971 1040 pu-

359 1073 500 1129 tant,
529 1077 558 1117 a
580 1061 796 1117 fervore
823 1061 1061 1118 caelestis
1082 1061 1240 1131 ignis,
1270 1060 1353 1116 vel
1379 1061 1521 1133 quod
1547 1062 1669 1118 vitae
1694 1064 1763 1118 sit
1791 1062 1968 1129 dator,

361 1157 454 1212 vel
484 1153 627 1226 quod
667 1153 1031 1208 animantibus
1076 1153 1304 1224 inspiret
1347 1154 1590 1222 animas,
1636 1169 1759 1226 quae
1801 1155 1972 1211 virtus

365 1252 538 1310 solius
583 1249 676 1306 Dei
734 1257 819 1306 est
861 1246 882 1322 (
922 1264 1082 1320 quam
1127 1251 1272 1304 enim
1319 1249 1493 1320 possit
1541 1249 1806 1321 inspirare
1853 1252 1972 1304 ani-

368 1360 536 1413 mam,
561 1343 653 1416 qui
683 1343 796 1414 ipse
826 1343 1035 1414 accepit
1063 1341 1314 1398 aliunde?
1330 1344 1371 1416 ),
1396 1343 1490 1400 sed
1511 1343 1654 1416 quod
1683 1345 1886 1416 primus
1907 1361 1973 1402 cx

368 1439 557 1496 liberis
583 1437 800 1494 Saturni
830 1437 1070 1493 maribus
1093 1436 1309 1494 vixerit.

442 1533 736 1589 Potuerunt
764 1531 927 1604 igitur
954 1532 1202 1588 homines
1230 1531 1394 1588 alium
1425 1531 1584 1588 deum
1615 1530 1817 1590 habere
1858 1547 1976 1590 rec-

368 1634 571 1694 torem,
599 1625 647 1683 si
673 1624 938 1682 Saturnus
963 1639 1068 1682 non
1101 1624 1286 1681 fuisset
1315 1625 1384 1681 ab
1413 1639 1585 1682 uxore
1628 1625 1871 1682 delusus.
1902 1628 1976 1683 At

2075 426 2298 483 narent,
2346 432 2576 488 quorum
2631 416 2944 472 memoriam
2993 416 3239 472 laudibus
3284 417 3675 487 celebrabant,

2074 507 2205 564 deos
2231 524 2350 566 esse
2377 510 2647 566 dixerunt.
2678 510 2863 581 Itaque
2890 509 2981 565 illa
3011 509 3192 580 potius
3221 509 3340 565 licta
3371 519 3519 577 sunt,
3554 527 3676 581 qua:

2075 611 2344 673 tamquam
2376 603 2445 660 de
2469 604 2592 671 diis,
2640 619 2747 660 non
2788 604 2879 660 illa
2924 618 3044 675 quae
3081 613 3350 675 tamquam
3394 605 3460 660 de
3502 604 3682 662 homi—

2076 694 2234 751 nibus
2263 695 2427 751 locuti
2465 704 2628 750 sunt:
2657 695 2799 764 quod
2830 696 3035 752 clarum
3075 697 3167 751 fiet
3203 697 3483 766 exemplo,
3533 697 3680 767 quod

2075 786 2389 844 inferemus.
2419 789 2634 845 Danaen
2661 789 2978 857 violaturus,
3012 803 3205 846 aureos
3235 805 3484 844 nummos
3520 790 3686 861 largi-

2080 892 2161 940 ter
2190 883 2242 939 in
2269 883 2447 940 sinum
2477 887 2594 954 ejus
2624 882 2836 938 infudit.
2867 883 2994 938 Haec
3022 883 3192 953 stupri
3221 898 3430 939 merces
3468 882 3586 938 fuit.
3618 884 3690 939 At

2081 982 2276 1046 poclm,
2320 975 2410 1044 qui
2443 975 2594 1046 quasi
2626 975 2693 1030 de
2735 975 2846 1030 Deo
2879 974 3256 1045 loquebantur,
3290 989 3359 1029 ne
3401 975 3689 1030 auctorita-

2080 1077 2187 1125 tem
2217 1068 2436 1124 creditac
2465 1068 2762 1139 majestatis
2805 1067 3178 1139 infringerent,
3210 1067 3475 1122 ﬁnxerunt
3509 1067 3688 1138 ipsum

2081 1163 2134 1218 in
2162 1178 2328 1218 aureo
2357 1162 2531 1218 imbre
2561 1161 2864 1231 delapsum,
2898 1159 3085 1216 eadem
3119 1160 3307 1232 figura,
3351 1174 3455 1230 qua
3488 1159 3688 1214 imbres

2081 1256 2289 1312 ferreos
2319 1255 2524 1320 dicunt,
2575 1269 2696 1309 cum
2745 1252 3145 1308 multitudinem
3189 1251 3419 1307 telorum
3473 1251 3693 1320 sagitta-

2080 1364 2312 1421 rumque
2334 1348 2664 1405 describunt.
2701 1347 2964 1417 Rapuisse
2995 1345 3189 1401 dicitur
3227 1344 3280 1399 in
3327 1343 3502 1412 aquila
3527 1341 3688 1398 Cata-

2081 1440 2271 1498 mitum
2297 1458 2310 1494 :
2337 1442 2580 1512 poeticus
2609 1440 2760 1496 color
2786 1448 2889 1495 est.
2921 1437 3026 1495 Sed
3054 1445 3146 1492 aut
3171 1452 3268 1508 per
3295 1437 3561 1509 legionem
3602 1451 3690 1491 ra-

2083 1533 2228 1606 puit‘,
2271 1532 2424 1604 cujus
2461 1530 2671 1603 insigne
2699 1530 2878 1600 aquila
2905 1538 3017 1598 est;
3052 1539 3144 1586 aut
3173 1531 3345 1596 navis,
3390 1530 3442 1584 in
3473 1544 3577 1600 qua
3607 1536 3693 1585 est

2086 1626 2389 1699 impositus,
2434 1624 2656 1680 tutelam
2683 1623 2869 1680 habuit
2898 1624 2952 1678 in
2983 1623 3160 1695 aquila
3207 1624 3522 1694 figuratam,
3556 1623 3698 1679 sicut

365 1719 512 1778 enim
537 1726 710 1792 poetae
735 1715 838 1773 ista
866 1717 1157 1777 tinxerunt.
1188 1716 1348 1775 Errat
1375 1717 1621 1791 quisquis
1668 1717 1774 1776 hoc
1803 1727 1971 1790 putat.
2006 1719 2055 1781 B
2083 1729 2317 1788 taurum,
2350 1733 2474 1775 cum
2505 1718 2685 1789 rapuit
2728 1726 2783 1774 et
2810 1716 3110 1774 transvexit
3152 1715 3451 1788 Eumpam.
3485 1715 3694 1774 Eodem

1733 1860 2099 1922 VARIORUM
2135 1856 2364 1917 NOTAE.

407 2011 590 2074 ropter
615 2002 753 2062 hanc
779 2003 1145 2062 inevitabilem
1173 2006 1574 2072 necessitatem,
1598 2000 1970 2074 conditionem

402 2073 517 2131 ovis
551 2086 608 2133 et
647 2077 872 2132 aliorum
917 2077 1143 2134 deorum
1180 2078 1350 2135 nihilo
1388 2077 1669 2134 meliorem
1713 2089 1835 2131 esse
1875 2073 1976 2128 hu-

369 2162 530 2202 mana
561 2147 764 2204 indicat
785 2148 1116 2206 conditione.

446 2237 646 2310 Itaque.
678 2239 767 2296 Sic
789 2241 1130 2298 emendatum
1161 2258 1229 2300 ex
1253 2251 1360 2300 vet.
1392 2240 1525 2300 edit.
1568 2240 1727 2296 Rom.
1769 2247 1824 2295 et
1851 2253 1973 2294 om-

370 2311 530 2367 nibus
556 2325 690 2384 mss.
720 2322 916 2382 praeter
943 2314 969 2368 1
1004 2315 1194 2382 Brun.,
1227 2316 1277 2370 in
1305 2329 1413 2384 quo
1453 2316 1594 2369 sicut
1621 2322 1671 2368 et
1714 2311 1768 2366 in
1813 2310 1974 2366 editis

372 2391 458 2439 est
487 2383 696 2450 utique;
727 2385 903 2438 minus
933 2393 1078 2454 apte,
1112 2402 1232 2440 cum
1264 2383 1386 2441 max
1417 2386 1593 2453 utique
1619 2389 1896 2453 sequatur.

447 2454 766 2510 Imbecillus.
793 2456 870 2511 Ita
898 2458 1232 2512 restituimus
1263 2474 1330 2513 ex
1373 2454 1757 2512 vetustissimis
1787 2462 1838 2509 et
1877 2467 1976 2524 op-

373 2526 521 2582 timis
550 2540 679 2581 mss.
713 2527 770 2582 ln
799 2529 986 2583 decem
1012 2544 1120 2584 rec.
1148 2539 1203 2584 et
1233 2530 1287 2584 in
1315 2528 1474 2583 editis
1502 2537 1585 2584 est
1610 2524 1901 2581 imbecillis.

450 2598 616 2653 Furta
640 2610 887 2654 servatus.
909 2599 1058 2655 Rhea
1084 2601 1265 2671 igitur,
1284 2600 1473 2656 Jovem
1501 2602 1681 2671 enixa,
1710 2605 1869 2671 metu
1889 2610 1981 2668 pa-

373 2670 476 2726 tris
498 2671 754 2725 infantem
779 2672 830 2726 in
861 2672 1020 2728 Creta
1046 2667 1354 2732 occultavit.
1389 2669 1732 2726 nutriendum
1777 2683 1807 2723 a
1839 2667 1978 2722 dua-

373 2743 476 2797 bus
505 2742 774 2813 nymphis,
805 2742 1068 2798 Adrastea
1094 2755 1146 2800 et
1176 2743 1288 2810 Ida,
1317 2743 1548 2799 Melissei
1578 2740 1812 2796 filiabus.
1843 2738 1981 2795 Vide

372 2813 624 2869 Ovidium
653 2813 863 2869 Fastor.
896 2829 953 2870 v.

446 2910 555 2979 ζῆν.
583 2903 710 2962 Mss.
733 2904 770 2960 2
792 2905 972 2973 Colb.,
999 2908 1069 2964 82
1097 2907 1262 2963 Brun.
1289 2907 1426 2974 Ζὸεν,
1470 2905 1622 2979 quasi
1661 2907 1787 2962 vitae
1807 2905 1982 2979 dator.

446 2976 667 3072 Ιγοητ...
699 2995 730 3032 a
757 2981 955 3072 {cruore
984 2979 1200 3072 caelesti}
1244 2981 1396 3064 ignis.
1443 2975 1614 3072 Immo
1654 2979 1872 3072 ‘videtur
1910 2975 1990 3060 sic
2014 3007 2062 3072 ρ

446 2981 667 3033 Νοη....
699 2995 730 3032 a
757 2981 955 3104 {cruore
984 2981 1200 3034 caelestis
1244 2981 1396 3050 iguis.
1443 2981 1614 3034 Immo
1657 2981 1872 3033 videtur
1910 2981 1981 3033 sic

372 3049 729 3105 derivandum
775 3065 860 3106 ioc
886 3067 1109 3119 nomen;
1142 3053 1238 3117 ζέω
1264 3052 1407 3106 enim
1433 3066 1462 3105 a
1487 3054 1624 3117 ζεὺς,
1653 3049 1835 3106 ferveo
1863 3066 1875 3102 :
1901 3049 1981 3104 sic

371 3123 539 3176 etiam
569 3131 760 3195 a_uct9r
779 3122 1140 3195 Etymologici
1153 3124 1318 3178 refert
1347 3123 1414 3178 ad
1440 3125 1675 3195 calorem
1703 3121 1867 3195 aeris.
1906 3120 1981 3195 De

373 3209 483 3262 quo
523 3193 648 3248 vide
693 3190 971 3250 Platonem
1018 3190 1071 3250 in
1114 3194 1359 3265 Cratylo,
1408 3202 1464 3250 et
1511 3193 1858 3249 Aristotelem
1913 3190 1981 3248 de

375 3265 583 3320 mundo
612 3265 754 3321 circa
785 3265 969 3322 finem.

447 3358 681 3430 Accepit.
713 3359 803 3416 Sic
833 3360 1174 3430 reposuimus
1213 3375 1277 3415 ex
1309 3357 1562 3416 omnibus
1591 3373 1722 3415 mss.
1765 3365 1821 3414 et
1847 3354 1977 3414 edit.

373 3431 540 3488 Rom.
571 3431 733 3488 M70.
758 3431 815 3485 In
838 3432 1048 3487 cunctis
1073 3437 1187 3487 fere
1213 3431 1395 3497 editis,
1423 3431 1630 3502 accipit.

450 3502 740 3559 Rectorem.
767 3503 840 3558 lta
869 3504 1198 3558 restituimus
1221 3517 1288 3557 ex
1310 3500 1702 3572 antiquioribus
1723 3510 1778 3555 et
1804 3500 1981 3571 potio-

373 3575 530 3630 ribus
556 3591 690 3630 mss.
720 3577 754 3628 2
787 3575 1016 3637 Βοηοη.,
1059 3576 1092 3630 5
1122 3575 1323 3644 Regiis,
1364 3575 1397 3628 5
1427 3575 1604 3639 Colb.,
1636 3572 1899 3644 Gronov.,
1946 3573 1984 3625 2

374 3646 551 3714 Lips,
573 3645 611 3700 ‘2
635 3646 892 3709 Clarom..
919 3644 1079 3710 Tax.,
1109 3643 1265 3709 Pen.,
1289 3655 1342 3700 et
1364 3646 1636 3700 veteribus
1661 3644 1790 3699 edit.
1820 3643 1976 3699 Rom.

375 3719 544 3782 “70,
592 3719 752 3783 1474,
797 3717 968 3773 Paris.
1016 3717 1185 3783 1525,
1245 3718 1391 3779 Ald..
1425 3716 1653 3786 Grapli.,
1700 3715 1875 3781 (ἐι-ειη
1927 3721 1983 3769 et

374 3789 576 3845 Cellar.
628 3788 686 3843 In
726 3791 760 3845 5
798 3789 956 3860 Reg.,
993 3789 1018 3844 1
1061 3788 1241 3854 Colb.,
1292 3790 1318 3843 1
1370 3788 1543 3860 Lips.,
1591 3786 1734 3853 PaL,
1785 3786 1978 3853 Cauc.,

375 3860 574 3926 Brun.,
600 3870 655 3915 et
683 3862 955 3916 nonnullis
984 3860 1164 3926 editis,
1197 3876 1387 3932 regem.

450 3953 673 4009 Danaen
714 3955 1016 4011 violaturus.
1065 3954 1141 4010 Ila
1182 3970 1303 4010 cum
1343 3955 1376 4009 5
1404 3955 1566 4010 editis
1609 3968 1799 4010 omnes
1843 3967 1978 4008 mss.

375 4027 617 4094 demptis
656 4041 768 4082 rec.
798 4026 834 4080 2
866 4028 1022 4096 Reg.,
1057 4025 1247 4091 Cauc.,
1279 4035 1334 4082 et
1361 4026 1674 4096 Cantabrig.
1717 4041 1781 4081 ac
1824 4024 1982 4080 editis

375 4043 617 4094 (tempus
656 4043 768 4082 rec.
798 4043 834 4080 ι
866 4043 942 4083 ne
984 4067 1022 4089 .,
1057 4043 1247 4091 ωηο..
1279 4043 1334 4082 et
1361 4043 1674 4096 uanraurrg.
1717 4043 1781 4081 ac
1824 4043 1982 4080 cuius

375 4100 566 4154 multis
595 4100 684 4169 qui
705 4097 907 4152 addunt
927 4043 1132 4169 fupiter
1157 4113 1174 4152 :
1197 4098 1338 4169 quod
1360 4099 1626 4169 glossema
1655 4098 1783 4169 viris
1806 4096 1982 4152 doctis

376 4186 504 4226 esse
529 4168 772 4241 videtur;
815 4179 870 4225 et
893 4168 1108 4239 quidem
1140 4168 1330 4226 abesse
1357 4168 1849 4241 pote5t,isiquidem
1891 4182 1983 4222 su-

377 4257 478 4326 pra
506 4241 572 4296 de
597 4240 732 4326 {ove
757 4248 843 4325 eet
868 4256 1070 4326 sermg‘.
1108 4241 1182 4297 De
1203 4241 1313 4326 hac
1338 4240 1701 4326 fabule‘JovisI
1733 4242 1783 4294 in
1816 4255 1982 4326 aereo

377 4311 558 4370 imbre
608 4311 810 4383 delapsi
857 4313 981 4368 vide
1022 4312 1331 4368 Terentium
1388 4311 1441 4367 in
1496 4313 1795 4376 Eunucho;
1846 4311 1979 4366 Ovi-

2083 1992 2593 2126 {elae'eommittere
2628 1991 2720 2050 Sic
2748 1990 2887 2063 apud
2909 1989 3064 2048 Ovid.
3092 1990 3146 2048 in
3177 2007 3265 2064 ep.
3294 1990 3360 2050 ad
3389 1993 3508 2052 llel.
3533 1991 3691 2052 Paris

2106 2083 2229 2126 οαυι
2260 2083 2322 2122 lll‘
2348 2085 2360 2119 ζ

2106 2083 2322 2140 oquttur
2348 2085 2360 2119 :

2207 2179 2442 2244 Addimus
2465 2183 2706 2244 antennas
2731 2182 2783 2229 et
2807 2177 2916 2230 vela
2940 2179 3205 2244 sequentia
3229 2179 3404 2243 malos,

2277 2243 2474 2306 Accipit
2495 2248 2549 2293 et
2565 2243 2722 2306 pictos
2742 2243 2919 2306 puppis
2941 2241 3123 2293 adunca
3148 2242 3303 2294 Deos.

2087 2348 2231 2424 Virg.
2263 2350 2358 2405 lib.
2387 2365 2421 2404 x
2451 2347 2671 2404 Eueld.

2270 2464 2460 2516 Aurato
2479 2463 2710 2529 fulgebat
2733 2463 2965 2528 Apolline
2985 2468 3179 2530 puppis.

2087 2590 2158 2648 Et
2185 2605 2290 2647 non
2319 2591 2493 2647 solum
2526 2589 2782 2654 deorum,
2815 2604 3002 2644 verum
3048 2590 3211 2645 etiam
3251 2588 3478 2646 dearum
3511 2594 3693 2650 tutela:

2088 2678 2252 2719 naves
2282 2661 2789 2727 cmnmittebantur;
2837 2659 2979 2715 unde
3008 2663 3170 2715 etiam
3214 2660 3368 2716 deam
3398 2662 3694 2720 Minervam

2090 2751 2188 2805 pro
2219 2734 2381 2805 tutela
2413 2733 2593 2805 habuit
2624 2732 2781 2805 navis
2806 2731 2919 2805 illa,
2944 2747 3063 2801 qua:
3095 2731 3345 2787 Ovidium
3379 2734 3433 2788 in
3463 2735 3696 2792 Pontum

2093 2801 2261 2862 vexit.
2292 2803 2454 2859 Trist.
2486 2803 2580 2858 lib.
2618 2818 2652 2870 ι,
2689 2803 2770 2857 ΕΙ.
2799 2801 2868 2856 9:

2217 2917 2306 2968 Est
2321 2916 2460 2973 mihi,
2485 2916 2648 2979 sitque
2665 2927 2859 2978 precor,
2888 2915 3027 2979 flavae
3051 2915 3206 2966 tutela
3231 2916 3466 2970 Minervae

2285 2979 2450 3040 Navis,
2478 2984 2532 3028 et
2554 2977 2581 3026 a
2600 2977 2730 3042 pieta
2751 2977 2942 3029 casside
2963 2992 3143 3029 nomen
3167 2979 3338 3032 habet.

2085 3104 2250 3162 lsaeus
2280 3121 2387 3161 non
2421 3105 2598 3160 solum
2633 3103 2768 3160 deos
2798 3103 3037 3174 deasque
3075 3121 3174 3175 pro
3202 3108 3382 3163 tutelis
3414 3111 3575 3167 fuisse
3604 3113 3698 3169 ha-

2085 3177 2247 3252 bitas,
2275 3192 2464 3233 verum
2494 3185 2674 3252 et__res
2700 3176 2833 3252 alias
2853 3219 2867 3241 ,
2914 3187 3051 3252 puta
3071 3178 3315 3252 aquilam
3331 3182 3544 3252 aliaque
3581 3189 3700 3240 aui-

2087 3248 2247 3320 malia
2267 3290 2283 3316 ,
2328 3246 2638 3313 contendit;
2684 3247 2780 3320 sed
2814 3263 2935 3302 meo
2965 3246 3179 3318 quidem
3222 3246 3471 3320 judiciof
3501 3267 3648 3312 errat
3678 3276 3693 3313 :

2085 3319 2358 3390 quodnam
2384 3321 2528 3375 enim
2558 3319 2836 3384 auxilium,
2871 3335 3101 3387 quamve
3132 3319 3349 3376 tutelam
3378 3326 3448 3379 ab
3475 3328 3696 3383 animali

2085 3390 2244 3446 bruto
2271 3406 2494 3467 sperare
2519 3399 2776 3467 poterant
2798 3391 3108 3467 navigantes
3129 3391 3165 3467 ‘._’_
3191 3401 3340 3447 certe
3361 3411 3570 3467 nomen
3608 3399 3693 3467 ip-

2085 3477 2203 3517 sum
2234 3460 2413 3517 tutelae
2441 3465 2574 3516 satis
2602 3460 2887 3516 manifeste
2927 3461 3029 3515 hoc
3058 3460 3296 3518 indicare
3320 3465 3551 3530 videtur,
3586 3460 3692 3524 non

2087 3533 2155 3587 ab
2201 3533 2308 3587 alio
2353 3546 2624 3606 quoquam
2674 3531 2841 3606 navis
2867 3533 3336 3606 conservationem
3377 3545 3696 3606 expectasse

2085 3615 2320 3668 veteres,
2365 3601 2527 3674 quam
2567 3601 2636 3655 ab
2681 3602 2771 3675 illo
2811 3601 2914 3657 deo
2960 3603 3128 3659 deave
3174 3605 3326 3675 cujus
3355 3601 3534 3663 tutelae
3571 3625 3692 3666 eam

2084 3673 2493 3748 commiserant,
2520 3682 2614 3748 aut
2640 3673 3528 3748 cuiconsecraverant,cujusque
3556 3680 3692 3735 ima-

2084 3747 2290 3817 ginem,
2341 3745 2564 3800 honoris
2611 3745 2800 3814 gratia,
2853 3745 2906 3817 in
2941 3746 3098 3814 puppi
3135 3745 3415 3815 figuratam
3442 3745 3694 3808 habebat

2085 3815 2255 3872 navis.
2287 3817 2443 3872 Errat
2482 3831 2647 3887 porro
2688 3817 2830 3871 idem
2865 3815 3051 3882 lsrcus,
3098 3832 3222 3871 cum
3262 3819 3384 3874 aliis
3416 3825 3692 3880 nonnullis

2085 3890 2216 3944 viris
2238 3888 2432 3965 dactis,
2465 3887 2608 3965 quod
2649 3895 2797 3956 putet
2830 3889 3050 3965 tutelam
3092 3888 3255 3943 fuisse
3300 3893 3450 3965 navis
3478 3893 3690 3965 insigne

2084 3975 2262 4031 prorae
2291 3960 2619 4031 impositum,
2653 3967 2813 4028 atque
2838 3975 2866 4012 a
2897 3959 3288 4031 tutelaenomen
3323 3959 3612 4027 habuisse:
3624 3981 3690 4021 ac

2085 4029 2290 4106 Graecis
2323 4029 2889 4106 ιιῐιθιειῑηεπᾳρὰσημρν
2910 4029 3351 4106 vocari.__Erroris
3371 4034 3453 4106 illi
3481 4050 3542 4090 ac
3569 4037 3688 4091 aliis

2086 4104 2424 4182 occasionem
2454 4101 2704 4182 prtehui't,
2729 4101 2867 4169 quod
2891 4101 3055 4182 gloss.
3086 4101 3228 4156 dicat
3253 4104 3430 4166 tutela,
3455 4109 3691 4182 παράση-

2086 4195 2176 4246 μον
2195 4181 2283 4229 τοῦ
2311 4175 2508 4231 πλοίου.
2541 4172 2657 4246 Non
2684 4187 2898 4246 semper
2925 4171 3028 4226 hoc
3050 4188 3268 4238 verum;
3301 4171 3686 4245 nonnunquam

2086 4243 2231 4299 enim
2262 4247 2479 4300 tutelam
2508 4243 2636 4298 nihil
2655 4259 2778 4298 cum
2803 4245 3391 4300 Parasemocommuuc
3411 4243 3684 4313 habuisse,

2086 4330 2206 4371 cum
2236 4316 2498 4387 salmasio
2545 4313 2760 4387 afﬁrmo
2801 4331 2814 4387 ξ
2853 4325 2908 4369 et
2953 4321 3096 4387 patet
3141 4314 3192 4367 in
3237 4331 3374 4387 nave
3405 4315 3491 4370 illa
3518 4357 3534 4382 ,
3577 4333 3681 4387 qua

379 4385 531 4473 ilium
581 4399 661 4467 vi,
682 4383 750 4439 de
792 4384 1104 4473 Iristibusi
1146 4385 1442 4473 llpratinm,
1471 4383 1564 4473 lib.
1585 4383 1977 4473 ininCarming
2005 4412 2058 4473 D
2089 4397 2244 4473 vecta
2270 4386 2370 4441 fuit
2399 4386 2646 4473 Europa;
2674 4384 2901 4473 .Jupiter
2940 4384 3082 4438 enim
3122 4385 3298 4448 tutela,
3325 4395 3538 4473 ltaurus
3566 4383 3688 4444 erat

380 4455 763 4512 Germanicum
790 4455 1060 4511 Caesarem
1090 4454 1142 4510 in
1176 4458 1398 4510 Aratum
1432 4456 1520 4509 ulii
1571 4455 1638 4509 de
1669 4454 1866 4509 Perseo
1897 4454 1976 4508 lo-

379 4530 604 4600 quitur;
634 4527 922 4600 Hyginum,
952 4527 1005 4582 in
1047 4541 1164 4598 cap.
1195 4525 1266 4582 63
1303 4525 1636 4594 fabularum;
1669 4526 1787 4596 lege
1817 4525 1977 4580 etiam

380 4598 745 4668 Epiphaniam
780 4601 832 4653 in
862 4601 1186 4655 Anchorato.

458 4669 696 4726 Ferreos.
727 4670 818 4727 Sic
844 4669 1034 4740 Virgil.
1061 4686 1139 4725 xu
1167 4670 1408 4736 IEneid.,
1449 4667 1606 4725 Ovid.
1652 4684 1668 4722 ι
1709 4667 1896 4740 Trist.,
1923 4667 1977 4740 9.

457 4741 528 4796 1η
552 4744 747 4812 aquila.
774 4741 895 4796 Vid.
926 4739 1146 4813 Lucian.
1172 4743 1239 4797 de
1264 4741 1452 4798 Sacrif.
1481 4757 1536 4813 p.
1565 4740 1708 4813 564;
1739 4739 1981 4813 Allienaei

383 4809 642 4884 Deipnos.
677 4830 797 4879 xm,
820 4813 910 4867 fol.
945 4812 1082 4878 566;
1112 4813 1267 4869 Alex.
1301 4814 1369 4868 ab
1398 4809 1551 4868 Alex.
1595 4811 1738 4866 Dicr.
1771 4809 1978 4884 Genial.

385 4886 446 4941 ll.
483 4883 556 4952 iv,
589 4899 638 4939 c.
670 4885 726 4952 2,
758 4902 809 4953 p.
843 4885 967 4941 865.
1002 4884 1106 4940 Sex
1129 4885 1401 4952 Vaticani,
1430 4886 1484 4938 in
1511 4885 1714 4954 aquila;
1748 4883 1984 4952 quinque

381 4957 477 5011 alii
508 4957 676 5012 Vatic.
704 4957 839 5012 Bon.
868 4957 1097 5011 Reimm.
1126 4958 1178 5010 ia
1206 4957 1431 5025 aquilam
1457 4957 1750 5026 ﬁguratam.
1778 4954 1909 5009 Bon.

461 5026 789 5083 Catamitum.
838 5025 1088 5098 Catamiti
1133 5022 1283 5098 pueri
1323 5022 1987 5098 sunt—meritoriilinquit

384 5099 690 5157 Betuleius.
732 5099 939 5170 Glossua
968 5116 983 5153 :
1014 5094 1310 5153 Catamitus
1333 5139 1348 5161 ,
1391 5096 1733 5170 I‘awpridng._
1752 5094 1982 5170 Festus:

386 5170 706 5227 Catamitum
731 5187 823 5241 pro
851 5169 1146 5240 Ganymede
1173 5170 1431 5235 dixerunt,
1467 5167 1554 5240 qui
1580 5170 1678 5240 fuit
1701 5167 1848 5221 lovis
1868 5181 1988 5220 cou-

385 5242 626 5298 cubimts.
656 5242 731 5297 Ita
756 5243 917 5298 etiam
948 5242 1238 5297 Arnobius.

463 5313 674 5384 Aquila.
709 5313 782 5368 Ita
810 5314 972 5369 etiam
998 5312 1309 5384 Fulgentius
1329 5312 1398 5368 de
1423 5311 1526 5367 hoc
1551 5309 1701 5366 Jovis
1730 5308 1988 5366 facinore.

387 5385 530 5440 Vide
557 5385 872 5456 Platonem},
901 5384 996 5440 lib.
1029 5401 1046 5440 ι
1076 5385 1144 5440 de
1170 5385 1416 5456 Legibus.

465 5455 706 5511 Tulelum
752 5455 930 5510 habuit
964 5457 1026 5528 in
1074 5452 1270 5528 aquilaf
1295 5456 1590 5528 figuratam.
1644 5453 1888 5528 Delerem
1938 5452 1991 5506 in

389 5545 528 5586 mss.
562 5544 578 5582 ι
613 5529 827 5582 Borion.
867 5527 1061 5596 antiq.,
1095 5529 1130 5583 5
1161 5524 1354 5594 Vatia,
1385 5527 1420 5580 ‘2
1454 5526 1632 5590 Colb.,
1661 5525 1715 5578 iu
1745 5524 1989 5596 aquilam.

395 5600 603 5664 Tutela,
632 5599 768 5655 deus
798 5597 913 5654 sive
931 5598 1029 5654 dea
1055 5609 1189 5664 erat,
1216 5600 1370 5668 cujus
1387 5599 1732 5668 simulacrum
1755 5595 1806 5649 in
1833 5595 1995 5666 puppi

393 5673 685 5742 ﬁguratum
713 5668 1166 5742 conspiciebatur.
1186 5669 1588 5724 Consueverant
1612 5667 1755 5723 enim
1787 5675 1997 5722 veteres

397 5744 508 5803 diis
535 5741 857 5814 quibusdam
884 5755 1050 5797 naves
1070 5755 1195 5796 suas
1219 5755 1559 5809 consecrare,
1591 5751 1886 5808 eorumque
1914 5745 1994 5794 tu-

936 5835 1213 5899 Ps'rnon.
1259 5831 1368 5896 VI.

2083 4460 2404 4535 παράσημον.
2432 4457 2615 4535 Itaque
2644 4456 2722 4511 sic
2763 4455 2961 4535 habe,_
2983 4469 3140 4508 unam
3181 4457 3536 4535 eamdemque
3567 4475 3681 4515 rem

2086 4525 2471 4599 nonnunquam
2508 4527 2685 4604 fuisse
2725 4535 2781 4604 e_t
2832 4525 3054 4604 tutelam
3085 4534 3140 4604 et
3180 4525 3516 4604 πᾳράσημόν,
3567 4537 3682 4587 tum

2085 4615 2300 4671 nempe,
2329 4597 2560 4669 quando
2602 4597 2686 4652 dei
2732 4597 2917 4671 deaeve
2960 4597 3185 4671 effigies,
3239 4597 3292 4653 in
3335 4597 3489 4670 cujus
3518 4604 3683 4658 tutela

2085 4668 2398 4736 erat'navis,
2432 4671 2483 4723 in
2514 4683 2671 4740 prora
2699 4669 3073 4724 collocaretur.
3111 4668 3223 4724 lloc
3256 4668 3422 4740 saepe,
3463 4689 3566 4727 non
3595 4689 3684 4729 or-

2085 4741 2292 4798 dinarie
2319 4742 2516 4796 factum
2545 4739 2665 4806 fuit,
2697 4748 2755 4794 ut
2781 4741 2931 4794 navis
2964 4740 3051 4793 illa
3080 4755 3184 4808 qua
3215 4739 3511 4798 vehebatur
3539 4745 3682 4799 Pau-

2087 4815 2189 4890 lus,
2214 4816 2332 4890 Aet.
2354 4812 2455 4890 A_p.
2471 4826 2588 4882 cap.
2606 4828 2794 4890 xxvui,
2816 4819 2924 4890 Τῷν
2944 4822 3258 4890 Atoauoupew
3272 4817 3571 4890 παράσημον
3590 4817 3682 4870 ha-

2086 4886 2223 4960 buit,
2240 4885 2506 4960 simulque
2525 4885 2766 4960 tutelam,
2787 4883 2926 4960 unde
2939 4891 2992 4936 et
3012 4883 3303 4960 Atoaaoupoi
3333 4883 3678 4960 {ticaliantttn

2089 4966 2144 5011 et
2171 4957 2222 5010 in
2255 4957 2344 5010 illo
2368 4970 2495 5010 casu
2525 4955 2673 5010 navis
2705 4969 2736 5008 a
2765 4955 2927 5007 tutela
2954 4969 3148 5008 nomen
3181 4955 3508 5024 accipiebat,
3547 4957 3682 5010 alio-

2089 5027 2216 5097 quin
2243 5042 2441 5082 nomen
2470 5026 2699 5082 habebat
2727 5041 2756 5080 a
2787 5025 3094 5097 Parasemo,
3125 5026 3265 5094 quod
3297 5036 3413 5080 erat
3437 5027 3684 5082 animalis

2090 5095 2337 5168 alicujus.
2372 5097 2663 5166 Diligenter
2711 5097 2890 5164 itaque
2918 5095 3352 5168 distinguendum
3392 5099 3529 5150 inter
3550 5106 3685 5152 tute-

2092 5166 2368 5244 (ang—qua:
2394 5168 2447 5244 in
2477 5168 2660 5238 puppi,
2685 5178 2739 5224 et
2763 5168 3084 5244 παράσημον,
3131 5166 3272 5237 quod
3300 5167 3350 5221 in
3380 5183 3538 5237 prora
3564 5168 3688 5224 effi-

2090 5238 2356 5312 gialiatur.
2385 5238 2668 5312 Ganges.

2167 5313 2314 5366 Sicut
2329 5321 2550 5366 taurum.
2574 5310 2673 5365 Ed.
2690 5309 2904 5366 Sublac.
2925 5307 3076 5362 addit
3091 5308 3386 5378 ﬁguratum.
3406 5309 3582 5366 Nolim
3613 5313 3696 5368 in-

2094 5382 2303 5453 telligas
2319 5393 2526 5454 taurum
2542 5382 2704 5437 fuisse
2721 5381 2940 5454 tutelam
2956 5380 3105 5454 navis
3120 5379 3409 5454 illius,qum
3423 5383 3695 5454 Europam

2094 5450 2262 5530 vexit,
2276 5453 2370 5510 sed
2394 5455 2727 5530 capitonem;
2757 5451 2967 5530 Jupiter
2991 5450 3134 5530 enim
3155 5451 3254 5530 liiit
3271 5455 3455 5530 tutela.
3484 5454 3545 5530 νζ,
3569 5450 3698 5530 Fes-

2098 5535 2208 5580 tum
2251 5527 2303 5579 in
2330 5522 2724 5594 voce'Eui-opa,
2759 5522 3050 5594 Eusebium
3088 5523 3140 5577 in
3169 5524 3457 5592 Chronico,
3508 5527 3700 5582 Selde«

2099 5613 2228 5651 num
2266 5597 2320 5651 in
2367 5595 2550 5651 libello
2599 5593 2667 5667 de
2711 5594 2815 5650 diis
2861 5593 3012 5667 Syris
3059 5594 3280 5667 Syptag.
3333 5612 3558 5667 u,rcap.
3609 5597 3698 5651 16.

2098 5667 2228 5726 Mss.
2263 5668 2288 5722 1
2325 5669 2484 5737 Reg.,
2517 5669 2542 5722 1
2578 5666 2735 5722 Colb.
2782 5676 2838 5721 et
2877 5665 3068 5728 Brun.,
3103 5665 3340 5721 Taurus.
3391 5666 3520 5721 Vide
3567 5667 3706 5721 inlra

2103 5739 2375 5810 Epitom.,
2401 5754 2523 5810 cap.
2558 5738 2647 5808 11,
2681 5737 2772 5796 tibi
2801 5738 2917 5794 haec
2939 5739 3098 5808 paulo
3122 5739 3296 5794 aliter.
3341 5737 3604 5794 Eusebius
3631 5747 3714 5796 ta~

3020 5828 3058 5894 6
