4174 6200
497 263 599 320 1ῗ9

676 391 855 439 Anium“
877 386 1052 438 ἀψὺχους,
1073 384 1204 423 vatiam
1231 378 1365 421 ιῖδωλα
1384 381 1569 431 καμόντων
1582 408 1594 425 ,

687 438 737 491 ἀν
756 450 884 501 xm
907 447 1075 499 αώιημα
1096 447 1232 498 *ὄξους
1254 445 1279 493 ἡ
1303 440 1486 495 “more:
1506 439 1621 493 ίσιιι·

492 554 687 612 Cicero
720 552 788 607 de
826 548 1027 617 Natura
1070 546 1317 615 deorum,
1343 559 1463 601 cum
1498 552 1605 600 tres
1633 541 1799 599 Ioves
1827 554 1857 598 a
1886 538 2099 596 theolo-

488 650 571 722 gis
597 644 903 704 enumerari
934 642 1161 707 diceret,
1191 641 1267 697 ait
1298 641 1516 696 tertium
1569 638 1735 694 fuisse
1755 636 2092 701 Cretensem,

499 738 713 799 Saturni
764 736 955 801 ﬁlium,
986 734 1141 807 cujus
1171 730 1225 789 in
1258 731 1347 789 illa
1382 729 1559 787 insula
1584 730 1888 800 sepulcrum
1915 736 2097 782 osten-

486 831 651 889 ditur.
682 826 963 898 Quomodo
1017 827 1181 898 igitur
1230 831 1410 896 potest
1456 823 1590 880 deus
1615 821 1741 879 alibi
1765 836 1887 878 esse
1916 820 2092 885 vivus,

488 924 617 981 alibi
663 930 926 986 mortuus,
957 918 1083 974 alibi
1142 916 1347 973 habere
1400 914 1686 986 templum,
1733 912 1861 969 alibi
1916 909 2098 982 sepul-

489 1030 643 1073 crum
677 1015 701 1068 ?
728 1012 915 1070 Sciant
940 1025 1070 1083 ergo
1095 1008 1346 1075 Romani,
1375 1006 1700 1079 Capitolium
1726 1021 1906 1072 suum,
1934 1003 1987 1059 id
2013 1009 2099 1059 est

488 1121 760 1165 summum
811 1113 974 1175 caput
1018 1101 1338 1174 religionum
1390 1100 1751 1172 publicarum,
1797 1096 1928 1153 nihil
1975 1110 2097 1153 esse

488 1200 633 1258 aliud
659 1214 819 1271 quam
845 1198 1006 1254 inane
1029 1195 1444 1251 monimentum.

562 1294 858 1351 Veniamus
887 1304 1033 1347 nunc
1078 1288 1146 1344 ad
1177 1287 1295 1358 ejus
1333 1295 1569 1358 patrem,
1603 1283 1695 1357 qui
1747 1291 1873 1340 ante
1901 1295 2097 1355 regna-

488 1394 586 1462 vit,
619 1401 671 1447 et
699 1390 791 1462 qui
823 1388 1053 1445 fortasse
1080 1386 1199 1457 plus
1235 1383 1466 1439 habebat
1491 1381 1546 1438 in
1577 1394 1657 1447 se,
1687 1379 1832 1453 quod
1855 1394 1923 1436 ex
1952 1377 2097 1433 coitu

488 1494 762 1543 tantorum
793 1482 1186 1538 elementorum
1216 1478 1431 1551 genitus
1458 1490 1579 1532 esse
1606 1473 1836 1531 dicatur.
1891 1470 2095 1528 Videa-

493 1592 616 1634 mus
646 1575 771 1648 quid
818 1575 871 1629 in
927 1588 993 1629 eo
1030 1571 1190 1627 luerit
1217 1566 1321 1625 deo
1347 1567 1567 1648 dignum
1599 1566 1692 1621 :in
1724 1565 1912 1636 primis
1938 1561 2092 1633 illud,

494 1673 637 1747 quod
665 1641 889 1727 aureum
940 1667 1200 1724 saeculum
1231 1641 1485 1720 narratur
1514 1660 1806 1726 habuisse;
1837 1657 1976 1731 quod
2003 1656 2096 1728 ju-

1568 249 1750 313 FIRM.
1794 242 2164 315 LACTANTII
2203 241 2405 309 Dli’li‘l.
2451 238 2697 307 lNSTl'l'.

2116 367 2170 449 Α
2194 373 2311 417 sum
2336 367 2525 435 putare
2554 357 2721 413 Deum
2747 368 3040 427 summum,
3069 366 3176 429 quo
3216 350 3425 407 videam
3449 364 3572 409 esse
3599 349 3808 429 aliquid

3708 231 3807 293 ut)

2200 451 2521 525 antiquius,
2581 448 2778 507 cmlum
2828 445 3039 512 scilicet
3093 454 3255 517 atque
3308 452 3531 499 terram.
3582 444 3652 497 At
3706 457 3809 519 ego

2202 546 2368 601 Deum
2391 559 2599 619 qumro,
2627 543 2762 599 ultra
2797 557 2957 619 quem
3007 539 3141 607 nihil
3182 539 3252 595 sit
3279 538 3519 605 omnino,
3550 536 3638 609 qui
3662 535 3807 617 fons,

2200 647 2254 696 et
2282 638 2436 717 origo
2461 638 2532 692 sit
2569 652 2773 693 rerum.
2805 634 2902 691 ilic
2944 634 3014 699 sit
3062 646 3286 695 necesse
3329 639 3447 701 est,
3473 628 3565 702 qui
3610 630 3809 705 caelum

2202 732 2377 803 ipsum
2428 728 2707 798 condidit,
2743 739 3052 807 terramque
3103 726 3365 784 fundavit.
3427 724 3691 782 Saturnus
3716 742 3812 787 an,

2202 833 2310 880 tem
2358 823 2404 879 si
2433 838 2497 880 ex
2544 822 2630 878 his
2678 831 2835 878 natus
2861 820 3052 894 cst(ut
3081 816 3320 894 putatur)
3352 816 3809 889 quemadmodum

2201 925 2380 988 potest
2430 899 2589 983 Deus.
2615 929 2736 972 esse
2768 911 3104 985 principalis,
3135 911 3226 985 qui
3277 910 3396 965 aliis
3443 919 3622 966 ortum
3650 923 3808 975 suum

2201 1010 2405 1075 debet?
2431 1019 2526 1071 aut
2553 1011 2673 1084 quis
2696 1008 2913 1080 praefuit
2939 996 3162 1075 mundo,
3189 1006 3504 1078 priusquam
3534 1004 3805 1075 Saturnus

2199 1104 2557 1179 gigneretur?
2583 1102 2691 1160 Sed
2717 1103 2818 1158 hoc
2847 1103 3119 1173 poeticum
3153 1108 3235 1155 est
3262 1097 3345 1174 (ut
3368 1097 3616 1163 dicebam
3647 1099 3811 1171 paulo

2200 1195 2347 1268 ante)
2377 1195 2715 1268 ﬁgmentum.
2745 1194 2857 1251 Nec
2874 1194 3019 1253 enim
3054 1193 3172 1249 ﬁeri
3204 1201 3439 1265 poterat,
3465 1202 3521 1248 ut
3540 1192 3809 1250 elementa

2199 1287 2560 1359 insensibilia,
2614 1298 2869 1361 tantoque
2912 1286 3197 1344 intervallo
3244 1296 3513 1363 separata,
3558 1287 3614 1343 in
3642 1301 3811 1355 unum

2199 1384 2410 1440 coirent
2437 1397 2500 1439 ac
2526 1381 2694 1438 ﬁlium
2716 1389 3074 1457 procrearent
3100 1399 3114 1435 :
3145 1389 3237 1436 aut
3260 1379 3325 1444 is,
3350 1380 3439 1453 qui
3465 1389 3620 1443 natus
3637 1388 3809 1453 esset,

2199 1491 2308 1532 non
2364 1474 2705 1548 potissimum
2747 1473 3083 1555 genitoribus
3139 1471 3331 1528 similis
3386 1472 3811 1547 existeret;sed

2200 1582 2321 1625 eam
2345 1566 2571 1631 formam
2597 1576 2832 1640 gereret,
2863 1582 3025 1639 quam
3054 1574 3308 1638 parentes
3348 1564 3432 1621 sui
3481 1580 3589 1621 non
3633 1565 3800 1631 habcv

2199 1661 2349 1719 bant.

488 1766 634 1825 stitia
683 1765 784 1820 sub
832 1776 897 1818 eo
943 1758 1104 1815 fuerit
1140 1757 1196 1813 in
1228 1766 1391 1813 terra.
1422 1754 1610 1811 Teneo
1635 1750 1835 1823 aliquid
1880 1753 1934 1805 in
1964 1747 2088 1818 hoc,
2119 1768 2169 1835 Β
2269 1754 2587 1827 Quaeramus
2635 1770 2764 1835 ergo
2793 1754 2922 1831 quid
2970 1752 3210 1819 veritatis
3260 1752 3361 1819 sub
3394 1755 3493 1813 hac
3520 1752 3689 1831 ﬁgura
3716 1751 3802 1808 la-

488 1857 632 1932 quod
678 1857 733 1912 in
777 1855 892 1925 ejus
922 1852 1032 1907 ﬁlio
1064 1865 1172 1906 non
1224 1847 1343 1904 fuit.
1402 1846 1543 1915 Quid
1571 1844 1717 1901 enim
1745 1852 1855 1899 tam
1885 1855 2088 1899 conve-

2187 1857 2315 1906 teat.
2343 1849 2612 1907 Minucius
2642 1850 2797 1916 Felix
2826 1849 2881 1906 in
2911 1864 2979 1907 eo
3017 1849 3174 1917 libro,
3197 1846 3288 1927 qui
3327 1844 3584 1909 Octavius
3611 1846 3806 1905 inscri-

487 1955 644 2010 niens
673 1950 798 2017 deo,
827 1962 987 2020 quam
1009 1945 1212 2017 justum
1235 1942 1498 2014 regimen,
1520 1955 1584 1996 ac
1611 1940 1756 2011 pium
1786 1935 2090 1994 saeculum?
2191 1942 2357 2013 bitur,
2389 1943 2468 1999 sic
2496 1951 2903 2015 argumentatus
2928 1951 3015 1998 est
3039 1960 3052 1997 :
3085 1959 3103 1993 ‹
3139 1940 3456 2006 Saturnum,
3489 1954 3612 1995 cum
3644 1937 3801 2010 fuga-

492 2047 600 2106 Sed
629 2061 751 2102 cum
784 2043 974 2101 eadem
996 2041 1208 2098 ratione
1238 2046 1423 2094 natum
1451 2050 1575 2093 esse
1600 2035 1800 2106 cogito,
1835 2048 1943 2089 non
1966 2047 2091 2105 pos-
2189 2043 2277 2090 tus
2321 2043 2470 2093 esset
2506 2052 2534 2091 a
2565 2033 2675 2092 ﬁlio
2723 2035 2778 2091 in
2806 2033 3121 2106 Italiamque
3170 2034 3427 2100 venisset,
3475 2029 3612 2088 Caeli
3642 2029 3813 2086 ﬁlium

1826 2168 2193 2233 VARIORUM
2229 2170 2461 2239 NOTAE.

495 2323 746 2385 ctoritate
770 2328 879 2377 vet.
919 2325 975 2394 et
1001 2316 1190 2394 optimi
1245 2329 1351 2394 ms2
1388 2310 1830 2394 gegio-Puteanl.
1860 2307 1995 2394 Item
2023 2310 2103 2366 al-

500 2380 669 2454 terius
719 2394 877 2465 Reg.,
908 2380 1056 2465 (ἥιὶῖ
1086 2388 1300 2465 μαῖαι,
1331 2380 1623 2465 i_C_I_a'rom.
1656 2390 1712 2465 u_t
1739 2383 1792 2465 Α
1816 2380 1963 2465 “edit.
1980 2396 2101 2465 ree.

501 2452 557 2525 et
598 2452 953 2536 Epitoni’.,c._
969 2452 1056 2536 1ρζ
1087 2458 1144 2514 In
1191 2474 1322 2514 mss.
1367 2459 1390 2512 1
1428 2455 1708 2536 Ite-g.ﬂet_5
1734 2452 1906 2536 Colb.“
1932 2462 2103 2536 Ζῆνοες

504 2544 532 2596 1
568 2525 819 2599 al.'Coih.
853 2525 908 2597 et
933 2534 960 2589 1
983 2530 1424 2607 Clarum.,mzma
1438 2525 1530 2607 Lf
1554 2526 1809 2607 Sor_bon.,
1841 2533 1983 2607 zeum
2004 2540 2018 2589 ;
2039 2525 2106 2607 in

506 2613 540 2667 δ
572 2596 792 2681 Reg.et
822 2595 965 2681 edit.
983 2604 1140 2681 Rom.
1171 2595 1332 2681 1168,
1369 2598 1528 2681 uno,
1556 2607 1614 2653 et
1643 2597 1674 2651 7
1701 2595 1820 2652 aliis
1848 2595 2104 2667 antiquis,

507 2670 816 2745 Zeus-.vVide
835 2673 1150 2734 Callimach.
1178 2674 1374 2747 Hymn.
1403 2672 1454 2726 in
1486 2670 1608 2726 Jov.

508 2778 786 2849 Δαίμουας.
818 2770 1007 2829 Latine
1035 2787 1047 2821 :

567 2868 834 2919 Daemones
856 2865 1113 2922 inanimes,
1138 2862 1433 2911 cadaverum
1456 2855 1717 2922 simulacra
1740 2862 2063 2922 mortuorum,

570 2917 789 2995 Quorum
811 2928 954 2979 Creta
972 2928 1022 2977 in
1040 2917 1321 2988 jactantiam
1346 2920 1572 2986 sepulcra
1597 2919 1779 2970 misera
1802 2917 1967 2969 habet.

1212 3005 1421 3075 ;Sibyll.
1445 3004 1696 3069 carmina,
1725 3018 1877 3063 term.
1910 3001 1962 3059 8.

584 3104 1085 3179 Kauxnuafrdtpoug.
1117 3097 1251 3179 “ille
1276 3095 1758 3179 Corrigendusﬁst
1809 3094 1978 3177 codex
2024 3093 2116 3178 Si.

512 3166 745 3254 liyllinus
773 3166 867 3245 'qul
896 3166 1266 3254 liabctgapou
1295 3166 1551 3254 γαύχημα
1576 3183 1589 3220 :
1726 3166 1880 3254 enim
1911 3168 2126 3254 scansio

517 3238 623 3308 non
648 3238 859 3304 consfat
887 3261 901 3297 :
937 3258 1036 3297 nec
1058 3243 1157 3307 ἕξει
1181 3238 1271 3295 ἐει
1298 3238 1606 3309 legendum,
1642 3247 1699 3290 ut
1725 3238 1797 3291 ibi
1825 3254 1840 3302 ;
1870 3238 1965 3292 sed
1993 3240 2124 3294 utin

515 3331 703 3378 nostro
728 3317 895 3390 ἴσχει.
917 3312 1221 3390 Ιειερεηῇἰε.
1251 3308 1418 3390 Cane.
1453 3308 1615 3363 habet
1638 3310 1756 3374 ἕξει.

592 3392 668 3446 De
695 3381 829 3444 Ναίῖ
858 3389 998 3441 deor.
1025 3385 1243 3441 Scilicet
1269 3382 1305 3436 l.
1337 3397 1417 3446 tu,
1451 3391 1505 3435 et
1545 3390 1663 3449 post
1691 3394 1814 3435 eum
1856 3381 2127 3440 Arnobius

514 3467 610 3523 lib.
643 3479 723 3520 nt.

591 3530 922 3591 Enumernri.
954 3527 1044 3585 Sic
1086 3541 1115 3580 a
1156 3540 1242 3580 me
1282 3523 1587 3578 restitutum
1609 3537 1673 3578 ex
1704 3522 1834 3577 edit.
1862 3522 2038 3579 Betui.
2071 3535 2129 3589 et

519 3608 772 3665 omnibus
799 3617 929 3657 mss.
960 3608 1159 3669 praeter
1201 3594 1333 3669 Pen.
1382 3595 1435 3669 in_
1460 3610 1569 3665 quo
1607 3596 1887 3669 numerari,
1916 3598 2001 3669 cui
2044 3596 2128 3652 le-

519 3681 683 3737 ctioni
724 3666 1160 3744 adstipulatunet
1198 3668 1316 3736 ipse
1349 3666 1598 3736 vulgatus
1619 3666 1899 3744 Ciceronis
1928 3667 2078 3744 locus
2108 3682 2124 3723 ς

521 3735 788 3816 Principio
817 3735 1037 3817 (inquit)
1062 3735 1343 3817 Joves’tres
1380 3746 1669 3817 nutrierant.
1702 3735 1759 3791 In
1785 3740 1998 3795 caeteris
2027 3739 2129 3794 La-

522 3808 715 3878 ctantii
743 3808 1069 3871 edi‘tlonibus
1094 3820 1178 3865 est
1202 3808 1477 3862 nominari.

592 3888 927 3960 Capitolium.
967 3886 1070 3936 Arx
1096 3881 1329 3960 _Ro_mte,
1363 3880 1556 3960 innqua
1578 3878 1698 3960 {ovi
1724 3880 1983 3950 templum
2015 3879 2126 3936 fue.

522 3974 608 4021 rat
644 3948 987 4021 aediﬁcatum,
1005 3953 1147 4008 unde
1174 3950 1383 4018 Jupiter
1406 3948 1743 4019 Capitolinus
1767 3967 1782 4013 ς
1806 3948 1851 4004 θ’
1865 3968 1970 4021 quo
1997 3966 2129 4009 vero

527 4036 607 4093 sic
638 4034 840 4088 dictum
870 4024 1194 4097 Capitolium
1220 4021 1341 4076 vide
1367 4022 1662 4097 _A_rnobium
1697 4021 1733 4075 l.
1767 4036 1837 4097 v_t_.

602 4105 883 4160 Tantorum
935 4093 1318 4151 elementorum.
1373 4093 1483 4147 Hoc
1531 4102 1647 4160 est,
1695 4093 1823 4149 cmii
1863 4100 1917 4150 ct
1945 4103 2125 4150 terrm.

530 4178 662 4234 Nam
689 4177 953 4228 Saturnus
985 4168 1126 4221 ﬁlius
1168 4164 1268 4219 fuit
1309 4164 1528 4218 mtheris
1549 4174 1611 4234 et
1641 4173 1835 4231 terrae;
1866 4166 2131 4223 Saturnus

529 4232 673 4308 enim
705 4254 760 4301 et
780 4240 963 4298 Titane
986 4238 1125 4293 ﬁlius
1145 4243 1296 4292 erat:
1327 4249 1511 4308 verum
1544 4232 1779 4308 granus,
1800 4246 1866 4308 et
1892 4236 2127 4307 C(elum,

527 4305 582 4379 et
639 4316 832 4374 IEther
865 4314 1248 4380 interpretatur
1276 4348 1291 4374 ,
1354 4306 1497 4363 sicut
1541 4305 1708 4361 Titrea
1760 4306 1901 4364 idem
1935 4319 2019 4365 est
2067 4305 2132 4366 ac

529 4394 719 4450 Terra.

2209 2326 2432 2387 aureum
2478 2310 3210 2387 oraculum,intelli_gentlum_
3250 2310 3392 2387 illud,
3435 2319 3650 2385 tempus
3677 2327 3810 2387 quo,

2211 2386 2356 2458 orbe
2395 2384 2633 2441 nondum
2672 2381 2844 2440 diviso
2868 2381 3170 2458 ,ﬂl‘loachus
3200 2385 3253 2440 in
3304 2381 3614 2458 universum
3642 2381 3816 2458 genus

2216 2456 2517 2523 hominum,
2547 2465 2606 2511 ut
2630 2464 2781 2529 pater
2800 2456 3100 2529 in'iiberos,
3132 2458 3377 2515 naturale
3420 2457 3613 2513 bahuit
3640 2456 3816 2529 impe-

2216 2528 2393 2587 rium:
2427 2536 2588 2587 atque
2627 2527 2849 2583 aureum
2882 2527 3010 2585 illud
3042 2528 3297 2583 sarculum
3340 2539 3614 2587 sumptum
3660 2527 3817 2586 vide.

2217 2543 2393 2587 rium:
2427 2543 2588 2654 aisne
2627 2543 2849 2583 aureum
2882 2543 3010 2585 mnu
3042 2543 3297 2583 sarculum
3340 2543 3614 2655 sumgtum
3660 2543 3813 2586 vnac.

2217 2607 2308 2654 tur
2352 2613 2416 2654 ex
2518 2599 2736 2653 aticinio
2781 2599 3035 2656 Lamechi
3084 2599 3153 2657 de
3180 2599 3421 2667 Naacho,
3478 2618 3588 2654 .cn.
3618 2600 3813 2667 v,29:

2217 2670 2325 2725 Iste
2351 2669 2696 2742 consolabitur
2726 2687 2816 2731 nos
2837 2670 2898 2733 ab
2926 2670 3178 2742 aperibus,
3213 2681 3264 2742 et
3289 2670 3545 2731 laboribus
3573 2688 3817 2729 manuum

2215 2750 2522 2805 nostrarum,
2553 2741 2607 2796 ln
2647 2750 2782 2807 terra
2812 2743 2894 2796 aui
2942 2740 3204 2797 maledixit
3233 2741 3503 2805 Dominus.
3542 2742 3813 2811 Bocuan't‘,

2214 2811 2417 2887 -_—_-H:ec
2453 2826 2628 2869 tamen
2660 2829 2686 2864 a
2721 2813 2993 2887 Samuelis
3034 2812 3284 2887 Bocharti
3309 2823 3576 2887 tempore,
3611 2830 3717 2887 non
3749 2815 3816 2879 ad

2218 2884 2495 2938 historiam
2538 2899 2770 2949 sacram,
2804 2885 2898 2939 sed
2928 2883 2994 2939 ad
3020 2885 3294 2953 profanam
3338 2883 3537 2941 rectius
3569 2885 3817 2949 referun-

2219 2964 2325 3011 tur.
2358 2956 2607 3019 Aurelius
2635 2955 2819 3011 Victor
2844 2958 2911 3027 de
2928 2954 3137 3027 origine
3159 2958 3333 3027 gentis
3366 2974 3601 3013 romana:
3629 2956 3706 3011 sic
3729 2958 3815 3013 lo-

2141 3037 2188 3101 ρ
2219 3028 2400 3099 quitur
2428 3018 2526 3101 de,
2544 3027 2779 3101 Saturno
2808 3046 2823 3083 :
2856 3022 2913 3082 Is
2962 3018 3185 3101 prvinins'
3210 3018 3576 3099 agriculturam
3596 3028 3818 3099 edocuit,

2230 3102 2461 3171 ferosque
2509 3099 2735 3171 homines
2781 3115 2845 3171 ea:
2866 3112 3036 3171 _t_'apto
3074 3099 3235 3153 vivere
3262 3112 3486 3171 assuetos
3515 3100 3584 3155 ad
3610 3117 3822 3171 compo-

2229 3167 2554 3225 sitam’vitam
2584 3169 2831 3225 traduxit.
2865 3167 3003 3226 Vide
3028 3184 3190 3227 supra
3222 3171 3401 3225 locum
3430 3170 3647 3227 Justini.

2303 3241 2453 3311 Quod
2469 3242 2678 3307 justitia
2706 3241 2797 3295 sub
2836 3258 2893 3297 eo
2917 3240 3069 3311 fuerit
3089 3240 3142 3295 in
3163 3252 3316 3297 terra.
3352 3241 3465 3298 Hoc
3491 3243 3651 3298 etiam
3675 3256 3824 3299 com-

2229 3314 2389 3367 mode
2419 3310 2487 3385 de
2517 3312 2628 3385 Noe
2656 3313 2826 3383 accipi
2857 3310 3054 3385 potest.
3086 3312 3240 3385 Nam,
3275 3328 3381 3369 non
3432 3315 3593 3369 modo
3618 3315 3821 3385 justus,

2230 3384 2323 3456 sed
2350 3393 2405 3439 et
2426 3384 2646 3456 iustitia:
2678 3383 3089 3456 prmcosednlus
3113 3384 3243 3450 fuit;
3274 3400 3394 3441 cum
3413 3399 3478 3440 eo
3504 3383 3696 3440 vixerit
3718 3400 3825 3439 sm-

2229 3455 2354 3510 culo
2402 3471 2509 3525 quo
2559 3455 2836 3509 hominum
2892 3470 3068 3512 mores
3088 3465 3252 3527 erant
3291 3456 3662 3527 perditissimi,
3691 3456 3827 3514 nihil

2232 3542 2339 3581 non
2371 3528 2500 3596 egit.
2528 3536 2584 3581 ut
2612 3528 2734 3581 illos
2782 3526 2847 3581 ad
2875 3541 3015 3582 verae
3045 3526 3259 3596 pietatis
3294 3526 3554 3582 ’normam
3579 3529 3744 3583 verbo
3773 3534 3829 3582 ct

2231 3598 2480 3669 exemplo
2510 3598 2813 3659 reduceret.
2847 3598 3139 3661 Saturnum
3178 3598 3358 3659 itidem
3390 3614 3571 3669 regem
3595 3599 3828 3667 justissi-

2231 3685 2379 3723 mum
2424 3668 2590 3724 fuisse
2630 3669 2837 3734 volunt,
2869 3670 3114 3739 adeoque
3158 3684 3252 3739 pro
3281 3670 3443 3735 virili,
3464 3668 3721 3725 Homines
3747 3672 3830 3725 sui

2233 3742 2474 3811 temporis
2503 3757 2565 3795 ex
2591 3743 2778 3812 agresti
2811 3742 2912 3794 vita
2951 3741 3017 3793 ad
3061 3741 3409 3795 humaniorem
3440 3744 3629 3797 cultant
3659 3751 3831 3795 trans-

2232 3813 2425 3873 tulisse,
2458 3820 2502 3866 et
2531 3822 2798 3882 prouterea
2824 3827 3035 3883 magnos
3062 3813 3277 3865 honores
3296 3823 3636 3881 consecutum,
3667 3814 3830 3867 multa

2231 3884 2507 3954 orbisloca
2551 3899 2867 3954 peragrasse.
2915 3892 2963 3938 et
3003 3899 3174 3954 omnes
3212 3883 3282 3937 ad
3298 3885 3556 3953 justitiam
3599 3894 3647 3939 et
3669 3884 3831 3939 animi

2232 3953 2609 4024 simplicitatem
2660 3952 2940 4008 induxisse.
2993 3952 3204 4008 Diodori
3252 3952 3415 4009 verba
3443 3965 3587 4019 sunt,
3621 3955 3658 4009 l.
3685 3972 3717 4010 v
3744 3955 3833 4010 Bi-

2232 4024 2881 4097 blioth.,_neque_alitcr
2916 4024 3165 4080 Aurelius
3215 4024 3395 4081 Victor
3426 4028 3477 4080 in
3518 4028 3555 4083 I.
3584 4026 3652 4081 de
3679 4026 3828 4097 Orig.

2231 4096 2409 4167 gentis
2456 4093 2638 4169 Rom:
2670 4093 2831 4169 Feros
2862 4096 3090 4169 homines
3138 4113 3201 4152 ea:
3222 4109 3385 4169 rapta
3407 4100 3572 4153 viuere
3601 4093 3830 4154 assuetas

2233 4169 2302 4221 ad
2324 4168 2655 4237 compositam
2682 4167 2838 4222 vitam
2860 4168 3106 4222 traduxit.
3154 4167 3297 4240 Virg.
3328 4168 3544 4224 Eneid.
3582 4185 3675 4225 Vill
3704 4186 3717 4225 :

2358 4280 2408 4332 Is
2428 4294 2590 4343 genus
2613 4279 2826 4345 indocile
2847 4288 2899 4332 et
2919 4281 3197 4345 dispersum
3220 4282 3470 4333 montibus
3491 4282 3602 4333 altis

2358 4340 2662 4410 Composuit,
2681 4340 2925 4409 legesque
2946 4340 3104 4396 dedit.

604 4430 828 4516 Imaum
856 4452 1099 4510 naculum
1141 4457 1383 4507 narratur
1426 4447 1683 4504 habuisse.
1714 4451 1792 4507 De
1840 4466 2008 4508 aureo
2029 4451 2129 4510 Sa—
2152 4430 2208 4492 Ῑ)
2304 4448 2473 4521 Teneo
2500 4449 2703 4521 aliquid
2720 4449 2771 4503 in
2795 4449 2909 4504 hoc.
2935 4448 3010 4504 Ita
3039 4450 3244 4521 restitui
3267 4465 3332 4505 ex
3355 4464 3484 4506 mss.
3516 4458 3622 4505 vet.
3647 4458 3702 4506 et
3727 4465 3836 4521 op-

533 4532 676 4591 turni
702 4528 901 4585 saeculo
921 4525 1042 4580 vide
1071 4521 1231 4586 infra,
1262 4521 1297 4575 l.
1326 4535 1382 4588 v,
1422 4535 1472 4576 c.
1524 4522 1559 4577 4
1603 4530 1660 4577 et
1688 4522 1722 4580 5
1755 4540 1767 4577 :
1801 4523 1913 4579 Rea:
1944 4523 2130 4581 Satur-

532 4623 649 4671 nus,
685 4600 856 4671 inquit
881 4596 1087 4666 Trogus
1127 4593 1269 4662 apud
1296 4592 1517 4671 Justin_.,
1544 4593 1581 4671 l.
1623 4596 2130 4671 xcut_,_tanttzjuut-

533 4664 1013 4765 tiw'fuiss'eufertur,
1041 4674 1103 4749 ut
1139 4680 1298 4765 uagae
1316 4664 1697 4765 {servieritusub
1717 4666 1808 4765 illia
1836 4664 2128 4765 quisquam,

536 4736 694 4819 neque
720 4736 998 4814 quidquam
1024 4738 1237 4818 privata:
1260 4736 1335 4790 rei
1375 4736 1629 4819 habuerit,
1676 4738 1766 4819 sed
1793 4736 1971 4791 omnia
1994 4754 2133 4792 cont-

535 4817 711 4873 mnnla
749 4825 794 4869 st
821 4810 1041 4865 indivisa
1065 4805 1298 4862 amathus
1324 4810 1532 4877 fuerint,
1579 4808 1732 4862 ueluti
1755 4824 1914 4863 unum
1939 4810 2134 4867 cunctis

536 4886 896 4961 patrimonium
915 4889 1063 4937 esset.
1089 4879 1156 4934 Et
1183 4877 1327 4949 Virg.
1354 4892 1393 4944 ι,
1420 4877 1619 4949 Georg.
1644 4894 1659 4932 :

656 5001 765 5117 ἕως
781 5001 980 5113 sigat’iare
1001 4992 1223 5059 quidem,
1247 4996 1335 5043 aut
1357 4992 1528 5057 partiri
1552 4991 1710 5046 limite
1735 5006 1959 5060 campum

704 5078 756 5115 as
779 5076 836 5113 er
891 5095 905 5110 .

704 5078 756 5115 88
779 5076 905 5113 erat.

536 5151 605 5208 Et
622 5146 809 5213 0vid.,
838 5144 877 5201 l.
896 5157 956 5199 ιιι
978 5143 1261 5206 Amorum,
1291 5137 1429 5209 eleg.
1458 5137 1488 5193 7
1517 5156 1529 5192 :

721 5261 960 5326 Signabat
979 5253 1116 5307 nullo
1133 5250 1293 5306 limite
1310 5251 1468 5305 lassor
1483 5253 1704 5309 humum.

535 5371 689 5441 Quod
710 5369 779 5426 de
805 5366 997 5424 eadem
1022 5371 1184 5420 nitate
1209 5360 1438 5419 habetur
1466 5363 1520 5419 in
1548 5362 1824 5425 Hesiodo:

661 5479 907 5545 granorum
928 5476 1193 5541 imperium
1202 5474 1332 5545 dum
1346 5474 1458 5528 Rex
1481 5475 1725 5528 Saturnus
1744 5478 1983 5545 habebat,

660 5543 751 5606 Dis
771 5539 961 5606 similes
983 5538 1172 5588 summa
1185 5538 1439 5606 degebant
1462 5552 1604 5606 pace,
1622 5553 1717 5592 nec
1739 5540 1868 5591 ullus

660 5605 752 5658 His
770 5602 909 5653 labor
933 5608 1017 5651 aut
1038 5611 1256 5650 aerumna
1270 5600 1381 5650 fuit.

532 5731 686 5790 Adde
710 5738 767 5788 et
807 5725 1111 5804 Martialem
1139 5723 1210 5804 de
1238 5724 1494 5804 Saturno,
1548 5727 1588 5784 l.
1640 5744 1735 5798 xu,
1766 5728 1961 5804 Aepigr.
1985 5746 2136 5790 um.

527 5805 655 5863 ιιωο
678 5801 855 5865 tabula
873 5799 1066 5858 hausta
1079 5797 1181 5856 fuit
1201 5812 1270 5857 ex
1291 5796 1570 5873 Scriptura
1593 5816 1610 5871 ;
1633 5796 1734 5874 per
1756 5796 1977 5865 Sa'tu'rui
1994 5805 2138 5863 enim

2235 4522 2377 4576 timis
2393 4522 2419 4575 1
2442 4520 2859 4590 Bonun..Regiis
2876 4521 3085 4587 5,Co|b.
3103 4520 3160 4586 2,
3182 4520 3344 4576 Brun.
3363 4522 3416 4578 ln
3432 4520 3837 4580 msJumdeeo.

2232 4592 2291 4648 ιη
2316 4606 2447 4647 mss.
2466 4606 2574 4646 rec.
2600 4592 2774 4646 tribus
2788 4591 2967 4657 Colb.,
2994 4590 3284 4647 2Clarom.
3310 4593 3543 4649 aceditis
3568 4604 3653 4649 est
3680 4597 3735 4648 in
3749 4611 3830 4650 eo.

2309 4664 2423 4730 Quo
2449 4663 2647 4717 uideam
2668 4678 2774 4717 esse
2792 4663 2988 4733 aliquid
3013 4665 3289 4734 antiquius.
3304 4665 3395 4720 Sic
3418 4665 3833 4723 emendavimus

2236 4751 2301 4789 ex
2350 4734 2734 4789 vetustissimis
2779 4743 2834 4788 et
2876 4733 3096 4806 optimis
3121 4733 3331 4806 inth
3378 4738 3611 4797 Bonon.,
3639 4737 3834 4806 [legio-

2237 4807 2498 4871 Puteano,
2526 4821 2627 4859 nec
2654 4819 2761 4859 non
2790 4820 2856 4860 ex
2900 4805 2937 4859 2
2964 4806 3084 4860 aliis
3115 4805 3272 4876 Reg.,
3299 4807 3493 4872 Taxa.,
3525 4809 3548 4864 1
3584 4805 3765 4875 Colb.,
3795 4809 3836 4864 2

2237 4877 2498 4946 Clarum.,
2546 4892 2668 4932 cum
2716 4876 2769 4930 in
2822 4889 3029 4946 septem
3072 4879 3194 4932 aliis
3222 4893 3355 4933 mss.
3396 4887 3452 4934 et
3481 4880 3534 4934 in
3557 4879 3720 4935 editis
3763 4881 3836 4936 sit

2237 4918 2668 5075 ξέόἓῖἶέὶὶεαῖτῖῖ
2696 4918 3734 5019 iii"scﬁﬁiié'cﬁiiEtIZT'BEiu'éiTJIS.
3760 4918 3837 5006 Si:

2275 5036 2385 5075 eam
2392 5059 2405 5074 .

2275 5036 2385 5075 eam
2392 5059 2405 5074 .

2313 5091 2465 5147 Nihil
2503 5091 2571 5149 sit
2594 5092 2822 5148 omnino.
2847 5090 2937 5148 Sic
2962 5091 3296 5149 restituimus
3321 5106 3389 5147 ex
3420 5106 3550 5148 mss.
3587 5093 3642 5149 in
3669 5093 3836 5152 editis

2239 5172 2418 5220 autem
2439 5171 2543 5231 est,
2569 5164 2698 5218 nihil
2717 5175 2793 5218 est
2820 5165 3046 5219 omnino.

2313 5233 2644 5306 Priusquam.
2672 5234 2747 5290 ita
2770 5234 2984 5305 reposui
3000 5248 3065 5290 ex
3092 5248 3223 5291 mss.
3252 5235 3310 5290 In
3338 5236 3498 5292 editis
3518 5246 3697 5293 autem
3723 5245 3830 5307 est,

2239 5316 2531 5373 antequam.

2315 5377 2576 5452 Minucius
2601 5376 2770 5452 Felix.
2794 5377 2960 5452 Cujus
2980 5384 3128 5452 extat
3146 5376 3360 5436 libellus
3398 5379 3622 5452 elegans
3641 5380 3836 5438 adver-

2240 5463 2335 5505 sus
2355 5448 2579 5517 Gentes,
2608 5448 2741 5504 vixit
2762 5450 2920 5504 tertio
2944 5449 3164 5505 saeculo.

2314 5518 2381 5575 In
2408 5520 2646 5593 Italiam,
2673 5529 2779 5576 etc.
2810 5520 3001 5593 Mirum
3048 5531 3134 5593 est
3174 5530 3433 5593 quantum
3464 5521 3670 5578 distant
3693 5535 3834 5579 tem-

2241 5604 2374 5663 pora
2401 5592 2544 5663 inter
2567 5593 2857 5648 Saturnum
2885 5592 3046 5649 Urani
3096 5592 3262 5649 ﬁlium
3291 5604 3347 5650 et
3367 5594 3657 5650 Saturnum
3688 5595 3833 5649 itali-

2241 5662 2363 5736 cum
2395 5680 2409 5718 :
2436 5662 2525 5720 hic
2554 5665 2697 5736 enim
2744 5665 2956 5736 decimo
2990 5674 3181 5735 quarto
3205 5675 3332 5721 ante
3360 5681 3525 5721 teram
3554 5664 3830 5736 vulgarem

2241 5733 2377 5790 vixit
2421 5733 2662 5802 mulo;
2695 5734 2789 5792 sed
2830 5733 3115 5802 Saturnus,
3150 5736 3313 5793 Urani
3370 5737 3533 5803 ﬁlius,
3572 5733 3835 5807 vigesimo

2241 5815 2369 5864 ante
2414 5816 2656 5867 nostram
2701 5821 2865 5864 ceram
2911 5806 3111 5881 saeculo
3142 5806 3259 5863 fuit.
3295 5809 3371 5867 De
3400 5806 3832 5880 Satumitamen
