4174 6200
475 287 579 346 185

1555 287 1744 346 FIRM.
1785 286 2153 348 LACTANTII
2192 286 2400 345 DIYIN.
2443 286 2684 347 INSTIT.

3683 292 3788 352 181

472 408 597 465 coeli
627 405 782 463 stela.
825 406 1114 477 Postquam
1165 416 1232 462 eo
1274 404 1538 474 ascendit,
1567 406 1964 478 contemplatus
1991 413 2074 463 est
2099 403 2286 470 Alam
2316 404 2370 460 in
2420 405 2617 477 capite,
2649 414 2812 479 atque
2849 405 2925 462 illi
2953 419 3180 477 regnum
3230 407 3592 480 portendisse,
3623 419 3790 468 testa-

467 498 581 556 late
631 510 824 565 terras,
863 497 1045 568 ibique
1092 511 1158 553 eo
1212 497 1266 553 in
1312 505 1496 554 monte
1536 513 1685 553 aram
1712 507 1864 554 creat
1892 497 2073 561 coelo;

469 594 786 665 primusque
839 593 895 647 in
918 606 982 647 ea
1010 605 1101 646 ara
1147 590 1360 661 Jupiter
1402 590 1723 648 sacrificavit
1748 609 1760 644 :
1791 591 1843 646 in
1870 605 1936 646 eo
1956 590 2078 646 loco

472 685 716 758 suspexit
740 685 795 739 in
821 684 1018 741 caelum
1045 684 1186 754 quod
1217 700 1360 740 nunc
1385 700 1485 742 nos
1521 685 1884 753 nominamus,
1914 684 2078 757 idque

471 778 619 852 quod
646 792 807 849 supra
836 777 1094 834 mundum
1121 787 1258 847 erat,
1286 779 1433 850 quod
1463 779 1635 835 sititer
1664 779 1976 847 vocabatur,
2010 779 2078 836 de

473 873 560 930 sui
584 873 668 928 avi
697 873 918 929 nomine
966 872 1105 929 ccelo
1145 888 1344 931 nomen
1395 874 1627 931 indidit:
1661 874 1822 947 idque
1847 874 2075 946 Jupiter,

478 965 622 1038 quod
649 965 821 1022 aether
861 975 1106 1034 vocatur,
1137 982 1390 1039 precans,
1417 969 1649 1038 primum
1677 968 1876 1024 coelum
1905 965 2082 1023 nomi-

473 1059 662 1124 navit;
693 1073 921 1130 eamque
961 1060 1214 1125 hostiam,
1265 1076 1426 1131 quam
1472 1061 1544 1116 ibi
1589 1061 1854 1126 sacravit,
1913 1069 2080 1116 totam

473 1151 732 1207 adolevit.
758 1169 778 1204 ι
811 1151 923 1207 Nec
961 1151 1048 1206 hic
1079 1160 1283 1206 tantum
1339 1151 1674 1208 sacriﬁcasse
1702 1152 1911 1222 Jupiter
1936 1151 2086 1208 inve-

473 1244 641 1299 nitur.
670 1243 854 1300 Czesar
901 1259 1113 1316 quoque
1145 1244 1198 1300 in
1229 1242 1396 1300 Arato
1442 1243 1611 1301 refert
1661 1245 2080 1316 Aglaosthenem

475 1337 679 1406 dicere,
704 1336 893 1394 Jovem
923 1352 1044 1393 cum
1073 1353 1138 1393 ex
1185 1337 1360 1393 insula
1390 1337 1540 1394 Naxo
1567 1338 1829 1395 adversus
1858 1339 2082 1396 Titanas

474 1433 942 1505 proﬁcisceretur,
966 1441 1023 1489 et
1041 1431 1365 1488 sacriﬁcium
1391 1433 1592 1490 laceret
1620 1434 1673 1492 in
1700 1434 1902 1498 littore,
1927 1434 2082 1504 aqui-

475 1525 584 1582 lam
639 1525 689 1581 ei
721 1525 777 1580 in
830 1526 1129 1597 auspicium
1176 1525 1497 1590 advolasse;
1544 1541 1708 1597 quam
1735 1526 1911 1582 victor
1937 1526 2081 1583 bono

475 1620 659 1676 omine
689 1631 965 1690 acceptam
1015 1621 1196 1677 tutela:
1245 1636 1362 1677 suae
1391 1621 1712 1694 subjugarit.
1759 1621 1924 1678 Sacra
1949 1635 2082 1677 vero

2185 507 2292 555 tur.
2322 497 2421 555 Cui
2465 514 2597 573 ergo
2651 501 2961 558 sacriﬁcare
3003 499 3214 572 Jupiter
3255 503 3453 573 potuit,
3495 505 3602 562 nisi
3648 508 3790 565 coelo

2185 593 2524 664 avoiqnem
2572 593 2705 650 dicit
2748 593 3089 651 Euhemerus
3118 595 3172 650 in
3226 591 3460 652 Oceania
3490 607 3787 672 mortuum,

2183 687 2312 745 etin
2341 687 2539 759 oppido
2564 689 2784 745 Aulacia
2808 689 3101 761 sepultum.

2789 804 3017 863 CAPUT
3057 804 3169 864 Xll.

2190 918 2343 989 Quod
2395 917 2540 975 stoici
2606 917 2850 991 ﬁgmenta
2913 929 3180 992 poetarum
3245 922 3316 976 ad
3379 922 3791 996 philosOplticam

2695 1019 2986 1086 tranferunt
3008 1017 3276 1072 rationm.

2262 1149 2530 1218 Quoniam
2560 1150 2928 1207 revelavimus
2971 1151 3228 1223 mysteria
3260 1165 3566 1226 poetarum,
3593 1165 3650 1213 et
3683 1156 3789 1215 Sa-

2189 1242 2335 1296 turni
2364 1251 2617 1314 parentes
2661 1243 2983 1312 invenimus,
3020 1245 3089 1300 ad
3127 1246 3355 1302 virtutes
3383 1247 3502 1318 ejus
3551 1258 3606 1306 et
3652 1252 3792 1308 facta

2191 1334 2499 1391 redeamus.
2549 1335 2737 1392 Justus
2763 1337 2816 1393 in
2845 1353 3012 1408 regno
3037 1337 3156 1394 fuit.
3181 1339 3417 1396 Primum
3446 1357 3513 1397 ex
3543 1342 3646 1399 hoc
3675 1345 3793 1415 ipso

2186 1427 2297 1496 jam
2322 1428 2463 1483 Deus
2489 1443 2595 1484 non
2627 1437 2731 1495 est,
2761 1429 2904 1501 quod
2935 1428 3069 1485 fuit:
3103 1430 3304 1488 Deinde
3347 1432 3490 1502 quod
3521 1449 3589 1489 ue
3611 1433 3794 1504 justus

2189 1518 2408 1590 quidem
2435 1519 2580 1588 fuit;
2635 1521 2730 1576 sed
2777 1522 2996 1595 impius,
3033 1538 3140 1578 non
3171 1523 3334 1579 modo
3362 1524 3606 1592 indﬁlios
3656 1541 3794 1597 quos

2189 1613 2426 1684 necavit,
2458 1628 2643 1669 verum
2676 1614 2839 1670 etiam
2872 1615 2926 1669 in
2957 1624 3184 1684 patrem,
3217 1615 3370 1686 cujus
3398 1615 3596 1673 dicitur
3615 1617 3794 1674 absci-

474 1711 1325 1785 Bistoria(scilicetEnnii)etiam
1349 1724 1474 1772 ante
1495 1714 1813 1772 consedisse
1836 1714 1912 1771 illi
1933 1713 2089 1785 aqui-
2119 1704 2169 1766 B
2196 1708 2346 1765 disse
2379 1707 2671 1779 genitalia;
2723 1706 2867 1779 quod
2916 1707 3141 1765 forsitan
3186 1724 3314 1768 vere
3351 1710 3630 1769 acciderit.
3685 1710 3795 1769 Sed

1818 1849 2187 1910 VARIORUM
2226 1848 2461 1908 NOTE.

480 2003 565 2053 est
601 1993 875 2049 Panicum.
907 1993 965 2048 ln
1009 2006 1112 2049 ms.
1156 1993 1292 2065 Reg.
1339 1993 1721 2065 antiquissimo
1768 1989 2078 2065 Pavenium,

479 2067 535 2121 in
560 2066 679 2122 Em.
708 2065 958 2133 Paneam,
1012 2065 1160 2134 plur.‘
1183 2061 1359 2122 vane.
1410 2061 1490 2121 et'
1517 2066 1551 2120 8
1580 2061 2020 2134 edit.,7Pantum,
2048 2063 2075 2117 1

477 2137 635 2193 Colh.
670 2137 928 2200 Paucum,
965 2137 992 2191 1
1016 2133 1094 2194 al.
1127 2137 1308 2204 Colb.,
1353 2135 1514 2205 Nam,
1545 2135 1706 2201 Vict.,
1737 2133 1991 2198 Paucum,
2024 2134 2080 2189 in

481 2211 514 2266 1
549 2208 793 2291 (Σιιιιοᾳπι-ζ
813 2207 1018 2291 Patren,
1045 2208 1260 2291 in_edit.
1289 2209 1574 2291 C'ratand.,
1608 2209 1891 2291 Antvverp.
1912 2205 2076 2291 1559,

480 2291 538 2335 et
560 2280 700 2349 apud
753 2280 1030 2334 Bocatium
1060 2320 1073 2339 .
1105 2279 1144 2335 ι.
1177 2295 1257 2347 m,
1311 2278 1596 2349 Pangwum
1629 2295 1644 2333 :
1675 2279 1764 2344 qui
1804 2279 1946 2332 altus
1993 2285 2081 2332 est

479 2351 727 2429 Thraciae
753 2365 931 2429 mons:
940 2350 991 2404 in
1017 2350 1343 2429 Macedonia
1381 2349 1636 2416 conﬁnio,
1666 2348 1935 2429 Philippis
1955 2346 2077 2403 urbi

479 2423 869 2477 imminens.—
886 2420 1142 2476 Paneum.
1160 2422 1276 2478 Una
1302 2437 1435 2476 voce
1455 2436 1671 2491 quoque
1691 2421 1814 2476 edd.
1839 2419 2074 2491 Reimm.

480 2493 620 2550 Ven.
655 2494 818 2559 1471,
853 2501 1078 2560 utraque
1103 2493 1262 2559 14⁸78,
1285 2494 1377 2557 97,
1402 2490 1556 2548 Rust.
1587 2490 1864 2556 'Paneum;
1897 2490 2074 2560 Lips.,

479 2565 538 2630 1,
590 2565 729 2631 PaL,
758 2565 918 2628 Bon.,
965 2559 1099 2619 Tax.
1128 2574 1179 2619 et
1223 2565 1377 2620 multi
1423 2563 1668 2620 Vaticani
1707 2563 1922 2619 divisim
1959 2559 2079 2615 Pan

480 2636 948 2764 EuanexBiisdem
986 2635 1121 2692 alii:
1155 2635 1274 2694 Pan
1325 2651 1439 2692 eum
1482 2635 1689 2692 deducit
1737 2635 1791 2689 in
1833 2641 2076 2689 montem.

527 2717 675 2764 retae.
768 2722 856 2763 an.

527 2722 675 2764 τθιω.
721 2722 856 2764 UUN.

556 2818 684 2874 Caeli
724 2820 874 2875 stela.
922 2819 1011 2875 Sic
1063 2834 1288 2890 prorsus
1342 2818 1639 2890 legendum
1689 2831 1811 2890 esse
1861 2827 2088 2890 cepsent

483 2890 679 2948 eruditi
710 2892 808 2945 viri
839 2891 1030 2947 Petrus
1059 2887 1369 2954 Ciaconius,
1400 2887 1590 2956 ismus,
1611 2888 1888 2952 Baluzius,
1915 2887 2088 2943 Fran¢

486 2964 625 3025 cius,
656 2959 941 3027 Cellarius,
989 2963 1230 3033 aliique;
1277 2976 1387 3017 nou
1431 2961 1726 3017 abludente
1773 2975 1876 3033 ms.
1904 2959 2088 3033 Victo-

485 3035 628 3098 rino,
665 3035 716 3088 in
743 3048 851 3105 quo
889 3029 1120 3105 apprima
1166 3049 1325 3105 manu
1354 3043 1438 3105 est
1462 3033 1634 3105 stelia,
1669 3047 1710 3105 a_
1725 3032 1905 3091 στήλη.
1941 3029 2088 3105 Stela

485 3114 571 3160 est
596 3097 865 3186 columna:
891 3097 1188 3186 Martianus
1227 3103 1445 3186 Capella
1477 3104 1514 3158 l.
1537 3097 1628 3186 tt”;
1674 3101 2093 3186 Quasqueolibrq-
2120 3097 2168 3164 C

485 3193 603 3229 rum
644 3187 792 3230 notas
821 3176 1104 3230 Athanasia
1127 3173 1468 3245 conspiciens,
1496 3174 1802 3246 quibusdam
1826 3173 2096 3246 eminenti-

489 3248 581 3302 bus
601 3248 740 3300 saxis
756 3247 913 3314 iussit
935 3247 1176 3313 adscribi,
1210 3242 1362 3315 atque
1391 3242 1528 3300 intra
1576 3261 1779 3315 specum
1808 3261 1898 3314 per
1924 3242 2098 3316 Αἰθυ-

489 3319 717 3390 ptiorum
757 3317 930 3373 abdita
976 3318 1240 3384 collocari,
1274 3317 1562 3390 eademque
1570 3333 1706 3390 saxa
1743 3317 1897 3390 stelas
1919 3317 2099 3386 appel-

491 3387 628 3456 lans,
664 3390 874 3443 deorum
919 3398 1186 3443 stemmata
1234 3387 1513 3443 continere.
1545 3387 1702 3443 Hunc
1745 3387 1907 3457 igitur
1939 3401 2097 3441 mon-

488 3470 600 3517 tem
628 3460 698 3515 ob
725 3461 842 3530 ejus
871 3460 1230 3526 altitudinem,
1263 3460 1378 3514 coeli
1415 3460 1620 3521 stelam,
1651 3459 1754 3513 hoc
1797 3467 1882 3511 est
1907 3458 2101 3513 colum-

490 3548 634 3598 nam,
667 3541 912 3587 vocatum
945 3532 1080 3596 vult,
1115 3541 1389 3602 tamquam
1411 3532 1500 3600 qui
1543 3530 1745 3602 ccelum
1778 3530 2098 3602 contingere

491 3612 652 3673 atque
676 3603 947 3659 sustinere
977 3600 1270 3658 videretur.
1303 3602 1358 3656 In
1387 3618 1518 3658 mss.
1554 3602 1623 3656 10
1665 3601 1826 3671 Reg.,
1852 3602 1884 3656 6
1911 3600 2093 3666 Colb.,

490 3673 748 3736 Sorhon.,
773 3674 1108 3741 Nav.,Vict.,
1136 3674 1283 3744 Gat.,
1307 3673 1523 3742 Marm.,
1544 3673 1581 3729 2
1606 3673 1872 3741 Clarom.,
1901 3673 2097 3742 Bruu.,

493 3755 551 3802 et
579 3746 631 3801 in
659 3745 818 3802 editis
843 3746 1012 3800 stella.

571 3861 723 3929 Quod
766 3878 901 3916 nunc
929 3863 1274 3916 nominamus.
1304 3860 1385 3932 ita
1424 3862 1547 3932 lego
1585 3875 1706 3916 cum
1737 3873 1869 3932 mss.
1899 3858 2094 3932 9_Reg.

495 3933 750 4002 (quorum
778 3948 914 3988 unus
945 3943 1028 3988 est
1048 3933 1282 4002 optimus
1303 3929 1624 4002 Puteanus),
1659 3932 1692 3986 6
1721 3930 1902 4002 Colb.,
1936 3929 2096 3996 Nav.,

494 4001 661 4068 Vict.,
691 4001 1411 4068 lSorbon.,Gat.,lllarm..l
1442 4001 1766 4070 Bon.’Lips.,
1785 4001 2094 4068 2Clarom.,

493 4075 687 4136 Brun..
711 4075 841 4131 edit.
862 4074 1022 4130 Rom.
1043 4073 1201 4137 1468.
1235 4074 1396 4129 1470.
1425 4075 1566 4130 Editi
1591 4073 2098 4144 multi,quodnomi-

499 4148 936 4223 n_atur_oi:pav6c_;
983 4147 1007 4201 1
1039 4146 1271 4223 Bonan.
1297 4145 1590 4223 antiquior,
1619 4146 1754 4215 quod
1781 4145 2095 4223 nominatur,

497 4216 838 4294 simpliciter,
862 4219 1212 4294 sineobpavoc
1244 4235 1256 4270 :
1289 4233 1408 4294 quae
1439 4232 1540 4272 vox
1573 4219 1753 4286 inepte
1783 4216 1961 4294 addita
1991 4225 2095 4282 est,

497 4303 621 4345 cum
646 4289 958 4344 Lactantius
979 4287 1096 4359 ips'e
1118 4305 1178 4343 se
1207 4304 1335 4343 mox
1359 4289 1765 4359 interpretetur,
1798 4287 1934 4359 quod
1963 4304 2099 4342 nunc

498 4362 682 4416 caelum
712 4361 1054 4428 nominamus,
1090 4369 1202 4416 tum
1244 4361 1316 4416 ita
1339 4361 1570 4431 primum
1597 4376 1627 4416 a
1649 4359 1785 4416 Jove
1805 4359 1973 4414 fuisse
1995 4374 2096 4414 uo-

500 4435 787 4488 minatum.

581 4549 732 4616 Quod
760 4549 925 4604 tether
954 4549 1244 4604 vocabatur.
1274 4546 1352 4604 ita
1404 4562 1537 4603 mss.
1565 4561 1756 4603 omnes
1786 4560 1909 4600 cum
1939 4544 2102 4602 editis

501 4619 664 4747 Βοιιῖ
699 4618 860 4687 1468,
915 4619 1076 4687 M70,
1121 4631 1176 4679 et
1201 4620 1434 4678 Tornes.
1485 4619 1647 4680 1579.
1699 4618 1898 4676 Οωιετὶ
1946 4618 2100 4688 editi,

501 4707 628 4747 voca
653 4707 734 4746 ur.

501 4707 734 4748 vocatur.

575 4805 823 4861 Precans.
875 4806 1004 4862 Mss.
1049 4805 1119 4861 12
1147 4821 1257 4863 rec.
1319 4805 1583 4876 multique
1632 4805 1782 4867 editi.
1843 4806 2101 4876 placens;

503 4877 647 4949 quod
700 4878 1041 4949 participium
1091 4879 1248 4934 abess
1280 4893 1310 4932 a
1340 4874 1730 4950 Lipsiénsibus.
1763 4874 1895 4934 Ini
1943 4874 2095 4936 Colb.

503 4961 587 5006 est
612 4953 910 5020 deprecans.

578 5042 838 5100 Sacrauit.
860 5044 1168 5116 Lipsienses
1197 5043 1384 5112 codd.,
1414 5043 1741 5114 sacriﬁcavit.
1769 5041 1937 5102 Ceu.

580 5137 754 5194 Ctesar
768 5155 966 5210 quoque
980 5139 1036 5193 in
1049 5139 1226 5193 Arato.
1243 5138 1317 5193 Ea
1332 5138 1494 5194 verba
1511 5153 1652 5194 nunc
1663 5151 1873 5208 quoque
1887 5137 1939 5210 in
1953 5137 2105 5210 scho-

503 5208 662 5264 liaste
709 5208 1014 5268 Germanici
1045 5218 1370 5279 supersunt;
1402 5210 1544 5265 unde
1573 5219 1782 5264 constat
1811 5209 2104 5280 antiquitas

507 5281 782 5348 scriptori.
809 5282 1000 5338 Fuisse
1024 5295 1158 5337 vero
1176 5280 1374 5336 dubius
1401 5280 1488 5337 hic
1517 5289 1912 5337 commentator
1937 5281 2103 5336 etiam

504 5348 773 5431 Lactantii
801 5369 918 5409 aivo
961 5352 1214 5408 videtur:
1242 5367 1402 5435 quem
1433 5354 1588 5435 etaim
1633 5351 1956 5422 simpliciter
1986 5351 2105 5406 Cae-

505 5434 685 5495 sarem
711 5422 862 5495 citat,
889 5439 1014 5495 eum
1039 5422 1405 5495 germanicum
1427 5424 1695 5479 Caesarem
1724 5432 1914 5494 aperte
1936 5431 2099 5495 vocat

502 5506 555 5546 c.
584 5490 652 5545 Ἢ
699 5493 945 5560 ejusdem
973 5494 1010 5548 l.
1043 5490 1284 5551 eiciaris
1331 5495 1510 5551 verbis
1557 5495 1594 5549 l.
1621 5511 1675 5560 v,
1704 5490 1776 5549 c.'
1797 5495 1851 5550 5.
1887 5493 2105 5551 Scholia

505 5562 930 5636 Crammaticum
983 5565 1220 5636 sapiunt,
1272 5566 1371 5621 sed
1398 5577 1454 5621 et
1497 5566 1917 5622 Crammaticam
1948 5580 2104 5620 cura-

501 5634 637 5692 bant
689 5644 799 5690 tum
846 5636 1006 5707 primi
1032 5634 1172 5707 apud
1199 5637 1470 5694 Romanos
1499 5652 1771 5709 proceres.
1804 5637 2100 5694 Bsa'rmus.

571 5749 984 5822 Aglaosthenem.
1036 5748 1200 5808 Goth.
1232 5750 1457 5822 vitiose,
1494 5749 1848 5822 Aglaosthen."
1875 5749 2103 5820 Scripsit

492 5815 885 5894 Agta'osthenes,
917 5821 1198 5884 historiam
1239 5821 1369 5884 Rer.
1412 5815 1758 5884 Naxicarum.
1805 5815 2102 5883 Naxus'in-

2189 1989 2305 2067 sala
2351 1989 2410 2067 _in
2442 1988 2788 2067 Cycladibus.
2821 1989 2982 2067 Voss.
3014 1989 3154 2047 Hist.
3183 1991 3304 2067 Cn,
3354 1993 3392 2050 l.
3441 2010 3500 2067 tu
3529 2036 3545 2060 ,
3576 2009 3633 2067 p.
3661 1994 3790 2055 518.

2189 2060 2469 2141 ὲιυηοιςβιο.
2490 2060 2571 2117 ἑὰ
2598 2062 2790 2141 Hygin.
2821 2063 3068 2141 A_s_tron.,
3092 2079 3144 2120 c.
3175 2063 3233 2135 2,
3257 2079 3340 2137 pr.
3367 2074 3422 2122 ct
3447 2066 3564 2137 ipse
3580 2060 3792 2141 "Hygia.

2187 2131 2344 2190 Poet.
2371 2134 2546 2201 Astr.,
2583 2131 2739 2190 c.7176
2759 2145 2816 2190 et
2848 2134 2936 2189 l7.

2261 2248 2504 2324 Aquilam
2527 2248 2573 2324 ei
2620 2249 2676 2302 in
2703 2248 3015 2324 auspicium,
3039 2257 3148 2324 etc.
3178 2250 3372 2324 aquila
3404 2251 3546 2324 apud
3579 2261 3793 2324 veteres

2187 2320 2443 2389 auspiciis
2470 2318 2571 2374 fuit
2588 2319 3172 2390 accommodatissima.
3189 2318 3613 2390 Fasrusé-Qua
3639 2323 3707 2380 de
3733 2339 3793 2381 re

2190 2388 2310 2464 vide
2341 2390 2660 2464 Suetonium
2690 2391 2742 2446 in
2769 2388 2998 2447 Octavio
3037 2394 3309 2464 Angusto,
3343 2395 3432 2448 ubi
3465 2388 3537 2450 ob
3563 2395 3793 2450 circum-

2186 2461 2461 2588 vollantem
2487 2462 2721 2534 aquilam
2753 2477 2860 2520 non
2883 2463 3052 2520 semel
3071 2461 3226 2536 plebs
3247 2465 3350 2537 ipsi
3373 2465 3511 2523 bene
3541 2465 3794 2524 fuitomi-

2188 2549 2256 2588 na
2283 2548 2336 2588 3.

2188 2548 2336 2590 nata.

2261 2646 2463 2704 Tutela:
2490 2663 2616 2704 suae.
2641 2647 2780 2718 Quid
2809 2649 2882 2705 sit
2910 2650 3068 2706 tutela
3096 2649 3299 2707 dictum
3334 2661 3417 2710 est
3446 2668 3632 2725 supra.

2265 2759 2335 2818 In
2375 2762 2622 2818 Oceania.
2664 2762 2756 2819 Sic
2785 2765 3191 2823 emendavimus
3229 2782 3295 2823 ex
3326 2769 3712 2825 vetustissimis
3739 2777 3795 2825 et

2196 2835 2419 2906 optimis
2447 2833 2642 2906 2AReg.
2670 2836 2898 2906 aliisque
2941 2837 2975 2891 4
3003 2837 3164 2906 Reg.,
3194 2854 3258 2895 ac
3279 2841 3437 2895 editis
3459 2840 3619 2896 Rom.
3656 2842 3796 2897 1470

2195 2905 2443 2981 «ξι-14⁸14,
2473 2903 2780 2981 faventibus
2811 2903 2955 2981 mss.
3005 2909 3042 2963 2
3086 2903 3325 2966 Clarum.
3375 2911 3523 2977 Cat.,
3575 2911 3793 2981 Marm.,

2195 2975 2326 3031 edit.
2359 2977 2715 3054 Ro_m._1468,
2768 2979 2972 3054 quibus
3004 2981 3182 3054 estin
3213 2981 3485 3049 Occeania,
3510 2975 3661 3054 Lips.
3697 2975 3799 3039 0c:-

2197 3050 2453 3123 geana,__l
2504 3048 2634 3123 Reg.
2665 3048 2800 3123 rec.‘
2830 3051 2885 3105 in
2934 3051 3170 3119 Octavia,
3220 3048 3476 3123 corrupte
3505 3072 3518 3122 ;
3553 3048 3594 3111 1’
3616 3055 3796 3122 Colb.,

2196 3117 2355 3187 Nam,
2390 3117 2621 3198 Vict.,_9_
2667 3117 3214 3198 Brun.,_in_0ceani,
3242 3117 3542 3198 mendose;
3594 3127 3615 3182 l
3659 3117 3794 3198 Reg;

2201 3202 2418 3265 [θα-ει
2469 3192 2622 3265 m_ult_i
2644 3264 2648 3265 ί
2671 3191 2824 3260 editi,
2867 3195 2920 3249 in
2950 3192 3174 3250 Oceano.
3201 3191 3208 3194 ⁷
3231 3191 3544 3265 Oceauiam,
3573 3191 3800 3255 auctore

2199 3261 2494 3331 Stephano,
2520 3263 2767 3335 Lybiam,
2827 3264 2917 3321 ubi
2965 3265 3176 3322 Uranus
3207 3267 3482 3333 habitavit,
3515 3261 3638 3325 esse
3677 3271 3802 3326 exi-

2200 3335 2422 3414 stimant
2466 3335 2722 3414 nonnulli
2769 3353 2785 3401 ;
2842 3337 2934 3392 alii
2979 3337 3170 3414 melius
3224 3340 3307 3411 (ut
3349 3340 3509 3414 nobis
3555 3341 3797 3414 videtur)

2199 3403 2436 3474 Cretam,
2473 3421 2651 3482 quaee
2681 3406 2840 3482 Creta
2890 3408 3124 3482 nympha
3158 3403 3259 3464 hoc
3296 3411 3568 3482 posterius
3600 3403 3801 3469 nomen

2201 3477 2653 3550 nacta_est.’Vide
2702 3477 2942 3550 Plinium
2967 3477 3168 3536 Histor.
3213 3477 3413 3550 nat'ur.,
3448 3482 3484 3537 l.
3517 3498 3595 3548 IV,
3621 3499 3671 3540 c.
3707 3485 3796 3540 η.

2201 3547 2306 3620 Pro
2352 3547 2454 3603 hac
2483 3550 2625 3604 enim
2664 3549 2849 3605 ultima
2879 3551 3133 3620 opinione
3181 3552 3358 3609 facere
3399 3547 3668 3610 'videntur
3693 3555 3802 3613 duo

2199 3619 2583 3690 subsequentia
2613 3620 2878 3696 Lactantii
2906 3619 3091 3687 verba,
3119 3624 3174 3678 in
3199 3626 3391 3696 appido
3411 3626 3654 3692 Aulacia;
3678 3644 3799 3682 nam

2201 3705 2307 3770 una
2357 3706 2422 3770 es
2472 3701 2691 3770 centum
2741 3695 2964 3770 urbibus
3019 3709 3142 3751 esse
3190 3696 3544 3770 perhibetur,
3596 3714 3717 3770 qua:
3745 3699 3801 3754 in

2199 3760 2358 3816 Creta
2398 3763 2570 3818 insula
2638 3764 2869 3820 conditae
2928 3765 3161 3822 fuerant.
3192 3760 3264 3809 '—
3292 3767 3361 3823 ln
3394 3760 3692 3827 Ocea'nia'...
3750 3771 3804 3826 in

2201 3834 2642 3908 oppido_4ulatia.
2673 3835 2868 3908 Oppidi
2899 3853 3099 3894 nomen
3131 3839 3254 3895 aliis
3277 3840 3519 3908 Aulacia,
3549 3841 3673 3897 aliis
3695 3841 3806 3898 Au-

2201 3904 2355 3962 laria.
2389 3904 2538 3977 Lips.
2571 3907 2625 3976 1,
2657 3904 2853 3963 Alaria.
2886 3909 3050 3965 CELL.

2274 4020 2511 4095 Aulacia.
2559 4020 2634 4095 Ita
2667 4037 2800 4095 mss.
2836 4023 2862 4077 1
2912 4023 3403 4095 Regio-Pntaneus,
3436 4025 3806 4083 Tornesianus

2202 4101 2258 4165 et
2289 4091 2582 4165 lClarom.
2601 4092 2672 4165 in
2699 4095 2723 4148 1
2753 4093 2884 4163 Reg.
2921 4091 3307 4165 vetustissimo,
3335 4097 3594 4152 Autlacia.
3628 4098 3685 4152 In
3710 4114 3807 4152 an-

2203 4163 2367 4248 tiquis
2387 4163 2948 4248 editionibus-dlacia,
3113 4163 3322 4238 Reg.,i
3368 4169 3607 4226 Claram.
3641 4179 3695 4226 et
3714 4170 3803 4226 ed.

2201 4233 2363 4306 Reg.,
2394 4234 2622 4291 Aulatia.
2658 4239 2682 4293 1
2714 4235 2886 4307 l.ips.,
2915 4238 3114 4296 Alaria.

2277 4347 2429 4424 Quod
2460 4350 2577 4424 fuit.
2606 4349 2754 4424 Quia
2767 4351 2980 4424 deDeo
3005 4369 3113 4409 non
3143 4361 3320 4423 potest
3349 4353 3454 4408 dici
3484 4354 3628 4424 quod
3674 4354 3803 4421 luit;

2201 4431 2287 4477 est
2307 4423 2463 4498 enim
2477 4423 2565 4498 qui
2593 4432 2668 4478 est
2693 4421 2888 4494 (Exodi
2913 4423 3028 4498 tn):
3060 4421 3152 4481 est
3170 4427 3313 4482 enim
3341 4424 3441 4481 sibi
3476 4421 3733 4484 constans
3752 4438 3809 4484 et

2127 4495 2183 4560 D
2206 4508 2426 4564 semper
2451 4493 2615 4550 idem.

2284 4586 2423 4655 Quos
2445 4588 2659 4643 necauit.
2701 4588 2838 4664 Quia
2889 4589 3086 4664 dicitur
3110 4604 3204 4648 eos
3227 4604 3469 4661 vorasse,
3509 4591 3600 4648 vel
3628 4593 3807 4664 potius

2207 4657 2262 4714 in
2300 4674 2571 4718 carcerem
2599 4674 2694 4716 eos
2720 4660 3034 4718 detrusisse.

2278 4775 2466 4850 Cujus_
2496 4776 2686 4831 dicitur
2715 4776 2991 4850 abscidisse
3016 4778 3284 4850 genitalia.
3334 4778 3423 4835 Sic
3470 4781 3809 4837 restituimus

2207 4862 2276 4904 ex
2303 4847 2556 4904 omnibus
2581 4848 2982 4919 manuscriptis,
3019 4847 3231 4920 'praitcr
3277 4851 3301 4904 1
3348 4851 3721 4908 Colbertinum
3752 4855 3806 4909 in

2206 4934 2313 4990 quo
2342 4929 2426 4993 est
2451 4920 2556 4986 cui,
2589 4921 2728 4974 sicut
2753 4929 2808 4974 et
2832 4919 2898 4993 in_
2931 4919 3109 4976 editis.
3166 4921 3336 4993 Vulgo
3384 4922 3580 4980 dicitur
3617 4923 3807 4981 Jovem

2207 4991 2516 5064 exsecuisse
2539 4993 2850 5064 Saturnum.
2877 4991 3290 5064 Lycophron.in
3310 4993 3571 5049 Cassand.
3606 5011 3682 5051 vs.
3713 4997 3803 5052 76.

2206 5062 2596 5136 Aliiureleruut
2647 5062 2938 5136 Saturnum
2994 5064 3289 5120 abscidisse
3327 5066 3803 5136 gettitaliaACtBlo.

2205 5134 2525 5206 Apollonius
2553 5135 2900 5207 Argonautic.
2930 5136 3023 5192 lib.
3054 5151 3128 5204 tv,
3148 5151 3228 5192 vs.
3261 5131 3397 5192 981:
3590 5131 3607 5141 ⁴

2329 5273 2444 5339 llic,
2461 5274 2546 5324 ubi
2568 5273 2767 5339 saturni
2791 5273 2889 5324 falx
2913 5273 3075 5339 abdita
3102 5277 3311 5338 (parcite
3337 5275 3509 5339 Musae,

2330 5335 2522 5408 invitus
2540 5337 2731 5408 refero,
2755 5349 2866 5408 qua:
2890 5350 2980 5408 nos
2995 5335 3213 5408 docuere
3239 5339 3488 5408 priores),

2334 5400 2454 5460 Quae
2473 5402 2624 5464 patris
2645 5399 2849 5451 abscidit
2871 5399 3124 5464 genitalia.

2206 5530 2274 5607 l_n_
2291 5530 2562 5607 Apollonii
2585 5530 2808 5588 seboliis
2830 5531 3067 5607 Timaeus
3097 5536 3344 5605 agnoscit
3367 5535 3658 5607 ancipitem
3682 5552 3807 5595 esse

2205 5603 2475 5680 fabulam;
2503 5602 2797 5680 Corcyram
2829 5605 3107 5680 Drepauen
3137 5602 3320 5662 vocari
3357 5602 3568 5673 dicens,
3594 5626 3626 5662 a
3649 5610 3802 5680 falce,

2203 5691 2305 5748 qua
2333 5671 2459 5748 Caeli
2486 5671 2726 5744 pudenda
2755 5671 2974 5748 exsecuit
3000 5676 3259 5732 Saturnus
3277 5721 3293 5748 ,
3335 5687 3420 5733 aut
3450 5671 3668 5736 Saturni
3709 5671 3808 5735 Jul

2244 5747 2357 5800 iter.
2415 5746 2687 5802 Bocmur.
2715 5777 2786 5788 —
2814 5749 2889 5804 De
2937 5747 3038 5807 hac
3083 5746 3428 5815 fabula'vide
3476 5752 3804 5808 Macrobidm

2228 5817 2345 5878 ibro
2370 5835 2411 5892 ι,
2440 5831 2490 5876 c.
2523 5819 2557 5877 8
2577 5859 2592 5890 ,
2625 5821 2716 5892 qui
2744 5820 2923 5880 omnia
2957 5820 3125 5881 refert
3153 5822 3220 5882 ad
3265 5823 3502 5884 rationes
3527 5821 3800 5898 physicas.
