4174 6200
360 283 472 342 185

1434 284 1640 343 LIBER
1679 287 1720 342 Ι.
1763 285 1854 346 DE
1891 284 2114 345 FALSA
2146 287 2537 349 BELIGIONE.

3489 294 3669 361 ,ξ186

358 407 610 466 homines
633 413 883 476 respectu
904 404 1182 474 elementi,
1215 405 1358 476 quod
1405 406 1602 462 dicitur
1627 407 1848 475 cwlum,
1879 415 1963 465 to-
1989 406 2040 468 Α
2068 408 2343 477 uitalibus,
2373 425 2498 465 cum
2528 409 2822 468 Saturnum
2870 410 3045 483 ipsum
3092 421 3426 484 procrearet.
3456 413 3514 472 Si
3540 427 3673 471 vero

360 513 474 560 tam
503 501 740 558 fabulam
767 499 1066 570 explodunt
1089 509 1356 571 tamquam
1381 500 1720 570 ineptissime
1749 501 1965 556 ﬁctam:

360 613 524 670 quam
556 607 734 652 tamen
781 595 936 650 stoici
959 593 1042 668 (ut
1080 594 1279 668 solent)
1309 595 1375 651 ad
1395 595 1656 652 rationem
1691 596 1972 669 physicam

359 702 630 751 conantur
680 691 997 757 traducere;
1053 706 1283 760 quorum
1341 691 1660 747 sententiam
1737 690 1971 759 Cicero,

361 787 434 844 de
483 786 682 843 Natura
750 785 972 840 deorum
1021 782 1162 857 (tib.
1221 800 1298 852 ιι,
1341 801 1460 855 cap.
1521 783 1615 856 ‘24)
1665 785 1970 853 disserens,

362 881 546 954 posuit
580 898 592 933 :
633 899 650 931 ι
689 875 1272 948 Ctelestem,‘inquit,
1313 878 1626 934 altissimam
1671 877 1977 933 aetheriam.

363 989 472 1044 que
519 981 796 1037 naturam,
841 969 894 1025 id
939 977 1024 1025 est
1076 968 1324 1040 igneam,
1375 985 1495 1039 quae
1526 984 1622 1039 per
1643 983 1766 1024 sese
1790 969 1972 1024 omnia

363 1067 647 1138 gigneret,
719 1076 912 1118 vacare
984 1061 1269 1118 voluerunt
1338 1076 1401 1116 ea
1464 1070 1617 1132 parte
1687 1061 1972 1133 corporis,

362 1173 490 1230 quae
550 1155 932 1227 conjunctione
1009 1154 1233 1210 alterius
1297 1163 1480 1225 egeret
1544 1155 1612 1210 ad
1679 1169 1974 1225 procrean-

365 1251 498 1306 dum
537 1269 550 1305 :
583 1264 701 1320 qua:
751 1249 891 1304 ratio
939 1248 991 1304 in
1046 1247 1264 1303 Vestam
1316 1248 1491 1318 potuit
1548 1249 1871 1316 convenire,
1928 1248 1974 1304 si

364 1361 488 1402 mas
503 1344 794 1400 diceretur.
822 1343 1030 1399 Idcirco
1047 1343 1191 1398 enim
1218 1342 1483 1414 virginem
1515 1352 1704 1414 putant
1727 1342 1972 1411 Vestam,

369 1438 495 1508 quia
519 1437 650 1508 ignis
677 1434 988 1491 inviolabile
1016 1434 1087 1490 sit
1135 1433 1489 1500 elementum,
1540 1433 1784 1504 nihilque
1827 1433 1976 1491 nasci

368 1531 545 1602 possit
564 1545 626 1584 ex
655 1543 743 1597 eo,
773 1529 972 1600 quippe
1003 1528 1094 1600 qui
1120 1529 1304 1585 omnia
1331 1543 1452 1600 qua:
1498 1527 1787 1598 arripuerit
1816 1525 1978 1583 absu-

367 1634 503 1681 mat.
545 1643 566 1678 ι
600 1623 821 1680 Ovidius
851 1624 904 1679 in
935 1621 1115 1679 Fastis
1141 1621 1282 1693 (Lib.
1309 1639 1382 1690 v1,
1413 1640 1460 1678 υ.
1485 1621 1589 1677 291
1616 1619 1755 1693 sqq.)
1791 1637 1806 1674 :

433 1739 542 1791 Nec
563 1744 614 1789 tn
639 1737 768 1788 aliud
785 1736 1007 1798 Vestam,
1032 1747 1178 1799 quam
1199 1736 1357 1784 vivam
1374 1731 1608 1799 intellige
1633 1731 1906 1794 ﬂammam;

527 1801 750 1864 Nataque
774 1799 839 1864 de
862 1795 1280 1864 ﬂanima’corpora
1305 1795 1630 1864 nulla__vides.

430 1864 557 1914 Jure
581 1857 733 1925 igitur
750 1863 892 1925 virgo
908 1869 1003 1919 est,
1019 1873 1138 1925 quae
1161 1857 1348 1925 semina
1365 1857 1497 1925 nulla
1519 1857 1753 1919 remittit,

530 1923 635 1978 Nec
657 1925 804 1990 capit,
830 1923 883 1975 et
903 1924 1112 1976 comites
1134 1923 1430 1986 virginitatis
1446 1928 1590 1971 amat.

371 2033 616 2090 Vulcano
639 2046 853 2104 quoque
874 2031 928 2086 id
958 2031 1132 2100 potuit
1155 2029 1412 2098 adscribi,
1438 2030 1529 2100 qui
1559 2028 1776 2098 quidem
1823 2036 1978 2100 puta-

371 2136 460 2182 tur
486 2125 660 2197 ignis;
683 2136 739 2182 et
765 2134 944 2180 tamen
971 2139 1095 2179 eum
1128 2131 1302 2194 poeta:
1327 2138 1435 2178 non
1461 2122 1831 2179 absciderunt.
1873 2121 1976 2178 Po-

371 2221 477 2274 tuit
495 2228 547 2274 et
587 2217 720 2282 Soli,
744 2217 930 2288 inquo
957 2225 1042 2271 est
1087 2224 1275 2270 natura
1301 2223 1356 2269 et
1397 2228 1559 2270 causa
1597 2213 1974 2284 gignentium;

372 2328 503 2370 nam
527 2313 645 2368 sine
681 2311 824 2367 Solis
852 2311 1013 2382 igneo
1039 2309 1221 2366 calore
1252 2323 1425 2380 neque
1481 2309 1627 2363 nasci
1655 2307 1974 2380 quidquam,

374 2421 556 2476 neque
585 2404 768 2475 augeri
801 2410 1015 2474 potest:
1074 2412 1131 2456 ut
1188 2402 1320 2457 nulli
1365 2400 1455 2457 alii
1501 2401 1984 2470 elementomagis

372 2515 513 2570 opus
538 2498 611 2552 sit
646 2495 998 2569 genitalibus,
1032 2510 1191 2567 quam
1215 2494 1404 2562 calori,
1449 2493 1603 2564 cujus
1653 2493 1764 2549 fotu
1809 2493 1986 2550 conci-

375 2593 625 2664 piuntur.
669 2598 988 2658 nascuntur,
1019 2597 1394 2646 sustentantur
1447 2589 1648 2644 omnia.
1698 2587 1984 2644 Postremo

374 2687 592 2745 etiamsi
635 2687 706 2742 ita
750 2687 821 2742 sit
851 2685 933 2758 (ut
957 2683 1169 2758 volunt)
1193 2685 1285 2756 qui
1310 2684 1482 2754 magis
1531 2683 1828 2738 abscissum
1857 2696 1981 2738 esse

375 2783 588 2840 Caelum
619 2789 890 2852 putemus,
920 2794 1081 2851 quam
1111 2778 1335 2834 omnino
1372 2778 1491 2832 sine
1513 2775 1836 2847 genitalibus
1881 2790 1976 2830 na-

2073 501 2282 571 habuit,
2310 511 2365 558 et
2383 518 2414 558 a
2438 503 2547 558 lilio
2571 503 2810 560 abscissa
2837 513 2984 574 sunt,
3003 513 3152 561 ortus
3172 521 3376 574 rerum,
3405 517 3460 562 et
3480 517 3673 563 natura

2074 596 2250 650 omnis
2306 595 2598 652 interisset.
2631 597 2793 666 Quid,
2832 598 2978 669 quod
3009 598 3109 668 ipsi
3140 597 3374 655 Saturno
3403 614 3510 655 non
3537 599 3674 655 divi-

2074 706 2202 746 num
2226 690 2387 745 modo
2409 705 2647 757 sensum,
2681 691 2777 748 sed
2815 692 3111 748 humanum
3153 707 3368 764 quoque
3405 692 3670 762 adimunt,

2073 796 2195 838 cum
2219 781 2641 840 afﬁrmanteum
2679 799 2802 841 esse
2844 785 3159 854 Saturnum,
3216 787 3307 857 qui
3357 801 3577 842 cursum
3621 795 3676 843 et

2075 877 2482 933 conversionem
2536 879 2833 948 spatiorum
2901 889 2955 935 et
3026 889 3327 950 temporum
3396 881 3669 947 continet;

2076 984 2307 1041 eumque
2332 975 2522 1042 graece“
2551 971 2603 1027 id
2635 973 2807 1043 ipsum
2840 987 3038 1029 nomen
3071 973 3290 1030 habere.
3323 974 3501 1052 Κρόνος
3529 974 3676 1045 enim

2077 1061 2293 1128 dicitur,
2325 1063 2467 1134 quod
2499 1074 2580 1119 est
2617 1064 2782 1132 idem,
2813 1065 2955 1135 quod
2985 1066 3192 1143 χρόνος,
3243 1065 3296 1120 id
3326 1075 3408 1122 est
3439 1066 3673 1137 spatium

2078 1156 2354 1226 temporis.
2420 1155 2683 1212 Saturnus
2755 1166 2934 1211 autem
2993 1166 3077 1212 est
3127 1156 3462 1228 appellatus,
3531 1156 3676 1228 quod

2077 1255 2350 1302 saturetur
2376 1249 2553 1302 annis.
2586 1248 2714 1304 Hazc
2741 1246 3020 1304 Ciceronis
3048 1248 3212 1303 verba
3243 1257 3368 1304 sunt
3395 1263 3676 1320 exponen-

2081 1333 2148 1388 tis
2168 1337 2486 1389 sententiam
2510 1335 2804 1390 stoicorum
2826 1334 2964 1406 (Lib.
2998 1351 3032 1389 ιι
3062 1335 3125 1390 de
3139 1333 3266 1388 Nat.
3295 1336 3437 1402 deor,
3465 1334 3629 1407 c.65)
3657 1351 3672 1390 :

2086 1425 2246 1493 «Qum
2264 1441 2423 1496 quam
2447 1441 2582 1481 vana
2597 1427 2688 1490 sit,
2706 1426 2879 1482 cuivis
2894 1427 3196 1496 intelligere
3216 1427 3679 1498 promptissimum

2079 1528 2182 1574 εει.
2211 1518 2265 1574 Si
2296 1519 2437 1574 enim
2467 1519 2734 1575 Saturnus
2764 1518 2997 1576 Cteliest
3019 1519 3182 1586 ﬁlius,
3213 1519 3488 1590 quomodo
3509 1520 3682 1590 potuit

2079 1623 2175 1670 aut
2204 1624 2417 1685 tempus
2441 1629 2470 1669 a
2493 1614 2647 1672 leo
2674 1614 2839 1686 gigni,
2869 1623 2963 1669 aut
2989 1612 3199 1671 Caelum
3253 1629 3282 1666 a
3315 1622 3558 1684 tempore
3587 1613 3683 1670 ab-

2079 1705 2235 1773 scidi,
2265 1715 2356 1760 aut
2381 1714 2565 1776 postea
2595 1716 2805 1777 tempus
2826 1706 3056 1777 imperio
3087 1704 3354 1775 spoliaria
3383 1705 3494 1759 ﬁlio
3513 1703 3683 1760 Jove?

2005 1809 2052 1872 Β
2081 1797 2188 1854 Αιιι
2214 1797 2484 1869 quomodo
2513 1799 2725 1870 Jupiter
2751 1808 2908 1853 natus
2927 1807 3098 1854 estex
3129 1796 3410 1866 tempore?
3437 1794 3545 1850 Aut
3564 1795 3684 1866 qui-

2083 1895 2180 1951 bus
2193 1895 2348 1953 annis
2361 1896 2590 1952 saturari
2615 1895 2782 1968 possit
2796 1895 3086 1962 mternitas,
3102 1895 3185 1952 cui
3202 1894 3381 1951 nullus
3394 1893 3678 1952 estﬁnis?»

2676 2031 2904 2090 CAPUT
2943 2030 3085 2090 XIII.

2087 2175 2254 2242 Quam
2282 2189 2428 2230 came
2452 2173 2553 2229 sint
2599 2185 2646 2231 et
2686 2175 2865 2228 inanes
2915 2173 3192 2228 stoicorum
3244 2171 3688 2245 interpretationes

2232 2269 2294 2323 de
2323 2268 2454 2332 diis;
2477 2276 2524 2324 et
2553 2267 2619 2322 ibi
2648 2267 2711 2323 de
2735 2266 2881 2323 lovis
2907 2276 3042 2335 ortu,
3074 2267 3302 2323 Saturno
3332 2277 3379 2323 et
3411 2266 3540 2339 Ope.

2157 2403 2212 2460 Si
2244 2417 2372 2474 ergo
2418 2419 2570 2458 vana:
2596 2410 2722 2458 sunt
2766 2402 2882 2458 ista:
2929 2400 3168 2457 rationes
3217 2399 3687 2472 philosophorum,

2087 2495 2213 2568 quid
2240 2506 2512 2564 superest,
2545 2495 2648 2550 nisi
2672 2504 2729 2550 ut
2756 2510 2885 2551 vere
2915 2494 3112 2550 lactant
3141 2507 3264 2550 esse
3293 2492 3604 2562 credamus,
3635 2493 3690 2550 id

2085 2597 2171 2645 est
2196 2588 2467 2644 hominem
2509 2589 2576 2643 ab
2600 2588 2816 2643 homine
2837 2587 3176 2643 abscissum?
3198 2586 3473 2656 nisi_forte
3497 2587 3692 2658 aliquis

2085 2682 2358 2739 existimet
2379 2681 2537 2736 deum
2565 2680 2754 2745 fuisse,
2787 2680 2878 2750 qui
2927 2679 3100 2735 timuit
3137 2677 3508 2734 cohaeredem:
3538 2693 3686 2746 cum,

2085 2777 2131 2832 si
2164 2776 2290 2847 quid
2317 2774 2611 2831 divinitatis
2645 2774 2953 2841 habuisset,
2983 2787 3090 2829 non
3119 2773 3284 2842 patris
3310 2772 3566 2844 genitalia
3595 2771 3692 2829 de-

377 2874 534 2931 tum?
560 2873 695 2932 Nam
723 2873 770 2930 si
799 2887 896 2945 per
923 2887 984 2931 se
1003 2871 1194 2945 gignit,
1224 2886 1332 2927 non
1374 2869 1646 2943 indigebat
1674 2869 1859 2940 utique
1884 2882 1979 2940 ge-
2079 2867 2259 2924 buerit
2277 2875 2576 2938 amputare,
2620 2865 2715 2923 sed
2747 2863 2985 2937 propria,
3012 2879 3080 2920 ne
3103 2863 3313 2934 Jupiter
3342 2871 3680 2932 nasceretur,

1727 3008 2091 3069 VARIORUM
2129 3007 2363 3067 NOTAE.

456 3155 762 3212 Abscidisse.
826 3153 929 3209 Alii
983 3151 1052 3209 de
1102 3151 1253 3218 Jove,
1303 3151 1395 3206 alii
1454 3150 1520 3207 de
1558 3151 1794 3206 Saturno
1843 3152 1986 3206 refe-

380 3241 530 3286 runt.
572 3228 726 3284 Conf.
771 3225 997 3282 Tertull.
1043 3225 1102 3290 2,
1135 3223 1203 3279 ad
1253 3222 1401 3287 Nat.,
1453 3239 1502 3278 c.
1554 3224 1657 3288 12;
1687 3219 1836 3292 Orig.
1869 3221 1906 3276 l.
1934 3239 1982 3288 ι;

381 3302 530 3356 Cels.
590 3315 644 3372 p.
701 3299 804 3372 ib,
841 3297 964 3372 _lib.
1035 3294 1504 3372 tv,Apag.__i9ti;
1561 3296 1824 3372 athenag.
1886 3309 1986 3364 pro

380 3366 790 3441 Christ.'p.i7(l,
840 3369 902 3423 71
950 3375 1005 3424 ει
1044 3382 1097 3438 p.
1147 3366 1252 3430 85;
1307 3366 1529 3441 [laetius
1575 3367 1626 3420 in
1674 3366 1960 3441 Demonstr

382 3445 590 3512 Evaug.
618 3437 690 3495 ad
737 3440 996 3512 Chamum
1047 3448 1254 3512 patrem
1301 3437 1628 3512 denudatum
1685 3437 1980 3512 videntem,

383 3532 511 3571 cum
541 3509 815 3568 Bocharto
841 3511 1094 3581 applicat.
1137 3509 1503 3581 Quintilianus
1551 3517 1740 3581 auctor
1767 3517 1850 3565 est
1877 3509 1912 3564 Ι.
1942 3524 1980 3574 ι,

382 3587 519 3642 Inst.
552 3601 600 3640 c.
634 3583 689 3642 6.
723 3577 1020 3637 Modestum
1052 3581 1354 3650 scripsisse,
1387 3580 1513 3650 quia
1539 3577 1690 3636 Caelo
1719 3579 1984 3634 Saturnus

383 3657 642 3733 genitalia
673 3654 982 3720 absciderit,
1027 3653 1131 3709 hoc
1185 3653 1404 3708 nomine
1431 3652 1733 3778 appegatos
1763 3650 1984 3706 cwlibes.

1612 3738 1844 3778 UNEIAN.

1612 3738 1844 3779 UNEIAN.

465 3844 544 3897 Ad
588 3843 838 3896 rationem
883 3839 1165 3910 physicam.
1217 3837 1352 3910 Cap.
1387 3837 1472 3894 11.
1505 3845 1616 3893 not.
1643 3845 1697 3893 et
1717 3834 1943 3893 Tertull.
1974 3851 1993 3893 ι

387 3915 514 3972 adv.
545 3914 708 3970 Marc.
735 3927 784 3969 c.
817 3913 905 3969 15.
937 3912 1070 3969 Bon.

464 4030 670 4103 Egerct.
704 4043 834 4085 mss.
869 4028 893 4084 1
924 4026 1145 4084 Colbert
1191 4033 1246 4082 et
1273 4025 1441 4082 Brun.
1489 4032 1669 4096 egeat;
1700 4037 1800 4078 nec
1828 4020 1990 4078 male.

469 4146 664 4201 Putant
696 4154 906 4198 vastam.
962 4141 1170 4210 Duplex
1193 4139 1336 4207 apud
1364 4139 1613 4209 antiquos
1659 4137 1758 4192 fuit
1793 4137 1992 4210 Vesta;

389 4235 499 4274 una
529 4218 745 4272 Saturni
781 4222 971 4278 mater,
1024 4209 1142 4283 quae
1169 4214 1332 4268 etiam
1365 4226 1464 4282 pro
1495 4221 1636 4264 terra
1661 4209 1915 4283 sumitur,
1943 4219 1996 4262 et

388 4291 594 4344 dicitur
622 4289 846 4343 deorum
877 4281 1127 4339 mater'et
1155 4299 1346 4352 magna
1372 4281 1582 4346 mater;
1624 4281 1790 4335 altera
1815 4290 1995 4334 autem

389 4361 618 4418 Saturni
648 4360 746 4414 fuit
792 4358 937 4412 tilia:
997 4357 1119 4410 huic
1147 4356 1349 4409 ultima:
1377 4369 1499 4408 cum
1523 4352 1736 4418 Juniter
1776 4352 1996 4407 Titanas

393 4435 638 4498 vicisset,
681 4432 953 4500 aptionem
1000 4427 1169 4492 dedit,
1217 4427 1609 4500 virginitatem,
1641 4425 1888 4500 Optavit:
1921 4423 1996 4477 De

2011 3155 2057 3218 C
2090 3159 2415 3207 vetustatem
2471 3149 2749 3222 estiveluti
2811 3151 3071 3220 temporis
3106 3150 3432 3222 symbolum,
3489 3149 3557 3205 de
3585 3164 3696 3222 quo

2093 3222 2214 3277 vide
2245 3221 3104 3292 lleraclidisPonticiAllegorica,
3132 3221 3338 3278 Sicutet
3356 3221 3694 3292 Fulgentium

2089 3304 2251 3422 :tq‘u;
2281 3295 2443 3351 etiam
2475 3293 2709 3350 Macrob.
2732 3304 2786 3350 et
2816 3295 2874 3351 S.
2905 3293 3042 3366 Aug.
3073 3294 3140 3352 de
3166 3292 3326 3352 Civil.
3351 3294 3470 3362 Dei,
3500 3293 3537 3348 l.
3562 3309 3691 3363 xvn,

2161 3462 2364 3538 Κρόνος.
2395 3460 2471 3514 De
2509 3476 2614 3530 quo
2653 3459 2774 3516 vide
2813 3461 3139 3516 Macrobium
3185 3461 3278 3516 lib.
3329 3477 3344 3515 ι
3394 3461 3692 3530 Saturnal.,

2161 3549 2187 3570 n
2231 3532 2302 3570 θα)
2331 3541 2379 3570 al
2413 3531 2482 3570 00
2509 3533 2716 3570 _"inn
2731 3532 2942 3570 thn‘ni
2971 3547 3118 3570 conm
3149 3532 3487 3570 (irnns’ndinln
3514 3532 3669 3570 Δροίη

2087 3531 2207 3601 capI
2231 3532 2302 3585 22
2331 3541 2384 3587 et
2413 3531 2716 3588 ‘29.-—Hiuc
2730 3532 2944 3586 Saturni
2970 3547 3119 3587 sacra
3149 3532 3335 3587 Cronia
3348 3535 3488 3586 dicta
3506 3532 3690 3588 Accio.

2549 3603 2615 3658 ad
2635 3601 2822 3660 Sidon.
2843 3603 3019 3660 Carm.
3049 3603 3137 3668 15,
3165 3618 3216 3672 p.
3238 3602 3359 3660 149.
3380 3603 3520 3660 Huet
3539 3604 3599 3658 D.
3627 3603 3688 3658 E.

2092 3689 2148 3746 p.
2176 3689 2301 3731 251.
2332 3689 2464 3730 una.

2171 3769 2450 3842 Saturnus,
2496 3771 2633 3842 quod
2677 3779 2953 3825 saturetur.
2998 3767 3222 3842 “uetitis
3277 3783 3327 3824 c.
3385 3767 3422 3822 l.
3474 3782 3527 3842 p.
3560 3767 3693 3824 290.

2096 3855 2128 3896 a
2165 3846 2300 3906 111D,
2350 3838 2518 3904 latuit,
2573 3858 2693 3896 cum
2738 3843 2856 3896 aliis
2901 3845 2964 3894 A.
3001 3838 3298 3898 Acolutbus
3343 3841 3548 3902 statuit,
3601 3854 3696 3894 ve-

2097 3913 2312 3968 rissime
2342 3913 2574 3968 derivari
2606 3913 2674 3968 ab
2702 3913 3010 3978 Armenico,
3039 3927 3085 3967 ε.
3129 3911 3473 3982 ίΕεγριὶειεογ
3500 3925 3692 3978 suos,

2099 3999 2225 4038 cum
2256 3983 2299 4038 N
2330 3984 2546 4050 suffixo,
2592 3995 2650 4039 ut
2678 3985 2868 4040 Satorn
2895 3984 2966 4037 sit
2992 3981 3429 4052 magnusculter;
3467 3981 3695 4036 habetur

2099 4057 2244 4110 enim
2277 4071 2373 4124 pro
2424 4057 2703 4111 inventore
2743 4055 2896 4110 falcis
2942 4055 3238 4121 messoriae,
3287 4070 3407 4123 qua:
3443 4053 3695 4124 genitalia

2101 4127 2249 4191 cmli,
2280 4123 2332 4180 id
2361 4136 2462 4193 est,
2491 4129 2754 4197 gramina,
2785 4126 3002 4192 herbas,
3035 4125 3216 4197 ﬂores,
3252 4135 3498 4197 segetes,
3523 4123 3692 4197 Acmli,

2099 4197 2364 4253 beneficio
2409 4195 2735 4268 progenitas,
2768 4197 3029 4252 desecuit.
3082 4195 3691 4268 Vid.Acoluthi_l$pist.

2099 4269 2166 4324 ad
2208 4269 2266 4323 Β.
2298 4265 2434 4326 Abh.
2472 4265 2796 4324 Luccensem
2826 4283 3077 4325 ιιοιΑΝυιι
3107 4267 3161 4324 in
3195 4266 3440 4322 Leibnitii
3465 4265 3691 4321 Collect.

2099 4341 2332 4412 Etymol.
2367 4357 2484 4411 pag.
2512 4341 2637 4396 162.
2668 4341 2801 4396 Βυιιι.

2176 4431 2224 4485 Ε
2267 4433 2391 4486 caelo
2437 4433 2595 4502 gigni.
2645 4430 2780 4488 Cum
2827 4431 2989 4487 Goth.
3036 4446 3101 4486 ex
3146 4429 3292 4502 Lips.
3345 4423 3690 4502 Rost._Ven.

391 4503 497 4560 hac
527 4488 916 4570 ulti'ma'agitur
951 4500 1005 4573 i_n
1057 4488 1407 4573 sequentibus
1436 4495 1611 4573 ΟΣ]ιηί
1644 4488 1995 4573 carminibus,
2023 4488 2078 4548 D
2107 4505 2266 4567 1471,
2297 4503 2385 4568 72,
2417 4488 2640 4573 ιῖιιῗεριια
2681 4503 2910 4566 facium;
2943 4503 3030 4557 sed
3082 4488 3234 4573 facit};
3261 4510 3496 4573 ᾳρρανει,
3527 4499 3700 4573 inquit

391 4592 516 4647 qua:
543 4584 671 4629 sunt
703 4564 842 4647 libro
866 4588 915 4626 vr
950 4564 1255 4647 Fastorum.
1283 4569 1453 4638 Hujus
1484 4567 1662 4647 vestae
1706 4579 1854 4646 sacra
1881 4564 1998 4647 Ille.-

391 4635 526 4704 ιτιιιιι
555 4645 920 4701 vetustissima
981 4642 1121 4713 apud
1158 4635 1466 4713 Romanos;
1498 4639 1567 4693 ab
1620 4654 1681 4692 ea
1711 4637 1852 4692 enim
1885 4635 2003 4690 ﬂuit

395 4719 538 4793 ignis
567 4716 758 4774 aeterni
785 4730 880 4786 per
913 4711 1157 4771 Vestales
1183 4711 1428 4768 custodia
1458 4720 1512 4767 et
1539 4723 1687 4767 cura.

474 4860 576 4927 Qui
596 4857 800 4929 quidem
825 4863 1034 4929 putatur
1062 4849 1398 4929 ignis._Quod
1431 4847 1569 4920 ignis
1605 4860 1775 4929 pusum
1803 4841 1996 4925 Volca-

392 4917 517 4990 nus
535 4917 737 5001 primus
777 4917 1103 5001 mortalibus
1123 4917 1424 5001 dimicasse
1456 4917 1729 5001 'putatura
1751 4917 1804 4970 in
1852 4917 2004 5001 cuius

391 4987 652 5060 beneﬁcii
684 4999 1004 5067 memoriam
1055 4993 1290 5052 solemni
1331 4993 1439 5067 die,
1471 4987 1645 5067 quem
1673 4987 2004 5067 “Lampadon

393 5057 764 5145 appellabant'
782 5069 1165 5145 Athenienses,
1186 5057 1432 5145 accerlsis
1452 5078 1481 5117 a
1513 5061 1635 5116 foco
1673 5060 1850 5118 Vesta:
1875 5057 2005 5114 faci-

393 5136 525 5216 uiis,
559 5162 654 5216 per
681 5144 866 5200 urbem
897 5138 1293 5196 discurrebant.
1328 5136 1653 5192 Βετυιειυε.

476 5263 613 5317 Eum
662 5271 822 5333 poeta:
841 5276 948 5333 non
975 5255 1344 5333 ab_scid_erunt._
1372 5254 1504 5333 Eum
1549 5249 1913 5333 cor‘resimusn
1937 5261 2004 5302 ex

396 5350 537 5394 mss.
568 5347 621 5390 et
651 5319 809 5389 editis
837 5332 991 5386 Rom.
1023 5319 2007 5398 Soubron,Gymtiic.LE:_tsitel.,Tor-

400 5422 522 5535 ges.
552 5417 606 5463 et
636 5420 746 5462 rec.
769 5404 826 5470 2,
857 5404 1002 5473 Lips.
1034 5400 1090 5455 ln
1108 5398 1265 5454 editis
1285 5393 1450 5471 Tliys.
1481 5405 1534 5452 et
1561 5393 1701 5451 Gall.
1731 5405 2007 5447 eantmen-

444 5494 557 5535 ose.

444 5494 557 5536 058.

478 5595 608 5651 Sine
632 5593 774 5650 Solis
790 5593 1100 5664 igneo,retc.
1124 5587 1198 5664 De
1224 5586 1334 5664 hac
1348 5583 1496 5664 Solis
1541 5579 1618 5664 ad.
1637 5578 1900 5664 omnium“
1915 5592 2008 5664 ge-

403 5670 744 5724 nerationem
778 5651 1122 5728 nccessitate,
1153 5657 1274 5715 vide
1303 5658 1582 5713 Platonem
1608 5653 1659 5709 in
1691 5661 1846 5708 sexto
1866 5651 2006 5706 Poli-

403 5742 564 5798 ticor.
601 5749 654 5794 ct
675 5739 829 5793 alios.

478 5835 703 5895 Cursum
731 5843 778 5892 et
798 5831 1194 5901 conversionem,
1213 5837 1316 5888 etc.
1341 5823 1477 5896 Quia
1498 5816 1760 5884 Saturnus
1788 5825 2008 5892 propter

2105 4575 2474 4641 Heumannus,
2503 4592 2530 4628 a
2557 4571 2696 4631 caalo
2723 4574 2929 4629 rescribi
2981 4571 3234 4642 oportere.
3267 4571 3386 4627 Non
3431 4580 3577 4640 puto.
3608 4571 3701 4642 Sic

2105 4646 2242 4701 dixit
2269 4661 2317 4700 c.
2356 4646 2444 4711 11,
2470 4656 2684 4716 apparet
2735 4661 2836 4700 non
2865 4661 2931 4700 ex
2965 4641 3103 4701 ctnlo
3131 4655 3309 4698 natum
3359 4659 3482 4716 esse.
3526 4641 3700 4716 Latini

2105 4720 2249 4773 enim
2273 4717 2412 4773 haud
2439 4735 2564 4773 raro
2591 4718 2794 4785 dicunt,
2819 4718 2984 4789 gigni,
3014 4716 3284 4789 generari,
3329 4715 3473 4770 nasci
3505 4729 3572 4770 ex
3597 4715 3699 4770 ali-

2106 4805 2234 4861 quo,
2261 4805 2326 4844 ex
2353 4789 2550 4860 aliqua.
2584 4790 2717 4846 BUN.

2179 4861 2405 4918 Abscidi.
2431 4856 2506 4918 Ita
2539 4876 2728 4916 onmes
2765 4860 2876 4917 fere
2905 4876 3036 4916 mss.
3095 4869 3148 4916 et
3177 4858 3305 4913 editi
3359 4857 3589 4914 codices.
3638 4856 3705 4910 Et

2107 4933 2237 4988 olim
2268 4933 2467 4988 dictum
2492 4933 2658 4988 fuisse
2688 4933 2948 4988 abscidere
2975 4948 3071 5004 pro
3093 4930 3406 5004 abscindere,
3435 4945 3468 5004 ἢ
3491 4943 3577 5004 me
3597 4927 3701 5004 ob-

2107 5014 2380 5060 servatum
2412 5015 2494 5060 est
2517 5005 2583 5060 ad
2616 5005 2822 5060 Paulin.
2854 5020 2942 5060 en.
2968 4998 3030 5060 11
3062 5017 3214 5057 novae
3236 5001 3323 5056 ed.
3352 5019 3404 5055 ιι.
3439 5000 3491 5053 7.
3513 4999 3602 5054 Sic
3628 4998 3704 5052 ait

2108 5021 2380 5060 servatum
2412 5021 2494 5060 εει
2517 5021 2583 5060 au
2616 5021 2822 5060 rauim.
2854 5021 2884 5060 e
2928 5045 2942 5059 .
2968 5021 3030 5060 ιι
3062 5021 3214 5057 nova:
3236 5021 3323 5056 eu.
3352 5021 3404 5055 ιι.
3449 5021 3491 5053 ι.
3513 5021 3539 5054 .:

2108 5076 2242 5132 Joan
2272 5075 2426 5146 Bapt.
2449 5077 2496 5131 te
2517 5076 2680 5141 Brun,
2711 5077 2866 5145 cujus
2889 5021 3007 5132 “acc
3035 5074 3200 5130 editio
3227 5072 3285 5129 S.
3315 5071 3539 5128 Paulini.

2191 5148 2336 5202 Vere.
2365 5149 2422 5204 Id
2453 5159 2556 5212 est,
2582 5164 2687 5204 non
2717 5149 3022 5216 allegorice.

2184 5219 2304 5275 Nisi
2345 5223 2474 5290 forte
2525 5211 2712 5287 aliquis
2760 5211 3026 5275 existimet.
3084 5217 3175 5290 Sic
3238 5229 3423 5269 omnes
3466 5211 3591 5290 libri
3649 5213 3701 5268 in

2109 5284 2474 5363 conjuuciivo,
2523 5284 2792 5360 existimet,
2823 5301 3042 5363 praeter
3071 5289 3214 5363 Lips.
3253 5297 3372 5363 tert.
3393 5284 3700 5363 etlteimin.

2110 5357 2385 5419 existimat.
2451 5357 2978 5430 HctttnannXLege,
3032 5359 3204 5429 inquit
3265 5357 3557 5430 existima};
3596 5359 3706 5430 __ita

2110 5437 2246 5490 enim
2283 5433 2455 5489 Latini
2505 5437 2798 5504 loquuntur.
2855 5426 3166 5504 Lactantius
3210 5430 3247 5484 Ι.
3299 5445 3373 5504 1,Δ
3399 5429 3550 5504 c.__5'.
3589 5426 3707 5482 Nisi

2109 5507 2242 5576 forte
2269 5499 2590 5566 arbitremur.
2619 5506 2706 5559 ubi
2737 5513 2898 5568 noto;
2931 5503 2996 5557 de
3023 5503 3124 5563 Ira.
3160 5518 3280 5576 cap.
3314 5500 3402 5576 10·
3436 5499 3551 5554 Nisi
3578 5504 3709 5570 forte

2109 5573 2220 5646 quis
2234 5580 2534 5706 oarbgretur.
2564 5577 2753 5632 Cicero
2783 5579 2817 5632 Ι.
2849 5592 2903 5643 x,
2935 5579 3070 5645 Att.,
3100 5578 3133 5631 ὃ
3159 5593 3171 5630 :
3203 5573 3322 5630 Nisi
3353 5575 3548 5644 forte...
3583 5586 3704 5624 cen-

2109 5667 2290 5706 sueris.
2378 5667 2466 5706 UN.

2109 5667 2290 5707 sueris.
2337 5667 2466 5706 UUN.

2182 5743 2396 5799 Timuit.
2425 5743 2567 5815 Ergo
2601 5743 2741 5800 Deus
2771 5759 2875 5799 non
2907 5752 3023 5799 crat
3071 5739 3500 5804 existimandus;
3543 5733 3702 5790 timor

2110 5817 2252 5874 enim
2277 5816 2329 5872 in
2358 5816 2515 5875 deum
2541 5816 2733 5876 cadere
2761 5831 2866 5873 non
2896 5824 3088 5888 potest.
