4174 6200
393 278 496 337 189

385 395 617 469 quodam
646 409 799 454 more
815 394 869 452 in
897 394 1050 451 Italia
1077 396 1345 455 viveretur
1363 440 1377 464 ,

515 487 568 551 [δ
585 497 749 550 genus
766 484 1002 551 indocile,
1021 499 1080 536 ac
1100 487 1378 551 dispersum
1398 488 1647 540 montibus
1661 488 1776 540 altis

514 547 832 615 pomposuit;
854 547 1102 615 legesque
1125 547 1281 615 dedit,
1307 550 1599 615 Latiumque
1624 554 1788 605 vocari

517 610 707 676 Maluit,
731 611 812 662 bis
826 610 1057 677 quoniam
1077 610 1300 664 latuisset
1319 620 1455 664 tutus
1474 610 1659 664 in'oris.

386 716 587 775 Censet
625 732 694 773 ne
721 716 920 788 aliquis
950 716 1109 775 deum
1132 732 1276 787 esse,
1306 719 1396 790 qui
1418 720 1607 793 pulsus
1647 728 1753 790 est,
1780 721 1873 792 qui
1903 720 1992 778 fu-

388 811 499 883 git,
526 811 615 882 qui
641 810 835 865 latuit?
854 809 1025 867 Nemo
1048 820 1158 866 tam
1179 813 1375 869 stultus
1403 822 1506 870 est.
1550 813 1653 885 Qui
1682 814 1827 872 enim
1861 815 1996 889 fugit

389 912 487 958 aut
511 902 666 970 latet,
693 912 748 959 et
774 903 883 958 vim
914 912 969 958 et
996 912 1227 967 mortem
1253 905 1441 961 timeat
1481 921 1706 963 necesse
1751 915 1855 963 est.
1899 906 1995 964 Or-

388 996 587 1068 pheus,
613 995 704 1066 qui
736 996 1074 1067 temporibus
1095 996 1212 1068 ejus
1229 998 1505 1053 recentior
1531 998 1649 1067 fuit,
1682 1010 1874 1071 aperte
1902 1002 1997 1059 Sa-

388 1100 611 1147 turnum
632 1090 687 1146 in
712 1098 858 1147 terra
904 1097 962 1147 et
1011 1091 1153 1163 apud
1175 1090 1424 1148 homines
1462 1107 1721 1163 regnasse
1750 1108 1991 1153 comme-

391 1194 574 1242 morat
602 1202 616 1241 :
1423 1200 1435 1211 '

581 1294 792 1351 ῌρδηιστος
814 1292 880 1344 μιν
901 1287 1064 1333 ducem
1087 1292 1291 1345 ιιιιοονιυν
1314 1294 1456 1351 Κρόνος
1477 1288 1633 1345 ἀνδρῶν,

580 1348 633 1396 ἐι
656 1352 699 1395 δι
723 1358 863 1408 Κρόνθυ
885 1357 997 1407 γίνετ’
1018 1355 1128 1403 αὐτὸς
1151 1351 1257 1403 ἄναξ,
1280 1358 1407 1408 utras,
1430 1348 1586 1409 ὦρνόςα
1607 1359 1706 1405 Ζὼς.

388 1429 526 1487 Item
553 1429 698 1487 Maro
724 1439 951 1487 noster:

522 1521 718 1573 Aureus
740 1520 869 1573 hanc
885 1522 1034 1573 vitam
1049 1521 1101 1572 in
1123 1522 1275 1572 terris
1290 1520 1534 1574 Saturnus
1556 1522 1766 1586 agebat;

388 1605 463 1663 Et
486 1606 589 1663 alio
610 1607 732 1663 loco
762 1623 777 1661 :

531 1718 801 1792 aureaque
818 1716 903 1792 .(ut
910 1716 1205 1792 perhibent)
1218 1716 1323 1792 illo.
1335 1718 1428 1770 sub
1449 1731 1575 1784 rege
1592 1716 1752 1792 fuere:

528 1780 762 1832 Saecula“:
785 1781 862 1831 sic
878 1780 1066 1844 placida
1086 1780 1294 1846 populos
1310 1782 1362 1831 in
1378 1793 1500 1845 pace
1513 1780 1748 1846 iegebat.

388 1884 577 1957 Neque
599 1885 849 1954 superius
886 1883 1021 1939 dixit
1042 1885 1095 1939 in
1117 1884 1257 1940 ctelo
1282 1885 1458 1956 egisse
1480 1886 1672 1954 vitam,
1708 1901 1884 1959 neque
1910 1886 1993 1943 in-

389 1979 561 2036 ferius
587 1992 815 2050 superos
840 1977 893 2034 in
943 1993 1079 2052 pace
1107 1978 1315 2035 rexisse
1348 1996 1361 2033 :
1393 1979 1535 2036 unde
1580 1991 1805 2052 apparet
1832 1982 1991 2039 illum

388 2086 578 2144 regem
608 2071 776 2128 fuisse
803 2080 1126 2139 terrenum;
1162 2071 1306 2144 quod
1354 2071 1485 2130 alibi
1519 2074 1763 2144 apertius
1807 2074 1995 2131 decla-

386 2172 479 2221 rat
508 2180 524 2220 :

1237 2256 1398 2310 Aurea
1419 2259 1599 2311 condet

546 2321 769 2387 Sassula;
794 2324 880 2386 qui
902 2334 1076 2388 rursus
1098 2320 1262 2387 Latio,
1287 2328 1497 2388 regnata
1520 2336 1612 2388 per
1638 2335 1753 2377 arva

550 2386 766 2442 Saturno
782 2386 1044 2453 quondam.

393 2478 611 2534 Ennius
637 2476 853 2548 quidem
886 2473 939 2529 in
971 2470 1283 2529 Euhemero
1325 2486 1430 2527 non
1480 2470 1711 2543 primum
1758 2470 1890 2529 dicit
1915 2485 2001 2529 re—

390 2586 595 2645 gnasse
612 2550 928 2637 Saturnum,
953 2564 1048 2621 sed
1074 2563 1316 2623 Uranum
1346 2572 1574 2636 patrem.
1598 2562 1776 2633 Initio,
1800 2564 1997 2643 inquit,

394 2663 605 2735 primus
635 2663 690 2717 in
721 2660 881 2715 terris
906 2658 1193 2729 imperium
1222 2672 1493 2712 summum
1545 2655 1727 2713 Ctelus
1767 2656 1995 2725 habuit;

395 2756 446 2812 is
480 2755 532 2810 id
575 2769 804 2825 regnum
829 2768 932 2807 una
956 2767 1079 2807 cum
1127 2750 1381 2805 fratribus
1420 2750 1532 2805 suis
1577 2750 1810 2806 instituit
1837 2758 2001 2820 atque

395 2849 627 2923 paravit.
658 2846 777 2909 Non
797 2861 986 2917 magna
1014 2844 1305 2911 dissensio,
1335 2844 1603 2918 siquidem
1636 2845 1998 2903 maximorum

395 2950 682 2998 auctorum
722 2939 791 2995 de
825 2938 938 2994 lilio
970 2954 1035 2995 ac
1064 2948 1217 3013 patre
1247 2936 1512 2993 dubitatio
1551 2946 1654 2995 est.
1686 2938 1790 2996 Sed
1820 2948 1999 3005 tamen

395 3047 691 3107 utrumque
729 3033 846 3091 ﬁeri
877 3040 1096 3105 potest:
1141 3040 1200 3087 ut
1249 3040 1303 3087 et
1352 3031 1560 3101 primus
1612 3030 1826 3089 Uranus
1867 3033 2004 3089 emi-

1479 278 1682 343 LIBER
1722 278 1759 335 l.
1805 278 1893 345 DE
1931 277 2156 349 ΡΑιιδΑ
2196 281 2592 349 BELIGIONE.

2018 404 2074 481 Α
2101 400 2320 468 habere,
2351 419 2455 460 non
2479 421 2702 479 regnum
2734 426 2747 476 ;
2774 418 2960 479 postea
2999 410 3265 473 Saturnus
3315 414 3551 487 majores
3595 412 3699 489 sibi

2091 508 2223 566 opes
2242 502 2652 570 comparaverit,
2685 518 2748 559 ac
2775 503 2979 576 regium
3007 520 3202 563 nomen
3224 506 3493 565 asciverit.

3591 296 3694 355 190

2674 635 2904 697 CAPUT
2957 637 3098 702 XIV.

2100 745 2239 815 Quid
2263 748 2329 807 de
2350 748 2451 805 diis
2478 749 2757 807 Euhemeri
2784 762 2831 807 et
2859 750 3021 809 Ennii
3059 755 3237 811 doceat
3276 772 3425 813 sacra
3456 758 3695 817 historia.

2167 883 2320 940 Nunc
2345 886 2598 957 quoniam
2618 888 2687 944 ab
2708 887 2790 957 iis,
2821 906 2941 962 qua:
2962 890 3273 958 retulimus,
3301 894 3696 965 aliquantulum

2097 992 2251 1034 sacra
2296 978 2531 1037 Historia
2560 980 2833 1051 dissentit,
2864 984 3174 1054 aperiamus
3194 1000 3255 1041 ea
3285 1001 3405 1058 quae
3432 988 3577 1047 veris
3606 989 3698 1046 lit-

2098 1072 2232 1128 teris
2254 1073 2620 1142 continentur,
2666 1091 2735 1130 ne
2778 1085 3056 1147 poetarum
3092 1078 3322 1153 ineptias
3351 1082 3404 1136 in
3439 1096 3700 1140 accusan-

2097 1166 2182 1222 dis
2212 1166 2564 1238 religionibus
2592 1172 2744 1240 sequi
2772 1185 2835 1226 ac
2859 1170 3090 1240 probare
3113 1171 3411 1230 videamur.
3440 1174 3566 1235 Haec
3593 1176 3705 1232 En-

2098 1258 2173 1315 nii
2196 1258 2360 1316 verba
2382 1269 2509 1315 sunt
2538 1277 2551 1316 :
2587 1279 2605 1313 ι
2638 1260 2773 1316 Exin
2798 1261 3068 1322 Saturnus
3089 1280 3316 1321 uxorem
3336 1266 3487 1322 duxit
3504 1266 3698 1338 Opem.

2098 1351 2278 1421 Titan,
2306 1353 2398 1427 qui
2426 1354 2597 1425 major
2622 1362 2747 1411 natu
2777 1365 2916 1423 erat,
2948 1358 3185 1426 postulat
3213 1369 3270 1412 ut
3292 1359 3406 1428 ipse
3427 1370 3699 1432 regnaret.

2099 1441 2178 1499 lbi
2207 1444 2371 1501 Vesta
2398 1454 2570 1502 mater
2598 1462 2811 1514 eorum,
2851 1457 2906 1504 et
2931 1463 3149 1505 sorores
3183 1449 3350 1507 Ceres
3388 1461 3549 1524 atque
3569 1451 3703 1531 Ops,

2101 1537 2329 1594 suadent
2352 1537 2611 1608 Saturno,
2665 1551 2723 1596 ut
2767 1541 2835 1597 de
2865 1558 3032 1612 regno
3080 1561 3188 1605 non
3220 1547 3483 1603 concedat
3529 1546 3703 1605 fratri.

2102 1627 2179 1685 lbi
2203 1629 2382 1698 Titan,
2412 1632 2501 1703 qui
2548 1631 2685 1691 facie
2715 1633 2955 1692 deterior
2984 1648 3165 1706 esset,
3206 1654 3367 1709 quam
3400 1640 3703 1717 Saturnus,

2102 1719 2304 1778 idcirco
2333 1730 2389 1778 et
2418 1722 2561 1793 quod
2600 1723 2816 1782 videbat
2859 1736 3085 1787 matrem
3126 1739 3288 1800 atque
3329 1745 3546 1786 sorores
3584 1747 3709 1791 suae

2028 1800 2077 1861 Β
2102 1828 2321 1885 operam
2349 1816 2479 1873 dare
2505 1826 2565 1873 ut
2594 1818 2859 1876 Saturnus
2892 1832 3163 1899 regnaret,
3198 1826 3468 1881 concessit
3492 1828 3543 1883 ei
3576 1839 3633 1887 ut
3662 1828 3708 1886 is

2104 1917 2378 1980 regnaret.
2414 1910 2601 1983 Itaque
2622 1923 2811 1987 pactus
2840 1924 2925 1972 est
2953 1932 3074 1972 cum
3119 1916 3379 1987 Saturno,
3410 1920 3488 1977 uti
3510 1922 3555 1976 si
3578 1922 3708 1994 quid

2104 2002 2334 2067 liberum
2361 2005 2532 2065 virilis
2556 2021 2728 2064 sexus
2751 2010 2801 2065 ei
2833 2018 3020 2075 natum
3048 2023 3213 2077 esset,
3246 2028 3313 2069 ne
3339 2013 3616 2079 educaret.
3647 2016 3711 2081 id

2105 2095 2223 2166 ejus
2253 2096 2331 2152 rei
2358 2111 2519 2153 causa
2547 2099 2692 2169 fecit,
2723 2101 2799 2156 uti
2824 2101 2893 2157 ad
2919 2117 3047 2159 suos
3074 2113 3268 2177 gnatos
3299 2120 3525 2177 regnum
3566 2108 3713 2175 redi-

2107 2197 2212 2251 ret.
2246 2189 2383 2247 Tum
2415 2191 2650 2250 Saturno
2694 2194 2838 2253 ﬁlius
2864 2198 2957 2271 qui
3000 2180 3209 2268 primus
3238 2209 3396 2257 natus
3433 2208 3539 2272 est,
3582 2217 3711 2273 eum

2107 2296 2457 2345 necaverunt.
2498 2287 2703 2345 Deinde
2751 2289 3018 2361 posterius
3040 2292 3149 2356 uati
3181 2300 3309 2355 sunt
3347 2295 3584 2367 gemini,
3614 2295 3710 2355 Ju-

2105 2377 2247 2448 piter
2270 2387 2432 2451 atque
2452 2378 2611 2435 Juno.
2646 2380 2780 2436 Tum
2802 2380 3071 2438 iunonem
3103 2382 3337 2441 Saturno
3367 2384 3419 2442 in
3448 2400 3717 2461 conspec-

2108 2481 2221 2531 tum
2255 2472 2481 2543 dedere,
2513 2485 2676 2553 atque
2702 2475 2891 2534 Jovem
2919 2478 3057 2534 clam
3086 2479 3445 2550 abscondunt,
3478 2480 3717 2553 dantque

2106 2579 2228 2623 cum
2288 2565 2463 2624 Vesta:
2512 2568 2873 2641 educandum,
2933 2572 3172 2629 celantes
3211 2572 3524 2631 Saturnum.
3577 2573 3714 2643 Item

2105 2655 2410 2730 Neptunum
2439 2662 2581 2718 clam
2608 2662 2843 2718 Saturno
2868 2662 2978 2734 Ops
3000 2666 3179 2736 parit,
3224 2681 3458 2737 eumque
3492 2667 3714 2723 clancu-

2104 2752 2216 2807 lum
2243 2754 2549 2811 absCOndit.
2582 2757 2662 2812 Ad
2695 2758 2948 2813 eumdem
2981 2759 3200 2814 modum
3233 2761 3393 2815 tertio
3422 2771 3577 2830 partu
3600 2761 3713 2833 Ops

2105 2846 2245 2917 parit
2286 2848 2554 2919 geminos,
2602 2850 2885 2913 Plutonem
2916 2860 2971 2905 et
3011 2850 3289 2909 Glaucum.
3334 2851 3492 2915 Pluto
3523 2853 3715 2910 Latine

2106 2949 2188 2995 est
2223 2938 2474 3013 Dispater
2502 2960 2516 2998 :
2547 2943 2638 2999 alii
2666 2943 2867 3001 Orcum
2898 2956 3111 3002 vocant.
3148 2944 3225 3000 lhi
3257 2944 3515 3007 Glaucam
3552 2946 3716 3011 tiliam

2104 3034 2336 3091 Saturno
2355 3036 2668 3102 ostendunt,
2702 3053 2765 3093 ac
2802 3038 2969 3093 ﬁlium
3010 3039 3294 3094 Plutonem
3334 3040 3520 3097 celant
3548 3050 3715 3110 atque

396 3142 531 3186 nere
550 3128 692 3184 inter
716 3134 950 3182 caeteros
989 3124 1224 3197 potentia
1254 3123 1505 3195 coeperit,
1544 3132 1599 3180 et
1646 3126 2005 3197 principatum
2033 3118 2078 3181 C
2111 3127 2469 3186 abscondunt.
2521 3131 2723 3191 Deinde
2757 3130 2958 3191 Glauca
3010 3149 3170 3205 parva
3218 3134 3498 3193 cmoritur.
3534 3155 3553 3189 ι
3590 3134 3717 3203 lites

1760 3262 2122 3322 VARIORUM
2152 3267 2379 3325 NOTlE.

478 3408 534 3463 Is
550 3423 731 3480 genus,
757 3402 1032 3480 etcri’irg.
1057 3400 1420 3480 vttt_/En_e_id.,
1444 3400 1731 3480 3‘20._Hte_e
1748 3402 1910 3480 verba
1930 3402 2008 3480 ci-

401 3471 589 3539 tantu'r
627 3471 792 3534 etiam
834 3476 903 3532 ab
950 3471 1254 3547 Augustino
1294 3472 1385 3527 lib.
1422 3488 1532 3537 vn,
1563 3472 1632 3528 de
1674 3471 1830 3529 Civit.
1874 3473 2007 3543 Dei,

400 3550 846 3699 welzﬁuoniam
884 3620 1113 3699 latuisset
1142 3625 1291 3699 tutus
1334 3619 1386 3671 in
1437 3616 1562 3671 oris.
1791 3614 2010 3699 saturni

403 3687 626 3752 nomen
647 3693 859 3748 deduco
885 3707 915 3745 a
947 3689 1111 3745 verbo
1142 3688 1358 3743 hebrtno
1385 3703 1579 3752 sum,
1606 3687 1774 3753 latuit,
1793 3687 2009 3741 abscon-

402 3769 518 3832 dit;
544 3767 620 3821 ita
662 3775 721 3819 ut
744 3764 1009 3827 Saturnus
1033 3759 1274 3832 idetnrsit
1318 3775 1381 3832 ac
1410 3759 1630 3832 L_atius,
1672 3758 1814 3813 unde
1857 3767 2007 3815 terra

406 3829 686 3900 Saturnia,
713 3834 855 3891 dicta
876 3834 1038 3889 etiam
1070 3830 1297 3885 Latium.
1328 3830 1411 3887 Ea:
1436 3829 1651 3887 Vossno.

479 3913 788 3988 aptium,
810 3915 914 3960 etc.
946 3904 1133 3960 Latine
1152 3904 1254 3969 sic,

404 4024 605 4075 Primus
624 4020 826 4088 quidem
861 4027 1097 4083 regnator
1121 4022 1231 4069 erat
1271 4019 1588 4069 terrestrium
1610 4016 2010 4088 Saturnus'viro.

501 4147 579 4200 Ex
593 4147 810 4199 Saturno
831 4152 996 4195 autem
1014 4143 1216 4208 genitus
1226 4147 1310 4208 est
1328 4142 1437 4207 ipse
1458 4154 1554 4193 rex
1573 4154 1800 4208 magnus,
1858 4080 2010 4155 [tum'

501 4209 565 4262 Et
588 4211 690 4262 late
713 4216 886 4259 cuncta
908 4204 1109 4256 intuens
1122 4204 1339 4271 Jupiter.

479 4322 652 4379 Aurea
676 4316 879 4377 condet,
914 4314 992 4379 Et
1021 4314 1113 4377 lib.
1144 4330 1218 4381 γι,
1248 4312 1491 4380 dinem,
1520 4313 1658 4380 793,
1689 4314 1780 4372 ubi
1809 4316 2015 4373 Auchi...

406 4407 499 4450 ses
525 4400 684 4461 pater
704 4388 816 4445 lilio
842 4385 1035 4447 Enen;
1071 4385 1142 4448 de
1167 4388 1411 4457 Augusto
1432 4384 1649 4443 Caesare
1688 4386 1804 4444 haec
1827 4388 2014 4445 vatici-

407 4476 592 4524 natur.

482 4534 726 4599 Secuta;
755 4532 842 4604 qui
885 4547 1064 4604 rursus
1095 4527 1440 4604 LatimuLego
1466 4530 1555 4599 qui
1572 4537 1678 4604 ,_u_t
1721 4529 1863 4600 apud
1891 4530 2010 4586 Μςιρ

409 4622 604 4665 ronem
635 4614 692 4661 et
714 4599 778 4659 ιη’
795 4602 1005 4658 cunctis
1032 4600 1296 4661 Lactantii
1328 4614 1467 4671 mss.
1487 4599 1784 4668 codicibus,
1817 4612 2015 4671 praeter

410 4680 583 4737 Brnn.
616 4689 673 4734 et
703 4676 835 4733 edit.
870 4676 923 4731 in
945 4675 1140 4746 quibus
1164 4683 1248 4728 est
1267 4687 1399 4742 qua).
1430 4670 1564 4729 Nam
1589 4671 1661 4728 ibi
1685 4671 1752 4729 de
1772 4670 2015 4745 Augusto

408 4752 678 4810 loauitur.

436 4766 876 4877 οηέιιὲῒιῗήαὸυἱι.
910 4817 999 4873 Sic
1026 4815 1235 4871 restitui
1258 4829 1325 4871 ex
1346 4812 1598 4870 omnibus
1630 4830 1760 4873 mss.
1785 4831 2015 4877 quorum

412 4898 451 4954 5
481 4909 594 4950 rec.
644 4891 846 4947 habent
889 4889 1109 4953 Curtius;
1165 4887 1347 4943 cuncti
1385 4901 1523 4956 pene
1565 4886 1728 4955 editi,
1785 4886 2013 4949 Uranus.

487 4965 657 5022 Sacra
685 4963 917 5017 historia.
936 4960 1155 5017 Scilicet
1172 4958 1463 5013 Euhemeri
1487 4973 1672 5029 quam,
1695 4960 2014 5031 interprqu

413 5049 503 5095 tus
532 5046 616 5092 est
646 5033 870 5089 Ennius.

490 5106 655 5163 Facie
674 5105 910 5159 deterior.
938 5102 1014 5157 lta
1044 5100 1258 5158 restitui
1285 5116 1349 5156 ex
1377 5101 1631 5157 omnibus
1658 5100 1773 5159 fere
1799 5116 1931 5158 mss.
1961 5110 2019 5167 et

411 5181 471 5238 8.
504 5177 802 5248 impressis.
824 5175 1016 5231 Czeteri
1048 5173 1236 5248 excusi
1265 5187 1388 5248 cum
1419 5187 1550 5227 mss.
1574 5172 1629 5241 2,
1660 5174 1791 5248 geg.
1822 5183 2018 5248 rec.et

418 5255 446 5331 ς
478 5244 675 5331 _B_ru_'n.,
700 5248 873 5331 facile.
905 5246 1130 5331 Atiae-ie
1165 5244 1405 5331 deterior.
1440 5255 1621 5331 recte:
1650 5244 1875 5331 Calllce,
1900 5246 2017 5331 plus

418 5324 531 5379 laid
561 5325 624 5377 de
664 5315 855 5390 uisage.
878 5347 950 5358 —
976 5315 1156 5390 Facile
1184 5317 1431 5390 detergit
1466 5315 1655 5390 (19th.,
1674 5317 1821 5390 Lips.
1861 5315 2013 5390 ten"

416 5385 850 5457 Reitnm.,Ven.,
882 5399 1109 5460 utraque
1137 5385 1826 5460 1478,,Ωιέιι.,Τοι·ιιεε.’5,
1858 5386 2019 5449 Facie

419 5465 659 5522 deterior.
690 5461 809 5519 Non
838 5460 979 5516 male
1002 5458 1279 5516 {deterius
1298 5458 1435 5516 Ven.
1461 5460 1631 5587 M71],3
1647 5461 1778 5534 [acie
1806 5458 2013 5523 clarior.

1636 5548 1870 5587 unauna.

1636 5548 1870 5588 UNEMAN.

497 5608 712 5666 Sorores
733 5621 856 5660 suas
878 5618 1087 5674 operam
1115 5602 1258 5674 dare.
1282 5602 1379 5674 Sic
1400 5604 1732 5659 restituimus
1747 5620 1822 5674 ex
1843 5605 2019 5661 omni-

422 5682 526 5739 bus
551 5679 664 5736 fere
686 5694 816 5735 mss.
849 5673 1185 5732 eteditian
1206 5674 1330 5729 edd.
1353 5673 1492 5747 Call.
1523 5686 1578 5731 ct
1602 5673 1809 5747 Spark,
1844 5692 2013 5747 suam,

423 5768 550 5825 qua:
577 5767 681 5806 vox
702 5750 857 5825 abest
884 5762 915 5800 a
945 5747 980 5799 2
1005 5747 1150 5825 ileg.
1168 5756 1372 5825 recent.
1394 5746 1519 5803 Haec
1545 5746 1727 5817 verba,
1752 5757 1902 5821 atque
1928 5765 2015 5807 so-

440 5816 587 5889 rores
613 5837 755 5891 suos,
780 5820 981 5879 desunt
1005 5818 1059 5875 in
1086 5818 1174 5876 ed.
1204 5816 1422 5887 Sublac.

2182 3406 2536 3501 Ξςξιιιιρξειεὶιιεξ.
2567 3427 2699 3501 mss.
2736 3412 2893 3501 Ern,
2922 3413 3125 3471 Christ.
3160 3424 3214 3471 et
3240 3416 3327 3473 ed.
3362 3416 3587 3487 Cellar.,
3623 3419 3714 3501 eis,

2116 3479 2325 3536 scilicet
2352 3484 2509 3537 matri
2543 3496 2597 3539 et
2626 3479 2924 3540 sororibus.

2190 3549 2518 3635 Filiae-Per
2543 3557 2868 3626 Antiptosim
2898 3555 3233 3635 profilium.
3271 3567 3325 3612 ut
3357 3577 3370 3614 :
3405 3559 3706 3616 Sermonem

2115 3637 2261 3689 quem
2289 3625 2524 3748 attltliuis,
2556 3643 2657 3680 non
2676 3625 2755 3681 cst
2784 3625 2956 3697 meus;
2990 3627 3176 3685 Urbem
3206 3646 3357 3701 quam
3384 3639 3572 3698 statuo,
3602 3648 3716 3697 ve;-

2117 3702 2197 3748 tra
2221 3703 2313 3748 est.
2374 3711 2532 3748 smus.

2117 3702 2197 3748 tra
2221 3703 2313 3748 est.
2350 3702 2532 3752 ISEUS.

2186 3786 2445 3864 lunonem
2469 3790 2694 3864 Saturno
2719 3793 2771 3848 in
2798 3805 3121 3864 conspectum
3151 3794 3352 3853 dedere.
3385 3795 3533 3853 More
3562 3806 3715 3855 vcte.

2116 3875 2260 3926 runt,
2301 3861 2391 3931 qui
2412 3863 2641 3939 prolem
2689 3864 2740 3939 in
2783 3861 3129 3939 conspectum
3177 3868 3344 3939 patris
3393 3868 3623 3931 dedere.
3659 3878 3719 3937 ut

2118 3945 2238 4009 eam
2268 3933 2553 4009 genuinam
2578 3946 2631 4009 et
2658 3936 2777 4006 ejus
2798 3933 3038 3992 sobolem
3069 3933 3191 3993 esse
3212 3951 3550 4009 agnosceret.
3580 3933 3715 3997 Cum

2119 4001 2263 4083 illam
2297 4006 2567 4083 acciperet
2593 4008 2660 4083 in
2689 4001 2954 4081 gremium
2990 4001 3308 4082 tolleretque
3329 4052 3344 4077 ,
3380 4011 3590 4083 signum
3618 4011 3719 4068 fuit

2118 4073 2312 4144 agnitae
2333 4073 2559 4133 sobolis.
2593 4073 2904 4136 Wxicntus.

2192 4168 2759 4245 CelantesASaturnum.
2785 4174 2971 4242 Goth.,
3004 4175 3247 4244 Sublac.,
3272 4175 3408 4232 Ven.
3444 4177 3604 4245 1471,
3627 4192 3718 4234 sc-

2120 4244 2294 4297 cunda
2325 4242 2483 4309 “78,
2511 4246 2689 4310 Rost.,
2717 4247 2938 4301 celantes
2964 4248 3213 4302 Saturno.
3234 4242 3376 4303 VBUN.

2196 4312 2358 4388 Pluto
2385 4315 2543 4371 latine
2570 4327 2641 4372 est
2684 4317 2947 4388 Dispater.
2977 4320 3066 4373 Sic
3108 4317 3307 4377 habent
3338 4317 3551 4388 quidam
3580 4333 3712 4388 mss.

2123 4392 2258 4460 teste
2288 4386 2456 4460 Isaeo;
2505 4398 2558 4443 et
2585 4389 2661 4460 sic
2693 4386 2806 4460 ipse
2848 4389 3130 4460 legendum
3172 4404 3292 4444 csse
3329 4386 3531 4443 censet.
3576 4387 3716 4445 Cor-

2038 4449 2094 4525 D
2119 4457 2341 4512 reetioni
2363 4449 2559 4531 nostra:
2581 4449 2761 4515 favent
2794 4449 3295 4531 vetuistissimimss.
3324 4459 3720 4531 Regio-Putea-

2117 4543 2271 4602 nusa
2303 4529 2473 4599 prima
2502 4547 2684 4602 manu,
2718 4541 2772 4587 et
2798 4530 2959 4586 Cauc.
2995 4532 3044 4584 in
3076 4530 3269 4602 quibus
3296 4529 3716 4602 cstjDiispater,

2118 4599 2260 4674 quod
2301 4608 2444 4674 puto
2475 4601 2749 4674 librarium
2775 4601 3025 4672 scripisse
3067 4599 3162 4674 pro
3202 4601 3475 4674 Disputer,
3514 4599 3605 4673 qui
3636 4614 3719 4673 est

2118 4670 2312 4738 Pluto;
2349 4672 2449 4745 eti
2496 4671 2731 4729 Claram.
2776 4675 2828 4729 in
2855 4670 2975 4745 quo
3009 4670 3092 4729 est
3134 4670 3385 4745 Dispiter.
3434 4675 3489 4731 lu
3532 4670 3718 4745 multis

2120 4759 2251 4817 mss.
2290 4753 2345 4798 ct
2368 4743 2420 4798 in
2466 4745 2721 4817 omnibus
2768 4743 2887 4802 fere
2920 4744 3081 4800 editis
3119 4756 3202 4801 est
3236 4743 3502 4817 Diespiter
3525 4761 3545 4800 :
3574 4744 3717 4817 quod

2117 4814 2286 4890 iovis,
2329 4829 2435 4890 non
2465 4815 2729 4883 Plutonis,
2766 4833 3063 4890 cognomen
3109 4825 3191 4872 est
3218 4858 3233 4884 ,
3287 4814 3422 4890 teste
3449 4814 3719 4879 Macrobio

2119 4887 2392 4943 Saturnal.
2433 4903 2472 4949 ι,
2503 4904 2622 4960 cap.
2658 4890 2744 4946 15.
2784 4887 2941 4946 ΡΙίιιο
2983 4889 3146 4944 latine
3189 4899 3345 4944 sonat
3383 4888 3511 4954 Dis;
3557 4897 3612 4943 et
3640 4889 3719 4944 sic

2119 4969 2341 5015 vocatus
2361 4970 2444 5015 est
2473 4960 2690 5015 Aineid.
2726 4962 2817 5017 lib.
2846 4977 2923 5025 vr,
2954 4976 3006 5013 v.
3037 4960 3164 5027 269,
3192 4962 3240 5015 id
3270 4970 3351 5016 est
3379 4961 3534 5016 dives.
3564 4960 3720 5015 Pluto

2117 5040 2297 5105 autem
2347 5031 2427 5105 (ut
2464 5031 2833 5105 notatCicet‘o
2863 5034 2954 5089 lib.
2991 5047 3062 5099 ιι,
3109 5032 3175 5088 de
3205 5032 3325 5105 Nat.
3356 5030 3611 5105 deorum),
3635 5038 3721 5105 est

2118 5100 2365 5175 Dispater
2383 5145 2397 5167 ,
2431 5104 2585 5172 quasi
2607 5104 2757 5160 dicas
2780 5147 2792 5166 .
2823 5114 2967 5175 pater
2993 5105 3151 5167 diues,
3181 5104 3262 5157 vel
3290 5144 3303 5165 .
3346 5101 3485 5156 Deus
3511 5100 3719 5175 diuitia-

2118 5173 2233 5230 rqu
2259 5193 2271 5229 :
2306 5174 2440 5244 Quia
2470 5175 2583 5246 Dis,
2615 5186 2672 5231 ut
2694 5173 2832 5246 apud
2856 5176 3091 5241 Graacos,
3118 5175 3361 5230 πλουτῶν.
3383 5173 3591 5246 ᾼιιιοιι.
3621 5173 3717 5246 lib.

2119 5263 2178 5315 tt,
2212 5248 2265 5302 in
2294 5243 2399 5319 fine
2423 5266 2435 5301 :
2467 5245 2594 5301 Cum
2622 5265 2685 5304 ea:
2712 5243 2967 5319 Apollinis
2990 5247 3183 5319 monitu
3206 5246 3341 5319 patri
3370 5243 3499 5310 Diti,
3532 5262 3592 5298 ac
3620 5245 3725 5301 Sa-

2120 5328 2270 5374 turno
2296 5317 2533 5373 huntanis
2560 5316 2811 5388 capitibus
2843 5318 3238 5388 supplicaretur.
3271 5316 3387 5385 Qua
3425 5326 3604 5388 autem
3634 5333 3723 5372 ra-

2120 5391 2265 5446 tione
2297 5390 2348 5444 in
2381 5392 2593 5446 caeteris
2621 5387 2879 5446 Lactantii
2909 5387 3041 5443 mss.
3066 5396 3121 5443 et
3148 5387 3309 5442 editis
3328 5400 3550 5443 vocatur
3572 5387 3726 5445 Dies-

2120 5462 2250 5533 piter
2276 5477 2386 5533 non
2416 5460 2593 5518 video.
2624 5461 2829 5517 Nomen
2861 5461 3005 5516 enim
3037 5460 3316 5533 Diespitris
3346 5458 3470 5516 ,Ιονί
3493 5462 3727 5533 ιιιιτίιιυτ

2123 5528 2232 5616 tum
2262 5532 2428 5589 fuisse
2458 5533 2795 5591 notissimum
2818 5541 2932 5601 est;
2968 5541 3023 5587 at
3051 5528 3264 5589 Plutoni
3285 5547 3560 5603 nunquam
3582 5528 3725 5603 quod

2118 5619 2227 5667 δοιιι
2236 5621 2283 5659 ιιι
2296 5648 2307 5659 .

2197 5674 2388 5731 Orcum
2418 5685 2618 5732 vocant.
2664 5675 2742 5732 Ita
2781 5676 3091 5735 restitutum
3131 5692 3198 5733 ex
3246 5690 3377 5732 mss.
3422 5672 3724 5745 codicibus,

2121 5756 2319 5827 praeter
2336 5747 2472 5805 duos
2491 5750 2626 5827 Reg.
2650 5765 2762 5807 rec.
2794 5750 2846 5806 in
2875 5749 3091 5821 quibus,
3111 5750 3249 5805 sicut
3271 5758 3326 5804 et
3356 5748 3409 5802 in
3435 5744 3617 5819 editis,
3642 5744 3731 5816 est

2124 5822 2318 5881 dicunt.
