4174 6200
462 227 567 292 195

1564 230 1750 296 FIRM.
1793 234 2169 301 LACTANTII
2209 240 2412 307 DlVlN.
2455 251 2698 314 lNSTlT.

3671 265 3775 324 196

460 375 692 433 “omni
733 376 1035 446 Quirinum.
1103 373 1308 432 Eodem
1379 378 1561 448 urique
1617 376 1778 434 modo
1829 379 2054 436 Αιιιειιεε
2080 359 2135 421 Α
2160 380 2368 424 eorum.
2401 370 2762 429 Accesserant
2805 374 2970 431 etiam
3023 382 3195 446 poetae
3217 415 3235 446 ,
3269 384 3324 433 et
3358 377 3675 450 compositis
3704 379 3772 434 ad

459 469 802 534 Minervam,
871 469 1063 524 Samos
1117 468 1409 534 Iunonem,
1479 469 1693 540 Paphos
1759 471 2057 540 Venerem,

459 563 694 620 Lemnos
744 560 1082 627 Vulcanum,
1142 561 1320 617 Naxos
1396 561 1685 628 Liberum,
1757 563 2061 634 Apollinem

458 655 670 726 Delphi.
717 653 807 710 Sic
848 669 943 724 per
975 653 1202 724 populos
1249 662 1410 725 atque
1457 655 1708 725 regiones
1735 657 1882 711 varia
1910 671 2063 712 sacra

458 757 704 817 suscepta
734 757 881 813 sunt,
917 747 1044 802 dum
1073 747 1212 818 grati
1245 746 1493 804 homines
1523 763 1645 804 esse
1676 748 1727 802 in
1759 762 1886 804 suos
1911 750 2062 820 prin-

458 840 608 911 cipes
631 840 876 909 cupiunt,
904 847 960 893 ct
993 838 1136 910 quod
1167 838 1303 895 alios
1354 838 1615 903 honores,
1663 853 1798 909 quos
1831 841 1936 894 vita
1967 855 2061 895 ca-

457 934 706 992 rentibus
736 933 1006 1000 deferam,
1059 933 1304 990 invcnire
1347 948 1455 988 non
1499 944 1744 1004 possunt.
1797 935 2062 991 Praeterea

457 1025 630 1097 pietas
659 1041 870 1094 eorum,
914 1026 1005 1096 qui
1052 1034 1454 1092 successerant,
1503 1025 1795 1096 plurimum
1836 1024 2066 1082 contulit

456 1119 524 1175 ad
560 1135 840 1185 errorem;
882 1117 972 1190 qui
1019 1117 1109 1190 (ut
1153 1117 1333 1172 divina
1364 1119 1536 1188 stirpe
1561 1119 1672 1173 nati
1714 1117 2064 1189 viderentur)

455 1212 667 1269 divinos
707 1213 944 1268 honores
985 1211 1304 1282 parentibus
1345 1209 1708 1276 detulerunt,
1758 1211 2068 1281 deferrique

450 1306 750 1378 jusserunt.
783 1307 866 1361 An
900 1314 1079 1376 potest
1101 1305 1298 1375 aliquis
1329 1304 1602 1373 dubitare,
1634 1304 1913 1376 quomodo
1940 1306 2070 1363 reli-

455 1401 643 1469 giones
671 1397 901 1453 deorum
947 1398 1057 1451 sint
1110 1397 1392 1465 institulzc,
1438 1411 1562 1451 cum
1602 1397 1744 1467 apud
1785 1397 2062 1456 Maronem

453 1491 598 1565 legat
617 1492 811 1549 IEnea:
838 1492 1003 1547 verba
1037 1492 1202 1546 sociis
1231 1491 1583 1561 imperantis:

577 1585 719 1636 Nunc
741 1593 940 1649 pateras
957 1583 1110 1634 libate
1133 1583 1260 1645 Jovi,
1288 1585 1620 1648 precibusque
1642 1593 1813 1636 vocate

580 1649 847 1699 Anchisem
869 1649 1170 1711 genitorem.

453 1729 552 1788 Cui
583 1748 688 1788 non
721 1743 928 1787 tantum
961 1729 1451 1799 immortalitatem,
1501 1745 1688 1786 verum
1736 1731 1900 1788 etiam
1930 1747 2064 1789 ven-
2094 1760 2143 1822 Β

455 1834 631 1881 torum
663 1824 846 1880 tribuit
877 1830 1242 1893 potestatem:

581 1920 843 1980 Poscamus
866 1923 1061 1974 ventos,
1089 1922 1236 1980 atque
1261 1915 1369 1980 haec
1392 1928 1471 1980 me
1498 1927 1632 1980 sacra
1651 1919 1916 1980 quotannis

580 1981 716 2032 Urbe
742 1979 865 2031 velit
892 1983 1045 2043 posita
1070 1978 1270 2042 templis
1287 1978 1384 2028 sibi
1408 1978 1543 2028 ferre
1567 1978 1756 2029 dicatis.

527 2063 675 2120 Idem
703 2064 914 2119 scilicet
940 2065 1006 2116 de
1036 2061 1167 2117 Jove
1194 2059 1376 2128 Liber,
1400 2069 1454 2117 et
1477 2062 1617 2127 Pan,
1649 2072 1702 2118 et
1733 2060 2051 2134 Mercurius,

453 2165 508 2214 et
536 2157 728 2228 Apollo
757 2157 1018 2222 fecerunt;
1050 2169 1111 2210 ac
1130 2163 1317 2224 postea
1341 2153 1410 2210 de
1436 2153 1522 2209 his
1545 2154 1677 2224 ipsis
1705 2169 2055 2214 successores

2164 461 2494 533 voluptatem
2525 466 2888 534 carminibus,
2935 467 2988 523 in
3019 467 3216 524 coelum
3254 483 3349 525 eos
3392 469 3772 527 sustulerunt:

2165 552 2304 608 sicut
2334 553 2531 612 faciunt
2563 559 2654 628 qui
2676 557 2819 629 apud
2851 575 3030 631 reges,
3065 560 3225 617 etiam
3256 561 3452 628 malos,
3485 564 3774 635 panegyri-

2165 645 2243 700 cis
2271 645 2620 704 mendacibus
2649 649 2964 708 adulantur.
2992 651 3145 722 Quod
3177 653 3375 710 malum
3398 670 3426 708 a
3459 654 3661 712 Graicis
3683 671 3775 712 or-

2168 745 2279 792 tum
2305 748 2386 794 est
2418 758 2432 794 :
2463 757 2693 812 quorum
2724 744 2953 812 levitas,
2983 746 3242 802 instructa
3274 746 3486 803 dicendi
3521 748 3774 806 facultate

2167 837 2224 884 et
2249 831 2403 900 copia
2422 873 2436 898 ,
2468 832 2783 890 incredibile
2809 846 2892 892 est
2917 847 3146 907 quantas
3176 839 3582 896 mendaciorum
3604 841 3774 898 nebu-

2168 921 2248 977 las
2274 925 2608 981 excitaverit.
2640 927 2824 1000 ltaque
2853 929 3104 987 admirati
3150 947 3279 1000 eos,
3313 941 3367 990 et
3417 943 3776 1006 susceperunt

2168 1017 2326 1087 primi
2372 1034 2522 1074 sacra
2554 1020 2766 1077 illorum
2795 1064 2812 1092 ,
2859 1031 2917 1080 et
2967 1025 3231 1082 universis
3260 1025 3510 1098 gentibus
3541 1026 3774 1086 tradide-

2169 1119 2315 1166 runt.
2339 1109 2421 1168 Ob
2447 1111 2585 1170 hanc
2607 1117 2897 1173 vanitatem
2928 1117 3133 1190 Sibylla
3159 1118 3238 1175 sic
3263 1133 3360 1176 eos
3380 1119 3663 1192 increpat:

2355 1276 2474 1332 ἠως
2498 1281 2547 1336 δὴ
2570 1287 2608 1326 τι
2627 1287 2806 1336 πεποιιας
2831 1287 2887 1328 ια’
2909 1281 3086 1340 ἀνδράσιν
3109 1275 3371 1341 ἧγιμάνισσιῖ

2355 1350 2450 1400 Πρὸς
2467 1351 2505 1388 τι
2527 1347 2570 1389 δι
2593 1347 2694 1402 σου.
2715 1353 2861 1402 μάταιε
2883 1353 3164 1404 ωταφοῳινοις
3187 1354 3364 1403 ἀνατίθης
3376 1342 3401 1392 2

2355 1413 2460 1459 eo“;
2485 1408 2663 1460 ἀδόλοις·
2687 1415 2743 1461 τις
2767 1428 2828 1454 σοι
2847 1415 2985 1454 πλάνον
3009 1418 3045 1454 ιν
3070 1418 3174 1468 φρεσὶ
3196 1417 3305 1464 Ovile,

2357 1469 2493 1514 Ταῦτα
2513 1476 2630 1516 πλεῖν
2651 1475 2878 1529 προλιπόντα
2901 1478 2984 1517 licet“:
3010 1479 3178 1530 μτάλοιο
3199 1481 3408 1533 πρόσωπον.

2243 1598 2314 1655 Μ.
2349 1597 2590 1668 Tullius,
2622 1601 2714 1672 qui
2739 1616 2847 1658 non
2876 1611 3083 1658 tantum
3126 1603 3398 1673 perfectus
3421 1613 3642 1672 orator,
3677 1606 3774 1663 sed

2170 1693 2332 1746 etiam
2357 1691 2710 1763 philosophus
2738 1693 2867 1760 fuit;
2912 1694 3178 1765 siquidem
3205 1697 3355 1753 solus
3383 1697 3564 1754 extitit
3594 1698 3774 1754 Plato-

2168 1783 2252 1840 nis
2279 1783 2551 1853 imitator,
2595 1786 2646 1841 in
2679 1799 2744 1842 eo
2773 1784 2930 1853 libro,
2957 1802 3064 1858 quo
3098 1803 3157 1845 se
3179 1789 3294 1860 ipse
3323 1787 3391 1847 de
3431 1797 3606 1848 morte
3653 1791 3777 1848 lilite

2166 1877 2482 1933 consolatus
2511 1887 2626 1944 est,
2671 1895 2778 1936 non
2807 1877 3074 1935 dubitavit
3097 1881 3300 1950 dicere,
3345 1882 3478 1940 deos
3499 1925 3516 1952 ,
3553 1885 3644 1955 qui
3678 1900 3779 1955 pu-

2163 1968 2302 2026 blice
2323 1971 2654 2039 colerentur,
2679 1971 2928 2030 homines
2952 1973 3137 2031 fuisse.
3154 1974 3310 2044 Quod
3339 1975 3507 2047 ipsius
3529 1977 3776 2034 testimo-

2161 2062 2312 2118 nium
2341 2077 2407 2119 eo
2432 2063 2594 2120 debet
2633 2065 3010 2136 gravissimum
3045 2065 3313 2138 judicari,
3348 2067 3492 2139 quod
3521 2073 3578 2124 et
3604 2085 3774 2142 augu-

2159 2159 2272 2214 rale
2301 2159 2486 2214 habuit
2509 2161 2893 2230 sacerdotium,
2920 2170 2976 2217 et
2995 2160 3218 2218 eosdem
3248 2177 3306 2218 se
3333 2162 3515 2220 colere
3539 2178 3771 2221 venera-

1789 2292 2154 2354 VARIORUM
2191 2295 2423 2352 ΝΟΤΔΕ.

452 2389 659 2447 Fidius.
683 2389 820 2447 Vide
848 2391 1171 2457 Varronem,
1207 2389 1301 2446 lib.
1347 2406 1400 2447 IV
1445 2390 1599 2460 Ling.
1633 2390 1779 2457 Lat.,
1807 2405 1926 2461 cap.
1962 2392 2049 2449 10.

455 2463 648 2519 Festus
675 2481 688 2518 :
722 2462 810 2516 Fit
854 2462 1186 2533 sacriﬁcium,
1215 2462 1351 2532 quod
1382 2475 1454 2516 est
1488 2463 1848 2534 proﬁciscendi
1880 2465 2052 2533 gratia

453 2535 670 2589 Herculi
689 2545 777 2590 aut
805 2535 997 2602 Sanco,
1025 2536 1111 2604 qui
1128 2535 1321 2589 scilicet
1347 2534 1486 2588 idem
1516 2533 1655 2589 Deus
1675 2543 1768 2589 est.
1805 2534 2050 2589 Vocaba-

452 2617 538 2661 tur
566 2608 727 2661 etiam
775 2607 950 2672 Semo,
997 2617 1054 2661 ιιι
1103 2608 1244 2676 apud
1286 2605 1443 2661 Ovid.
1494 2605 1710 2661 Fastor.
1770 2607 1863 2662 lib.
1890 2622 1962 2672 v1,
1999 2624 2050 2663 ν.

447 2678 575 2733 215.
625 2679 683 2733 in
729 2679 898 2734 veteri
951 2679 1309 2747 inscriptione
1348 2677 1590 2742 Gruteri,
1621 2693 1674 2747 p.
1704 2676 1795 2741 96,
1827 2687 1883 2733 et
1913 2679 1965 2733 in
1989 2693 2051 2733 ea

448 2766 608 2821 quam
628 2749 787 2805 habet
808 2749 1198 2806 Fulv.Ursiuus
1217 2750 1283 2804 ad
1306 2749 1510 2804 Caesar.
1537 2749 1604 2804 de
1627 2748 1780 2804 Bello
1799 2748 2012 2805 Gallico
2035 2767 2049 2803 :

591 2858 810 2900 SANCTO.
847 2857 1036 2899 SANCO.
1065 2857 1279 2898 SEMONI.
1314 2857 1439 2896 DEO.
1484 2856 1651 2907 ΗΜΘ,
1683 2855 1912 2897 SACRUU.

447 2935 655 2994 Sancus
682 2953 820 2992 unus
847 2947 963 2993 erat
985 2954 1047 2992 ex
1075 2937 1200 3003 diis,
1227 2951 1366 3007 quos
1390 2936 1745 3003 injsexdecim
1773 2934 2054 2990 leorum

449 3009 730 3066 ordinibus
761 3019 1043 3065 enumerat
1076 3008 1368 3079 Martianus
1394 3007 1632 3079 Capella.
1672 3007 1748 3062 De
1775 3007 1951 3079 Sanco
1973 3009 2054 3060 vi-

447 3080 514 3136 de
538 3084 698 3136 etiam
727 3081 1046 3151 Gregorium
1077 3078 1354 3135 Giraidum
1385 3078 1519 3151 lib.1
1552 3080 1752 3134 llistor.
1796 3078 2051 3151 deorum.

521 3152 811 3218 Quirinum.
842 3148 1084 3223 'Vuigata
1112 3161 1236 3205 sunt
1289 3150 1500 3223 qumde
1530 3151 1752 3223 Quirino
1778 3148 2052 3223 dicuntur,

447 3223 515 3279 de
543 3239 648 3294 quo
665 3223 784 3294 vide
811 3220 1041 3290 Livium,
1070 3222 1289 3294 Dionys.
1313 3221 1580 3276 ilalicarn.
1610 3220 2048 3294 etPiutarchum.

518 3293 732 3350 Athena:
759 3293 1063 3348 Minervam.
1098 3293 1180 3348 Ab
1220 3309 1280 3347 ea
1328 3293 1660 3348 Athenarum
1695 3293 1823 3348 urbs
1855 3305 2051 3347 nomen

448 3365 638 3422 Sortita
667 3375 768 3422 est.
802 3367 876 3422 De
905 3366 1006 3437 hac
1039 3366 1197 3437 igitur
1242 3365 1380 3437 videi
1410 3364 1726 3419 Pausaniam
1758 3368 1810 3437 in
1839 3363 2050 3437 Atticis,

446 3437 796 3494 Plutarchum
839 3437 891 3491 in
939 3433 1323 3503 Themistocle,
1365 3436 1656 3491 Isocratem
1698 3437 1750 3489 in
1785 3433 2052 3490 Panathe—

447 3511 623 3576 naico,
657 3519 712 3566 et
740 3509 796 3566 S.
829 3511 1188 3581 Augustinum
1240 3508 1308 3564 de
1358 3508 1590 3564 Civilate
1639 3507 1732 3564 Dei
1766 3507 1861 3562 lib.
1895 3521 2050 3574 xvnt,

445 3595 565 3651 cap.
593 3583 643 3638 9.

519 3645 705 3709 Samos
728 3653 1006 3707 Jmtoncm.
1040 3652 1232 3707 Samos
1278 3651 1450 3706 insula
1500 3651 1664 3707 maris
1694 3645 1879 3715 lonici,
1916 3649 2048 3703 olim

445 3723 642 3779 Juuoni
672 3741 845 3788 sacra,
880 3726 932 3778 in
961 3739 1064 3793 qua
1094 3723 1282 3777 habuit
1326 3723 1583 3793 templum
1619 3724 1687 3779 ab
1724 3720 2052 3792 Argonautis

445 3796 743 3851 fundatum.
781 3796 857 3850 De
888 3791 989 3849 hac
1013 3793 1267 3864 Virgilius
1293 3811 1309 3848 ι
1338 3791 1586 3867 ᾸΕιιοίά.,

569 3896 722 3954 Quam
739 3894 869 3943 Juno
894 3895 1042 3943 terris
1065 3893 1222 3944 fertur
1246 3896 1404 3956 magis
1435 3895 1661 3945 omnibus
1685 3906 1833 3944 unam

568 3957 855 4009 l’osthabita
879 3957 1090 4007 coluisse
1111 3957 1275 4007 Samo.

445 4065 521 4121 De
539 4064 636 4121 hac
659 4065 854 4119 iterum
875 4063 1010 4118 infra
1032 4077 1150 4134 cap.
1174 4061 1260 4118 17.

515 4136 730 4208 Paphos
759 4135 1022 4191 Venerem.
1058 4131 1149 4191 Sic
1175 4134 1429 4205 Virgilius
1459 4133 1555 4189 lib.
1587 4152 1605 4190 ι
1633 4131 1851 4191 ἐΕηυίά.
1885 4151 1899 4188 :

536 4230 647 4293 Ipsa
663 4229 891 4293 Paphum,
906 4228 1128 4293 sublimis
1151 4227 1270 4293 adit,
1295 4226 1544 4291 sedesque
1563 4228 1734 4293 revisit

535 4289 669 4344 [aeta
687 4289 823 4356 suas,
850 4292 934 4341 ubi
961 4289 1196 4354 templum
1219 4291 1310 4355 illi,
1335 4289 1634 4354 centumque
1658 4290 1832 4340 Sabaeo

535 4356 704 4407 'l‘bure
729 4355 897 4406 calent
914 4369 1030 4404 arte.

514 4438 731 4494 Lemnos
770 4436 1078 4506 Vulcanum.
1113 4435 1248 4492 Vide
1290 4433 1524 4491 fabulam
1562 4434 1701 4506 apud
1748 4435 2041 4491 Homerum
2069 4431 2123 4494 D

444 4511 573 4566 lliad
611 4527 650 4578 ι,
685 4511 772 4564 ubi
822 4511 1012 4580 legitur
1061 4501 1355 4564 Vulcanum
1406 4507 1458 4562 in
1502 4501 1765 4564 Lctimum
1812 4509 2042 4563 insulam

442 4583 608 4639 fuisse
635 4581 1044 4652 praecipitatum.

519 4650 698 4709 Naxos
720 4650 978 4706 Liberam.
1020 4650 1198 4707 Naxos
1229 4667 1333 4705 una
1383 4667 1447 4706 ex
1478 4651 1667 4706 insulis
1694 4650 2040 4723 Cycladibus,

440 4725 638 4781 Libero
656 4727 735 4781 vel
767 4723 976 4779 Baccho
993 4738 1165 4788 sacra,
1191 4723 1318 4777 olim
1344 4724 1591 4794 Dyonisia
1619 4735 1828 4789 vocata,
1862 4725 1912 4777 in
1936 4735 2042 4794 qua

441 4800 576 4853 vites
595 4797 828 4860 eximize,
859 4811 921 4850 ac
946 4796 1168 4867 proinde
1193 4798 1373 4867 vinum
1406 4810 1749 4865 generosum.

510 4871 802 4939 Apollinem
825 4863 1034 4939 Delphi.
1079 4867 1169 4923 Sic
1207 4863 1493 4937 legendum
1523 4882 1588 4922 ex
1630 4867 1693 4939 i7
1725 4863 1884 4920 editis
1916 4863 2042 4939 Del-

438 4943 528 5011 phi
562 4938 626 4995 in
669 4952 818 4996 recto
859 4938 1010 5006 eaSu,
1051 4947 1109 4994 ut
1153 4939 1510 5011 praecedentia
1566 4938 1779 5011 urbium
1805 4938 2040 5011 Aiigmina

437 5008 730 5083 postulant.
759 5012 814 5067 lu
846 5027 974 5067 mss.
1000 5008 1309 5083 Regiool’ul.
1335 5018 1389 5083 et
1409 5010 1528 5064 aliis
1556 5009 1589 5063 4
1611 5010 1772 5078 Reg,
1801 5008 2036 5083 $Colb.,

434 5079 452 5139 ἱ
481 5085 737 5154 Sorhon.,
767 5085 802 5139 ‘2
824 5079 1237 5154 Ciai-tim.,'Gat.
1263 5080 1532 5154 etMarm.
1562 5098 1590 5154 τι
1617 5079 1851 5154 secunda
1876 5095 2040 5154 manu

432 5171 498 5211 ac
527 5167 633 5212 vet.
657 5149 816 5213 editis
841 5156 1000 5212 Rom.
1033 5153 1169 5210 1468
1191 5161 1246 5210 et
1272 5153 1431 5219 M70,
1451 5159 1534 5208 est
1560 5149 1808 5222 Delphos,
1841 5151 2039 5207 mendo

433 5227 453 5300 (
483 5230 817 5301 utgvidelur)
850 5245 915 5284 ex
947 5227 1378 5301 praecedentibus
1405 5225 1750 5301 nominativis
1775 5225 2039 5301 in_os.ua.-

537 5298 593 5353 ln
617 5291 827 5425 cateias
855 5291 986 5357 mss.
1013 5307 1099 5356 est
1130 5297 1303 5354 Delos.
1325 5296 1479 5368 Apud
1510 5295 1786 5369 Virgilium
1814 5291 2037 5352 Ensid.

514 5413 526 5425 .
559 5387 630 5425 vs.
665 5388 716 5425 v.
825 5415 839 5425 .

455 5370 526 5425 ib.
559 5387 630 5438 Vt,
665 5388 716 5427 v.
751 5372 839 5439 12,

553 5461 728 5514 Delius
749 5465 957 5526 inspirat
976 5474 1132 5526 vates,
1159 5465 1424 5527 aperitque
1443 5460 1627 5514 futura.

501 5549 590 5606 Sic
622 5566 711 5621 per
739 5549 982 5621 populos,
1004 5558 1108 5604 etc.
1146 5549 1254 5603 Hos
1281 5550 1488 5619 topicos
1511 5548 1646 5603 deos
1686 5545 1908 5618 collegit
1945 5545 2038 5602 Li-

425 5623 532 5679 lius
559 5619 788 5692 Gregor.
817 5619 1070 5676 Giraidus
1097 5627 1436 5692 syntagmate
1460 5633 1498 5672 ι.

499 5695 566 5750 Et
592 5689 730 5768 quod
751 5693 880 5747 alios
906 5689 1147 5768 honores,
1165 5707 1293 5768 quos
1317 5691 1420 5745 vita
1443 5690 1742 5768 carentibus
1770 5689 2027 5768 deferant.

423 5766 502 5829 Ita
527 5762 864 5828 restituimus
891 5781 958 5824 ex
986 5762 1235 5824 omnibus
1263 5763 1375 5820 fere
1400 5777 1556 5831 mss.,
1575 5777 1638 5819 ex
1659 5763 1821 5821 editis
1852 5762 2026 5820 Paris.

2157 2409 2246 2468 an.
2282 2394 2641 2468 1525,Crat.,
2675 2394 2903 2466 Graph..
2953 2393 3201 2468 Gymnic.
3246 2397 3302 2452 In
3357 2409 3488 2452 mss.
3531 2395 3764 2467 tColb.,

2157 2465 2324 2521 Brun.
2355 2468 2483 2522 etin
2511 2467 2668 2522 editis
2699 2465 2842 2534 octo,
2884 2476 2932 2521 et
2964 2465 3090 2536 quos
3126 2469 3256 2522 alios
3287 2469 3505 2524 honores
3535 2470 3636 2524 vita
3668 2465 3766 2525 cai-

2155 2540 2382 2593 rentibus
2411 2538 2662 2610 deferant.
2690 2539 2733 2594 A
2758 2554 2886 2595 mss.
2919 2539 3118 2611 lLips.,
3151 2540 3268 2596 Pal.
3317 2549 3371 2598 et
3400 2557 3418 2596 ι
3455 2539 3638 2609 Colb.,
3663 2542 3764 2598 ab-

2156 2618 2260 2673 est,
2285 2625 2429 2673 quos.

2232 2628 2636 2766 Eligamus,
2671 2689 2774 2766 etc.
2805 2681 3057 2766 Virgilius
3087 2697 3163 2738 vn
3191 2681 3408 2766 Each}.
3441 2699 3496 2740 ν.
3529 2680 3651 2740 155.

2242 2751 2368 2809 Hcec
2387 2771 2466 2808 me
2489 2770 2655 2808 sacra.
2682 2754 2770 2810 Sic
2792 2751 3017 2810 restituo
3036 2769 3102 2810 ex
3123 2757 3330 2811 cunctis
3355 2754 3521 2812 ferme
3543 2772 3672 2814 mss.
3694 2757 3764 2815 Et

2165 2825 2248 2899 sic
2275 2825 2504 2899 habetur
2535 2827 2589 2881 in
2619 2826 2851 2899 antiquis
2897 2825 3102 2896 aliquot
3127 2842 3280 2899 Amss.
3312 2827 3654 2899 Virgilianis,
3707 2838 3763 2886 et

2165 2897 2394 2968 vulgatis
2439 2895 2841 2952 nonnullis.’ln
2864 2895 3018 2968 ﬁmss.
3052 2899 3086 2952 2
3113 2897 3266 2954 Colb.
3298 2907 3352 2954 et
3398 2895 3434 2954 f
3459 2900 3693 2956 Clarom.
3728 2916 3760 2958 a

2166 2967 2335 3038 prima
2368 2983 2528 3023 manu
2559 2976 2614 3023 et
2637 2967 2818 3038 editis,
2851 2967 2978 3022 Haec
3004 2986 3114 3024 mea
3143 2987 3320 3036 sacra,
3364 2973 3459 3027 sed
3490 2972 3648 3028 male.

2081 3021 2128 3086 c
2166 3021 2189 3112 '_
2233 3021 3758 3112 pasees-.taaa'molocinariisensisse...

2158 3109 2354 3166 datorii
2383 3109 2582 3166 nullam
2609 3114 2766 3168 fidem
2796 3123 3134 3167 meruerunt.

2230 3182 2450 3259 Levites.
2481 3184 2794 3259 Graecorum
2813 3185 3087 3259 levitatem
3117 3185 3404 3259 aliquoties
3423 3188 3757 3259 perstringit,

2159 3254 2195 3308 l.
2221 3269 2259 3321 ι,
2289 3271 2339 3308 c.
2385 3254 2474 3319 18;
2507 3255 2543 3310 Ι.
2573 3271 2652 3320 ιιι,
2685 3270 2736 3311 c.
2766 3256 2855 3321 M,
2882 3264 2938 3310 et
2961 3264 3045 3310 est
3067 3254 3372 3312 communis
3397 3254 3586 3315 eorum
3609 3254 3754 3316 nota.

2157 3325 2280 3398 Viti.
2328 3326 2464 3384 Lud.
2497 3327 2681 3382 Vivem
2711 3326 2779 3381 ad
2805 3326 3112 3396 Augustini.
3145 3329 3177 3382 l.
3205 3345 3221 3384 ι
3247 3329 3363 3384 Civ.
3391 3329 3509 3398 Dei,
3539 3347 3588 3386 c.
3620 3331 3673 3398 4,
3705 3341 3761 3388 et

2159 3397 2196 3470 ib.
2228 3413 2284 3466 ιι,
2317 3413 2368 3453 c.
2404 3399 2490 3470 M,
2520 3409 2596 3466 et,
2624 3414 2786 3470 quem
2812 3400 2990 3469 plures
3007 3401 3338 3467 exscribunt,
3369 3397 3666 3458 Abramum
3688 3402 3759 3459 ad

2155 3466 2419 3544 Cic_.__gpro
2457 3466 2718 3540 Ligario.
2747 3466 2888 3536 Met
2916 3470 3068 3526 Cort.
3103 3471 3170 3527 ad
3197 3466 3329 3528 Sail.
3373 3472 3533 3529 Catil.
3559 3489 3674 3541 vin,
3698 3473 3756 3544 2,

2156 3557 2210 3611 p.
2242 3540 2331 3595 55.
2357 3541 2637 3598 BINEIAN.

2225 3612 2400 3674 eam;
2421 3613 2484 3674 δὴ
2505 3651 2519 3680 ,
2553 3625 2657 3670 etc.
2690 3612 2919 3669 Oracula
2949 3612 3236 3685 Sybiliina,
3268 3629 3506 3672 sermon.
3539 3617 3608 3684 5,
3655 3617 3757 3672 aii-

2155 3693 2239 3740 ter
2265 3687 2448 3756 legunt
2475 3705 2487 3738 :
2517 3701 2641 3741 nam
2663 3727 2680 3753 ,
2711 3696 3072 3756 prmterquam
3114 3686 3259 3758 quod
3299 3687 3599 3744 secundum
3628 3703 3755 3745 ver-

2153 3771 2273 3812 sum
2301 3758 2569 3826 omiserit,
2593 3759 2684 3829 qui
2711 3757 2790 3812 sic
2817 3758 3012 3826 habet,

2338 3865 2509 3912 θνητοῐς,
2532 3856 2585 3909 οἷς
2609 3863 2674 3902 eiut
2697 3861 2776 3902 Dm
2795 3867 2914 3915 φυτιῖν
2935 3863 3108 3902 θανάτοιο
3131 3864 3325 3914 τιλιυτήνε

2153 3934 2244 3990 ubi
2274 3937 2325 3990 in
2360 3937 2517 3991 tertio
2546 3945 2630 3992 est
2657 3939 2890 4010 ἀνατίθης
2914 3977 2934 4010 ,γ
2978 3938 3192 3992 oracula
3243 3935 3504 4010 Sibyllina
3553 3933 3753 3995 habent

2152 4010 2504 4084 πορζξειεε-ιιι
2531 4018 2583 4084 e_t
2625 4008 2797 4084 codex
2829 4009 3046 4084 optima:
3071 4016 3214 4084 nota:
3235 4011 3314 4084 CI.
3343 4008 3574 4084 '_Puteani
3600 4053 3616 4081 ,
3659 4010 3752 4083 qui

2152 4079 2236 4136 est
2262 4082 2315 4135 in
2357 4079 2683 4136 Bibliotheca
2716 4079 2878 4150 Regia
2910 4096 2924 4136 :
2953 4080 3042 4135 ubi
3069 4079 3317 4151 impressi
3347 4079 3540 4148 habet,

2588 4179 2656 4230 Τις
2678 4196 2739 4222 τοι
2758 4182 2897 4232 πλάνην
2923 4183 3035 4234 βάλον
3057 4185 3092 4222 ιν
3117 4189 3165 4237 νῷ
3178 4212 3191 4232 ,

2338 4237 2439 4287 ὁσίη
2461 4259 2504 4286 σι
2523 4243 2617 4286 τάδε
2639 4250 2753 4286 ποιεῖν
2777 4246 2949 4297 perﬂeto
2975 4246 3073 4286 θεοῖο
3098 4250 3294 4298 specimen
3314 4263 3326 4294 ε

2153 4320 2206 4376 in
2230 4335 2359 4375 mss.
2394 4320 2697 4375 veterrimis
2725 4317 2888 4374 Cane.
2918 4327 2971 4375 et
2992 4320 3027 4374 5
3049 4319 3252 4390 Regiis,
3275 4319 3537 4391 scriptum
3561 4330 3675 4390 est,

2397 4408 2466 4459 Τις
2490 4426 2550 4451 σοι
2571 4413 2707 4452 πλάνον
2730 4413 2765 4450 ιν
2788 4411 2893 4464 porci
2914 4412 3024 4461 Οῆιι,

2397 4471 2534 4515 Tum
2553 4475 2669 4515 τιλιῐν
2691 4475 2917 4527 προλιπόντα
2942 4476 3023 4514 οως
3046 4475 3218 4527 μεγάλοιο
3236 4477 3447 4528 πρόσωπον.

2151 4535 2218 4590 Et
2243 4535 2323 4590 sic
2361 4536 2642 4606 legendum
2672 4550 2793 4591 esse
2825 4537 3030 4590 monuit
3059 4535 3281 4591 doctiss.
3311 4535 3592 4591 Francius.
3634 4535 3746 4591 Πο-

2147 4623 2268 4662 rum
2297 4618 2478 4663 autem
2503 4623 2754 4662 versuum
2794 4607 2873 4661 sic
2900 4607 3060 4662 habet
3092 4607 3257 4662 latina
3285 4606 3697 4678 interpretatio:

2273 4699 2460 4763 Graecia
2475 4700 2594 4763 quid
2617 4697 2821 4763 conﬁdis
2846 4699 2898 4747 in
2927 4700 3061 4749 viros
3085 4699 3370 4763 principes?

2271 4761 2348 4812 Ad
2369 4762 2484 4824 quid
2508 4761 2634 4824 dona
2659 4762 2825 4811 inania
2847 4763 3055 4812 mortuis
3075 4761 3312 4812 dedicare?

2269 4823 2500 4890 immolas
2525 4823 2665 4890 idolis
2681 4863 2694 4886 ,
2715 4826 2831 4890 quis
2851 4825 2943 4874 tibi
2963 4837 3187 4890 errorem
3205 4827 3260 4890 in
3275 4827 3716 4890 mente‘imposuit,

2269 4887 2388 4938 Haec
2409 4893 2460 4937 te
2477 4885 2721 4950 perficere
2737 4885 3110 4950 relinquentem
3132 4885 3229 4937 Dei
3253 4890 3418 4950 magni
3441 4885 3657 4939 faciem?

2222 4971 2459 5027 Platonis
2503 4970 2748 5026 imitator.
2783 4972 2872 5027 Sic
2901 4971 3264 5038 Quintilianus
3294 4973 3434 5028 libro
3460 4989 3492 5026 ι
3520 4970 3747 5029 Cicero—

2145 5059 2268 5100 nem
2311 5043 2642 5114 Piatonisin
2680 5043 3021 5113 philosOphia
3061 5044 3314 5098 aemulum
3363 5053 3546 5108 vocat;
3582 5053 3748 5114 atque

2145 5118 2215 5170 ita
2247 5115 2486 5170 Platonis
2511 5112 2805 5180 addictum,
2841 5112 3044 5170 utcum
3075 5115 3192 5182 ipso
3207 5130 3410 5178 errare,
3437 5130 3597 5184 quam
3619 5112 3745 5170 cum

2141 5189 2261 5242 aliis
2302 5187 2442 5242 bene
2469 5186 2673 5240 sentire
2714 5186 2984 5241 maluerit.
3020 5185 3154 5239 Vide
3190 5185 3532 5242 Paterculum
3563 5187 3658 5242 lib.
3701 5201 3740 5252 ι,

2143 5272 2263 5326 cap.
2299 5259 2389 5325 17,
2425 5257 2512 5310 ubi
2543 5259 2800 5328 praeclara
2831 5256 3086 5328 habet‘de
3112 5257 3388 5313 Ciceronis
3411 5259 3742 5328 eloquentia.

2214 5329 2282 5384 1η
2309 5346 2368 5384 eo
2409 5326 2558 5400 libro,
2585 5345 2685 5400 quo
2709 5345 2764 5383 se
2787 5329 2956 5398 ipsum
2982 5326 3046 5381 de
3079 5337 3244 5384 morte
3264 5330 3408 5400 ﬁlice.
3447 5326 3619 5385 Periit
3655 5329 3744 5384 hic

2140 5401 2278 5458 liber
2297 5416 2421 5455 cum
2447 5399 2566 5455 aliis
2595 5399 2798 5456 multis.
2821 5399 2988 5456 CELL.

2215 5474 2286 5528 Se
2309 5473 2439 5539 ipse.
2469 5471 2594 5526 Mss.
2621 5471 2658 5524 2
2685 5473 2838 5527 Colb.
2873 5482 2928 5528 et
2955 5471 3109 5526 multi
3132 5471 3284 5538 editi,
3316 5485 3371 5526 se
3394 5473 3596 5540 ipsum.

2212 5543 2499 5599 Dubitavit.
2532 5543 2608 5598 Ita
2652 5557 2843 5598 omnes
2877 5558 3011 5599 mss.
3055 5547 3344 5615 cunctique
3386 5544 3558 5600 ferme
3587 5541 3742 5599 editi.

2137 5615 2195 5671 in
2224 5616 2312 5672 ed.
2345 5616 2507 5680 Gall.,
2539 5615 2801 5669 dubitabit.

2209 5688 2471 5760 Augurale
2484 5687 2854 5760 sacerdotium.
2903 5688 2979 5744 De
3016 5703 3122 5759 quo
3169 5687 3293 5760 vide
3320 5687 3635 5760 Ciceronem
3663 5685 3745 5754 ip-

2138 5757 2344 5831 sum,'l.
2375 5775 2452 5816 xu
2483 5758 2709 5830 Epistol.
2738 5759 2805 5816 ad
2835 5757 3091 5828 Atticum,
3116 5769 3170 5816 ct
3205 5759 3242 5815 i.
3277 5775 3328 5815 tv
3347 5757 3738 5816 Familiarium.
