4174 6200
511 248 614 307 199

1612 248 1801 310 FIRM.
1835 249 2204 312 LACTANTII
2243 251 2446 313 DIVIN.
2481 252 2725 315 INSTIT.

3716 259 3824 318 200

506 383 648 440 coelo
676 381 866 440 merita
892 382 1226 449 locaverunt,
1255 379 1562 450 Herculem,
1596 383 1872 456 Liberum,
1909 387 2107 445 Aiscu-
2137 370 2191 435 Α
2216 381 2367 438 ιυηοο
2393 371 2654 440 νυιοθηο,
2690 369 2879 435 Marte,
2910 367 3199 438 Μετθιπῖον
3223 380 3360 441 quos
3387 370 3656 444 maiorum
3683 391 3819 446 Ben-

507 479 706 549 lapium
733 518 749 544 ,
798 477 1076 533 Pollucem
1102 516 1119 544 ,
1164 476 1466 544 Castorem,
1500 477 1806 546 Quirinum.
1841 500 1858 532 ι
1891 481 2023 536 ltem
2058 483 2111 537 in

510 571 850 639 Tusculanis,
893 584 1015 626 cum
1043 569 1250 626 diceret
1284 579 1454 626 totum
1485 587 1622 642 pene
1649 574 1846 629 cmlum
1881 575 2117 630 humano

508 681 706 738 genere
735 664 1066 731 completum
1098 683 1112 721 :
1145 683 1164 717 ι
1192 662 1250 720 Si
1281 680 1412 720 vero
1435 706 1452 734 ,
1482 666 1674 736 inquit,
1705 669 1932 723 scrutari
1965 679 2115 725 vete-

510 775 594 826 ra,
619 769 674 814 et
701 773 767 814 ex
796 756 905 815 illis
930 773 994 815 ea
1016 773 1138 830 quae
1166 759 1463 830 scriptores
1488 759 1713 816 Grareiae
1740 760 2112 831 prodiderunt,

507 876 704 919 eruere
727 875 913 928 coner,
945 861 1046 932 ipsi
1081 860 1157 916 illi
1187 860 1454 931 majorum
1481 862 1721 931 gentium
1768 861 1842 917 dii
1889 865 1979 932 qui
2025 863 2118 918 ha.

507 963 724 1030 bentur,
756 961 883 1017 hinc
908 977 936 1015 a
964 959 1118 1016 nobis
1157 959 1385 1030 profecti
1435 960 1488 1014 in
1517 960 1712 1016 etelum
1744 961 2106 1030 reperientur.

508 1064 721 1132 Quaare,
755 1079 983 1134 quorum
1027 1064 1468 1118 demonstrantur
1511 1062 1759 1133 sepulcra
1800 1061 1854 1117 in
1881 1062 2112 1128 Graecia;

509 1164 891 1230 reminiscere,
923 1164 1178 1236 quoniam
1224 1177 1285 1219 es
1329 1163 1571 1218 initiatus
1600 1205 1615 1230 ,
1666 1178 1787 1234 qua:
1832 1161 2119 1218 traduntur

508 1265 778 1338 mysteriis
807 1284 819 1320 :
851 1274 963 1320 tum
989 1264 1221 1335 denique
1241 1279 1402 1334 quam
1432 1263 1534 1319 hoc
1560 1263 1667 1319 late
1694 1271 1876 1334 pateat
1904 1262 2109 1319 intelli-

506 1384 622 1440 ges.
655 1385 674 1420 ι
710 1366 960 1423 Testatus
987 1375 1072 1423 est
1102 1366 1354 1422 videlicet
1387 1365 1554 1422 Attici
1593 1365 1983 1422 conscientiam
2003 1407 2018 1432 ,
2051 1379 2121 1422 ex

508 1471 640 1542 ipsis
669 1469 943 1542 mysteriis
973 1467 1203 1540 intelligi
1227 1483 1414 1539 posse,
1441 1469 1585 1540 quod
1614 1484 1806 1526 omnes
1833 1469 1907 1524 illi
1947 1468 2123 1525 homi-

508 1586 606 1627 nes
631 1569 868 1637 fuerunt,
893 1569 984 1641 qui
1005 1569 1288 1626 coluntur:
1309 1577 1366 1625 et
1387 1583 1512 1626 cum
1531 1569 1600 1625 de
1619 1569 1868 1636 llercule,
1896 1569 2115 1636 Libero,

510 1670 847 1740 IEsculapio,
875 1669 1122 1736 Castore,
1153 1668 1374 1724 Polluce
1407 1667 1786 1724 incunctanter
1815 1668 2108 1734 fateretur;

2219 466 2348 520 tium
2368 465 2498 521 deos
2512 464 2821 536 appellavit,
2841 463 3018 518 timuit
3044 475 3230 535 aperte
3246 465 3512 522 confiteri.
3537 467 3606 523 Et
3622 468 3826 527 idcirco

2217 559 2291 612 ait
2319 559 2428 612 late
2456 557 2556 612 hoc
2580 567 2783 627 patere,
2819 565 2876 611 ut
2905 555 3045 612 idem
3069 555 3138 611 de
3163 554 3296 612 Jove
3325 559 3648 628 catterisque
3682 561 3828 617 anti-

2219 648 2492 721 quioribus
2518 647 2620 703 diis
2653 647 3033 718 intelligamus,
3069 663 3298 720 quorum
3319 651 3638 706 memoriam
3661 652 3707 707 si
3734 667 3830 708 ea-

2219 745 2342 801 dem
2370 747 2578 803 ratione
2591 752 2800 800 veteres
2827 752 3310 811 consccraverunt,
3333 759 3436 817 qua
3455 760 3513 800 se
3534 745 3826 816 imaginem

2221 854 2524 910 nomenque
2567 837 2691 892 filiae
2734 846 3177 892 consecraturum
3227 851 3350 892 esse
3403 837 3568 904 dicit,
3619 838 3830 911 ignosci

2221 931 2576 986 mmrentibus
2607 937 2802 1000 potest,
2822 927 3168 983 credentibus
3189 944 3296 983 non
3321 931 3658 999 potest.Quis
3684 935 3830 989 enim

2225 1035 2329 1080 tam
2355 1026 2600 1090 demens,
2625 1024 2717 1095 qui
2741 1038 3009 1079 consensu
3040 1033 3095 1078 et
3123 1023 3317 1092 placito
3346 1024 3825 1084 innumerabilium

2223 1119 2509 1174 Stultorum
2533 1116 2733 1190 aperiri
2765 1115 2962 1172 etelum
2994 1116 3221 1172 mortuis
3256 1116 3587 1172 arbitretur?
3607 1129 3699 1174 aut
3727 1120 3830 1175 ali-

2222 1227 2404 1282 quem,
2429 1211 2570 1282 quod
2596 1211 2710 1280 ipse
2731 1224 2840 1264 non
2872 1209 3088 1276 habeat,
3107 1209 3239 1266 dare
3255 1208 3408 1264 alteri
3432 1212 3637 1281 posse?
3667 1211 3829 1284 Apud

2223 1303 2498 1360 Romanos
2527 1302 2661 1358 deus
2685 1301 2877 1368 Julius,
2905 1302 3028 1372 quia
3053 1301 3158 1357 hoc
3182 1301 3448 1357 scelerato
3479 1300 3683 1358 homini
3707 1303 3827 1374 pla-

2224 1399 2334 1454 cuit
2361 1396 2616 1462 Antonio;
2638 1394 2773 1451 deus
2806 1393 3082 1462 Quirinus,
3116 1393 3239 1466 quia
3275 1394 3381 1451 hoc
3412 1396 3720 1465 pastoribus
3748 1397 3829 1452 vi-

2226 1506 2344 1548 sum
2371 1498 2492 1547 est:
2526 1504 2650 1546 cum
2687 1488 2824 1545 alter
2846 1488 3046 1560 gemini
3069 1487 3250 1544 fratris
3276 1488 3533 1556 extiterit,
3562 1490 3698 1547 alter
3733 1506 3831 1562 pa-

2227 1583 2344 1638 triae
2365 1580 2651 1654 parricida.
2685 1580 2840 1648 Quod
2871 1581 2917 1635 si
2946 1581 3138 1636 consul
3165 1597 3272 1638 non
3301 1580 3494 1636 fuisset
3534 1582 3823 1652 Antonius,

2225 1672 2288 1730 C.
2313 1674 2496 1730 Caesar
2528 1688 2627 1744 pro
2656 1673 2769 1728 suis
2805 1674 2859 1728 in
2887 1673 3280 1742 rempublicam
3309 1673 3516 1730 meritis
3543 1673 3702 1731 etiam
3731 1675 3830 1731 de-

509 1774 578 1832 de
605 1774 856 1847 Apolline
883 1787 945 1830 ac
989 1772 1142 1841 Jove,
1185 1772 1427 1846 patribus
1451 1785 1640 1830 eorum
1663 1815 1679 1841 ,
1721 1773 1849 1830 item
1874 1772 1940 1829 de
1972 1772 2118 1843 Nep-
2153 1765 2202 1828 B
2228 1769 2397 1825 functi
2430 1767 2664 1824 hominis
2688 1766 2896 1824 honore
2936 1767 3220 1837 caruisset,
3249 1775 3305 1824 et
3341 1767 3557 1840 quidem
3601 1769 3830 1827 consilio

1837 1904 2205 1964 VARIORUM
2235 1903 2468 1963 NOTAE.

590 2050 728 2118 Quos
755 2049 810 2104 in
837 2051 959 2105 cmlo
981 2049 1162 2104 merita
1189 2049 1500 2104 locaverunt.
1536 2047 1659 2103 Mss.
1691 2046 1726 2101 2
1745 2047 1917 2112 Colb.,
1944 2047 2104 2102 collo-

512 2132 773 2178 caverunt.
808 2122 904 2176 Ed.
930 2123 1084 2176 Rom.
1108 2121 1268 2188 M70,
1299 2122 1351 2174 in
1374 2121 1555 2174 caelum
1584 2121 1766 2174 merita
1789 2118 2100 2175 locaverunt.

511 2195 733 2261 Cicero,
763 2194 915 2264 cujus
942 2195 1091 2248 locus
1125 2201 1208 2247 est
1254 2195 1306 2246 in
1338 2191 1579 2247 secundo
1610 2191 1676 2245 de
1719 2191 1948 2260 Legibus
1979 2206 2100 2258 cap.

512 2266 602 2333 i9,
659 2265 855 2330 habet,
909 2275 954 2318 et
998 2265 1116 2318 illos
1155 2280 1282 2334 quos
1339 2265 1522 2334 caelum
1559 2266 1741 2316 merita
1781 2265 2108 2327 vocaverint;

510 2340 633 2402 vel,
668 2347 715 2392 et
765 2336 882 2390 illos
925 2352 1052 2406 quos
1102 2333 1326 2389 in’endo
1381 2333 1508 2406 caelo
1563 2335 1742 2388 merita
1795 2335 2106 2401 vocaverint,

511 2418 567 2462 nt
596 2409 652 2462 in
691 2405 1009 2478 quibusdam
1028 2405 1195 2478 libris
1215 2405 1493 2478 Ciceronis
1512 2405 1645 2478 legi
1668 2415 1914 2478 testatur,
1947 2415 2003 2478 et
2029 2406 2106 2460 le-

509 2475 744 2549 gendum
768 2489 951 2534 censet
986 2477 1225 2533 Muretus
1249 2479 1314 2532 ad
1345 2477 1473 2532 illud
1497 2475 1730 2541 Catulli;
1760 2475 1932 2544 Flavi,
1972 2477 2105 2532 deli-

511 2553 618 2606 cias
644 2562 729 2605 tuo
755 2549 981 2605 Catullo.

584 2623 646 2678 Si
663 2639 800 2677 vero.
834 2621 910 2676 Ita
948 2621 1355 2677 emendavimus
1398 2636 1464 2677 ex
1514 2636 1644 2676 mss.
1690 2629 1744 2676 et
1786 2619 1911 2676 edd.
1945 2619 2104 2674 Rom.

514 2694 676 2761 H70,
700 2694 927 2749 Tornes.
958 2691 1238 2748 etWalch.
1267 2692 1320 2746 In
1353 2693 1565 2748 caeteris
1587 2691 1766 2756 editis,
1798 2692 1857 2747 Si
1879 2691 2103 2745 voluero.

511 2766 686 2822 Locus
713 2775 798 2893 «res;
823 2765 962 2836 apud
988 2764 1308 2821 Ciceronem
1339 2763 1766 2819 Tusculanarum
1787 2772 1980 2834 qumst.
2009 2763 2103 2818 lib.

511 2853 550 2893 ι.
578 2853 696 2893 can.
805 2877 817 2892 .

511 2853 550 2905 ι,
578 2853 696 2908 cap.
725 2853 817 2893 zu.

591 2929 845 2999 Quoniam
869 2947 922 2987 es
955 2931 1208 2987 initiatus.
1255 2929 1312 2986 In
1345 2930 1567 3002 paganis
1608 2929 1774 2986 sacris
1806 2927 2101 3002 institutus.

513 3001 592 3076 De
625 3004 789 3058 initiis
821 3005 1222 3076 mysteriisque,
1252 3010 1307 3058 et
1329 3001 1638 3076 u_su_eorum
1669 3003 1808 3056 inter
1831 3001 2100 3076 Paganos,

511 3074 830 3132 Ciceronem
861 3071 1126 3130 consulas
1145 3073 1243 3128 Lib
1269 3089 1308 3128 ιι
1343 3073 1411 3129 de
1436 3073 1647 3144 Legib.,
1671 3088 1790 3144 capi.
1820 3073 1906 3127 M.
1936 3071 2100 3127 CELL.

585 3147 736 3200 Attici
764 3147 1146 3200 conscientiam.
1178 3145 1314 3201 Hinc
1343 3143 1534 3200 testem
1569 3145 1730 3200 habes
1764 3143 2104 3198 Lactantium

512 3215 749 3273 Atticum
787 3218 954 3272 fuisse
981 3218 1151 3282 illum,
1183 3218 1271 3286 qui
1301 3231 1396 3286 per
1423 3215 1653 3270 litteram
1682 3217 1726 3269 A
1752 3214 2107 3270 interlocutor

513 3289 828 3360 designatur
857 3289 909 3342 in
940 3289 1088 3360 libris
1135 3288 1354 3360 Tuscul.
1374 3303 1502 3360 qua
1546 3287 1614 3342 de
1645 3287 1957 3360 reiqurestio
1985 3301 2108 3360 esse

515 3357 673 3423 solet,
708 3370 766 3414 ut
793 3369 941 3415 notat
973 3359 1237 3414 Turnebus
1262 3375 1320 3414 ιι
1349 3357 1590 3422 Advers.,
1621 3373 1670 3413 c.
1699 3359 1804 3412 18:
1839 3373 1960 3411 nam
1992 3357 2104 3423 alii,

518 3442 573 3485 ut
601 3431 846 3488 Lambin.
867 3433 918 3486 in
943 3431 1384 3486 annotationibus
1408 3431 1474 3484 ad
1499 3430 1591 3484 lib.
1619 3444 1807 3484 earum
1837 3429 2105 3496 Quaestio-

515 3519 664 3570 num,
688 3503 948 3559 Lactantii
978 3502 1285 3573 opiuionem
1328 3500 1602 3573 refellunt,
1631 3509 1686 3554 et
1711 3515 1816 3556 non
1843 3501 2108 3573 Atticum;

515 3575 611 3629 sed
631 3576 888 3630 incertam
914 3571 1222 3644 personam,
1244 3582 1389 3643 puta,
1409 3571 1822 3644 Adolescentem
1838 3572 2109 3644 designari

515 3647 870 3713 contendunt,
901 3641 1014 3700 siVe
1042 3641 1366 3709 auditorem,
1401 3653 1458 3698 ut
1481 3643 1820 3698 Ilobertellius
1842 3643 1897 3698 in
1927 3641 2113 3697 Anno-

517 3725 615 3772 tat.
641 3717 709 3772 ad
739 3719 918 3772 varios
948 3725 1216 3772 auctores.
1252 3717 1436 3772 ISEUS.

588 3787 975 3843 Incunctanter.
1004 3788 1302 3857 Aliquoties
1333 3788 1432 3840 hac
1456 3801 1591 3841 voce
1614 3785 1802 3850 utitur,
1837 3786 1872 3839 Ι.
1905 3801 1964 3847 ιι,
1986 3798 2108 3853 cap.

518 3860 573 3923 7,
597 3869 756 3914 cotem
785 3860 1138 3913 incunctanter
1160 3859 1339 3912 secuit.
1372 3857 1683 3928 Elegantius
1712 3858 1762 3928 in
1787 3857 1976 3928 eadem
2000 3857 2110 3928 his-

519 3932 656 3986 toria
673 3929 856 3986 Livius
879 3931 918 3985 Ι.
947 3945 981 3995 t,
1012 3946 1061 3986 c.
1087 3930 1177 3994 56,
1203 3929 1341 3983 haud
1367 3926 1681 3983 cunctanter.
1701 3927 1857 3982 Conf.
1887 3926 2036 3981 Lact.
2071 3926 2109 3981 l.

519 4017 592 4068 γι,
625 4017 744 4072 cap.
778 4001 864 4057 12.
894 4001 1034 4057 Usus
1059 4012 1185 4056 ante
1212 4010 1453 4057 nostrum
1493 3999 1794 4072 Cyprianus
1822 3997 2111 4072 deALapsis

518 4074 606 4128 ed.
631 4069 794 4128 Basil.
824 4072 917 4128 fol.
945 4072 1053 4129 286
1083 4091 1096 4127 :
1132 4072 1494 4126 Incunctanter
1534 4069 1580 4124 et
1627 4071 1835 4141 largiter
1871 4069 1963 4136 ﬁat
1993 4085 2113 4138 ape-

517 4146 668 4201 ratio.
697 4146 771 4201 De
797 4144 1051 4201 Mortalit.
1084 4158 1252 4214 pr0pe
1272 4141 1768 4268 lin.,Incunci;tnter
1795 4157 1856 4195 ac
1879 4141 2110 4196 libenter.

1650 4228 1884 4268 usuusu.

1650 4228 1884 4268 UNEIAN.

591 4287 856 4372 Majorunt
883 4288 1109 4372 gentium
1121 4287 1269 4372 deos,
1289 4294 1402 4372 etc.‘
1423 4285 1562 4372 Deos
1585 4285 1847 4355 majorum
1869 4284 2113 4372 gentium

517 4355 696 4428 vocat,
720 4363 785 4414 ad
806 4355 1156 4416 imitationem
1175 4357 1427 4427 Reipubl.
1453 4357 1728 4422 Romana),
1753 4372 1856 4428 eos,
1872 4359 1961 4426 qui
1982 4355 2114 4410 duo-

517 4427 693 4510 decim
723 4433 1023 4510 Consentes
1057 4430 1414 4510 appellantur.
1459 4429 1832 4510 Patresquog.
1850 4427 2114 4510 Romulus
2138 4450 2192 4510 D

519 4503 742 4572 legerat,
769 4503 1028 4573 majorum
1056 4498 1294 4572 gentium
1325 4499 1755 4573 appellabantur.
1789 4498 2113 4573 Tarquinius

518 4569 712 4629 deinde
741 4569 956 4629 Priscus
981 4569 1196 4628 centum
1237 4569 1424 4628 Patres
1457 4573 1508 4626 in
1557 4571 1764 4626 curiam
1806 4571 1975 4640 legit,
2021 4569 2113 4640 qui

518 4645 786 4716 minorum
809 4646 1072 4716 gentium,
1100 4655 1154 4716 et
1172 4644 1357 4716 Patres
1386 4640 2110 4716 conscriptisuntappellati.

517 4715 829 4772 Consentes’
844 4716 942 4782 Dii,
978 4715 1237 4770 Ennianis
1254 4725 1608 4771 numerantur
1626 4715 1896 4770 versibus:

611 4832 759 4892 Juno,
784 4829 955 4892 Vesta,
983 4829 1221 4892 Minerva,
1237 4826 1606 4892 Ceres,wl)iana,
1626 4823 1983 4892 Venus,__Mars,

611 4869 1082 4956 ovis:
1088 4869 1148 4944 VR
1154 4869 1496 4956 EBtEEaEI’vBi
1503 4869 1670 4950 can’us,
1699 4869 1872 4953 Apollo
1891 4901 1905 4948 ;

519 5001 714 5072 quibus
739 4999 936 5072 deinde
951 4999 1315 5069 adscriptitios
1337 4995 1659 5072 addiderunt
1682 5002 1826 5058 octo,
1855 5003 1914 5072 u_t
1932 5001 2116 5072 essent

519 5064 746 5130 numero
774 5089 864 5128 xx.
910 5070 1084 5143 Atque
1123 5064 1239 5125 haec
1278 5069 1497 5143 numina
1539 5077 1756 5143 propter
1795 5064 2038 5143 majores
2058 5065 2111 5120 in

518 5145 721 5201 mundo
768 5136 1262 5200 administrationes
1303 5140 1505 5196 selecta
1550 5136 1886 5200 dicebantur,
1918 5146 1974 5190 ut
2004 5136 2114 5188 Au-

523 5219 754 5288 gustinus
779 5232 844 5273 ex
891 5215 1116 5288 Varrone
1144 5212 1362 5267 indicat.
1403 5209 1560 5288 Apud
1597 5208 1878 5288 IEgyptios
1908 5207 2112 5288 similes

524 5278 639 5344 fere
669 5289 898 5344 Deorum
929 5286 1150 5341 ordines
1185 5294 1240 5340 et
1286 5278 1492 5355 gradus
1527 5278 1771 5346 fuerunt,
1805 5279 1942 5355 sicut
1970 5278 2109 5349 apud

517 5360 852 5417 Herodotum
871 5361 926 5414 in
955 5357 1190 5426 Euterpe
1212 5353 1457 5427 legimus.
1472 5353 1952 5427 BETULELUS.—AC
1971 5365 2110 5427 pos-

524 5441 606 5487 tea
638 5432 906 5486 innumeri
935 5423 1320 5499 promanarunt
1343 5425 1450 5493 dii;
1485 5427 1564 5499 ita
1598 5435 1655 5479 ut
1691 5424 1933 5499 Caesares
1970 5423 2104 5490 ipsi,

523 5496 1069 5573 quamvisbominum
1100 5500 1343 5573 pessimi,
1368 5500 1525 5573 iuter_
1535 5496 1666 5551 deos
1690 5496 2104 5573 collpcarentur.

594 5573 735 5626 Deus
759 5570 962 5639 Julius,
991 5566 1227 5627 etcfﬂic
1255 5571 1458 5640 primus
1486 5566 1761 5640 Caesarum
1780 5567 1898 5640 fuit
1919 5579 2110 5640 co_ns_e-

518 5653 721 5710 cratus,
753 5643 913 5714 idque
947 5635 1015 5714 ab
1043 5635 1410 5714 Augusto,_de
1437 5655 1545 5714 quo
1571 5638 1859 5714 Suetonius
1887 5638 1939 5692 in
1962 5635 2110 5714 {alio

519 5709 806 5775 cuman
827 5709 974 5770 ’Hinc
1002 5713 1054 5768 in
1080 5709 1277 5770 Juliani
1299 5710 1622 5775 Caesaribus,
1647 5713 1945 5782 Augustum
1968 5709 2108 5765 Sile-

518 5805 622 5853 nus
666 5795 824 5847 vocat
869 5786 1247 5870 Κοροπλαστὴν,
1279 5799 1533 5858 puparum
1559 5783 1903 5853 effectorem,
1937 5782 2104 5840 ratio-

2227 2060 2458 2118 nemque
2478 2117 2485 2118 ί
2504 2059 2572 2102 eo
2602 2045 2760 2118 hujus
2789 2044 2996 2118 ridiculi
3037 2041 3269 2101 nominis
3298 2055 3574 2118 poscente,
3597 2060 3826 2118 respon-

2224 2119 2336 2184 det,
2367 2116 2444 2173 uti
2475 2116 2683 2172 homuli
2724 2117 2798 2172 illi
2829 2116 3030 2189 faciunt
3079 2132 3270 2188 pupos,
3300 2116 3385 2189 sic
3416 2120 3589 2189 ipsum
3630 2116 3824 2175 fecisse

2218 2189 2351 2246 deos
2369 2207 2384 2256 ;
2417 2204 2644 2261 quorum
2659 2204 2804 2261 unus
2821 2187 3138 2259 primusque
3153 2187 3298 2261 esset
3318 2187 3490 2244 Julius
3505 2190 3706 2246 Caesar.
3734 2191 3823 2247 Si-

2212 2263 2410 2318 militer
2436 2260 2503 2316 de
2531 2277 2598 2316 eo
2625 2260 2872 2316 Manilius
2897 2271 3143 2316 extremo
3171 2260 3265 2316 lib.
3292 2276 3342 2316 ιν
3373 2278 3386 2314 :

2338 2375 2447 2425 Jam
2470 2374 2586 2426 facit
2605 2376 2711 2439 ipse
2738 2373 2892 2429 Deos.
2917 2375 3172 2439 mittitque
3189 2375 3250 2426 ad
3273 2375 3436 2427 sidera
3460 2389 3642 2427 numen

2345 2438 2518 2502 Majas,
2547 2444 2600 2489 et
2621 2438 2847 2502 Augusto
2862 2439 3045 2488 crescit
3061 2438 3155 2488 θυι)
3177 2439 3402 2504 principe
3424 2439 3621 2490 emtum.

2215 2579 2288 2590 --
2316 2547 2453 2602 Deus
2480 2547 2673 2613 Julius,
2707 2547 2896 2616 quia...
2929 2545 3122 2617 placuit
3153 2545 3398 2602 Antonio.
3434 2545 3633 2617 Dignus
3664 2546 3819 2603 l'linii

2217 2619 2366 2675 locus
2397 2620 2658 2690 Panegyr.
2692 2633 2810 2690 cap.
2845 2619 2936 2690 il,
2978 2616 3070 2690 qui
3113 2632 3235 2690 cum
3275 2617 3402 2690 hoc
3437 2616 3623 2674 nostro
3670 2633 3820 2674 com-

2216 2700 2463 2760 ponatur.
2497 2688 2715 2755 Dicavit,
2740 2689 2931 2760 inquit,
2960 2689 3086 2742 caelo
3111 2688 3343 2760 Tiberius
3370 2688 3654 2759 Augustum
3675 2731 3688 2751 ,
3730 2690 3820 2745 sed

2216 2759 2269 2816 ut
2301 2761 2579 2833 majestatis
2605 2778 2793 2815 numen
2817 2759 3101 2833 induceret
3121 2759 3425 2833 :_Clautlium
3458 2760 3620 2833 N_ero,
3655 2764 3746 2816 sed
3767 2772 3819 2815 ut

2213 2830 2448 2887 irrideret
2476 2849 2494 2887 :
2535 2831 2902 2899 Vespasianum
2923 2830 3090 2896 Titus,
3131 2830 3456 2888 Domitianus
3495 2830 3701 2900 Titum;
3731 2833 3820 2888 sed

2215 2906 2322 2970 ille,
2354 2915 2407 2958 ut
2439 2903 2536 2959 Dei
2568 2905 2726 2970 ﬁlius,
2757 2906 2860 2966 hic,
2889 2913 2945 2956 ut
2974 2903 3131 2973 frater
3151 2905 3420 2958 videretur.
3453 2900 3619 2960 CELL.

2283 2977 2524 3031 Antonio.
2546 2975 2670 3044 Qut,
2691 2986 2912 3030 auctore
2932 2973 3268 3046 Tranquillo,
3292 2991 3413 3030 cum
3432 2987 3579 3032 esset
3595 2975 3818 3043 Consul,

2133 3063 2179 3130 ρ
2211 3063 2307 3130 per
2347 3063 2649 3130 praeconem
2681 3046 3068 3130 pronuntiavit
3113 3047 3665 3130 senatusconsultum,
3714 3064 3822 3130 quo

2209 3117 2412 3174 (lmsari
2441 3119 2621 3173 omnia
2651 3119 2810 3172 simul
2839 3128 2892 3172 et
2919 3117 3100 3173 divina
3131 3128 3186 3173 et
3217 3119 3451 3174 humana
3478 3119 3818 3176 decreverat.

2214 3191 2347 3246 Vide
2375 3190 2625 3246 CicerOn.
2655 3189 2952 3260 Philippica
2976 3205 3032 3243 ιι.

2281 3263 2422 3318 Deus
2453 3262 2720 3329 Quirinus,
2739 3270 2846 3316 etc.
2873 3261 2971 3316 llic
2997 3270 3079 3316 est
3105 3261 3365 3318 Romulus
3385 3306 3400 3331 ,
3435 3272 3494 3319 ut
3517 3262 3706 3318 videre
3732 3271 3819 3318 est

2211 3337 2263 3391 in
2305 3333 2414 3390 fine
2444 3333 2601 3404 hujus
2630 3332 2866 3402 capitis:
2902 3334 3118 3388 nomina
3171 3334 3314 3388 enim
3369 3333 3595 3392 mortuis
3644 3345 3824 3389 muta-

2210 3407 2428 3463 bantur.
2474 3405 2530 3460 Si
2579 3419 2740 3476 nosse
2780 3404 2914 3460 velis
2941 3419 3110 3476 quare
3156 3407 3462 3476 pastoribus
3518 3407 3598 3460 sic
3645 3409 3818 3460 visum

2212 3481 2379 3532 fuisse
2399 3476 2598 3532 referat
2630 3475 2972 3541 Lactantius,
3004 3477 3168 3530 adisis
3196 3476 3427 3543 Livium,
3463 3487 3624 3545 caput
3652 3477 3683 3530 7
3725 3477 3820 3532 lib.

2213 3565 2270 3615 ιι,
2297 3549 2368 3603 ibi
2400 3548 2639 3618 reperies
2674 3557 2919 3603 senatum
2951 3563 2979 3600 a
3007 3546 3238 3603 Romulo
3267 3563 3298 3603 e
3337 3549 3643 3618 pastoribus
3681 3549 3824 3603 elec-

2215 3630 2349 3684 tum;
2382 3630 2542 3690 atque
2573 3619 2658 3673 hic
2688 3619 2793 3674 dici
2822 3619 3134 3690 pastoribus
3161 3621 3238 3674 sic
3277 3621 3471 3684 visum,
3498 3620 3625 3690 quia
3654 3620 3822 3674 Sena-

2214 3701 2298 3747 tus
2327 3691 2396 3763 (c
2425 3689 2730 3760 pastoribus
2773 3689 3025 3763 creatus)
3057 3689 3377 3746 subornavit
3405 3689 3692 3746 Proculum
3716 3731 3731 3756 ,
3764 3699 3822 3744 ut

2213 3762 2470 3817 nuntiaret
2519 3763 2655 3832 plebi
2686 3778 2795 3817 sua:
2819 3805 2835 3830 ,
2879 3762 3066 3816 vidisse
3109 3776 3162 3816 se
3190 3779 3359 3833 regem
3387 3765 3611 3816 humano
3643 3763 3824 3817 habitu

2213 3836 2581 3906 augustiorem,
2615 3851 2829 3906 eumque
2855 3833 3126 3888 mandasse
3156 3835 3500 3906 adipopulum
3533 3843 3587 3888 ut
3610 3833 3706 3887 sibi
3727 3833 3820 3906 de-

2214 3851 2581 3906 augusuorem,
2615 3851 2729 3888 eum
2767 3851 2829 3888 uc
2855 3851 3126 3888 mandasse
3156 3851 3223 3887 aa
3256 3851 3500 3904 populum
3533 3851 3587 3888 ut
3610 3851 3705 3887 sun
3727 3851 3820 3886 ae-

2214 3906 2418 3960 lubrum
2457 3906 2630 3974 ﬁeret,
2663 3851 2764 3959 εειῖ
2794 3903 2956 3958 Deum
2981 3920 3088 3959 esse
3128 3915 3176 3959 et
3221 3905 3495 3970 Quirinum
3523 3905 3712 3960 vocari.
3746 3905 3825 3960 De

2213 3978 2440 4044 Quirino
2468 3984 2664 4048 praeter
2685 3976 2916 4041 Livium,
2947 3976 3258 4048 Dionysium
3281 3975 3747 4048 llalicarnasseum
3767 3985 3824 4031 et

2216 4047 2561 4104 Plutarchum
2588 4047 2699 4116 jam
2733 4049 2945 4111 citatos,
2971 4045 3171 4117 lege'S.
3201 4045 3528 4118 Cyprianum
3553 4047 3622 4102 de
3649 4048 3824 4102 idolo-

2214 4136 2335 4176 rum
2365 4119 2523 4174 Cultu
2545 4161 2558 4182 ,
2589 4127 2645 4173 et
2683 4119 2740 4174 S.
2771 4119 3126 4187 Augustinum
3166 4119 3261 4174 lib.
3290 4135 3347 4174 ιιι
3387 4119 3454 4175 de
3495 4118 3652 4174 Οἰνίι.
3689 4118 3820 4186 Dei,

2215 4206 2336 4260 cap.
2365 4191 2418 4244 4.
2438 4221 2504 4230 -
2523 4189 2663 4244 Deus
2691 4189 3214 4260 QuirinustTertull.
3241 4206 3276 4246 ιι
3299 4189 3447 4256 Nat.,
3469 4189 3503 4246 9
3527 4208 3540 4244 :
3571 4190 3824 4245 Romulus

2217 4271 2330 4332 post
2358 4271 2569 4316 mortem
2594 4260 2756 4316 Deus.
2791 4260 2930 4317 Sane
2957 4259 3211 4334 Romulus
3231 4272 3278 4316 et
3303 4267 3515 4334 fratrem
3542 4261 3818 4334 interfecit,

2216 4344 2264 4389 et
2287 4335 2482 4389 alienas
2505 4334 2724 4403 virgines
2747 4333 2866 4388 dolo
2887 4333 3057 4402 rapuit
3093 4351 3105 4384 :
3135 4333 3249 4387 ideo
3273 4333 3528 4402 Quirinus
3555 4343 3626 4389 est
3647 4374 3662 4400 ,
3691 4333 3815 4403 quia

2219 4417 2338 4460 tunc
2369 4405 2661 4475 parentibus
2691 4404 3010 4475 quiritatum
3029 4413 3100 4458 est
3128 4421 3218 4474 per
3248 4403 3419 4459 illum.

2295 4474 2496 4532 Gemini
2513 4477 2705 4548 fratris.
2724 4474 2813 4531 Sic
2828 4474 3111 4548 legendum
3141 4491 3206 4548 ex
3231 4491 3359 4531 mss.
3377 4476 3412 4531 4
3437 4475 3570 4546 Reg.
3589 4489 3822 4547 quorum

2221 4549 2330 4605 duo
2354 4545 2860 4612 suntvetustissimi,
2877 4553 2910 4601 4
2930 4546 3109 4610 Colb.,
3132 4545 3325 4618 Gauc.,
3354 4545 3617 4612 Gronov,
3641 4548 3817 4618 Lips.,

2225 4620 2385 4685 Ultr.,
2417 4620 2555 4684 PaL,
2585 4619 2622 4672 2
2651 4619 2907 4684 Clarom.,
2939 4618 3083 4683 Em.,
3113 4617 3147 4671 2
3187 4617 3351 4673 Brun.
3377 4660 3392 4685 ,
3427 4635 3527 4674 ms.
3559 4619 3676 4674 Jam
3705 4617 3822 4674 Gu-

2219 4691 2406 4756 lielmi,
2441 4700 2494 4745 et
2518 4690 2605 4745 ed.
2631 4689 2805 4743 Betul.
2840 4699 2895 4744 et
2919 4688 2956 4744 2
2982 4688 3126 4760 Lips.
3159 4689 3249 4744 Sic
3276 4692 3437 4746 etiam
3466 4690 3592 4760 legit
3615 4695 3823 4760 Augus-

2220 4761 2364 4817 tinus
2392 4763 2458 4816 de
2481 4760 2598 4816 Civ.
2633 4761 2750 4826 Dei,
2779 4759 2869 4815 lib.
2913 4776 3007 4827 ιιι,
3050 4759 3170 4830 cap.
3208 4761 3276 4814 15
3302 4778 3314 4814 :
3338 4760 3444 4817 Sed
3484 4759 3741 4832 quomodo
3771 4770 3820 4814 et

2218 4833 2373 4887 istum
2401 4833 2489 4885 diu
2521 4832 2792 4898 toleraret,
2824 4832 2912 4902 qui
2937 4835 3148 4902 fratrem
3179 4835 3531 4902 geminumque
3557 4850 3659 4887 non
3700 4848 3818 4902 per-

2216 4905 2353 4959 tulit.
2383 4902 2643 4959 Geminus
2675 4903 2839 4959 frater
2877 4911 3120 4974 vocatur,
3161 4903 3330 4974 inquit
3357 4905 3553 4970 lsanus,
3590 4905 3680 4974 qui
3715 4917 3821 4957 uno

2240 4984 2371 5104 εἶναι
2399 4985 2454 5030 et
2474 4990 2580 5031 uno
2600 4975 2690 5031 die
2702 4985 2860 5031 natus
2883 4983 2986 5031 est.
3013 4973 3200 5044 Virgil.
3217 4973 3286 5032 de
3311 4975 3543 5031 Romulo
3565 4973 3624 5031 et
3647 4975 3819 5031 Remo

2240 5063 2254 5101 ι
2297 5089 2310 5102 .
2346 5061 2436 5104 νιιι
2463 5063 2478 5101 :

2297 5089 2310 5102 .
2346 5061 2436 5104 VIII
2463 5063 2478 5101 Ξ

2406 5198 2420 5212 .
2489 5199 2504 5214 .
2576 5203 2588 5213 .
2656 5199 2668 5212 .
2735 5161 3105 5214 Geminoshuic
3127 5162 3284 5213 ubera
3307 5163 3494 5213 circum

2401 5224 2600 5276 Ludere
2621 5226 2902 5289 pendentes
2925 5239 3128 5288 pueros.

2215 5328 2436 5404 Legitur
2463 5333 2692 5403 germani
2723 5333 2776 5404 in
2809 5341 3018 5404 recent.
3062 5333 3087 5388 ι
3121 5332 3278 5404 Reg,
3328 5333 3349 5388 I
3385 5330 3542 5389 Colh.
3591 5340 3646 5388 ct
3675 5332 3820 5389 Can-

2214 5403 2354 5458 tabr.
2388 5411 2443 5458 et
2484 5405 2536 5458 in
2564 5403 2774 5460 caneris
2805 5403 2984 5460 editis.

2285 5493 2482 5550 Patria:
2505 5497 2783 5566 parricida.
2809 5495 2882 5549 Ita
2908 5493 3166 5553 eiCicero
3190 5496 3226 5550 1.
3246 5513 3301 5551 ιιι
3323 5495 3590 5563 Officium,
3620 5511 3739 5566 cap.
3763 5495 3817 5563 5,

2211 5565 2279 5620 ad
2302 5566 2483 5623 finem.
2503 5565 2604 5624 Ubi
2637 5568 2797 5623 verba
2826 5568 2941 5623 hate
2961 5579 3087 5623 sunt
3114 5569 3180 5623 de
3195 5567 3408 5624 Cmsare
3435 5587 3447 5622 :
3481 5567 3657 5622 Potest
3685 5565 3818 5622 enim

2210 5637 2442 5708 cuiquam
2461 5656 2567 5694 esse
2590 5638 2714 5693 utile
2732 5639 3068 5708 [artissimum
3092 5650 3137 5695 et
3151 5641 3464 5694 teterrimum
3482 5641 3820 5707 parricidium

2211 5712 2414 5784 patrita,
2445 5711 2673 5781 quamvis
2708 5712 2782 5784 is,
2802 5711 2888 5779 qui
2927 5728 2980 5784 se
3003 5729 3062 5768 eo
3101 5711 3452 5779 obstrinxerit,
3478 5710 3542 5765 ab
3563 5710 3822 5784 oppressis

2209 5781 2401 5838 civibus
2431 5799 2616 5857 parcns
2645 5783 2936 5840 nominetur
2959 5783 2986 5837 .’
