  <div class='ocr_page' id='page_1' title='image "/cluster/home/n/w/nwhite01/storage/ocr_20150623/6/hvd.32044096580345/108.png"; bbox 0 0 4174 6200; ppageno 0'>
   <div class='ocr_carea' id='block_1_1' title="bbox 399 286 509 345">
    <p class='ocr_par' dir='ltr' id='par_1_1' title="bbox 399 286 509 345">
     <span class='ocr_line' id='line_1_1' title="bbox 399 286 509 345; baseline 0 -1"><span class='ocrx_word' id='word_1_1' title='bbox 399 286 509 345; x_wconf 79' lang='grc' dir='ltr'><strong>2οὸ</strong></span> 
     </span>
    </p>
   </div>
   <div class='ocr_carea' id='block_1_2' title="bbox 1504 284 2614 349">
    <p class='ocr_par' dir='ltr' id='par_1_2' title="bbox 1504 284 2614 349">
     <span class='ocr_line' id='line_1_2' title="bbox 1504 284 2614 349; baseline 0.005 -5"><span class='ocrx_word' id='word_1_2' title='bbox 1504 285 1713 344; x_wconf 77' lang='lat' dir='ltr'><strong>LIBER</strong></span> <span class='ocrx_word' id='word_1_3' title='bbox 1753 285 1798 342; x_wconf 88' lang='lat' dir='ltr'><strong>l.</strong></span> <span class='ocrx_word' id='word_1_4' title='bbox 1829 284 1917 344; x_wconf 82' lang='lat' dir='ltr'><strong>DE</strong></span> <span class='ocrx_word' id='word_1_5' title='bbox 1959 286 2180 347; x_wconf 77' lang='lat' dir='ltr'><strong>FALSA</strong></span> <span class='ocrx_word' id='word_1_6' title='bbox 2221 289 2614 349; x_wconf 79' lang='lat' dir='ltr'><strong>BELIGIONE.</strong></span> 
     </span>
    </p>
   </div>
   <div class='ocr_carea' id='block_1_3' title="bbox 3604 292 3712 349">
    <p class='ocr_par' dir='ltr' id='par_1_3' title="bbox 3604 292 3712 349">
     <span class='ocr_line' id='line_1_3' title="bbox 3604 292 3712 349; baseline 0.009 -1"><span class='ocrx_word' id='word_1_7' title='bbox 3604 292 3712 349; x_wconf 67' lang='lat'><strong>206</strong></span> 
     </span>
    </p>
   </div>
   <div class='ocr_carea' id='block_1_4' title="bbox 402 396 3709 479">
    <p class='ocr_par' dir='ltr' id='par_1_4' title="bbox 402 396 3709 479">
     <span class='ocr_line' id='line_1_4' title="bbox 402 396 3709 479; baseline 0.002 -22"><span class='ocrx_word' id='word_1_8' title='bbox 402 400 569 457; x_wconf 83' lang='lat' dir='ltr'><strong>rebus</strong></span> <span class='ocrx_word' id='word_1_9' title='bbox 611 400 754 455; x_wconf 88' lang='lat' dir='ltr'><strong>bene</strong></span> <span class='ocrx_word' id='word_1_10' title='bbox 793 403 952 469; x_wconf 89' lang='lat' dir='ltr'><strong>atque</strong></span> <span class='ocrx_word' id='word_1_11' title='bbox 978 396 1184 453; x_wconf 75' lang='lat' dir='ltr'><strong>utiliter</strong></span> <span class='ocrx_word' id='word_1_12' title='bbox 1208 399 1441 455; x_wconf 90' lang='lat' dir='ltr'><strong>inventis</strong></span> <span class='ocrx_word' id='word_1_13' title='bbox 1471 407 1639 456; x_wconf 89' lang='lat' dir='ltr'><strong>tracta</strong></span> <span class='ocrx_word' id='word_1_14' title='bbox 1668 402 1806 458; x_wconf 91' lang='lat' dir='ltr'><strong>ratio</strong></span> <span class='ocrx_word' id='word_1_15' title='bbox 1836 401 1905 457; x_wconf 87' lang='lat' dir='ltr'><strong>sit</strong></span> <span class='ocrx_word' id='word_1_16' title='bbox 1936 402 2002 458; x_wconf 88' lang='lat' dir='ltr'><strong>ad</strong></span> <span class='ocrx_word' id='word_1_17' title='bbox 2034 409 2081 471; x_wconf 78' lang='grc' dir='ltr'>Α</span> <span class='ocrx_word' id='word_1_18' title='bbox 2110 421 2205 462; x_wconf 89' lang='lat' dir='ltr'><strong>nes</strong></span> <span class='ocrx_word' id='word_1_19' title='bbox 2232 405 2393 463; x_wconf 81' lang='lat' dir='ltr'><strong>fuisse</strong></span> <span class='ocrx_word' id='word_1_20' title='bbox 2422 407 2563 474; x_wconf 90' lang='lat' dir='ltr'><strong>illos,</strong></span> <span class='ocrx_word' id='word_1_21' title='bbox 2594 407 2684 479; x_wconf 86' lang='lat' dir='ltr'><strong>qui</strong></span> <span class='ocrx_word' id='word_1_22' title='bbox 2706 406 2777 462; x_wconf 90' lang='lat' dir='ltr'><strong>dii</strong></span> <span class='ocrx_word' id='word_1_23' title='bbox 2801 414 3077 478; x_wconf 88' lang='lat' dir='ltr'><strong>putantur,</strong></span> <span class='ocrx_word' id='word_1_24' title='bbox 3099 413 3366 463; x_wconf 87' lang='lat' dir='ltr'><strong>eteorum</strong></span> <span class='ocrx_word' id='word_1_25' title='bbox 3393 408 3709 465; x_wconf 79' lang='lat' dir='ltr'><strong>memoriam</strong></span> 
     </span>
    </p>
   </div>
   <div class='ocr_carea' id='block_1_5' title="bbox 403 488 2013 564">
    <p class='ocr_par' dir='ltr' id='par_1_5' title="bbox 403 488 2013 564">
     <span class='ocr_line' id='line_1_5' title="bbox 403 488 2013 564; baseline -0.001 -13"><span class='ocrx_word' id='word_1_26' title='bbox 403 488 807 552; x_wconf 88' lang='lat' dir='ltr'><strong>commentitios</strong></span> <span class='ocrx_word' id='word_1_27' title='bbox 832 505 897 546; x_wconf 89' lang='lat' dir='ltr'><strong>ac</strong></span> <span class='ocrx_word' id='word_1_28' title='bbox 926 489 1082 547; x_wconf 82' lang='lat' dir='ltr'><strong>fictos</strong></span> <span class='ocrx_word' id='word_1_29' title='bbox 1131 488 1299 547; x_wconf 89' lang='lat' dir='ltr'><strong>deos?</strong></span> <span class='ocrx_word' id='word_1_30' title='bbox 1338 508 1458 563; x_wconf 71' lang='lat' dir='ltr'><strong>qute</strong></span> <span class='ocrx_word' id='word_1_31' title='bbox 1501 508 1591 548; x_wconf 90' lang='lat' dir='ltr'><strong>res</strong></span> <span class='ocrx_word' id='word_1_32' title='bbox 1629 494 1811 564; x_wconf 80' lang='lat' dir='ltr'><strong>genuit</strong></span> <span class='ocrx_word' id='word_1_33' title='bbox 1850 492 2013 550; x_wconf 86' lang='lat' dir='ltr'><strong>falsas</strong></span> 
     </span>
    </p>
   </div>
   <div class='ocr_carea' id='block_1_6' title="bbox 403 584 2014 658">
    <p class='ocr_par' dir='ltr' id='par_1_6' title="bbox 403 584 2014 658">
     <span class='ocr_line' id='line_1_6' title="bbox 403 584 2014 658; baseline 0.001 -16"><span class='ocrx_word' id='word_1_34' title='bbox 403 587 691 658; x_wconf 89' lang='lat' dir='ltr'><strong>opiniones</strong></span> <span class='ocrx_word' id='word_1_35' title='bbox 714 626 730 651; x_wconf 95' lang='lat'><strong>,</strong></span> <span class='ocrx_word' id='word_1_36' title='bbox 759 597 1080 654; x_wconf 83' lang='lat' dir='ltr'><strong>erroresque</strong></span> <span class='ocrx_word' id='word_1_37' title='bbox 1111 584 1452 640; x_wconf 90' lang='lat' dir='ltr'><strong>turbulentos</strong></span> <span class='ocrx_word' id='word_1_38' title='bbox 1476 626 1491 651; x_wconf 92' lang='lat'><strong>,</strong></span> <span class='ocrx_word' id='word_1_39' title='bbox 1521 593 1574 641; x_wconf 91' lang='lat' dir='ltr'><strong>et</strong></span> <span class='ocrx_word' id='word_1_40' title='bbox 1600 584 2014 656; x_wconf 89' lang='lat' dir='ltr'><strong>superstitiones</strong></span> 
     </span>
    </p>
   </div>
   <div class='ocr_carea' id='block_1_7' title="bbox 403 676 2010 750">
    <p class='ocr_par' dir='ltr' id='par_1_7' title="bbox 403 676 2010 750">
     <span class='ocr_line' id='line_1_7' title="bbox 403 676 2010 750; baseline 0.002 -15"><span class='ocrx_word' id='word_1_41' title='bbox 403 692 545 750; x_wconf 87' lang='lat' dir='ltr'><strong>pene</strong></span> <span class='ocrx_word' id='word_1_42' title='bbox 575 679 769 736; x_wconf 80' lang='lat' dir='ltr'><strong>aniles.</strong></span> <span class='ocrx_word' id='word_1_43' title='bbox 795 677 866 734; x_wconf 92' lang='lat' dir='ltr'><strong>Et</strong></span> <span class='ocrx_word' id='word_1_44' title='bbox 887 678 1077 735; x_wconf 70' lang='lat' dir='ltr'><strong>forma:</strong></span> <span class='ocrx_word' id='word_1_45' title='bbox 1105 678 1248 735; x_wconf 90' lang='lat' dir='ltr'><strong>enim</strong></span> <span class='ocrx_word' id='word_1_46' title='bbox 1276 676 1499 737; x_wconf 91' lang='lat' dir='ltr'><strong>deorum</strong></span> <span class='ocrx_word' id='word_1_47' title='bbox 1524 678 1701 750; x_wconf 90' lang='lat' dir='ltr'><strong>nobis,</strong></span> <span class='ocrx_word' id='word_1_48' title='bbox 1726 691 1780 737; x_wconf 88' lang='lat' dir='ltr'><strong>et</strong></span> <span class='ocrx_word' id='word_1_49' title='bbox 1800 691 2010 749; x_wconf 68' lang='lat' dir='ltr'><strong>anates,</strong></span> 
     </span>
    </p>
   </div>
   <div class='ocr_carea' id='block_1_8' title="bbox 402 768 2010 845">
    <p class='ocr_par' dir='ltr' id='par_1_8' title="bbox 402 768 2010 845">
     <span class='ocr_line' id='line_1_8' title="bbox 402 768 2010 845; baseline 0.002 -19"><span class='ocrx_word' id='word_1_50' title='bbox 402 780 460 826; x_wconf 90' lang='lat' dir='ltr'><strong>et</strong></span> <span class='ocrx_word' id='word_1_51' title='bbox 499 771 759 836; x_wconf 87' lang='lat' dir='ltr'><strong>vestitus,</strong></span> <span class='ocrx_word' id='word_1_52' title='bbox 788 779 1122 844; x_wconf 90' lang='lat' dir='ltr'><strong>ornatusque</strong></span> <span class='ocrx_word' id='word_1_53' title='bbox 1147 768 1257 828; x_wconf 88' lang='lat' dir='ltr'><strong>noti</strong></span> <span class='ocrx_word' id='word_1_54' title='bbox 1283 783 1408 828; x_wconf 89' lang='lat' dir='ltr'><strong>sunt</strong></span> <span class='ocrx_word' id='word_1_55' title='bbox 1438 792 1452 830; x_wconf 86' lang='lat'><strong>:</strong></span> <span class='ocrx_word' id='word_1_56' title='bbox 1479 787 1679 845; x_wconf 89' lang='lat' dir='ltr'><strong>genera</strong></span> <span class='ocrx_word' id='word_1_57' title='bbox 1710 781 1973 845; x_wconf 68' lang='lat' dir='ltr'><strong>praeterea</strong></span> <span class='ocrx_word' id='word_1_58' title='bbox 1994 816 2010 843; x_wconf 90' lang='lat'><strong>,</strong></span> 
     </span>
    </p>
   </div>
   <div class='ocr_carea' id='block_1_9' title="bbox 402 863 2013 938">
    <p class='ocr_par' dir='ltr' id='par_1_9' title="bbox 402 863 2013 938">
     <span class='ocr_line' id='line_1_9' title="bbox 402 863 2013 938; baseline 0.002 -19"><span class='ocrx_word' id='word_1_59' title='bbox 402 863 681 934; x_wconf 74' lang='lat' dir='ltr'><strong>conjugis,</strong></span> <span class='ocrx_word' id='word_1_60' title='bbox 711 865 1064 936; x_wconf 79' lang='lat' dir='ltr'><strong>cognationes</strong></span> <span class='ocrx_word' id='word_1_61' title='bbox 1097 880 1309 933; x_wconf 90' lang='lat' dir='ltr'><strong>omnes,</strong></span> <span class='ocrx_word' id='word_1_62' title='bbox 1338 865 1628 938; x_wconf 84' lang='lat' dir='ltr'><strong>omniaque</strong></span> <span class='ocrx_word' id='word_1_63' title='bbox 1668 866 1910 923; x_wconf 89' lang='lat' dir='ltr'><strong>traducta</strong></span> <span class='ocrx_word' id='word_1_64' title='bbox 1945 868 2013 923; x_wconf 90' lang='lat' dir='ltr'><strong>ad</strong></span> 
     </span>
    </p>
   </div>
   <div class='ocr_carea' id='block_1_10' title="bbox 402 955 2010 1031">
    <p class='ocr_par' dir='ltr' id='par_1_10' title="bbox 402 955 2010 1031">
     <span class='ocr_line' id='line_1_10' title="bbox 402 955 2010 1031; baseline 0.001 -17"><span class='ocrx_word' id='word_1_65' title='bbox 402 958 817 1014; x_wconf 85' lang='lat' dir='ltr'><strong>similitudinem</strong></span> <span class='ocrx_word' id='word_1_66' title='bbox 864 955 1250 1014; x_wconf 85' lang='lat' dir='ltr'><strong>imbecillitatis</strong></span> <span class='ocrx_word' id='word_1_67' title='bbox 1292 959 1560 1015; x_wconf 66' lang='lat' dir='ltr'><strong>humanm.</strong></span> <span class='ocrx_word' id='word_1_68' title='bbox 1593 958 1732 1029; x_wconf 85' lang='lat' dir='ltr'><strong>Quid</strong></span> <span class='ocrx_word' id='word_1_69' title='bbox 1779 960 2010 1031; x_wconf 86' lang='lat' dir='ltr'><strong>planius,</strong></span> 
     </span>
    </p>
   </div>
   <div class='ocr_carea' id='block_1_11' title="bbox 401 1044 2019 1122">
    <p class='ocr_par' dir='ltr' id='par_1_11' title="bbox 401 1044 2019 1122">
     <span class='ocr_line' id='line_1_11' title="bbox 401 1044 2019 1122; baseline 0.001 -17"><span class='ocrx_word' id='word_1_70' title='bbox 401 1050 535 1122; x_wconf 89' lang='lat' dir='ltr'><strong>quid</strong></span> <span class='ocrx_word' id='word_1_71' title='bbox 581 1050 764 1107; x_wconf 89' lang='lat' dir='ltr'><strong>verius</strong></span> <span class='ocrx_word' id='word_1_72' title='bbox 807 1046 912 1106; x_wconf 87' lang='lat' dir='ltr'><strong>dici</strong></span> <span class='ocrx_word' id='word_1_73' title='bbox 946 1049 1162 1122; x_wconf 87' lang='lat' dir='ltr'><strong>potest?</strong></span> <span class='ocrx_word' id='word_1_74' title='bbox 1192 1044 1450 1106; x_wconf 78' lang='lat' dir='ltr'><strong>Romanae</strong></span> <span class='ocrx_word' id='word_1_75' title='bbox 1481 1046 1839 1122; x_wconf 69' lang='lat' dir='ltr'><strong>philosophiae</strong></span> <span class='ocrx_word' id='word_1_76' title='bbox 1870 1051 2019 1122; x_wconf 90' lang='lat' dir='ltr'><strong>prin-</strong></span> 
     </span>
    </p>
   </div>
   <div class='ocr_carea' id='block_1_12' title="bbox 404 1140 2013 1215">
    <p class='ocr_par' dir='ltr' id='par_1_12' title="bbox 404 1140 2013 1215">
     <span class='ocr_line' id='line_1_12' title="bbox 404 1140 2013 1215; baseline 0.001 -16"><span class='ocrx_word' id='word_1_77' title='bbox 404 1157 554 1215; x_wconf 88' lang='lat' dir='ltr'><strong>ceps,</strong></span> <span class='ocrx_word' id='word_1_78' title='bbox 588 1151 644 1201; x_wconf 92' lang='lat' dir='ltr'><strong>et</strong></span> <span class='ocrx_word' id='word_1_79' title='bbox 669 1142 1007 1214; x_wconf 87' lang='lat' dir='ltr'><strong>amplissimo</strong></span> <span class='ocrx_word' id='word_1_80' title='bbox 1037 1140 1343 1200; x_wconf 90' lang='lat' dir='ltr'><strong>sacerdotio</strong></span> <span class='ocrx_word' id='word_1_81' title='bbox 1371 1144 1654 1214; x_wconf 66' lang='lat' dir='ltr'><strong>praeditus,</strong></span> <span class='ocrx_word' id='word_1_82' title='bbox 1687 1144 2013 1201; x_wconf 90' lang='lat' dir='ltr'><strong>commenti-</strong></span> 
     </span>
    </p>
   </div>
   <div class='ocr_carea' id='block_1_13' title="bbox 404 1232 2013 1307">
    <p class='ocr_par' dir='ltr' id='par_1_13' title="bbox 404 1232 2013 1307">
     <span class='ocr_line' id='line_1_13' title="bbox 404 1232 2013 1307; baseline 0.001 -18"><span class='ocrx_word' id='word_1_83' title='bbox 404 1234 512 1290; x_wconf 88' lang='lat' dir='ltr'><strong>tios</strong></span> <span class='ocrx_word' id='word_1_84' title='bbox 559 1248 624 1291; x_wconf 90' lang='lat' dir='ltr'><strong>ac</strong></span> <span class='ocrx_word' id='word_1_85' title='bbox 651 1234 809 1290; x_wconf 84' lang='lat' dir='ltr'><strong>fictos</strong></span> <span class='ocrx_word' id='word_1_86' title='bbox 834 1234 967 1292; x_wconf 90' lang='lat' dir='ltr'><strong>deos</strong></span> <span class='ocrx_word' id='word_1_87' title='bbox 1004 1236 1213 1307; x_wconf 90' lang='lat' dir='ltr'><strong>arguit;</strong></span> <span class='ocrx_word' id='word_1_88' title='bbox 1262 1248 1492 1307; x_wconf 91' lang='lat' dir='ltr'><strong>quorum</strong></span> <span class='ocrx_word' id='word_1_89' title='bbox 1533 1232 1707 1291; x_wconf 89' lang='lat' dir='ltr'><strong>cultus</strong></span> <span class='ocrx_word' id='word_1_90' title='bbox 1747 1234 2013 1307; x_wconf 87' lang='lat' dir='ltr'><strong>supersti-</strong></span> 
     </span>
    </p>
   </div>
   <div class='ocr_carea' id='block_1_14' title="bbox 405 1324 2013 1401">
    <p class='ocr_par' dir='ltr' id='par_1_14' title="bbox 405 1324 2013 1401">
     <span class='ocr_line' id='line_1_14' title="bbox 405 1324 2013 1401; baseline -0.001 -17"><span class='ocrx_word' id='word_1_91' title='bbox 405 1330 586 1385; x_wconf 90' lang='lat' dir='ltr'><strong>tiones</strong></span> <span class='ocrx_word' id='word_1_92' title='bbox 614 1343 752 1400; x_wconf 89' lang='lat' dir='ltr'><strong>pene</strong></span> <span class='ocrx_word' id='word_1_93' title='bbox 778 1328 954 1385; x_wconf 88' lang='lat' dir='ltr'><strong>aniles</strong></span> <span class='ocrx_word' id='word_1_94' title='bbox 979 1343 1101 1385; x_wconf 90' lang='lat' dir='ltr'><strong>esse</strong></span> <span class='ocrx_word' id='word_1_95' title='bbox 1144 1336 1376 1385; x_wconf 84' lang='lat' dir='ltr'><strong>testatur</strong></span> <span class='ocrx_word' id='word_1_96' title='bbox 1405 1347 1419 1384; x_wconf 92' lang='lat'>:</span> <span class='ocrx_word' id='word_1_97' title='bbox 1447 1324 1596 1385; x_wconf 82' lang='lat' dir='ltr'><strong>falsis</strong></span> <span class='ocrx_word' id='word_1_98' title='bbox 1642 1328 2013 1401; x_wconf 88' lang='lat' dir='ltr'><strong>opinionibus,</strong></span> 
     </span>
    </p>
   </div>
   <div class='ocr_carea' id='block_1_15' title="bbox 409 1414 2016 1494">
    <p class='ocr_par' dir='ltr' id='par_1_15' title="bbox 409 1414 2016 1494">
     <span class='ocr_line' id='line_1_15' title="bbox 409 1414 2016 1494; baseline 0.001 -16"><span class='ocrx_word' id='word_1_99' title='bbox 409 1422 794 1493; x_wconf 87' lang='lat' dir='ltr'><strong>erroribusque</strong></span> <span class='ocrx_word' id='word_1_100' title='bbox 845 1414 1168 1479; x_wconf 71' lang='lat' dir='ltr'><strong>turbulentis</strong></span> <span class='ocrx_word' id='word_1_101' title='bbox 1226 1418 1532 1494; x_wconf 86' lang='lat' dir='ltr'><strong>implicatos</strong></span> <span class='ocrx_word' id='word_1_102' title='bbox 1588 1434 1710 1479; x_wconf 86' lang='lat' dir='ltr'><strong>esse</strong></span> <span class='ocrx_word' id='word_1_103' title='bbox 1769 1423 2016 1480; x_wconf 87' lang='lat' dir='ltr'><strong>homines</strong></span> 
     </span>
    </p>
   </div>
   <div class='ocr_carea' id='block_1_16' title="bbox 406 1512 2016 1587">
    <p class='ocr_par' dir='ltr' id='par_1_16' title="bbox 406 1512 2016 1587">
     <span class='ocr_line' id='line_1_16' title="bbox 406 1512 2016 1587; baseline 0.001 -17"><span class='ocrx_word' id='word_1_104' title='bbox 406 1516 672 1587; x_wconf 88' lang='lat' dir='ltr'><strong>queritur.</strong></span> <span class='ocrx_word' id='word_1_105' title='bbox 702 1513 838 1571; x_wconf 84' lang='lat' dir='ltr'><strong>Nam</strong></span> <span class='ocrx_word' id='word_1_106' title='bbox 868 1521 1011 1571; x_wconf 89' lang='lat' dir='ltr'><strong>totus</strong></span> <span class='ocrx_word' id='word_1_107' title='bbox 1040 1514 1178 1572; x_wconf 92' lang='lat' dir='ltr'><strong>iiber</strong></span> <span class='ocrx_word' id='word_1_108' title='bbox 1210 1514 1402 1572; x_wconf 91' lang='lat' dir='ltr'><strong>tertius</strong></span> <span class='ocrx_word' id='word_1_109' title='bbox 1442 1515 1509 1571; x_wconf 89' lang='lat' dir='ltr'><strong>de</strong></span> <span class='ocrx_word' id='word_1_110' title='bbox 1545 1512 1745 1571; x_wconf 86' lang='lat' dir='ltr'><strong>Natura</strong></span> <span class='ocrx_word' id='word_1_111' title='bbox 1791 1512 2016 1572; x_wconf 90' lang='lat' dir='ltr'><strong>deorum</strong></span> 
     </span>
    </p>
   </div>
   <div class='ocr_carea' id='block_1_17' title="bbox 408 1602 2017 1679">
    <p class='ocr_par' dir='ltr' id='par_1_17' title="bbox 408 1602 2017 1679">
     <span class='ocr_line' id='line_1_17' title="bbox 408 1602 2017 1679; baseline 0 -16"><span class='ocrx_word' id='word_1_112' title='bbox 408 1621 603 1663; x_wconf 89' lang='lat' dir='ltr'><strong>omnes</strong></span> <span class='ocrx_word' id='word_1_113' title='bbox 628 1606 873 1664; x_wconf 89' lang='lat' dir='ltr'><strong>funditus</strong></span> <span class='ocrx_word' id='word_1_114' title='bbox 895 1607 1187 1679; x_wconf 88' lang='lat' dir='ltr'><strong>religiones</strong></span> <span class='ocrx_word' id='word_1_115' title='bbox 1214 1607 1409 1663; x_wconf 86' lang='lat' dir='ltr'><strong>evertit</strong></span> <span class='ocrx_word' id='word_1_116' title='bbox 1432 1622 1496 1663; x_wconf 90' lang='lat' dir='ltr'><strong>ac</strong></span> <span class='ocrx_word' id='word_1_117' title='bbox 1521 1602 1687 1664; x_wconf 83' lang='lat' dir='ltr'><strong>delet.</strong></span> <span class='ocrx_word' id='word_1_118' title='bbox 1720 1604 1857 1677; x_wconf 85' lang='lat' dir='ltr'><strong>Quid</strong></span> <span class='ocrx_word' id='word_1_119' title='bbox 1888 1622 2017 1679; x_wconf 80' lang='lat' dir='ltr'><strong>ergo</strong></span> 
     </span>
    </p>
   </div>
   <div class='ocr_carea' id='block_1_18' title="bbox 405 1698 2016 1773">
    <p class='ocr_par' dir='ltr' id='par_1_18' title="bbox 405 1698 2016 1773">
     <span class='ocr_line' id='line_1_18' title="bbox 405 1698 2016 1773; baseline 0.001 -18"><span class='ocrx_word' id='word_1_120' title='bbox 405 1715 437 1755; x_wconf 89' lang='lat' dir='ltr'><strong>a</strong></span> <span class='ocrx_word' id='word_1_121' title='bbox 466 1698 623 1756; x_wconf 89' lang='lat' dir='ltr'><strong>nobis</strong></span> <span class='ocrx_word' id='word_1_122' title='bbox 645 1709 961 1771; x_wconf 79' lang='lat' dir='ltr'><strong>expectatur</strong></span> <span class='ocrx_word' id='word_1_123' title='bbox 988 1698 1255 1773; x_wconf 86' lang='lat' dir='ltr'><strong>amplius?</strong></span> <span class='ocrx_word' id='word_1_124' title='bbox 1272 1698 1408 1756; x_wconf 85' lang='lat' dir='ltr'><strong>Num</strong></span> <span class='ocrx_word' id='word_1_125' title='bbox 1428 1698 1737 1772; x_wconf 81' lang='lat' dir='ltr'><strong>eloquentia</strong></span> <span class='ocrx_word' id='word_1_126' title='bbox 1759 1714 2016 1773; x_wconf 89' lang='lat' dir='ltr'><strong>superare</strong></span> 
     </span>
    </p>
   </div>
   <div class='ocr_carea' id='block_1_19' title="bbox 2113 500 3713 573">
    <p class='ocr_par' dir='ltr' id='par_1_19' title="bbox 2113 500 3713 573">
     <span class='ocr_line' id='line_1_19' title="bbox 2113 500 3713 573; baseline 0.002 -17"><span class='ocrx_word' id='word_1_127' title='bbox 2113 510 2235 573; x_wconf 88' lang='lat' dir='ltr'><strong>post</strong></span> <span class='ocrx_word' id='word_1_128' title='bbox 2277 511 2507 557; x_wconf 85' lang='lat' dir='ltr'><strong>mortem</strong></span> <span class='ocrx_word' id='word_1_129' title='bbox 2548 513 2916 558; x_wconf 81' lang='lat' dir='ltr'><strong>consecratam</strong></span> <span class='ocrx_word' id='word_1_130' title='bbox 2963 516 3104 557; x_wconf 89' lang='lat' dir='ltr'><strong>esse.</strong></span> <span class='ocrx_word' id='word_1_131' title='bbox 3145 500 3273 557; x_wconf 90' lang='lat' dir='ltr'><strong>ldeo</strong></span> <span class='ocrx_word' id='word_1_132' title='bbox 3317 502 3479 559; x_wconf 89' lang='lat' dir='ltr'><strong>etiam</strong></span> <span class='ocrx_word' id='word_1_133' title='bbox 3528 512 3713 559; x_wconf 61' lang='lat' dir='ltr'><strong>uitales</strong></span> 
     </span>
    </p>
   </div>
   <div class='ocr_carea' id='block_1_20' title="bbox 2114 592 3711 665">
    <p class='ocr_par' dir='ltr' id='par_1_20' title="bbox 2114 592 3711 665">
     <span class='ocr_line' id='line_1_20' title="bbox 2114 592 3711 665; baseline 0 -16"><span class='ocrx_word' id='word_1_134' title='bbox 2114 594 2341 649; x_wconf 86' lang='lat' dir='ltr'><strong>diversae</strong></span> <span class='ocrx_word' id='word_1_135' title='bbox 2372 603 2516 660; x_wconf 88' lang='lat' dir='ltr'><strong>sunt,</strong></span> <span class='ocrx_word' id='word_1_136' title='bbox 2541 605 2595 650; x_wconf 93' lang='lat' dir='ltr'><strong>et</strong></span> <span class='ocrx_word' id='word_1_137' title='bbox 2622 604 2785 651; x_wconf 68' lang='lat' dir='ltr'><strong>certa:</strong></span> <span class='ocrx_word' id='word_1_138' title='bbox 2815 592 3074 665; x_wconf 88' lang='lat' dir='ltr'><strong>imagines</strong></span> <span class='ocrx_word' id='word_1_139' title='bbox 3105 592 3459 665; x_wconf 86' lang='lat' dir='ltr'><strong>singulorum,</strong></span> <span class='ocrx_word' id='word_1_140' title='bbox 3486 593 3627 665; x_wconf 88' lang='lat' dir='ltr'><strong>quod</strong></span> <span class='ocrx_word' id='word_1_141' title='bbox 3658 594 3711 649; x_wconf 90' lang='lat' dir='ltr'><strong>in</strong></span> 
     </span>
    </p>
   </div>
   <div class='ocr_carea' id='block_1_21' title="bbox 2115 688 3711 760">
    <p class='ocr_par' dir='ltr' id='par_1_21' title="bbox 2115 688 3711 760">
     <span class='ocr_line' id='line_1_21' title="bbox 2115 688 3711 760; baseline -0.001 -15"><span class='ocrx_word' id='word_1_142' title='bbox 2115 705 2179 745; x_wconf 93' lang='lat' dir='ltr'><strong>eo</strong></span> <span class='ocrx_word' id='word_1_143' title='bbox 2209 688 2411 757; x_wconf 90' lang='lat' dir='ltr'><strong>habitu,</strong></span> <span class='ocrx_word' id='word_1_144' title='bbox 2437 697 2491 744; x_wconf 94' lang='lat' dir='ltr'><strong>et</strong></span> <span class='ocrx_word' id='word_1_145' title='bbox 2514 698 2674 744; x_wconf 84' lang='lat' dir='ltr'><strong>aetate</strong></span> <span class='ocrx_word' id='word_1_146' title='bbox 2697 688 2984 744; x_wconf 85' lang='lat' dir='ltr'><strong>simulacra</strong></span> <span class='ocrx_word' id='word_1_147' title='bbox 3007 702 3193 744; x_wconf 88' lang='lat' dir='ltr'><strong>eorum</strong></span> <span class='ocrx_word' id='word_1_148' title='bbox 3217 688 3546 760; x_wconf 83' lang='lat' dir='ltr'><strong>conligurata</strong></span> <span class='ocrx_word' id='word_1_149' title='bbox 3564 698 3711 753; x_wconf 86' lang='lat' dir='ltr'><strong>sunt,</strong></span> 
     </span>
    </p>
   </div>
   <div class='ocr_carea' id='block_1_22' title="bbox 2114 779 3175 853">
    <p class='ocr_par' dir='ltr' id='par_1_22' title="bbox 2114 779 3175 853">
     <span class='ocr_line' id='line_1_22' title="bbox 2114 779 3175 853; baseline -0.003 -16"><span class='ocrx_word' id='word_1_150' title='bbox 2114 780 2170 837; x_wconf 90' lang='lat' dir='ltr'><strong>in</strong></span> <span class='ocrx_word' id='word_1_151' title='bbox 2198 796 2304 853; x_wconf 89' lang='lat' dir='ltr'><strong>qua</strong></span> <span class='ocrx_word' id='word_1_152' title='bbox 2332 797 2601 853; x_wconf 87' lang='lat' dir='ltr'><strong>quemque</strong></span> <span class='ocrx_word' id='word_1_153' title='bbox 2630 796 2776 838; x_wconf 88' lang='lat' dir='ltr'><strong>mors</strong></span> <span class='ocrx_word' id='word_1_154' title='bbox 2800 779 3175 853; x_wconf 85' lang='lat' dir='ltr'><strong>deprehendit.</strong></span> 
     </span>
    </p>
   </div>
   <div class='ocr_carea' id='block_1_23' title="bbox 2186 956 3714 1030">
    <p class='ocr_par' dir='ltr' id='par_1_23' title="bbox 2186 956 3714 1030">
     <span class='ocr_line' id='line_1_23' title="bbox 2186 956 3714 1030; baseline 0.002 -15"><span class='ocrx_word' id='word_1_155' title='bbox 2186 959 2626 1026; x_wconf 89' lang='lat' dir='ltr'><strong>Considercmus,</strong></span> <span class='ocrx_word' id='word_1_156' title='bbox 2657 960 2702 1015; x_wconf 88' lang='lat' dir='ltr'><strong>si</strong></span> <span class='ocrx_word' id='word_1_157' title='bbox 2730 956 2927 1030; x_wconf 87' lang='lat' dir='ltr'><strong>placet,</strong></span> <span class='ocrx_word' id='word_1_158' title='bbox 2953 975 3220 1017; x_wconf 64' lang='lat' dir='ltr'><strong>mrumnas</strong></span> <span class='ocrx_word' id='word_1_159' title='bbox 3247 958 3539 1018; x_wconf 81' lang='lat' dir='ltr'><strong>infelicium</strong></span> <span class='ocrx_word' id='word_1_160' title='bbox 3580 962 3714 1018; x_wconf 87' lang='lat' dir='ltr'><strong>dco-</strong></span> 
     </span>
    </p>
   </div>
   <div class='ocr_carea' id='block_1_24' title="bbox 2117 1050 3718 1126">
    <p class='ocr_par' dir='ltr' id='par_1_24' title="bbox 2117 1050 3718 1126">
     <span class='ocr_line' id='line_1_24' title="bbox 2117 1050 3718 1126; baseline 0.002 -18"><span class='ocrx_word' id='word_1_161' title='bbox 2117 1069 2257 1108; x_wconf 92' lang='lat' dir='ltr'><strong>rum.</strong></span> <span class='ocrx_word' id='word_1_162' title='bbox 2287 1051 2385 1108; x_wconf 89' lang='lat' dir='ltr'><strong>isis</strong></span> <span class='ocrx_word' id='word_1_163' title='bbox 2411 1052 2576 1107; x_wconf 86' lang='lat' dir='ltr'><strong>lilium</strong></span> <span class='ocrx_word' id='word_1_164' title='bbox 2606 1050 2866 1123; x_wconf 91' lang='lat' dir='ltr'><strong>perdidit;</strong></span> <span class='ocrx_word' id='word_1_165' title='bbox 2899 1051 3062 1108; x_wconf 87' lang='lat' dir='ltr'><strong>Ceres</strong></span> <span class='ocrx_word' id='word_1_166' title='bbox 3079 1052 3513 1125; x_wconf 80' lang='lat' dir='ltr'><strong>ﬁliam;expulsa</strong></span> <span class='ocrx_word' id='word_1_167' title='bbox 3543 1064 3597 1111; x_wconf 92' lang='lat' dir='ltr'><strong>et</strong></span> <span class='ocrx_word' id='word_1_168' title='bbox 3621 1071 3718 1126; x_wconf 89' lang='lat' dir='ltr'><strong>per</strong></span> 
     </span>
    </p>
   </div>
   <div class='ocr_carea' id='block_1_25' title="bbox 2117 1140 3716 1218">
    <p class='ocr_par' dir='ltr' id='par_1_25' title="bbox 2117 1140 3716 1218">
     <span class='ocr_line' id='line_1_25' title="bbox 2117 1140 3716 1218; baseline 0.003 -19"><span class='ocrx_word' id='word_1_169' title='bbox 2117 1149 2302 1202; x_wconf 91' lang='lat' dir='ltr'><strong>orbem</strong></span> <span class='ocrx_word' id='word_1_170' title='bbox 2350 1156 2509 1201; x_wconf 77' lang='lat' dir='ltr'><strong>terra:</strong></span> <span class='ocrx_word' id='word_1_171' title='bbox 2551 1146 2776 1216; x_wconf 89' lang='lat' dir='ltr'><strong>jactata,</strong></span> <span class='ocrx_word' id='word_1_172' title='bbox 2822 1140 3024 1201; x_wconf 87' lang='lat' dir='ltr'><strong>Latona</strong></span> <span class='ocrx_word' id='word_1_173' title='bbox 3072 1146 3165 1201; x_wconf 83' lang='lat' dir='ltr'><strong>vix</strong></span> <span class='ocrx_word' id='word_1_174' title='bbox 3208 1147 3438 1202; x_wconf 88' lang='lat' dir='ltr'><strong>insulam</strong></span> <span class='ocrx_word' id='word_1_175' title='bbox 3494 1164 3716 1218; x_wconf 86' lang='lat' dir='ltr'><strong>parvam</strong></span> 
     </span>
    </p>
   </div>
   <div class='ocr_carea' id='block_1_26' title="bbox 2120 1236 3720 1311">
    <p class='ocr_par' dir='ltr' id='par_1_26' title="bbox 2120 1236 3720 1311">
     <span class='ocr_line' id='line_1_26' title="bbox 2120 1236 3720 1311; baseline 0.003 -19"><span class='ocrx_word' id='word_1_176' title='bbox 2120 1236 2357 1311; x_wconf 85' lang='lat' dir='ltr'><strong>(Delon),</strong></span> <span class='ocrx_word' id='word_1_177' title='bbox 2392 1239 2447 1294; x_wconf 91' lang='lat' dir='ltr'><strong>in</strong></span> <span class='ocrx_word' id='word_1_178' title='bbox 2496 1253 2600 1310; x_wconf 90' lang='lat' dir='ltr'><strong>qua</strong></span> <span class='ocrx_word' id='word_1_179' title='bbox 2648 1247 2895 1309; x_wconf 89' lang='lat' dir='ltr'><strong>pareret,</strong></span> <span class='ocrx_word' id='word_1_180' title='bbox 2947 1236 3171 1295; x_wconf 79' lang='lat' dir='ltr'><strong>invenit.</strong></span> <span class='ocrx_word' id='word_1_181' title='bbox 3222 1239 3392 1296; x_wconf 90' lang='lat' dir='ltr'><strong>Deum</strong></span> <span class='ocrx_word' id='word_1_182' title='bbox 3442 1253 3617 1297; x_wconf 90' lang='lat' dir='ltr'><strong>mater</strong></span> <span class='ocrx_word' id='word_1_183' title='bbox 3663 1250 3720 1297; x_wconf 90' lang='lat' dir='ltr'><strong>et</strong></span> 
     </span>
    </p>
   </div>
   <div class='ocr_carea' id='block_1_27' title="bbox 2117 1328 3717 1399">
    <p class='ocr_par' dir='ltr' id='par_1_27' title="bbox 2117 1328 3717 1399">
     <span class='ocr_line' id='line_1_27' title="bbox 2117 1328 3717 1399; baseline 0.001 -13"><span class='ocrx_word' id='word_1_184' title='bbox 2117 1328 2316 1386; x_wconf 85' lang='lat' dir='ltr'><strong>amavit</strong></span> <span class='ocrx_word' id='word_1_185' title='bbox 2365 1329 2660 1387; x_wconf 87' lang='lat' dir='ltr'><strong>formosum</strong></span> <span class='ocrx_word' id='word_1_186' title='bbox 2713 1329 3148 1399; x_wconf 85' lang='lat' dir='ltr'><strong>adolescentem,</strong></span> <span class='ocrx_word' id='word_1_187' title='bbox 3196 1341 3250 1387; x_wconf 89' lang='lat' dir='ltr'><strong>et</strong></span> <span class='ocrx_word' id='word_1_188' title='bbox 3298 1331 3547 1388; x_wconf 88' lang='lat' dir='ltr'><strong>eumdem</strong></span> <span class='ocrx_word' id='word_1_189' title='bbox 3594 1348 3717 1388; x_wconf 91' lang='lat' dir='ltr'><strong>cum</strong></span> 
     </span>
    </p>
   </div>
   <div class='ocr_carea' id='block_1_28' title="bbox 2120 1420 3716 1494">
    <p class='ocr_par' dir='ltr' id='par_1_28' title="bbox 2120 1420 3716 1494">
     <span class='ocr_line' id='line_1_28' title="bbox 2120 1420 3716 1494; baseline 0.003 -16"><span class='ocrx_word' id='word_1_190' title='bbox 2120 1422 2309 1494; x_wconf 89' lang='lat' dir='ltr'><strong>pellice</strong></span> <span class='ocrx_word' id='word_1_191' title='bbox 2356 1420 2753 1493; x_wconf 91' lang='lat' dir='ltr'><strong>deprehensum</strong></span> <span class='ocrx_word' id='word_1_192' title='bbox 2813 1425 3045 1479; x_wconf 82' lang='lat' dir='ltr'><strong>exsectis</strong></span> <span class='ocrx_word' id='word_1_193' title='bbox 3108 1420 3350 1478; x_wconf 83' lang='lat' dir='ltr'><strong>virilibus</strong></span> <span class='ocrx_word' id='word_1_194' title='bbox 3406 1424 3716 1482; x_wconf 88' lang='lat' dir='ltr'><strong>semivirum</strong></span> 
     </span>
    </p>
   </div>
   <div class='ocr_carea' id='block_1_29' title="bbox 2117 1516 3719 1590">
    <p class='ocr_par' dir='ltr' id='par_1_29' title="bbox 2117 1516 3719 1590">
     <span class='ocr_line' id='line_1_29' title="bbox 2117 1516 3719 1590; baseline 0.002 -19"><span class='ocrx_word' id='word_1_195' title='bbox 2117 1516 2385 1582; x_wconf 87' lang='lat' dir='ltr'><strong>reddidit;</strong></span> <span class='ocrx_word' id='word_1_196' title='bbox 2417 1527 2471 1572; x_wconf 91' lang='lat' dir='ltr'><strong>et</strong></span> <span class='ocrx_word' id='word_1_197' title='bbox 2499 1517 2619 1572; x_wconf 87' lang='lat' dir='ltr'><strong>ideo</strong></span> <span class='ocrx_word' id='word_1_198' title='bbox 2651 1533 2793 1572; x_wconf 91' lang='lat' dir='ltr'><strong>nunc</strong></span> <span class='ocrx_word' id='word_1_199' title='bbox 2833 1533 2986 1573; x_wconf 86' lang='lat' dir='ltr'><strong>sacra</strong></span> <span class='ocrx_word' id='word_1_200' title='bbox 3029 1517 3145 1590; x_wconf 83' lang='lat' dir='ltr'><strong>ejus</strong></span> <span class='ocrx_word' id='word_1_201' title='bbox 3171 1534 3199 1572; x_wconf 89' lang='lat' dir='ltr'><strong>a</strong></span> <span class='ocrx_word' id='word_1_202' title='bbox 3227 1518 3395 1575; x_wconf 84' lang='lat' dir='ltr'><strong>Gallis</strong></span> <span class='ocrx_word' id='word_1_203' title='bbox 3422 1519 3719 1579; x_wconf 81' lang='lat' dir='ltr'><strong>sacerdoti-</strong></span> 
     </span>
    </p>
   </div>
   <div class='ocr_carea' id='block_1_30' title="bbox 2118 1606 3720 1683">
    <p class='ocr_par' dir='ltr' id='par_1_30' title="bbox 2118 1606 3720 1683">
     <span class='ocr_line' id='line_1_30' title="bbox 2118 1606 3720 1683; baseline 0.002 -18"><span class='ocrx_word' id='word_1_204' title='bbox 2118 1606 2218 1665; x_wconf 90' lang='lat' dir='ltr'><strong>bus</strong></span> <span class='ocrx_word' id='word_1_205' title='bbox 2262 1610 2623 1666; x_wconf 88' lang='lat' dir='ltr'><strong>celebrantur.</strong></span> <span class='ocrx_word' id='word_1_206' title='bbox 2667 1609 2812 1667; x_wconf 87' lang='lat' dir='ltr'><strong>Juno</strong></span> <span class='ocrx_word' id='word_1_207' title='bbox 2861 1611 3084 1681; x_wconf 91' lang='lat' dir='ltr'><strong>pellices</strong></span> <span class='ocrx_word' id='word_1_208' title='bbox 3125 1612 3391 1668; x_wconf 86' lang='lat' dir='ltr'><strong>acerrime</strong></span> <span class='ocrx_word' id='word_1_209' title='bbox 3438 1624 3720 1683; x_wconf 82' lang='lat' dir='ltr'><strong>persecuta.</strong></span> 
     </span>
    </p>
   </div>
   <div class='ocr_carea' id='block_1_31' title="bbox 2118 1702 3720 1773">
    <p class='ocr_par' dir='ltr' id='par_1_31' title="bbox 2118 1702 3720 1773">
     <span class='ocr_line' id='line_1_31' title="bbox 2118 1702 3720 1773; baseline 0.002 -15"><span class='ocrx_word' id='word_1_210' title='bbox 2118 1712 2222 1771; x_wconf 88' lang='lat' dir='ltr'><strong>est,</strong></span> <span class='ocrx_word' id='word_1_211' title='bbox 2257 1703 2380 1773; x_wconf 89' lang='lat' dir='ltr'><strong>quia</strong></span> <span class='ocrx_word' id='word_1_212' title='bbox 2421 1718 2610 1773; x_wconf 89' lang='lat' dir='ltr'><strong>parere</strong></span> <span class='ocrx_word' id='word_1_213' title='bbox 2645 1702 2758 1773; x_wconf 90' lang='lat' dir='ltr'><strong>ipsa</strong></span> <span class='ocrx_word' id='word_1_214' title='bbox 2803 1718 2907 1757; x_wconf 89' lang='lat' dir='ltr'><strong>non</strong></span> <span class='ocrx_word' id='word_1_215' title='bbox 2946 1703 3118 1773; x_wconf 90' lang='lat' dir='ltr'><strong>potuit</strong></span> <span class='ocrx_word' id='word_1_216' title='bbox 3157 1718 3224 1758; x_wconf 81' lang='lat' dir='ltr'><strong>ex</strong></span> <span class='ocrx_word' id='word_1_217' title='bbox 3270 1703 3452 1761; x_wconf 82' lang='lat' dir='ltr'><strong>fratre.</strong></span> <span class='ocrx_word' id='word_1_218' title='bbox 3487 1705 3720 1762; x_wconf 89' lang='lat' dir='ltr'><strong>Insulam</strong></span> 
     </span>
    </p>
   </div>
   <div class='ocr_carea' id='block_1_32' title="bbox 402 1790 3718 1868">
    <p class='ocr_par' dir='ltr' id='par_1_32' title="bbox 402 1790 3718 1868">
     <span class='ocr_line' id='line_1_32' title="bbox 402 1790 3718 1868; baseline 0.002 -20"><span class='ocrx_word' id='word_1_219' title='bbox 402 1806 698 1865; x_wconf 88' lang='lat' dir='ltr'><strong>possumus</strong></span> <span class='ocrx_word' id='word_1_220' title='bbox 717 1791 1074 1851; x_wconf 87' lang='lat' dir='ltr'><strong>Ciceronem?</strong></span> <span class='ocrx_word' id='word_1_221' title='bbox 1102 1792 1323 1853; x_wconf 90' lang='lat' dir='ltr'><strong>minime</strong></span> <span class='ocrx_word' id='word_1_222' title='bbox 1350 1793 1402 1850; x_wconf 87' lang='lat' dir='ltr'><strong>id</strong></span> <span class='ocrx_word' id='word_1_223' title='bbox 1429 1793 1683 1867; x_wconf 88' lang='lat' dir='ltr'><strong>quidem;</strong></span> <span class='ocrx_word' id='word_1_224' title='bbox 1706 1791 1800 1851; x_wconf 89' lang='lat' dir='ltr'><strong>sed</strong></span> <span class='ocrx_word' id='word_1_225' title='bbox 1820 1792 2015 1850; x_wconf 85' lang='lat' dir='ltr'><strong>fiducia</strong></span> <span class='ocrx_word' id='word_1_226' title='bbox 2043 1800 2092 1861; x_wconf 86' lang='lat' dir='ltr'><strong>B</strong></span> <span class='ocrx_word' id='word_1_227' title='bbox 2122 1792 2344 1851; x_wconf 89' lang='lat' dir='ltr'><strong>Samum</strong></span> <span class='ocrx_word' id='word_1_228' title='bbox 2373 1795 2563 1852; x_wconf 87' lang='lat' dir='ltr'><strong>scribit</strong></span> <span class='ocrx_word' id='word_1_229' title='bbox 2594 1790 2766 1849; x_wconf 85' lang='lat' dir='ltr'><strong>Varro</strong></span> <span class='ocrx_word' id='word_1_230' title='bbox 2807 1792 2953 1865; x_wconf 85' lang='lat' dir='ltr'><strong>prius</strong></span> <span class='ocrx_word' id='word_1_231' title='bbox 2984 1792 3332 1851; x_wconf 79' lang='lat' dir='ltr'><strong>Parthenium</strong></span> <span class='ocrx_word' id='word_1_232' title='bbox 3366 1800 3718 1868; x_wconf 71' lang='lat' dir='ltr'><strong>nominatam,</strong></span> 
     </span>
    </p>
   </div>
   <div class='ocr_carea' id='block_1_33' title="bbox 402 1884 2018 1961">
    <p class='ocr_par' dir='ltr' id='par_1_33' title="bbox 402 1884 2018 1961">
     <span class='ocr_line' id='line_1_33' title="bbox 402 1884 2018 1961; baseline 0.001 -17"><span class='ocrx_word' id='word_1_233' title='bbox 402 1888 484 1944; x_wconf 88' lang='lat' dir='ltr'><strong>illi</strong></span> <span class='ocrx_word' id='word_1_234' title='bbox 523 1888 697 1944; x_wconf 84' lang='lat' dir='ltr'><strong>defuit</strong></span> <span class='ocrx_word' id='word_1_235' title='bbox 736 1889 1007 1961; x_wconf 88' lang='lat' dir='ltr'><strong>ignoranti</strong></span> <span class='ocrx_word' id='word_1_236' title='bbox 1050 1886 1356 1957; x_wconf 83' lang='lat' dir='ltr'><strong>veritatem,</strong></span> <span class='ocrx_word' id='word_1_237' title='bbox 1389 1886 1533 1959; x_wconf 90' lang='lat' dir='ltr'><strong>quod</strong></span> <span class='ocrx_word' id='word_1_238' title='bbox 1560 1889 1675 1960; x_wconf 87' lang='lat' dir='ltr'><strong>ipse</strong></span> <span class='ocrx_word' id='word_1_239' title='bbox 1698 1884 2018 1961; x_wconf 73' lang='lat' dir='ltr'><strong>simpliciter</strong></span> 
     </span>
    </p>
   </div>
   <div class='ocr_carea' id='block_1_34' title="bbox 404 1984 2017 2058">
    <p class='ocr_par' dir='ltr' id='par_1_34' title="bbox 404 1984 2017 2058">
     <span class='ocr_line' id='line_1_34' title="bbox 404 1984 2017 2058; baseline -0.001 -15"><span class='ocrx_word' id='word_1_240' title='bbox 404 1988 462 2043; x_wconf 91' lang='lat' dir='ltr'><strong>in</strong></span> <span class='ocrx_word' id='word_1_241' title='bbox 491 1987 684 2043; x_wconf 89' lang='lat' dir='ltr'><strong>eodem</strong></span> <span class='ocrx_word' id='word_1_242' title='bbox 712 2003 878 2058; x_wconf 92' lang='lat' dir='ltr'><strong>opere</strong></span> <span class='ocrx_word' id='word_1_243' title='bbox 903 1989 1212 2043; x_wconf 90' lang='lat' dir='ltr'><strong>conlitetur.</strong></span> <span class='ocrx_word' id='word_1_244' title='bbox 1246 1989 1336 2042; x_wconf 79' lang='lat' dir='ltr'><strong>Ait</strong></span> <span class='ocrx_word' id='word_1_245' title='bbox 1361 1988 1503 2042; x_wconf 85' lang='lat' dir='ltr'><strong>enim</strong></span> <span class='ocrx_word' id='word_1_246' title='bbox 1532 1984 1743 2042; x_wconf 78' lang='lat' dir='ltr'><strong>facilius</strong></span> <span class='ocrx_word' id='word_1_247' title='bbox 1765 2000 1825 2042; x_wconf 90' lang='lat' dir='ltr'><strong>se</strong></span> <span class='ocrx_word' id='word_1_248' title='bbox 1858 1998 2017 2056; x_wconf 86' lang='lat' dir='ltr'><strong>posse</strong></span> 
     </span>
    </p>
   </div>
   <div class='ocr_carea' id='block_1_35' title="bbox 400 2080 2014 2154">
    <p class='ocr_par' dir='ltr' id='par_1_35' title="bbox 400 2080 2014 2154">
     <span class='ocr_line' id='line_1_35' title="bbox 400 2080 2014 2154; baseline -0.001 -17"><span class='ocrx_word' id='word_1_249' title='bbox 400 2082 623 2149; x_wconf 88' lang='lat' dir='ltr'><strong>dicere,</strong></span> <span class='ocrx_word' id='word_1_250' title='bbox 673 2082 801 2154; x_wconf 89' lang='lat' dir='ltr'><strong>quid</strong></span> <span class='ocrx_word' id='word_1_251' title='bbox 844 2098 951 2138; x_wconf 85' lang='lat' dir='ltr'><strong>non</strong></span> <span class='ocrx_word' id='word_1_252' title='bbox 988 2083 1089 2148; x_wconf 84' lang='lat' dir='ltr'><strong>sit,</strong></span> <span class='ocrx_word' id='word_1_253' title='bbox 1120 2097 1283 2153; x_wconf 80' lang='lat' dir='ltr'><strong>quam</strong></span> <span class='ocrx_word' id='word_1_254' title='bbox 1305 2082 1439 2152; x_wconf 84' lang='lat' dir='ltr'><strong>quid</strong></span> <span class='ocrx_word' id='word_1_255' title='bbox 1469 2083 1575 2147; x_wconf 86' lang='lat' dir='ltr'><strong>sit;</strong></span> <span class='ocrx_word' id='word_1_256' title='bbox 1606 2082 1712 2139; x_wconf 86' lang='lat' dir='ltr'><strong>hoc</strong></span> <span class='ocrx_word' id='word_1_257' title='bbox 1740 2091 1845 2150; x_wconf 85' lang='lat' dir='ltr'><strong>est,</strong></span> <span class='ocrx_word' id='word_1_258' title='bbox 1879 2080 2014 2137; x_wconf 76' lang='lat' dir='ltr'><strong>falsa</strong></span> 
     </span>
    </p>
   </div>
   <div class='ocr_carea' id='block_1_36' title="bbox 399 2172 2013 2251">
    <p class='ocr_par' dir='ltr' id='par_1_36' title="bbox 399 2172 2013 2251">
     <span class='ocr_line' id='line_1_36' title="bbox 399 2172 2013 2251; baseline 0.001 -19"><span class='ocrx_word' id='word_1_259' title='bbox 399 2189 466 2232; x_wconf 83' lang='lat' dir='ltr'><strong>se</strong></span> <span class='ocrx_word' id='word_1_260' title='bbox 489 2176 815 2249; x_wconf 86' lang='lat' dir='ltr'><strong>intelligere,</strong></span> <span class='ocrx_word' id='word_1_261' title='bbox 853 2191 978 2234; x_wconf 80' lang='lat' dir='ltr'><strong>vera</strong></span> <span class='ocrx_word' id='word_1_262' title='bbox 1010 2175 1245 2234; x_wconf 76' lang='lat' dir='ltr'><strong>nescire.</strong></span> <span class='ocrx_word' id='word_1_263' title='bbox 1270 2174 1490 2233; x_wconf 89' lang='lat' dir='ltr'><strong>Clarum</strong></span> <span class='ocrx_word' id='word_1_264' title='bbox 1523 2188 1607 2235; x_wconf 76' lang='grc' dir='ltr'><strong>εει</strong></span> <span class='ocrx_word' id='word_1_265' title='bbox 1644 2174 1806 2251; x_wconf 87' lang='lat' dir='ltr'><strong>igitur</strong></span> <span class='ocrx_word' id='word_1_266' title='bbox 1836 2172 2013 2233; x_wconf 84' lang='lat' dir='ltr'><strong>homi-</strong></span> 
     </span>
    </p>
   </div>
   <div class='ocr_carea' id='block_1_37' title="bbox 2116 1885 3717 1960">
    <p class='ocr_par' dir='ltr' id='par_1_37' title="bbox 2116 1885 3717 1960">
     <span class='ocr_line' id='line_1_37' title="bbox 2116 1885 3717 1960; baseline 0.001 -17"><span class='ocrx_word' id='word_1_267' title='bbox 2116 1887 2260 1959; x_wconf 90' lang='lat' dir='ltr'><strong>quod</strong></span> <span class='ocrx_word' id='word_1_268' title='bbox 2289 1886 2360 1943; x_wconf 90' lang='lat' dir='ltr'><strong>ibi</strong></span> <span class='ocrx_word' id='word_1_269' title='bbox 2387 1885 2527 1943; x_wconf 87' lang='lat' dir='ltr'><strong>Juno</strong></span> <span class='ocrx_word' id='word_1_270' title='bbox 2549 1886 2868 1955; x_wconf 86' lang='lat' dir='ltr'><strong>adoleverit,</strong></span> <span class='ocrx_word' id='word_1_271' title='bbox 2902 1886 3084 1957; x_wconf 83' lang='lat' dir='ltr'><strong>ibique</strong></span> <span class='ocrx_word' id='word_1_272' title='bbox 3114 1890 3278 1942; x_wconf 89' lang='lat' dir='ltr'><strong>etiam</strong></span> <span class='ocrx_word' id='word_1_273' title='bbox 3307 1886 3425 1944; x_wconf 71' lang='grc' dir='ltr'><strong>,Ιονί</strong></span> <span class='ocrx_word' id='word_1_274' title='bbox 3456 1891 3717 1960; x_wconf 89' lang='lat' dir='ltr'><strong>nupserit.</strong></span> 
     </span>
    </p>
   </div>
   <div class='ocr_carea' id='block_1_38' title="bbox 2115 1983 3720 2056">
    <p class='ocr_par' dir='ltr' id='par_1_38' title="bbox 2115 1983 3720 2056">
     <span class='ocr_line' id='line_1_38' title="bbox 2115 1983 3720 2056; baseline 0.003 -18"><span class='ocrx_word' id='word_1_275' title='bbox 2115 1983 2299 2055; x_wconf 88' lang='lat' dir='ltr'><strong>Itaque</strong></span> <span class='ocrx_word' id='word_1_276' title='bbox 2342 1983 2738 2037; x_wconf 87' lang='lat' dir='ltr'><strong>nobilissimum</strong></span> <span class='ocrx_word' id='word_1_277' title='bbox 2769 1991 2824 2038; x_wconf 89' lang='lat' dir='ltr'><strong>et</strong></span> <span class='ocrx_word' id='word_1_278' title='bbox 2846 1983 3283 2053; x_wconf 86' lang='lat' dir='ltr'><strong>antiquissimum</strong></span> <span class='ocrx_word' id='word_1_279' title='bbox 3314 1986 3573 2055; x_wconf 91' lang='lat' dir='ltr'><strong>templum</strong></span> <span class='ocrx_word' id='word_1_280' title='bbox 3602 1986 3720 2056; x_wconf 89' lang='lat' dir='ltr'><strong>ejus</strong></span> 
     </span>
    </p>
   </div>
   <div class='ocr_carea' id='block_1_39' title="bbox 2118 2075 3724 2151">
    <p class='ocr_par' dir='ltr' id='par_1_39' title="bbox 2118 2075 3724 2151">
     <span class='ocr_line' id='line_1_39' title="bbox 2118 2075 3724 2151; baseline 0 -17"><span class='ocrx_word' id='word_1_281' title='bbox 2118 2087 2203 2134; x_wconf 85' lang='lat' dir='ltr'><strong>est</strong></span> <span class='ocrx_word' id='word_1_282' title='bbox 2246 2076 2397 2133; x_wconf 83' lang='lat' dir='ltr'><strong>Sami</strong></span> <span class='ocrx_word' id='word_1_283' title='bbox 2417 2115 2432 2143; x_wconf 94' lang='lat'><strong>,</strong></span> <span class='ocrx_word' id='word_1_284' title='bbox 2460 2086 2515 2131; x_wconf 89' lang='lat' dir='ltr'><strong>et</strong></span> <span class='ocrx_word' id='word_1_285' title='bbox 2544 2076 2892 2131; x_wconf 81' lang='lat' dir='ltr'><strong>simulacrum</strong></span> <span class='ocrx_word' id='word_1_286' title='bbox 2936 2075 2991 2131; x_wconf 93' lang='lat' dir='ltr'><strong>in</strong></span> <span class='ocrx_word' id='word_1_287' title='bbox 3028 2075 3213 2131; x_wconf 87' lang='lat' dir='ltr'><strong>habitu</strong></span> <span class='ocrx_word' id='word_1_288' title='bbox 3242 2077 3491 2133; x_wconf 84' lang='lat' dir='ltr'><strong>nubentis</strong></span> <span class='ocrx_word' id='word_1_289' title='bbox 3518 2079 3724 2151; x_wconf 80' lang='lat' dir='ltr'><strong>ﬁgura-</strong></span> 
     </span>
    </p>
   </div>
   <div class='ocr_carea' id='block_1_40' title="bbox 2118 2166 3723 2245">
    <p class='ocr_par' dir='ltr' id='par_1_40' title="bbox 2118 2166 3723 2245">
     <span class='ocr_line' id='line_1_40' title="bbox 2118 2166 3723 2245; baseline 0.001 -19"><span class='ocrx_word' id='word_1_290' title='bbox 2118 2179 2253 2237; x_wconf 89' lang='lat' dir='ltr'><strong>tum,</strong></span> <span class='ocrx_word' id='word_1_291' title='bbox 2284 2174 2340 2226; x_wconf 89' lang='lat' dir='ltr'><strong>et</strong></span> <span class='ocrx_word' id='word_1_292' title='bbox 2366 2180 2518 2224; x_wconf 86' lang='lat' dir='ltr'><strong>sacra</strong></span> <span class='ocrx_word' id='word_1_293' title='bbox 2548 2167 2665 2240; x_wconf 88' lang='lat' dir='ltr'><strong>ejus</strong></span> <span class='ocrx_word' id='word_1_294' title='bbox 2687 2166 3057 2225; x_wconf 87' lang='lat' dir='ltr'><strong>anniversaria</strong></span> <span class='ocrx_word' id='word_1_295' title='bbox 3087 2168 3399 2240; x_wconf 89' lang='lat' dir='ltr'><strong>nuptiarum</strong></span> <span class='ocrx_word' id='word_1_296' title='bbox 3426 2171 3533 2227; x_wconf 91' lang='lat' dir='ltr'><strong>ritu</strong></span> <span class='ocrx_word' id='word_1_297' title='bbox 3573 2173 3723 2245; x_wconf 84' lang='lat' dir='ltr'><strong>cele-</strong></span> 
     </span>
    </p>
   </div>
   <div class='ocr_carea' id='block_1_41' title="bbox 1734 2304 2358 2372">
    <p class='ocr_par' dir='ltr' id='par_1_41' title="bbox 1734 2304 2358 2372">
     <span class='ocr_line' id='line_1_41' title="bbox 1734 2304 2358 2372; baseline -0.011 -2"><span class='ocrx_word' id='word_1_298' title='bbox 1734 2306 2101 2372; x_wconf 71' lang='lat' dir='ltr'><strong>VARIORUM</strong></span> <span class='ocrx_word' id='word_1_299' title='bbox 2127 2304 2358 2366; x_wconf 66' lang='lat' dir='ltr'><strong>NOTAE.</strong></span> 
     </span>
    </p>
   </div>
   <div class='ocr_carea' id='block_1_42' title="bbox 480 2450 2011 2523">
    <p class='ocr_par' dir='ltr' id='par_1_42' title="bbox 480 2450 2011 2523">
     <span class='ocr_line' id='line_1_42' title="bbox 480 2450 2011 2523; baseline -0.001 -16"><span class='ocrx_word' id='word_1_300' title='bbox 480 2452 621 2508; x_wconf 85' lang='lat' dir='ltr'><strong>Pene</strong></span> <span class='ocrx_word' id='word_1_301' title='bbox 650 2452 832 2507; x_wconf 84' lang='lat' dir='ltr'><strong>aniles.</strong></span> <span class='ocrx_word' id='word_1_302' title='bbox 866 2451 965 2507; x_wconf 88' lang='lat' dir='ltr'><strong>Hic</strong></span> <span class='ocrx_word' id='word_1_303' title='bbox 992 2456 1047 2507; x_wconf 87' lang='lat' dir='ltr'><strong>et</strong></span> <span class='ocrx_word' id='word_1_304' title='bbox 1090 2451 1225 2507; x_wconf 87' lang='lat' dir='ltr'><strong>infra</strong></span> <span class='ocrx_word' id='word_1_305' title='bbox 1267 2462 1554 2523; x_wconf 85' lang='lat' dir='ltr'><strong>perperam</strong></span> <span class='ocrx_word' id='word_1_306' title='bbox 1597 2450 1743 2522; x_wconf 84' lang='lat' dir='ltr'><strong>Lips.</strong></span> <span class='ocrx_word' id='word_1_307' title='bbox 1783 2450 1857 2523; x_wconf 38' lang='grc'><strong>2,-</strong></span> <span class='ocrx_word' id='word_1_308' title='bbox 1883 2462 2011 2519; x_wconf 87' lang='lat' dir='ltr'><strong>pene</strong></span> 
     </span>
    </p>
   </div>
   <div class='ocr_carea' id='block_1_43' title="bbox 297 2512 2009 2595">
    <p class='ocr_par' dir='ltr' id='par_1_43' title="bbox 297 2512 2009 2595">
     <span class='ocr_line' id='line_1_43' title="bbox 297 2512 2009 2595; baseline -0.001 -15"><span class='ocrx_word' id='word_1_309' title='bbox 297 2512 308 2521; x_wconf 77' lang='grc'><strong>”</strong></span> <span class='ocrx_word' id='word_1_310' title='bbox 398 2525 547 2580; x_wconf 74' lang='lat' dir='ltr'><strong>viles.</strong></span> <span class='ocrx_word' id='word_1_311' title='bbox 578 2524 699 2580; x_wconf 82' lang='lat' dir='ltr'><strong>Vid.</strong></span> <span class='ocrx_word' id='word_1_312' title='bbox 734 2533 941 2595; x_wconf 61' lang='lat' dir='ltr'><strong>praeter:</strong></span> <span class='ocrx_word' id='word_1_313' title='bbox 957 2512 1299 2595; x_wconf 43' lang='lat' dir='ltr'><strong>Ciceronem,</strong></span> <span class='ocrx_word' id='word_1_314' title='bbox 1331 2512 1474 2595; x_wconf 80' lang='lat' dir='ltr'><strong>Epit.</strong></span> <span class='ocrx_word' id='word_1_315' title='bbox 1501 2512 1808 2594; x_wconf 53' lang='lat' dir='ltr'><strong>Taurfeap.</strong></span> <span class='ocrx_word' id='word_1_316' title='bbox 1829 2512 1926 2588; x_wconf 56' lang='grc' dir='ltr'><strong>ῃ,</strong></span> <span class='ocrx_word' id='word_1_317' title='bbox 1954 2528 2009 2579; x_wconf 86' lang='lat' dir='ltr'><strong>et</strong></span> 
     </span>
    </p>
   </div>
   <div class='ocr_carea' id='block_1_44' title="bbox 399 2593 1834 2665">
    <p class='ocr_par' dir='ltr' id='par_1_44' title="bbox 399 2593 1834 2665">
     <span class='ocr_line' id='line_1_44' title="bbox 399 2593 1834 2665; baseline -0.003 -12"><span class='ocrx_word' id='word_1_318' title='bbox 399 2598 689 2663; x_wconf 75' lang='lat' dir='ltr'><strong>Augustin.</strong></span> <span class='ocrx_word' id='word_1_319' title='bbox 724 2595 882 2650; x_wconf 89' lang='lat' dir='ltr'><strong>Civit.</strong></span> <span class='ocrx_word' id='word_1_320' title='bbox 916 2593 1031 2656; x_wconf 85' lang='lat' dir='ltr'><strong>Dei,</strong></span> <span class='ocrx_word' id='word_1_321' title='bbox 1055 2593 1150 2650; x_wconf 86' lang='lat' dir='ltr'><strong>lib.</strong></span> <span class='ocrx_word' id='word_1_322' title='bbox 1180 2606 1255 2661; x_wconf 79' lang='lat' dir='ltr'><strong>Iv,</strong></span> <span class='ocrx_word' id='word_1_323' title='bbox 1281 2593 1401 2665; x_wconf 50' lang='lat' dir='ltr'><strong>cap}</strong></span> <span class='ocrx_word' id='word_1_324' title='bbox 1432 2596 1520 2653; x_wconf 74' lang='lat'><strong>50.</strong></span> <span class='ocrx_word' id='word_1_325' title='bbox 1554 2593 1834 2651; x_wconf 63' lang='lat' dir='ltr'><strong>Bessum.</strong></span> 
     </span>
    </p>
   </div>
   <div class='ocr_carea' id='block_1_45' title="bbox 478 2666 2009 2737">
    <p class='ocr_par' dir='ltr' id='par_1_45' title="bbox 478 2666 2009 2737">
     <span class='ocr_line' id='line_1_45' title="bbox 478 2666 2009 2737; baseline 0 -16"><span class='ocrx_word' id='word_1_326' title='bbox 478 2666 685 2721; x_wconf 72' lang='lat' dir='ltr'><strong>Forma!</strong></span> <span class='ocrx_word' id='word_1_327' title='bbox 709 2666 941 2721; x_wconf 86' lang='lat' dir='ltr'><strong>deorum.</strong></span> <span class='ocrx_word' id='word_1_328' title='bbox 986 2666 1366 2737; x_wconf 81' lang='lat' dir='ltr'><strong>Unusquisque</strong></span> <span class='ocrx_word' id='word_1_329' title='bbox 1392 2681 1577 2721; x_wconf 88' lang='lat' dir='ltr'><strong>eorum</strong></span> <span class='ocrx_word' id='word_1_330' title='bbox 1610 2676 1793 2721; x_wconf 84' lang='lat' dir='ltr'><strong>notam</strong></span> <span class='ocrx_word' id='word_1_331' title='bbox 1821 2680 2009 2737; x_wconf 84' lang='lat' dir='ltr'><strong>quam-</strong></span> 
     </span>
    </p>
   </div>
   <div class='ocr_carea' id='block_1_46' title="bbox 400 2738 2008 2808">
    <p class='ocr_par' dir='ltr' id='par_1_46' title="bbox 400 2738 2008 2808">
     <span class='ocr_line' id='line_1_46' title="bbox 400 2738 2008 2808; baseline -0.002 -13"><span class='ocrx_word' id='word_1_332' title='bbox 400 2738 527 2795; x_wconf 88' lang='lat' dir='ltr'><strong>dam</strong></span> <span class='ocrx_word' id='word_1_333' title='bbox 553 2739 799 2801; x_wconf 71' lang='lat' dir='ltr'><strong>habebat,</strong></span> <span class='ocrx_word' id='word_1_334' title='bbox 817 2738 970 2807; x_wconf 86' lang='lat' dir='ltr'><strong>cujus</strong></span> <span class='ocrx_word' id='word_1_335' title='bbox 992 2752 1096 2807; x_wconf 89' lang='lat' dir='ltr'><strong>ope</strong></span> <span class='ocrx_word' id='word_1_336' title='bbox 1115 2738 1536 2808; x_wconf 88' lang='lat' dir='ltr'><strong>dignoscebatur</strong></span> <span class='ocrx_word' id='word_1_337' title='bbox 1557 2738 1713 2803; x_wconf 90' lang='lat' dir='ltr'><strong>olim,</strong></span> <span class='ocrx_word' id='word_1_338' title='bbox 1734 2752 1798 2792; x_wconf 85' lang='lat' dir='ltr'><strong>ac</strong></span> <span class='ocrx_word' id='word_1_339' title='bbox 1817 2740 2008 2793; x_wconf 88' lang='lat' dir='ltr'><strong>etiam-</strong></span> 
     </span>
    </p>
   </div>
   <div class='ocr_carea' id='block_1_47' title="bbox 400 2808 2007 2881">
    <p class='ocr_par' dir='ltr' id='par_1_47' title="bbox 400 2808 2007 2881">
     <span class='ocr_line' id='line_1_47' title="bbox 400 2808 2007 2881; baseline 0 -16"><span class='ocrx_word' id='word_1_340' title='bbox 400 2826 537 2865; x_wconf 87' lang='lat' dir='ltr'><strong>num</strong></span> <span class='ocrx_word' id='word_1_341' title='bbox 583 2810 918 2881; x_wconf 84' lang='lat' dir='ltr'><strong>dignoscitur</strong></span> <span class='ocrx_word' id='word_1_342' title='bbox 942 2809 998 2864; x_wconf 91' lang='lat' dir='ltr'><strong>in</strong></span> <span class='ocrx_word' id='word_1_343' title='bbox 1030 2811 1395 2865; x_wconf 85' lang='lat' dir='ltr'><strong>monumentis</strong></span> <span class='ocrx_word' id='word_1_344' title='bbox 1430 2809 1684 2880; x_wconf 80' lang='lat' dir='ltr'><strong>antiquis.</strong></span> <span class='ocrx_word' id='word_1_345' title='bbox 1720 2808 1827 2864; x_wconf 79' lang='lat' dir='ltr'><strong>llas</strong></span> <span class='ocrx_word' id='word_1_346' title='bbox 1852 2818 2007 2865; x_wconf 90' lang='lat' dir='ltr'><strong>notas</strong></span> 
     </span>
    </p>
   </div>
   <div class='ocr_carea' id='block_1_48' title="bbox 400 2881 1253 2953">
    <p class='ocr_par' dir='ltr' id='par_1_48' title="bbox 400 2881 1253 2953">
     <span class='ocr_line' id='line_1_48' title="bbox 400 2881 1253 2953; baseline 0.001 -19"><span class='ocrx_word' id='word_1_347' title='bbox 400 2897 617 2953; x_wconf 74' lang='lat' dir='ltr'><strong>quaeras</strong></span> <span class='ocrx_word' id='word_1_348' title='bbox 646 2881 787 2949; x_wconf 83' lang='lat' dir='ltr'><strong>apud</strong></span> <span class='ocrx_word' id='word_1_349' title='bbox 812 2882 1253 2953; x_wconf 84' lang='lat' dir='ltr'><strong>mythographos.</strong></span> 
     </span>
    </p>
   </div>
   <div class='ocr_carea' id='block_1_49' title="bbox 479 2952 2009 3024">
    <p class='ocr_par' dir='ltr' id='par_1_49' title="bbox 479 2952 2009 3024">
     <span class='ocr_line' id='line_1_49' title="bbox 479 2952 2009 3024; baseline -0.002 -15"><span class='ocrx_word' id='word_1_350' title='bbox 479 2953 803 3009; x_wconf 86' lang='lat' dir='ltr'><strong>Sacerdotio.</strong></span> <span class='ocrx_word' id='word_1_351' title='bbox 835 2952 1057 3008; x_wconf 87' lang='lat' dir='ltr'><strong>Scilicet</strong></span> <span class='ocrx_word' id='word_1_352' title='bbox 1080 2960 1374 3024; x_wconf 77' lang='lat' dir='ltr'><strong>auguratu;</strong></span> <span class='ocrx_word' id='word_1_353' title='bbox 1396 2960 1452 3005; x_wconf 93' lang='lat' dir='ltr'><strong>ut</strong></span> <span class='ocrx_word' id='word_1_354' title='bbox 1468 2967 1631 3021; x_wconf 84' lang='lat' dir='ltr'><strong>supra</strong></span> <span class='ocrx_word' id='word_1_355' title='bbox 1650 2966 1701 3006; x_wconf 90' lang='lat' dir='ltr'><strong>c.</strong></span> <span class='ocrx_word' id='word_1_356' title='bbox 1729 2952 1818 3015; x_wconf 75' lang='lat' dir='ltr'><strong>i5.</strong></span> <span class='ocrx_word' id='word_1_357' title='bbox 1843 2967 2009 3023; x_wconf 79' lang='lat' dir='ltr'><strong>augu-</strong></span> 
     </span>
    </p>
   </div>
   <div class='ocr_carea' id='block_1_50' title="bbox 399 3023 2009 3093">
    <p class='ocr_par' dir='ltr' id='par_1_50' title="bbox 399 3023 2009 3093">
     <span class='ocr_line' id='line_1_50' title="bbox 399 3023 2009 3093; baseline -0.001 -13"><span class='ocrx_word' id='word_1_358' title='bbox 399 3024 517 3080; x_wconf 83' lang='lat' dir='ltr'><strong>rale</strong></span> <span class='ocrx_word' id='word_1_359' title='bbox 547 3024 725 3078; x_wconf 80' lang='lat' dir='ltr'><strong>habuit</strong></span> <span class='ocrx_word' id='word_1_360' title='bbox 750 3024 1108 3079; x_wconf 71' lang='lat' dir='ltr'><strong>sacerdotium.</strong></span> <span class='ocrx_word' id='word_1_361' title='bbox 1133 3023 1198 3069; x_wconf 55' lang='lat'><strong>4—</strong></span> <span class='ocrx_word' id='word_1_362' title='bbox 1229 3023 1553 3080; x_wconf 86' lang='lat' dir='ltr'><strong>Sacerdotio.</strong></span> <span class='ocrx_word' id='word_1_363' title='bbox 1580 3024 1749 3093; x_wconf 80' lang='lat' dir='ltr'><strong>Cujus</strong></span> <span class='ocrx_word' id='word_1_364' title='bbox 1777 3024 2009 3088; x_wconf 79' lang='lat' dir='ltr'><strong>dignita—</strong></span> 
     </span>
    </p>
   </div>
   <div class='ocr_carea' id='block_1_51' title="bbox 402 3094 1947 3167">
    <p class='ocr_par' dir='ltr' id='par_1_51' title="bbox 402 3094 1947 3167">
     <span class='ocr_line' id='line_1_51' title="bbox 402 3094 1947 3167; baseline -0.003 -15"><span class='ocrx_word' id='word_1_365' title='bbox 402 3105 516 3152; x_wconf 87' lang='lat' dir='ltr'><strong>tem</strong></span> <span class='ocrx_word' id='word_1_366' title='bbox 544 3095 660 3167; x_wconf 81' lang='lat' dir='ltr'><strong>ipse</strong></span> <span class='ocrx_word' id='word_1_367' title='bbox 684 3095 873 3167; x_wconf 87' lang='lat' dir='ltr'><strong>Cicero</strong></span> <span class='ocrx_word' id='word_1_368' title='bbox 899 3094 1159 3151; x_wconf 86' lang='lat' dir='ltr'><strong>describit</strong></span> <span class='ocrx_word' id='word_1_369' title='bbox 1184 3096 1274 3150; x_wconf 91' lang='lat' dir='ltr'><strong>lib.</strong></span> <span class='ocrx_word' id='word_1_370' title='bbox 1306 3111 1344 3151; x_wconf 85' lang='grc' dir='ltr'>ιι</span> <span class='ocrx_word' id='word_1_371' title='bbox 1375 3095 1528 3165; x_wconf 84' lang='lat' dir='ltr'><strong>Leg..</strong></span> <span class='ocrx_word' id='word_1_372' title='bbox 1551 3110 1671 3162; x_wconf 91' lang='lat' dir='ltr'><strong>cap.</strong></span> <span class='ocrx_word' id='word_1_373' title='bbox 1698 3094 1786 3150; x_wconf 75' lang='grc'><strong>12.</strong></span> <span class='ocrx_word' id='word_1_374' title='bbox 1812 3094 1947 3151; x_wconf 74' lang='lat' dir='ltr'><strong>Bun.</strong></span> 
     </span>
    </p>
   </div>
   <div class='ocr_carea' id='block_1_52' title="bbox 479 3166 2007 3237">
    <p class='ocr_par' dir='ltr' id='par_1_52' title="bbox 479 3166 2007 3237">
     <span class='ocr_line' id='line_1_52' title="bbox 479 3166 2007 3237; baseline -0.001 -16"><span class='ocrx_word' id='word_1_375' title='bbox 479 3166 681 3236; x_wconf 74' lang='lat' dir='ltr'><strong>Arguit.</strong></span> <span class='ocrx_word' id='word_1_376' title='bbox 717 3166 808 3223; x_wconf 88' lang='lat' dir='ltr'><strong>Sic</strong></span> <span class='ocrx_word' id='word_1_377' title='bbox 854 3167 1197 3235; x_wconf 85' lang='lat' dir='ltr'><strong>reposuimus</strong></span> <span class='ocrx_word' id='word_1_378' title='bbox 1239 3183 1305 3222; x_wconf 74' lang='lat' dir='ltr'><strong>ex</strong></span> <span class='ocrx_word' id='word_1_379' title='bbox 1350 3181 1484 3222; x_wconf 91' lang='lat' dir='ltr'><strong>mss.</strong></span> <span class='ocrx_word' id='word_1_380' title='bbox 1519 3167 1720 3237; x_wconf 78' lang='lat' dir='ltr'><strong>Regiis,</strong></span> <span class='ocrx_word' id='word_1_381' title='bbox 1752 3168 1786 3221; x_wconf 71' lang='grc'>4</span> <span class='ocrx_word' id='word_1_382' title='bbox 1825 3168 2007 3234; x_wconf 88' lang='lat' dir='ltr'><strong>Colb.,</strong></span> 
     </span>
    </p>
   </div>
   <div class='ocr_carea' id='block_1_53' title="bbox 398 3237 2012 3297">
    <p class='ocr_par' dir='ltr' id='par_1_53' title="bbox 398 3237 2012 3297">
     <span class='ocr_line' id='line_1_53' title="bbox 398 3237 2012 3297; baseline -0.001 -3"><span class='ocrx_word' id='word_1_383' title='bbox 398 3238 598 3297; x_wconf 86' lang='lat' dir='ltr'><strong>Cauc..</strong></span> <span class='ocrx_word' id='word_1_384' title='bbox 623 3237 660 3291; x_wconf 73' lang='lat'><strong>2</strong></span> <span class='ocrx_word' id='word_1_385' title='bbox 701 3237 867 3293; x_wconf 90' lang='lat' dir='ltr'><strong>Brun.</strong></span> <span class='ocrx_word' id='word_1_386' title='bbox 896 3249 952 3293; x_wconf 90' lang='lat' dir='ltr'><strong>et</strong></span> <span class='ocrx_word' id='word_1_387' title='bbox 976 3238 1136 3294; x_wconf 89' lang='lat' dir='ltr'><strong>editis</strong></span> <span class='ocrx_word' id='word_1_388' title='bbox 1163 3238 1330 3294; x_wconf 85' lang='lat' dir='ltr'><strong>Torn.</strong></span> <span class='ocrx_word' id='word_1_389' title='bbox 1374 3248 1430 3294; x_wconf 89' lang='lat' dir='ltr'><strong>et</strong></span> <span class='ocrx_word' id='word_1_390' title='bbox 1466 3237 1679 3294; x_wconf 85' lang='lat' dir='ltr'><strong>Walcb.</strong></span> <span class='ocrx_word' id='word_1_391' title='bbox 1726 3238 1785 3296; x_wconf 78' lang='lat' dir='ltr'><strong>in</strong></span> <span class='ocrx_word' id='word_1_392' title='bbox 1827 3239 2012 3294; x_wconf 88' lang='lat' dir='ltr'><strong>multis</strong></span> 
     </span>
    </p>
   </div>
   <div class='ocr_carea' id='block_1_54' title="bbox 400 3310 831 3381">
    <p class='ocr_par' dir='ltr' id='par_1_54' title="bbox 400 3310 831 3381">
     <span class='ocr_line' id='line_1_54' title="bbox 400 3310 831 3381; baseline -0.009 -15"><span class='ocrx_word' id='word_1_393' title='bbox 400 3318 515 3373; x_wconf 84' lang='lat' dir='ltr'><strong>est,</strong></span> <span class='ocrx_word' id='word_1_394' title='bbox 548 3310 831 3381; x_wconf 79' lang='lat' dir='ltr'><strong>redarguit.</strong></span> 
     </span>
    </p>
   </div>
   <div class='ocr_carea' id='block_1_55' title="bbox 478 3400 1935 3472">
    <p class='ocr_par' dir='ltr' id='par_1_55' title="bbox 478 3400 1935 3472">
     <span class='ocr_line' id='line_1_55' title="bbox 478 3400 1935 3472; baseline 0 -17"><span class='ocrx_word' id='word_1_395' title='bbox 478 3400 635 3455; x_wconf 87' lang='lat' dir='ltr'><strong>Liber</strong></span> <span class='ocrx_word' id='word_1_396' title='bbox 659 3400 857 3472; x_wconf 87' lang='lat' dir='ltr'><strong>tertius.</strong></span> <span class='ocrx_word' id='word_1_397' title='bbox 881 3400 1035 3455; x_wconf 87' lang='lat' dir='ltr'><strong>Cotta</strong></span> <span class='ocrx_word' id='word_1_398' title='bbox 1063 3400 1306 3472; x_wconf 77' lang='lat' dir='ltr'><strong>Pontifex</strong></span> <span class='ocrx_word' id='word_1_399' title='bbox 1339 3401 1391 3455; x_wconf 89' lang='lat' dir='ltr'><strong>in</strong></span> <span class='ocrx_word' id='word_1_400' title='bbox 1421 3412 1488 3457; x_wconf 89' lang='lat' dir='ltr'><strong>eo</strong></span> <span class='ocrx_word' id='word_1_401' title='bbox 1513 3401 1651 3457; x_wconf 92' lang='lat' dir='ltr'><strong>libro</strong></span> <span class='ocrx_word' id='word_1_402' title='bbox 1680 3400 1935 3472; x_wconf 78' lang='lat' dir='ltr'><strong>loquitur.</strong></span> 
     </span>
    </p>
   </div>
   <div class='ocr_carea' id='block_1_56' title="bbox 481 3470 2008 3541">
    <p class='ocr_par' dir='ltr' id='par_1_56' title="bbox 481 3470 2008 3541">
     <span class='ocr_line' id='line_1_56' title="bbox 481 3470 2008 3541; baseline 0.001 -14"><span class='ocrx_word' id='word_1_403' title='bbox 481 3472 570 3527; x_wconf 79' lang='lat' dir='ltr'><strong>Ait</strong></span> <span class='ocrx_word' id='word_1_404' title='bbox 603 3473 736 3527; x_wconf 85' lang='lat' dir='ltr'><strong>enim</strong></span> <span class='ocrx_word' id='word_1_405' title='bbox 781 3471 1004 3538; x_wconf 74' lang='lat' dir='ltr'><strong>facilius.</strong></span> <span class='ocrx_word' id='word_1_406' title='bbox 1048 3471 1224 3528; x_wconf 88' lang='lat' dir='ltr'><strong>Credo</strong></span> <span class='ocrx_word' id='word_1_407' title='bbox 1261 3473 1567 3541; x_wconf 78' lang='lat' dir='ltr'><strong>respexisse</strong></span> <span class='ocrx_word' id='word_1_408' title='bbox 1604 3473 1670 3527; x_wconf 87' lang='lat' dir='ltr'><strong>ad</strong></span> <span class='ocrx_word' id='word_1_409' title='bbox 1695 3470 1810 3529; x_wconf 88' lang='lat' dir='ltr'><strong>Cic.</strong></span> <span class='ocrx_word' id='word_1_410' title='bbox 1844 3470 2008 3529; x_wconf 83' lang='lat' dir='ltr'><strong>tNat.</strong></span> 
     </span>
    </p>
   </div>
   <div class='ocr_carea' id='block_1_57' title="bbox 401 3542 2012 3615">
    <p class='ocr_par' dir='ltr' id='par_1_57' title="bbox 401 3542 2012 3615">
     <span class='ocr_line' id='line_1_57' title="bbox 401 3542 2012 3615; baseline -0.001 -15"><span class='ocrx_word' id='word_1_411' title='bbox 401 3543 723 3613; x_wconf 84' lang='lat' dir='ltr'><strong>deor.,cap.</strong></span> <span class='ocrx_word' id='word_1_412' title='bbox 751 3542 845 3606; x_wconf 70' lang='lat' dir='ltr'><strong>2i,</strong></span> <span class='ocrx_word' id='word_1_413' title='bbox 872 3543 965 3598; x_wconf 88' lang='lat' dir='ltr'><strong>lin.</strong></span> <span class='ocrx_word' id='word_1_414' title='bbox 995 3561 1007 3597; x_wconf 77' lang='grc' dir='ltr'>ε</span> <span class='ocrx_word' id='word_1_415' title='bbox 1039 3542 1177 3612; x_wconf 82' lang='lat' dir='ltr'><strong>Quid</strong></span> <span class='ocrx_word' id='word_1_416' title='bbox 1202 3559 1304 3598; x_wconf 87' lang='lat' dir='ltr'><strong>non</strong></span> <span class='ocrx_word' id='word_1_417' title='bbox 1330 3545 1395 3598; x_wconf 87' lang='lat' dir='ltr'><strong>sit</strong></span> <span class='ocrx_word' id='word_1_418' title='bbox 1415 3545 1586 3611; x_wconf 83' lang='lat' dir='ltr'><strong>citius,</strong></span> <span class='ocrx_word' id='word_1_419' title='bbox 1609 3560 1763 3615; x_wconf 85' lang='lat' dir='ltr'><strong>quam</strong></span> <span class='ocrx_word' id='word_1_420' title='bbox 1782 3546 1907 3610; x_wconf 88' lang='lat' dir='ltr'><strong>quid</strong></span> <span class='ocrx_word' id='word_1_421' title='bbox 1926 3550 2012 3612; x_wconf 85' lang='lat' dir='ltr'><strong>sit,</strong></span> 
     </span>
    </p>
   </div>
   <div class='ocr_carea' id='block_1_58' title="bbox 403 3614 2015 3740">
    <p class='ocr_par' dir='ltr' id='par_1_58' title="bbox 403 3614 2015 3740">
     <span class='ocr_line' id='line_1_58' title="bbox 403 3614 2015 3740; baseline 0.001 -70"><span class='ocrx_word' id='word_1_422' title='bbox 403 3616 664 3680; x_wconf 73' lang='lat' dir='ltr'><strong>dixerim;</strong></span> <span class='ocrx_word' id='word_1_423' title='bbox 691 3626 746 3671; x_wconf 90' lang='lat' dir='ltr'><strong>et</strong></span> <span class='ocrx_word' id='word_1_424' title='bbox 772 3615 826 3669; x_wconf 91' lang='lat' dir='ltr'><strong>in</strong></span> <span class='ocrx_word' id='word_1_425' title='bbox 856 3615 1085 3685; x_wconf 81' lang='lat' dir='ltr'><strong>princip.</strong></span> <span class='ocrx_word' id='word_1_426' title='bbox 1120 3615 1250 3670; x_wconf 89' lang='lat' dir='ltr'><strong>ibid.</strong></span> <span class='ocrx_word' id='word_1_427' title='bbox 1280 3631 1295 3671; x_wconf 91' lang='lat'><strong>:</strong></span> <span class='ocrx_word' id='word_1_428' title='bbox 1331 3614 1464 3669; x_wconf 81' lang='lat' dir='ltr'><strong>Mihi</strong></span> <span class='ocrx_word' id='word_1_429' title='bbox 1490 3630 1591 3670; x_wconf 88' lang='lat' dir='ltr'><strong>non</strong></span> <span class='ocrx_word' id='word_1_430' title='bbox 1624 3614 1736 3668; x_wconf 83' lang='lat' dir='ltr'><strong>tam</strong></span> <span class='ocrx_word' id='word_1_431' title='bbox 1749 3617 1927 3740; x_wconf 58' lang='lat' dir='ltr'><strong>Jacile</strong></span> <span class='ocrx_word' id='word_1_432' title='bbox 1960 3617 2015 3671; x_wconf 85' lang='lat' dir='ltr'><strong>in</strong></span> 
     </span>
     <span class='ocr_line' id='line_1_59' title="bbox 403 3684 2014 3740; baseline 0 0"><span class='ocrx_word' id='word_1_433' title='bbox 403 3698 628 3740; x_wconf 82' lang='lat' dir='ltr'><strong>mentem</strong></span> <span class='ocrx_word' id='word_1_434' title='bbox 667 3686 837 3740; x_wconf 77' lang='lat' dir='ltr'><strong>venire</strong></span> <span class='ocrx_word' id='word_1_435' title='bbox 886 3687 1043 3740; x_wconf 85' lang='lat' dir='ltr'><strong>solet.</strong></span> <span class='ocrx_word' id='word_1_436' title='bbox 1072 3702 1229 3740; x_wconf 84' lang='lat' dir='ltr'><strong>auare</strong></span> <span class='ocrx_word' id='word_1_437' title='bbox 1269 3702 1442 3740; x_wconf 80' lang='lat' dir='ltr'><strong>verum</strong></span> <span class='ocrx_word' id='word_1_438' title='bbox 1482 3684 1546 3740; x_wconf 65' lang='lat' dir='ltr'><strong>sit</strong></span> <span class='ocrx_word' id='word_1_439' title='bbox 1587 3687 1745 3740; x_wconf 88' lang='lat' dir='ltr'><strong>aliaui</strong></span> <span class='ocrx_word' id='word_1_440' title='bbox 1807 3728 1821 3740; x_wconf 93' lang='lat'><strong>.</strong></span> <span class='ocrx_word' id='word_1_441' title='bbox 1862 3702 2014 3740; x_wconf 84' lang='lat' dir='ltr'><strong>ouant</strong></span> 
     </span>
    </p>
   </div>
   <div class='ocr_carea' id='block_1_59' title="bbox 402 3684 2014 3757">
    <p class='ocr_par' dir='ltr' id='par_1_59' title="bbox 402 3684 2014 3757">
     <span class='ocr_line' id='line_1_60' title="bbox 402 3684 2014 3757; baseline 0 -15"><span class='ocrx_word' id='word_1_442' title='bbox 402 3698 628 3742; x_wconf 84' lang='lat' dir='ltr'><strong>mentem</strong></span> <span class='ocrx_word' id='word_1_443' title='bbox 667 3686 837 3741; x_wconf 75' lang='lat' dir='ltr'><strong>venire</strong></span> <span class='ocrx_word' id='word_1_444' title='bbox 860 3684 1043 3757; x_wconf 67' lang='lat' dir='ltr'><strong>solet,</strong></span> <span class='ocrx_word' id='word_1_445' title='bbox 1072 3702 1229 3757; x_wconf 80' lang='lat' dir='ltr'><strong>quare</strong></span> <span class='ocrx_word' id='word_1_446' title='bbox 1269 3702 1442 3741; x_wconf 78' lang='lat' dir='ltr'><strong>verum</strong></span> <span class='ocrx_word' id='word_1_447' title='bbox 1482 3684 1546 3740; x_wconf 65' lang='lat' dir='ltr'><strong>sit</strong></span> <span class='ocrx_word' id='word_1_448' title='bbox 1587 3684 1784 3757; x_wconf 85' lang='lat' dir='ltr'><strong>aliquid</strong></span> <span class='ocrx_word' id='word_1_449' title='bbox 1807 3728 1821 3752; x_wconf 93' lang='lat'><strong>,</strong></span> <span class='ocrx_word' id='word_1_450' title='bbox 1862 3702 2014 3757; x_wconf 82' lang='lat' dir='ltr'><strong>quant</strong></span> 
     </span>
    </p>
   </div>
   <div class='ocr_carea' id='block_1_60' title="bbox 404 3756 2009 3831">
    <p class='ocr_par' dir='ltr' id='par_1_60' title="bbox 404 3756 2009 3831">
     <span class='ocr_line' id='line_1_61' title="bbox 404 3756 2009 3831; baseline 0.001 -19"><span class='ocrx_word' id='word_1_451' title='bbox 404 3774 569 3831; x_wconf 67' lang='lat' dir='ltr'><strong>quare</strong></span> <span class='ocrx_word' id='word_1_452' title='bbox 595 3759 805 3831; x_wconf 73' lang='lat' dir='ltr'><strong>(uisant.</strong></span> <span class='ocrx_word' id='word_1_453' title='bbox 828 3757 987 3831; x_wconf 76' lang='lat' dir='ltr'><strong>Conf.</strong></span> <span class='ocrx_word' id='word_1_454' title='bbox 1009 3756 1124 3813; x_wconf 88' lang='lat' dir='ltr'><strong>Cic.</strong></span> <span class='ocrx_word' id='word_1_455' title='bbox 1151 3772 1186 3812; x_wconf 92' lang='lat' dir='ltr'><strong>n</strong></span> <span class='ocrx_word' id='word_1_456' title='bbox 1214 3757 1334 3831; x_wconf 77' lang='lat' dir='ltr'><strong>Nat.</strong></span> <span class='ocrx_word' id='word_1_457' title='bbox 1355 3758 1510 3831; x_wconf 74' lang='lat' dir='ltr'><strong>deor.</strong></span> <span class='ocrx_word' id='word_1_458' title='bbox 1539 3756 1701 3826; x_wconf 76' lang='lat' dir='ltr'><strong>cap.i</strong></span> <span class='ocrx_word' id='word_1_459' title='bbox 1720 3798 1735 3827; x_wconf 92' lang='lat'><strong>,</strong></span> <span class='ocrx_word' id='word_1_460' title='bbox 1766 3769 1822 3814; x_wconf 90' lang='lat' dir='ltr'><strong>et</strong></span> <span class='ocrx_word' id='word_1_461' title='bbox 1856 3756 2009 3815; x_wconf 90' lang='lat' dir='ltr'><strong>Lact.</strong></span> 
     </span>
    </p>
   </div>
   <div class='ocr_carea' id='block_1_61' title="bbox 405 3826 1633 3900">
    <p class='ocr_par' dir='ltr' id='par_1_61' title="bbox 405 3826 1633 3900">
     <span class='ocr_line' id='line_1_62' title="bbox 405 3826 1633 3900; baseline -0.002 -14"><span class='ocrx_word' id='word_1_462' title='bbox 405 3826 506 3887; x_wconf 81' lang='lat' dir='ltr'><strong>lib.</strong></span> <span class='ocrx_word' id='word_1_463' title='bbox 538 3826 606 3897; x_wconf 68' lang='lat' dir='ltr'><strong>n,</strong></span> <span class='ocrx_word' id='word_1_464' title='bbox 623 3843 744 3900; x_wconf 83' lang='lat' dir='ltr'><strong>cap.</strong></span> <span class='ocrx_word' id='word_1_465' title='bbox 774 3830 828 3885; x_wconf 74' lang='grc' dir='ltr'><strong>ὅ.</strong></span> <span class='ocrx_word' id='word_1_466' title='bbox 861 3830 935 3884; x_wconf 83' lang='lat' dir='ltr'><strong>De</strong></span> <span class='ocrx_word' id='word_1_467' title='bbox 956 3829 1061 3896; x_wconf 86' lang='lat' dir='ltr'><strong>ira,</strong></span> <span class='ocrx_word' id='word_1_468' title='bbox 1085 3843 1205 3900; x_wconf 86' lang='lat' dir='ltr'><strong>cap.</strong></span> <span class='ocrx_word' id='word_1_469' title='bbox 1242 3829 1329 3883; x_wconf 77' lang='lat' dir='ltr'><strong>ll.</strong></span> <span class='ocrx_word' id='word_1_470' title='bbox 1355 3826 1633 3886; x_wconf 68' lang='lat' dir='ltr'><strong>Bonum.</strong></span> 
     </span>
    </p>
   </div>
   <div class='ocr_carea' id='block_1_62' title="bbox 485 3900 2016 3972">
    <p class='ocr_par' dir='ltr' id='par_1_62' title="bbox 485 3900 2016 3972">
     <span class='ocr_line' id='line_1_63' title="bbox 485 3900 2016 3972; baseline 0 -15"><span class='ocrx_word' id='word_1_471' title='bbox 485 3901 561 3957; x_wconf 85' lang='lat' dir='ltr'><strong>Se</strong></span> <span class='ocrx_word' id='word_1_472' title='bbox 580 3916 745 3971; x_wconf 74' lang='lat' dir='ltr'><strong>posse.</strong></span> <span class='ocrx_word' id='word_1_473' title='bbox 775 3901 1009 3956; x_wconf 77' lang='lat' dir='ltr'><strong>iteimrn.</strong></span> <span class='ocrx_word' id='word_1_474' title='bbox 1032 3917 1179 3971; x_wconf 80' lang='lat' dir='ltr'><strong>posse</strong></span> <span class='ocrx_word' id='word_1_475' title='bbox 1199 3914 1272 3967; x_wconf 85' lang='lat' dir='ltr'><strong>se,</strong></span> <span class='ocrx_word' id='word_1_476' title='bbox 1290 3908 1445 3972; x_wconf 82' lang='lat' dir='ltr'><strong>grato</strong></span> <span class='ocrx_word' id='word_1_477' title='bbox 1464 3900 1714 3956; x_wconf 87' lang='lat' dir='ltr'><strong>Ciceroni</strong></span> <span class='ocrx_word' id='word_1_478' title='bbox 1740 3910 1794 3957; x_wconf 87' lang='lat' dir='ltr'><strong>et</strong></span> <span class='ocrx_word' id='word_1_479' title='bbox 1824 3907 2016 3958; x_wconf 89' lang='lat' dir='ltr'><strong>nostro</strong></span> 
     </span>
    </p>
   </div>
   <div class='ocr_carea' id='block_1_63' title="bbox 403 3973 879 4029">
    <p class='ocr_par' dir='ltr' id='par_1_63' title="bbox 403 3973 879 4029">
     <span class='ocr_line' id='line_1_64' title="bbox 403 3973 879 4029; baseline -0.008 0"><span class='ocrx_word' id='word_1_480' title='bbox 403 3987 570 4029; x_wconf 77' lang='lat' dir='ltr'><strong>seno.</strong></span> <span class='ocrx_word' id='word_1_481' title='bbox 600 3973 879 4028; x_wconf 67' lang='lat' dir='ltr'><strong>Bonum.</strong></span> 
     </span>
    </p>
   </div>
   <div class='ocr_carea' id='block_1_64' title="bbox 408 4040 2013 4172">
    <p class='ocr_par' dir='ltr' id='par_1_64' title="bbox 408 4040 2013 4172">
     <span class='ocr_line' id='line_1_65' title="bbox 408 4040 2013 4172; baseline -0.001 -74"><span class='ocrx_word' id='word_1_482' title='bbox 408 4043 627 4172; x_wconf 68' lang='lat' dir='ltr'><strong>ﬁnVera</strong></span> <span class='ocrx_word' id='word_1_483' title='bbox 672 4045 889 4099; x_wconf 79' lang='lat' dir='ltr'><strong>nescire.</strong></span> <span class='ocrx_word' id='word_1_484' title='bbox 932 4043 1006 4098; x_wconf 84' lang='lat' dir='ltr'><strong>Ita</strong></span> <span class='ocrx_word' id='word_1_485' title='bbox 1054 4040 1168 4098; x_wconf 88' lang='lat' dir='ltr'><strong>Cic.</strong></span> <span class='ocrx_word' id='word_1_486' title='bbox 1211 4042 1326 4100; x_wconf 77' lang='lat' dir='ltr'><strong>ide</strong></span> <span class='ocrx_word' id='word_1_487' title='bbox 1368 4042 1570 4099; x_wconf 84' lang='lat' dir='ltr'><strong>Natura</strong></span> <span class='ocrx_word' id='word_1_488' title='bbox 1616 4042 1840 4101; x_wconf 88' lang='lat' dir='ltr'><strong>deorum</strong></span> <span class='ocrx_word' id='word_1_489' title='bbox 1871 4047 2013 4100; x_wconf 88' lang='lat' dir='ltr'><strong>circa</strong></span> 
     </span>
     <span class='ocr_line' id='line_1_66' title="bbox 490 4131 599 4170; baseline 0 -1"><span class='ocrx_word' id='word_1_490' title='bbox 490 4131 599 4170; x_wconf 86' lang='lat' dir='ltr'><strong>em.</strong></span> 
     </span>
    </p>
   </div>
   <div class='ocr_carea' id='block_1_65' title="bbox 490 4131 599 4170">
    <p class='ocr_par' dir='ltr' id='par_1_65' title="bbox 490 4131 599 4170">
     <span class='ocr_line' id='line_1_67' title="bbox 490 4131 599 4170; baseline 0 -1"><span class='ocrx_word' id='word_1_491' title='bbox 490 4131 599 4170; x_wconf 86' lang='lat' dir='ltr'><strong>em.</strong></span> 
     </span>
    </p>
   </div>
   <div class='ocr_carea' id='block_1_66' title="bbox 482 4185 2017 4257">
    <p class='ocr_par' dir='ltr' id='par_1_66' title="bbox 482 4185 2017 4257">
     <span class='ocr_line' id='line_1_68' title="bbox 482 4185 2017 4257; baseline -0.002 -14"><span class='ocrx_word' id='word_1_492' title='bbox 482 4186 650 4243; x_wconf 71' lang='lat' dir='ltr'><strong>Certa</strong></span> <span class='ocrx_word' id='word_1_493' title='bbox 676 4187 927 4256; x_wconf 74' lang='lat' dir='ltr'><strong>imagines</strong></span> <span class='ocrx_word' id='word_1_494' title='bbox 955 4185 1295 4257; x_wconf 80' lang='lat' dir='ltr'><strong>singulorum.</strong></span> <span class='ocrx_word' id='word_1_495' title='bbox 1323 4185 1766 4257; x_wconf 9' lang='lat' dir='ltr'><strong>ltagrestituimns</strong></span> <span class='ocrx_word' id='word_1_496' title='bbox 1786 4200 1853 4242; x_wconf 84' lang='lat' dir='ltr'><strong>ex</strong></span> <span class='ocrx_word' id='word_1_497' title='bbox 1876 4186 2017 4241; x_wconf 90' lang='lat' dir='ltr'><strong>anti-</strong></span> 
     </span>
    </p>
   </div>
   <div class='ocr_carea' id='block_1_67' title="bbox 404 4255 2019 4328">
    <p class='ocr_par' dir='ltr' id='par_1_67' title="bbox 404 4255 2019 4328">
     <span class='ocr_line' id='line_1_69' title="bbox 404 4255 2019 4328; baseline 0 -16"><span class='ocrx_word' id='word_1_498' title='bbox 404 4260 535 4328; x_wconf 83' lang='lat' dir='ltr'><strong>quis</strong></span> <span class='ocrx_word' id='word_1_499' title='bbox 565 4273 698 4315; x_wconf 86' lang='lat' dir='ltr'><strong>mss.</strong></span> <span class='ocrx_word' id='word_1_500' title='bbox 725 4255 1014 4314; x_wconf 36' lang='lat' dir='ltr'><strong>et’cnnetis</strong></span> <span class='ocrx_word' id='word_1_501' title='bbox 1040 4255 1178 4327; x_wconf 80' lang='lat' dir='ltr'><strong>pene</strong></span> <span class='ocrx_word' id='word_1_502' title='bbox 1202 4257 1383 4313; x_wconf 89' lang='lat' dir='ltr'><strong>editis.</strong></span> <span class='ocrx_word' id='word_1_503' title='bbox 1412 4255 1471 4313; x_wconf 85' lang='lat' dir='ltr'><strong>In</strong></span> <span class='ocrx_word' id='word_1_504' title='bbox 1508 4258 1783 4313; x_wconf 84' lang='lat' dir='ltr'><strong>nonnullis</strong></span> <span class='ocrx_word' id='word_1_505' title='bbox 1828 4272 2019 4313; x_wconf 88' lang='lat' dir='ltr'><strong>recen-</strong></span> 
     </span>
    </p>
   </div>
   <div class='ocr_carea' id='block_1_68' title="bbox 409 4332 941 4386">
    <p class='ocr_par' dir='ltr' id='par_1_68' title="bbox 409 4332 941 4386">
     <span class='ocr_line' id='line_1_70' title="bbox 409 4332 941 4386; baseline -0.002 -1"><span class='ocrx_word' id='word_1_506' title='bbox 409 4332 645 4386; x_wconf 86' lang='lat' dir='ltr'><strong>tioribus</strong></span> <span class='ocrx_word' id='word_1_507' title='bbox 675 4339 761 4386; x_wconf 90' lang='lat' dir='ltr'><strong>est</strong></span> <span class='ocrx_word' id='word_1_508' title='bbox 786 4338 941 4384; x_wconf 87' lang='lat' dir='ltr'><strong>certe.</strong></span> 
     </span>
    </p>
   </div>
   <div class='ocr_carea' id='block_1_69' title="bbox 487 4395 2019 4469">
    <p class='ocr_par' dir='ltr' id='par_1_69' title="bbox 487 4395 2019 4469">
     <span class='ocr_line' id='line_1_71' title="bbox 487 4395 2019 4469; baseline -0.001 -13"><span class='ocrx_word' id='word_1_509' title='bbox 487 4402 788 4457; x_wconf 82' lang='lat' dir='ltr'><strong>Simulacra</strong></span> <span class='ocrx_word' id='word_1_510' title='bbox 838 4416 1031 4455; x_wconf 82' lang='lat' dir='ltr'><strong>eorum.</strong></span> <span class='ocrx_word' id='word_1_511' title='bbox 1084 4398 1174 4455; x_wconf 86' lang='lat' dir='ltr'><strong>Sic</strong></span> <span class='ocrx_word' id='word_1_512' title='bbox 1222 4399 1438 4469; x_wconf 79' lang='lat' dir='ltr'><strong>reposui</strong></span> <span class='ocrx_word' id='word_1_513' title='bbox 1491 4412 1559 4453; x_wconf 83' lang='lat' dir='ltr'><strong>ex</strong></span> <span class='ocrx_word' id='word_1_514' title='bbox 1607 4399 1857 4455; x_wconf 86' lang='lat' dir='ltr'><strong>omnibus</strong></span> <span class='ocrx_word' id='word_1_515' title='bbox 1908 4395 2019 4455; x_wconf 81' lang='lat' dir='ltr'><strong>fere</strong></span> 
     </span>
    </p>
   </div>
   <div class='ocr_carea' id='block_1_70' title="bbox 410 4470 2096 4543">
    <p class='ocr_par' dir='ltr' id='par_1_70' title="bbox 410 4470 2096 4543">
     <span class='ocr_line' id='line_1_72' title="bbox 410 4470 2096 4543; baseline -0.003 -15"><span class='ocrx_word' id='word_1_516' title='bbox 410 4488 549 4528; x_wconf 86' lang='lat' dir='ltr'><strong>mss.</strong></span> <span class='ocrx_word' id='word_1_517' title='bbox 582 4483 636 4526; x_wconf 86' lang='lat' dir='ltr'><strong>et</strong></span> <span class='ocrx_word' id='word_1_518' title='bbox 659 4474 693 4528; x_wconf 78' lang='grc'><strong>5</strong></span> <span class='ocrx_word' id='word_1_519' title='bbox 720 4471 899 4527; x_wconf 90' lang='lat' dir='ltr'><strong>editis.</strong></span> <span class='ocrx_word' id='word_1_520' title='bbox 931 4472 987 4526; x_wconf 89' lang='lat' dir='ltr'><strong>in</strong></span> <span class='ocrx_word' id='word_1_521' title='bbox 1017 4471 1227 4527; x_wconf 72' lang='lat' dir='ltr'><strong>caeteris</strong></span> <span class='ocrx_word' id='word_1_522' title='bbox 1250 4471 1548 4543; x_wconf 83' lang='lat' dir='ltr'><strong>impressis,</strong></span> <span class='ocrx_word' id='word_1_523' title='bbox 1570 4481 1623 4526; x_wconf 92' lang='lat' dir='ltr'><strong>et</strong></span> <span class='ocrx_word' id='word_1_524' title='bbox 1647 4470 1681 4543; x_wconf 87' lang='lat'><strong>8</strong></span> <span class='ocrx_word' id='word_1_525' title='bbox 1706 4484 1865 4525; x_wconf 89' lang='lat' dir='ltr'><strong>manu</strong></span> <span class='ocrx_word' id='word_1_526' title='bbox 1892 4484 2017 4525; x_wconf 82' lang='lat' dir='ltr'><strong>exa-</strong></span> <span class='ocrx_word' id='word_1_527' title='bbox 2045 4483 2096 4542; x_wconf 82' lang='grc' dir='ltr'><strong>ι)</strong></span> 
     </span>
    </p>
   </div>
   <div class='ocr_carea' id='block_1_71' title="bbox 410 4541 2016 4626">
    <p class='ocr_par' dir='ltr' id='par_1_71' title="bbox 410 4541 2016 4626">
     <span class='ocr_line' id='line_1_73' title="bbox 410 4541 2016 4626; baseline -0.002 -26"><span class='ocrx_word' id='word_1_528' title='bbox 410 4545 553 4626; x_wconf 70' lang='lat' dir='ltr'><strong>ratis</strong></span> <span class='ocrx_word' id='word_1_529' title='bbox 581 4558 690 4599; x_wconf 90' lang='lat' dir='ltr'><strong>rec.</strong></span> <span class='ocrx_word' id='word_1_530' title='bbox 724 4559 822 4614; x_wconf 89' lang='lat' dir='ltr'><strong>pro</strong></span> <span class='ocrx_word' id='word_1_531' title='bbox 850 4560 1023 4598; x_wconf 87' lang='lat' dir='ltr'><strong>eorum</strong></span> <span class='ocrx_word' id='word_1_532' title='bbox 1056 4552 1139 4598; x_wconf 82' lang='lat' dir='ltr'><strong>est</strong></span> <span class='ocrx_word' id='word_1_533' title='bbox 1162 4541 1504 4613; x_wconf 79' lang='lat' dir='ltr'><strong>singulorum,</strong></span> <span class='ocrx_word' id='word_1_534' title='bbox 1544 4541 1687 4613; x_wconf 86' lang='lat' dir='ltr'><strong>quod</strong></span> <span class='ocrx_word' id='word_1_535' title='bbox 1724 4556 1845 4597; x_wconf 82' lang='lat' dir='ltr'><strong>mox</strong></span> <span class='ocrx_word' id='word_1_536' title='bbox 1876 4556 2016 4612; x_wconf 73' lang='lat' dir='ltr'><strong>prte-</strong></span> 
     </span>
    </p>
   </div>
   <div class='ocr_carea' id='block_1_72' title="bbox 409 4626 2021 4758">
    <p class='ocr_par' dir='ltr' id='par_1_72' title="bbox 409 4626 2021 4758">
     <span class='ocr_line' id='line_1_74' title="bbox 409 4626 2021 4758; baseline -0.002 -17"><span class='ocrx_word' id='word_1_537' title='bbox 409 4626 843 4758; x_wconf 47' lang='lat' dir='ltr'><strong>maliti/igua“.</strong></span> <span class='ocrx_word' id='word_1_538' title='bbox 866 4685 1013 4758; x_wconf 80' lang='lat' dir='ltr'><strong>Lact.</strong></span> <span class='ocrx_word' id='word_1_539' title='bbox 1034 4684 1126 4740; x_wconf 89' lang='lat' dir='ltr'><strong>lib.</strong></span> <span class='ocrx_word' id='word_1_540' title='bbox 1158 4698 1254 4751; x_wconf 84' lang='lat' dir='ltr'><strong>vn,</strong></span> <span class='ocrx_word' id='word_1_541' title='bbox 1284 4700 1406 4758; x_wconf 77' lang='lat' dir='ltr'><strong>cap.</strong></span> <span class='ocrx_word' id='word_1_542' title='bbox 1436 4684 1628 4758; x_wconf 62' lang='lat' dir='ltr'><strong>lt._Hac</strong></span> <span class='ocrx_word' id='word_1_543' title='bbox 1655 4682 1827 4739; x_wconf 87' lang='lat' dir='ltr'><strong>forma</strong></span> <span class='ocrx_word' id='word_1_544' title='bbox 1857 4682 2021 4758; x_wconf 82' lang='lat' dir='ltr'><strong>etiam</strong></span> 
     </span>
    </p>
   </div>
   <div class='ocr_carea' id='block_1_73' title="bbox 412 4754 2017 4829">
    <p class='ocr_par' dir='ltr' id='par_1_73' title="bbox 412 4754 2017 4829">
     <span class='ocr_line' id='line_1_75' title="bbox 412 4754 2017 4829; baseline -0.001 -16"><span class='ocrx_word' id='word_1_545' title='bbox 412 4754 745 4829; x_wconf 57' lang='lat' dir='ltr'><strong>fl‘ertnltido</strong></span> <span class='ocrx_word' id='word_1_546' title='bbox 773 4756 990 4825; x_wconf 74' lang='lat' dir='ltr'><strong>Auitus,</strong></span> <span class='ocrx_word' id='word_1_547' title='bbox 1019 4769 1138 4829; x_wconf 85' lang='lat' dir='ltr'><strong>esp.</strong></span> <span class='ocrx_word' id='word_1_548' title='bbox 1166 4758 1259 4824; x_wconf 48' lang='grc' dir='ltr'><strong>δὴ</strong></span> <span class='ocrx_word' id='word_1_549' title='bbox 1286 4754 1750 4824; x_wconf 79' lang='lat' dir='ltr'><strong>Gell.,Noct.Att.</strong></span> <span class='ocrx_word' id='word_1_550' title='bbox 1775 4770 1872 4822; x_wconf 70' lang='grc' dir='ltr'><strong>ιιι,</strong></span> <span class='ocrx_word' id='word_1_551' title='bbox 1893 4772 1942 4812; x_wconf 93' lang='lat' dir='ltr'><strong>c.</strong></span> <span class='ocrx_word' id='word_1_552' title='bbox 1966 4754 2017 4811; x_wconf 86' lang='lat' dir='ltr'><strong>l.</strong></span> 
     </span>
    </p>
   </div>
   <div class='ocr_carea' id='block_1_74' title="bbox 412 4828 1876 4970">
    <p class='ocr_par' dir='ltr' id='par_1_74' title="bbox 412 4828 1876 4970">
     <span class='ocr_line' id='line_1_76' title="bbox 412 4828 1093 4885; baseline -0.01 1"><span class='ocrx_word' id='word_1_553' title='bbox 412 4828 702 4885; x_wconf 71' lang='lat' dir='ltr'><strong>BDNBIAN.</strong></span> <span class='ocrx_word' id='word_1_554' title='bbox 1088 4828 1093 4829; x_wconf 56' lang='lat'><em>&#39;</em></span> 
     </span>
     <span class='ocr_line' id='line_1_77' title="bbox 495 4896 1876 4970; baseline -0.002 -15"><span class='ocrx_word' id='word_1_555' title='bbox 495 4901 662 4964; x_wconf 71' lang='lat' dir='ltr'><strong>lora,</strong></span> <span class='ocrx_word' id='word_1_556' title='bbox 689 4910 795 4956; x_wconf 88' lang='lat' dir='ltr'><strong>etc.</strong></span> <span class='ocrx_word' id='word_1_557' title='bbox 827 4900 1060 4968; x_wconf 81' lang='lat' dir='ltr'><strong>Quintus</strong></span> <span class='ocrx_word' id='word_1_558' title='bbox 1087 4900 1236 4955; x_wconf 80' lang='lat' dir='ltr'><strong>Curi.</strong></span> <span class='ocrx_word' id='word_1_559' title='bbox 1266 4899 1360 4953; x_wconf 89' lang='lat' dir='ltr'><strong>lib.</strong></span> <span class='ocrx_word' id='word_1_560' title='bbox 1392 4913 1521 4969; x_wconf 83' lang='lat' dir='ltr'><strong>vttl,</strong></span> <span class='ocrx_word' id='word_1_561' title='bbox 1547 4912 1668 4970; x_wconf 86' lang='lat' dir='ltr'><strong>cap.</strong></span> <span class='ocrx_word' id='word_1_562' title='bbox 1701 4899 1759 4965; x_wconf 71' lang='grc'><strong>4,</strong></span> <span class='ocrx_word' id='word_1_563' title='bbox 1790 4896 1876 4955; x_wconf 70' lang='lat' dir='ltr'><strong>ts.</strong></span> 
     </span>
    </p>
   </div>
   <div class='ocr_carea' id='block_1_75' title="bbox 493 4969 2018 5063">
    <p class='ocr_par' dir='ltr' id='par_1_75' title="bbox 493 4969 2018 5063">
     <span class='ocr_line' id='line_1_78' title="bbox 493 4969 2018 5063; baseline -0.001 -36"><span class='ocrx_word' id='word_1_564' title='bbox 493 4971 598 5055; x_wconf 65' lang='lat' dir='ltr'><strong>isis</strong></span> <span class='ocrx_word' id='word_1_565' title='bbox 616 4973 792 5063; x_wconf 45' lang='lat' dir='ltr'><strong>litium</strong></span> <span class='ocrx_word' id='word_1_566' title='bbox 819 4972 1060 5045; x_wconf 82' lang='lat' dir='ltr'><strong>perdidit.</strong></span> <span class='ocrx_word' id='word_1_567' title='bbox 1090 4971 1310 5028; x_wconf 84' lang='lat' dir='ltr'><strong>Osirim.</strong></span> <span class='ocrx_word' id='word_1_568' title='bbox 1328 4970 1465 5029; x_wconf 76' lang='lat' dir='ltr'><strong>Vide</strong></span> <span class='ocrx_word' id='word_1_569' title='bbox 1491 4969 1680 5042; x_wconf 88' lang='lat' dir='ltr'><strong>postea</strong></span> <span class='ocrx_word' id='word_1_570' title='bbox 1712 4972 1779 5026; x_wconf 85' lang='lat' dir='ltr'><strong>ad</strong></span> <span class='ocrx_word' id='word_1_571' title='bbox 1810 4986 1937 5063; x_wconf 45' lang='lat' dir='ltr'><strong>cap.-</strong></span> <span class='ocrx_word' id='word_1_572' title='bbox 1950 4969 2018 5025; x_wconf 73' lang='grc'><strong>21</strong></span> 
     </span>
    </p>
   </div>
   <div class='ocr_carea' id='block_1_76' title="bbox 414 5045 2022 5186">
    <p class='ocr_par' dir='ltr' id='par_1_76' title="bbox 414 5045 2022 5186">
     <span class='ocr_line' id='line_1_79' title="bbox 414 5045 1937 5169; baseline -0.004 -69"><span class='ocrx_word' id='word_1_573' title='bbox 414 5045 767 5169; x_wconf 44' lang='grc' dir='ltr'><strong>ὴυὲιέιὶιπὶ..</strong></span> <span class='ocrx_word' id='word_1_574' title='bbox 1148 5114 1162 5129; x_wconf 32' lang='grc' dir='ltr'>θ</span> <span class='ocrx_word' id='word_1_575' title='bbox 1527 5114 1537 5126; x_wconf 74' lang='lat'><em>_</em></span> <span class='ocrx_word' id='word_1_576' title='bbox 1582 5114 1593 5126; x_wconf 43' lang='lat'><strong>.</strong></span> <span class='ocrx_word' id='word_1_577' title='bbox 1924 5052 1937 5063; x_wconf 91' lang='lat'><strong>&#39;</strong></span> 
     </span>
     <span class='ocr_line' id='line_1_80' title="bbox 596 5111 2022 5186; baseline -0.003 -17"><span class='ocrx_word' id='word_1_578' title='bbox 596 5132 647 5169; x_wconf 79' lang='lat' dir='ltr'><strong>es</strong></span> <span class='ocrx_word' id='word_1_579' title='bbox 691 5115 873 5186; x_wconf 68' lang='lat' dir='ltr'><strong>tiliam.</strong></span> <span class='ocrx_word' id='word_1_580' title='bbox 910 5113 1311 5185; x_wconf 81' lang='lat' dir='ltr'><strong>Proserpinam.</strong></span> <span class='ocrx_word' id='word_1_581' title='bbox 1343 5113 1480 5170; x_wconf 77' lang='lat' dir='ltr'><strong>Vide</strong></span> <span class='ocrx_word' id='word_1_582' title='bbox 1525 5111 1745 5169; x_wconf 78' lang='lat' dir='ltr'><strong>Ibidem.</strong></span> <span class='ocrx_word' id='word_1_583' title='bbox 1800 5114 1875 5168; x_wconf 89' lang='lat' dir='ltr'><strong>De</strong></span> <span class='ocrx_word' id='word_1_584' title='bbox 1918 5124 2022 5183; x_wconf 89' lang='lat' dir='ltr'><strong>qua</strong></span> 
     </span>
    </p>
   </div>
   <div class='ocr_carea' id='block_1_77' title="bbox 418 5186 1126 5243">
    <p class='ocr_par' dir='ltr' id='par_1_77' title="bbox 418 5186 1126 5243">
     <span class='ocr_line' id='line_1_81' title="bbox 418 5186 1126 5243; baseline 0 -2"><span class='ocrx_word' id='word_1_585' title='bbox 418 5186 671 5243; x_wconf 80' lang='lat' dir='ltr'><strong>videatur</strong></span> <span class='ocrx_word' id='word_1_586' title='bbox 697 5198 753 5242; x_wconf 91' lang='lat' dir='ltr'><strong>et</strong></span> <span class='ocrx_word' id='word_1_587' title='bbox 774 5186 1126 5241; x_wconf 84' lang='lat' dir='ltr'><strong>Claudianus.</strong></span> 
     </span>
    </p>
   </div>
   <div class='ocr_carea' id='block_1_78' title="bbox 496 5251 2027 5328">
    <p class='ocr_par' dir='ltr' id='par_1_78' title="bbox 496 5251 2027 5328">
     <span class='ocr_line' id='line_1_82' title="bbox 496 5251 2027 5328; baseline -0.004 -16"><span class='ocrx_word' id='word_1_588' title='bbox 496 5258 665 5313; x_wconf 76' lang='lat' dir='ltr'><strong>Deum</strong></span> <span class='ocrx_word' id='word_1_589' title='bbox 707 5267 890 5312; x_wconf 83' lang='lat' dir='ltr'><strong>mater.</strong></span> <span class='ocrx_word' id='word_1_590' title='bbox 942 5256 1155 5312; x_wconf 80' lang='lat' dir='ltr'><strong>Possem</strong></span> <span class='ocrx_word' id='word_1_591' title='bbox 1203 5270 1489 5328; x_wconf 58' lang='lat' dir='ltr'><strong>exponere,</strong></span> <span class='ocrx_word' id='word_1_592' title='bbox 1538 5254 1711 5325; x_wconf 89' lang='lat' dir='ltr'><strong>inquit</strong></span> <span class='ocrx_word' id='word_1_593' title='bbox 1756 5251 2027 5328; x_wconf 83' lang='lat' dir='ltr'><strong>Arnobius</strong></span> 
     </span>
    </p>
   </div>
   <div class='ocr_carea' id='block_1_79' title="bbox 418 5325 2027 5401">
    <p class='ocr_par' dir='ltr' id='par_1_79' title="bbox 418 5325 2027 5401">
     <span class='ocr_line' id='line_1_83' title="bbox 418 5325 2027 5401; baseline -0.004 -16"><span class='ocrx_word' id='word_1_594' title='bbox 418 5329 520 5386; x_wconf 88' lang='lat' dir='ltr'><strong>lib.</strong></span> <span class='ocrx_word' id='word_1_595' title='bbox 549 5346 623 5394; x_wconf 79' lang='lat' dir='ltr'><strong>tv,</strong></span> <span class='ocrx_word' id='word_1_596' title='bbox 658 5330 803 5401; x_wconf 74' lang='lat' dir='ltr'><strong>cujus</strong></span> <span class='ocrx_word' id='word_1_597' title='bbox 830 5330 1211 5384; x_wconf 68' lang='lat' dir='ltr'><strong>matrimonium</strong></span> <span class='ocrx_word' id='word_1_598' title='bbox 1241 5325 1429 5401; x_wconf 79' lang='lat' dir='ltr'><strong>magna</strong></span> <span class='ocrx_word' id='word_1_599' title='bbox 1458 5336 1620 5381; x_wconf 84' lang='lat' dir='ltr'><strong>mater</strong></span> <span class='ocrx_word' id='word_1_600' title='bbox 1646 5327 1878 5401; x_wconf 81' lang='lat' dir='ltr'><strong>tenuerit,</strong></span> <span class='ocrx_word' id='word_1_601' title='bbox 1902 5325 2027 5397; x_wconf 84' lang='lat' dir='ltr'><strong>quid</strong></span> 
     </span>
    </p>
   </div>
   <div class='ocr_carea' id='block_1_80' title="bbox 410 5398 2022 5471">
    <p class='ocr_par' dir='ltr' id='par_1_80' title="bbox 410 5398 2022 5471">
     <span class='ocr_line' id='line_1_84' title="bbox 410 5398 2022 5471; baseline -0.004 -14"><span class='ocrx_word' id='word_1_602' title='bbox 410 5398 557 5468; x_wconf 67' lang='lat' dir='ltr'><strong>spei,</strong></span> <span class='ocrx_word' id='word_1_603' title='bbox 580 5403 702 5471; x_wconf 86' lang='lat' dir='ltr'><strong>quid</strong></span> <span class='ocrx_word' id='word_1_604' title='bbox 714 5398 1004 5469; x_wconf 74' lang='lat' dir='ltr'><strong>voluptatis</strong></span> <span class='ocrx_word' id='word_1_605' title='bbox 1028 5398 1341 5471; x_wconf 32' lang='lat' dir='ltr'><strong>specioso‘ab</strong></span> <span class='ocrx_word' id='word_1_606' title='bbox 1372 5400 1546 5471; x_wconf 78' lang='lat' dir='ltr'><strong>Attide</strong></span> <span class='ocrx_word' id='word_1_607' title='bbox 1569 5399 1874 5471; x_wconf 62' lang='lat' dir='ltr'><strong>conceperit,</strong></span> <span class='ocrx_word' id='word_1_608' title='bbox 1894 5407 2022 5465; x_wconf 88' lang='lat' dir='ltr'><strong>etc.,</strong></span> 
     </span>
    </p>
   </div>
   <div class='ocr_carea' id='block_1_81' title="bbox 422 5468 2023 5545">
    <p class='ocr_par' dir='ltr' id='par_1_81' title="bbox 422 5468 2023 5545">
     <span class='ocr_line' id='line_1_85' title="bbox 422 5468 2023 5545; baseline -0.003 -18"><span class='ocrx_word' id='word_1_609' title='bbox 422 5468 600 5545; x_wconf 83' lang='lat' dir='ltr'><strong>quem</strong></span> <span class='ocrx_word' id='word_1_610' title='bbox 618 5474 761 5529; x_wconf 88' lang='lat' dir='ltr'><strong>vide.</strong></span> <span class='ocrx_word' id='word_1_611' title='bbox 789 5468 1025 5545; x_wconf 80' lang='lat' dir='ltr'><strong>Legatur</strong></span> <span class='ocrx_word' id='word_1_612' title='bbox 1050 5468 1213 5526; x_wconf 86' lang='lat' dir='ltr'><strong>etiam</strong></span> <span class='ocrx_word' id='word_1_613' title='bbox 1234 5469 1457 5526; x_wconf 85' lang='lat' dir='ltr'><strong>Ovidius</strong></span> <span class='ocrx_word' id='word_1_614' title='bbox 1487 5468 1581 5525; x_wconf 92' lang='lat' dir='ltr'><strong>lib.</strong></span> <span class='ocrx_word' id='word_1_615' title='bbox 1616 5485 1667 5525; x_wconf 86' lang='lat' dir='ltr'><strong>tv</strong></span> <span class='ocrx_word' id='word_1_616' title='bbox 1695 5468 1979 5525; x_wconf 81' lang='lat' dir='ltr'><strong>Fastorum</strong></span> <span class='ocrx_word' id='word_1_617' title='bbox 2008 5484 2023 5522; x_wconf 89' lang='lat'><strong>:</strong></span> 
     </span>
    </p>
   </div>
   <div class='ocr_carea' id='block_1_82' title="bbox 553 5585 1791 5651">
    <p class='ocr_par' dir='ltr' id='par_1_82' title="bbox 553 5585 1791 5651">
     <span class='ocr_line' id='line_1_86' title="bbox 553 5585 1791 5651; baseline -0.002 -13"><span class='ocrx_word' id='word_1_618' title='bbox 553 5585 703 5651; x_wconf 76' lang='lat' dir='ltr'><strong>Cujus</strong></span> <span class='ocrx_word' id='word_1_619' title='bbox 726 5594 839 5638; x_wconf 90' lang='lat' dir='ltr'><strong>erat</strong></span> <span class='ocrx_word' id='word_1_620' title='bbox 855 5587 1056 5651; x_wconf 89' lang='lat' dir='ltr'><strong>species</strong></span> <span class='ocrx_word' id='word_1_621' title='bbox 1073 5588 1128 5637; x_wconf 90' lang='lat' dir='ltr'><strong>in</strong></span> <span class='ocrx_word' id='word_1_622' title='bbox 1142 5597 1240 5650; x_wconf 86' lang='lat' dir='ltr'><strong>qua</strong></span> <span class='ocrx_word' id='word_1_623' title='bbox 1261 5591 1523 5650; x_wconf 77' lang='lat' dir='ltr'><strong>materque</strong></span> <span class='ocrx_word' id='word_1_624' title='bbox 1548 5589 1791 5650; x_wconf 88' lang='lat' dir='ltr'><strong>paterque</strong></span> 
     </span>
    </p>
   </div>
   <div class='ocr_carea' id='block_1_83' title="bbox 554 5648 1035 5716">
    <p class='ocr_par' dir='ltr' id='par_1_83' title="bbox 554 5648 1035 5716">
     <span class='ocr_line' id='line_1_87' title="bbox 554 5648 1035 5716; baseline 0.006 -16"><span class='ocrx_word' id='word_1_625' title='bbox 554 5648 792 5716; x_wconf 67' lang='lat' dir='ltr'><strong>cognosci</strong></span> <span class='ocrx_word' id='word_1_626' title='bbox 817 5648 1035 5715; x_wconf 80' lang='lat' dir='ltr'><strong>possent.</strong></span> 
     </span>
    </p>
   </div>
   <div class='ocr_carea' id='block_1_84' title="bbox 502 5752 2029 5826">
    <p class='ocr_par' dir='ltr' id='par_1_84' title="bbox 502 5752 2029 5826">
     <span class='ocr_line' id='line_1_88' title="bbox 502 5752 2029 5826; baseline -0.002 -17"><span class='ocrx_word' id='word_1_627' title='bbox 502 5753 811 5811; x_wconf 71' lang='lat' dir='ltr'><strong>Formosum</strong></span> <span class='ocrx_word' id='word_1_628' title='bbox 837 5755 1227 5810; x_wconf 67' lang='lat' dir='ltr'><strong>adolescentem.</strong></span> <span class='ocrx_word' id='word_1_629' title='bbox 1262 5753 1402 5826; x_wconf 82' lang='lat' dir='ltr'><strong>Atyn</strong></span> <span class='ocrx_word' id='word_1_630' title='bbox 1429 5752 1747 5826; x_wconf 78' lang='lat' dir='ltr'><strong>Phrygium,</strong></span> <span class='ocrx_word' id='word_1_631' title='bbox 1776 5763 1937 5825; x_wconf 84' lang='lat' dir='ltr'><strong>quem</strong></span> <span class='ocrx_word' id='word_1_632' title='bbox 1965 5760 2029 5807; x_wconf 84' lang='lat' dir='ltr'><strong>ea</strong></span> 
     </span>
    </p>
   </div>
   <div class='ocr_carea' id='block_1_85' title="bbox 427 5825 2023 5896">
    <p class='ocr_par' dir='ltr' id='par_1_85' title="bbox 427 5825 2023 5896">
     <span class='ocr_line' id='line_1_89' title="bbox 427 5825 2023 5896; baseline -0.004 -11"><span class='ocrx_word' id='word_1_633' title='bbox 427 5826 646 5885; x_wconf 80' lang='lat' dir='ltr'><strong>amabat</strong></span> <span class='ocrx_word' id='word_1_634' title='bbox 665 5828 732 5884; x_wconf 84' lang='lat' dir='ltr'><strong>iis</strong></span> <span class='ocrx_word' id='word_1_635' title='bbox 758 5826 1176 5896; x_wconf 82' lang='lat' dir='ltr'><strong>conditionibus,</strong></span> <span class='ocrx_word' id='word_1_636' title='bbox 1208 5840 1277 5883; x_wconf 76' lang='lat' dir='ltr'><strong>ne</strong></span> <span class='ocrx_word' id='word_1_637' title='bbox 1305 5825 1484 5882; x_wconf 87' lang='lat' dir='ltr'><strong>alieno</strong></span> <span class='ocrx_word' id='word_1_638' title='bbox 1503 5825 1773 5882; x_wconf 76' lang='lat' dir='ltr'><strong>frueretur</strong></span> <span class='ocrx_word' id='word_1_639' title='bbox 1798 5836 2023 5880; x_wconf 84' lang='lat' dir='ltr'><strong>arnore:</strong></span> 
     </span>
    </p>
   </div>
   <div class='ocr_carea' id='block_1_86' title="bbox 2115 2441 3719 2517">
    <p class='ocr_par' dir='ltr' id='par_1_86' title="bbox 2115 2441 3719 2517">
     <span class='ocr_line' id='line_1_90' title="bbox 2115 2441 3719 2517; baseline 0.002 -16"><span class='ocrx_word' id='word_1_640' title='bbox 2115 2444 2429 2515; x_wconf 80' lang='lat' dir='ltr'><strong>complexus</strong></span> <span class='ocrx_word' id='word_1_641' title='bbox 2469 2442 2557 2517; x_wconf 85' lang='lat' dir='ltr'><strong>ille</strong></span> <span class='ocrx_word' id='word_1_642' title='bbox 2598 2441 2951 2517; x_wconf 82' lang='lat' dir='ltr'><strong>Sangaridem</strong></span> <span class='ocrx_word' id='word_1_643' title='bbox 3002 2443 3341 2517; x_wconf 84' lang='lat' dir='ltr'><strong>Nympham;</strong></span> <span class='ocrx_word' id='word_1_644' title='bbox 3370 2444 3441 2502; x_wconf 91' lang='lat' dir='ltr'><strong>de</strong></span> <span class='ocrx_word' id='word_1_645' title='bbox 3466 2460 3569 2517; x_wconf 89' lang='lat' dir='ltr'><strong>qua</strong></span> <span class='ocrx_word' id='word_1_646' title='bbox 3596 2463 3719 2505; x_wconf 90' lang='lat' dir='ltr'><strong>cum</strong></span> 
     </span>
    </p>
   </div>
   <div class='ocr_carea' id='block_1_87' title="bbox 2117 2514 3723 2584">
    <p class='ocr_par' dir='ltr' id='par_1_87' title="bbox 2117 2514 3723 2584">
     <span class='ocr_line' id='line_1_91' title="bbox 2117 2514 3723 2584; baseline 0.003 -13"><span class='ocrx_word' id='word_1_647' title='bbox 2117 2514 2251 2584; x_wconf 83' lang='lat' dir='ltr'><strong>ipsa</strong></span> <span class='ocrx_word' id='word_1_648' title='bbox 2282 2516 2599 2583; x_wconf 83' lang='lat' dir='ltr'><strong>sumpsisset</strong></span> <span class='ocrx_word' id='word_1_649' title='bbox 2647 2514 3355 2583; x_wconf 78' lang='lat' dir='ltr'><strong>supplicinm,atlolescens</strong></span> <span class='ocrx_word' id='word_1_650' title='bbox 3403 2514 3502 2573; x_wconf 87' lang='lat' dir='ltr'><strong>sibi</strong></span> <span class='ocrx_word' id='word_1_651' title='bbox 3549 2520 3723 2576; x_wconf 83' lang='lat' dir='ltr'><strong>virilia</strong></span> 
     </span>
    </p>
   </div>
   <div class='ocr_carea' id='block_1_88' title="bbox 2116 2585 3724 2658">
    <p class='ocr_par' dir='ltr' id='par_1_88' title="bbox 2116 2585 3724 2658">
     <span class='ocr_line' id='line_1_92' title="bbox 2116 2585 3724 2658; baseline 0.003 -15"><span class='ocrx_word' id='word_1_652' title='bbox 2116 2587 2441 2658; x_wconf 82' lang='lat' dir='ltr'><strong>amputavit.</strong></span> <span class='ocrx_word' id='word_1_653' title='bbox 2468 2586 2603 2641; x_wconf 86' lang='lat' dir='ltr'><strong>Rem</strong></span> <span class='ocrx_word' id='word_1_654' title='bbox 2629 2595 2805 2658; x_wconf 82' lang='lat' dir='ltr'><strong>tamen</strong></span> <span class='ocrx_word' id='word_1_655' title='bbox 2837 2586 2997 2654; x_wconf 86' lang='lat' dir='ltr'><strong>paulo</strong></span> <span class='ocrx_word' id='word_1_656' title='bbox 3018 2585 3176 2642; x_wconf 83' lang='lat' dir='ltr'><strong>aliter</strong></span> <span class='ocrx_word' id='word_1_657' title='bbox 3205 2598 3425 2643; x_wconf 87' lang='lat' dir='ltr'><strong>narrant</strong></span> <span class='ocrx_word' id='word_1_658' title='bbox 3452 2591 3724 2648; x_wconf 84' lang='lat' dir='ltr'><strong>Arnobius</strong></span> 
     </span>
    </p>
   </div>
   <div class='ocr_carea' id='block_1_89' title="bbox 2116 2657 3724 2728">
    <p class='ocr_par' dir='ltr' id='par_1_89' title="bbox 2116 2657 3724 2728">
     <span class='ocr_line' id='line_1_93' title="bbox 2116 2657 3724 2728; baseline 0.002 -14"><span class='ocrx_word' id='word_1_659' title='bbox 2116 2657 2220 2714; x_wconf 83' lang='lat' dir='ltr'><strong>lib.</strong></span> <span class='ocrx_word' id='word_1_660' title='bbox 2244 2675 2299 2726; x_wconf 87' lang='lat' dir='ltr'><strong>v,</strong></span> <span class='ocrx_word' id='word_1_661' title='bbox 2336 2658 2599 2713; x_wconf 83' lang='lat' dir='ltr'><strong>Diodorus</strong></span> <span class='ocrx_word' id='word_1_662' title='bbox 2630 2657 2798 2728; x_wconf 85' lang='lat' dir='ltr'><strong>Sicul.</strong></span> <span class='ocrx_word' id='word_1_663' title='bbox 2829 2658 2921 2710; x_wconf 89' lang='lat' dir='ltr'><strong>lib.</strong></span> <span class='ocrx_word' id='word_1_664' title='bbox 2952 2672 3022 2719; x_wconf 85' lang='lat' dir='ltr'><strong>IV,</strong></span> <span class='ocrx_word' id='word_1_665' title='bbox 3059 2658 3395 2714; x_wconf 87' lang='lat' dir='ltr'><strong>Herodianus</strong></span> <span class='ocrx_word' id='word_1_666' title='bbox 3423 2662 3518 2715; x_wconf 88' lang='lat' dir='ltr'><strong>lib.</strong></span> <span class='ocrx_word' id='word_1_667' title='bbox 3550 2679 3587 2728; x_wconf 83' lang='grc' dir='ltr'><strong>ι,</strong></span> <span class='ocrx_word' id='word_1_668' title='bbox 3613 2664 3724 2718; x_wconf 86' lang='lat' dir='ltr'><strong>Lu-</strong></span> 
     </span>
    </p>
   </div>
   <div class='ocr_carea' id='block_1_90' title="bbox 2115 2727 3721 2803">
    <p class='ocr_par' dir='ltr' id='par_1_90' title="bbox 2115 2727 3721 2803">
     <span class='ocr_line' id='line_1_94' title="bbox 2115 2727 3721 2803; baseline 0.002 -18"><span class='ocrx_word' id='word_1_669' title='bbox 2115 2732 2304 2803; x_wconf 70' lang='lat' dir='ltr'><strong>cianus</strong></span> <span class='ocrx_word' id='word_1_670' title='bbox 2337 2731 2387 2783; x_wconf 92' lang='lat' dir='ltr'><strong>in</strong></span> <span class='ocrx_word' id='word_1_671' title='bbox 2403 2729 2645 2803; x_wconf 34' lang='lat' dir='ltr'><strong>ADialogo</strong></span> <span class='ocrx_word' id='word_1_672' title='bbox 2668 2727 2895 2783; x_wconf 83' lang='lat' dir='ltr'><strong>Veneris</strong></span> <span class='ocrx_word' id='word_1_673' title='bbox 2912 2738 2969 2803; x_wconf 65' lang='lat' dir='ltr'><strong>et</strong></span> <span class='ocrx_word' id='word_1_674' title='bbox 2993 2728 3307 2803; x_wconf 82' lang='lat' dir='ltr'><strong>Cupidinis,</strong></span> <span class='ocrx_word' id='word_1_675' title='bbox 3339 2730 3396 2786; x_wconf 89' lang='lat' dir='ltr'><strong>S.</strong></span> <span class='ocrx_word' id='word_1_676' title='bbox 3432 2727 3721 2803; x_wconf 75' lang='lat' dir='ltr'><strong>Augustin.</strong></span> 
     </span>
    </p>
   </div>
   <div class='ocr_carea' id='block_1_91' title="bbox 2114 2796 3721 2872">
    <p class='ocr_par' dir='ltr' id='par_1_91' title="bbox 2114 2796 3721 2872">
     <span class='ocr_line' id='line_1_95' title="bbox 2114 2796 3721 2872; baseline -0.004 -16"><span class='ocrx_word' id='word_1_677' title='bbox 2114 2802 2182 2857; x_wconf 93' lang='lat' dir='ltr'><strong>de</strong></span> <span class='ocrx_word' id='word_1_678' title='bbox 2207 2801 2366 2856; x_wconf 81' lang='lat' dir='ltr'><strong>Civit.</strong></span> <span class='ocrx_word' id='word_1_679' title='bbox 2402 2796 2515 2861; x_wconf 89' lang='lat' dir='ltr'><strong>Dei,</strong></span> <span class='ocrx_word' id='word_1_680' title='bbox 2543 2796 2637 2853; x_wconf 83' lang='lat' dir='ltr'><strong>lib.</strong></span> <span class='ocrx_word' id='word_1_681' title='bbox 2668 2816 2739 2860; x_wconf 79' lang='lat' dir='ltr'><strong>vi.</strong></span> <span class='ocrx_word' id='word_1_682' title='bbox 2765 2814 2884 2872; x_wconf 83' lang='lat' dir='ltr'><strong>cap.</strong></span> <span class='ocrx_word' id='word_1_683' title='bbox 2910 2799 3049 2872; x_wconf 15' lang='lat' dir='ltr'><strong>7,7et</strong></span> <span class='ocrx_word' id='word_1_684' title='bbox 3070 2796 3178 2865; x_wconf 86' lang='lat' dir='ltr'><strong>alii,</strong></span> <span class='ocrx_word' id='word_1_685' title='bbox 3200 2816 3337 2872; x_wconf 91' lang='lat' dir='ltr'><strong>quos</strong></span> <span class='ocrx_word' id='word_1_686' title='bbox 3356 2796 3721 2860; x_wconf 51' lang='lat' dir='ltr'><strong>viden-1F”-</strong></span> 
     </span>
    </p>
   </div>
   <div class='ocr_carea' id='block_1_92' title="bbox 2115 2871 3722 2999">
    <p class='ocr_par' dir='ltr' id='par_1_92' title="bbox 2115 2871 3722 2999">
     <span class='ocr_line' id='line_1_96' title="bbox 2115 2871 3722 2999; baseline 0.003 -72"><span class='ocrx_word' id='word_1_687' title='bbox 2115 2888 2333 2999; x_wconf 54' lang='lat' dir='ltr'><strong>metune</strong></span> <span class='ocrx_word' id='word_1_688' title='bbox 2350 2871 2742 2925; x_wconf 77' lang='lat' dir='ltr'><strong>adolescentem.</strong></span> <span class='ocrx_word' id='word_1_689' title='bbox 2772 2871 2913 2944; x_wconf 83' lang='lat' dir='ltr'><strong>Atyn</strong></span> <span class='ocrx_word' id='word_1_690' title='bbox 2955 2871 3023 2927; x_wconf 90' lang='lat' dir='ltr'><strong>de</strong></span> <span class='ocrx_word' id='word_1_691' title='bbox 3054 2887 3159 2942; x_wconf 88' lang='lat' dir='ltr'><strong>quo</strong></span> <span class='ocrx_word' id='word_1_692' title='bbox 3187 2881 3338 2929; x_wconf 82' lang='lat' dir='ltr'><strong>extat</strong></span> <span class='ocrx_word' id='word_1_693' title='bbox 3364 2873 3559 2930; x_wconf 89' lang='lat' dir='ltr'><strong>Catulli</strong></span> <span class='ocrx_word' id='word_1_694' title='bbox 3597 2891 3722 2933; x_wconf 87' lang='lat' dir='ltr'><strong>car-</strong></span> 
     </span>
     <span class='ocr_line' id='line_1_97' title="bbox 2116 2958 2455 2999; baseline -0.009 0"><span class='ocrx_word' id='word_1_695' title='bbox 2116 2959 2263 2999; x_wconf 90' lang='lat' dir='ltr'><strong>men.</strong></span> <span class='ocrx_word' id='word_1_696' title='bbox 2338 2958 2455 2999; x_wconf 72' lang='grc' dir='ltr'><strong>ειι..</strong></span> 
     </span>
    </p>
   </div>
   <div class='ocr_carea' id='block_1_93' title="bbox 2116 2958 2455 3000">
    <p class='ocr_par' dir='ltr' id='par_1_93' title="bbox 2116 2958 2455 3000">
     <span class='ocr_line' id='line_1_98' title="bbox 2116 2958 2455 3000; baseline -0.009 -1"><span class='ocrx_word' id='word_1_697' title='bbox 2116 2959 2263 3000; x_wconf 90' lang='lat' dir='ltr'><strong>men.</strong></span> <span class='ocrx_word' id='word_1_698' title='bbox 2290 2958 2455 2999; x_wconf 76' lang='lat' dir='ltr'><strong>UELL.</strong></span> 
     </span>
    </p>
   </div>
   <div class='ocr_carea' id='block_1_94' title="bbox 2189 3012 3721 3088">
    <p class='ocr_par' dir='ltr' id='par_1_94' title="bbox 2189 3012 3721 3088">
     <span class='ocr_line' id='line_1_99' title="bbox 2189 3012 3721 3088; baseline 0.002 -17"><span class='ocrx_word' id='word_1_699' title='bbox 2189 3016 2356 3088; x_wconf 79' lang='lat' dir='ltr'><strong>Sacra</strong></span> <span class='ocrx_word' id='word_1_700' title='bbox 2386 3017 2495 3088; x_wconf 75' lang='lat' dir='ltr'><strong>ejus</strong></span> <span class='ocrx_word' id='word_1_701' title='bbox 2521 3031 2552 3068; x_wconf 88' lang='lat' dir='ltr'><strong>a</strong></span> <span class='ocrx_word' id='word_1_702' title='bbox 2577 3012 2744 3069; x_wconf 85' lang='lat' dir='ltr'><strong>Gallis</strong></span> <span class='ocrx_word' id='word_1_703' title='bbox 2770 3014 3138 3088; x_wconf 55' lang='lat' dir='ltr'><strong>sacerdotibus,</strong></span> <span class='ocrx_word' id='word_1_704' title='bbox 3166 3022 3271 3071; x_wconf 88' lang='lat' dir='ltr'><strong>etc.</strong></span> <span class='ocrx_word' id='word_1_705' title='bbox 3298 3014 3627 3088; x_wconf 79' lang='lat' dir='ltr'><strong>Augustinus</strong></span> <span class='ocrx_word' id='word_1_706' title='bbox 3653 3019 3721 3075; x_wconf 83' lang='lat' dir='ltr'><strong>tle</strong></span> 
     </span>
    </p>
   </div>
   <div class='ocr_carea' id='block_1_95' title="bbox 2036 3085 3725 3160">
    <p class='ocr_par' dir='ltr' id='par_1_95' title="bbox 2036 3085 3725 3160">
     <span class='ocr_line' id='line_1_100' title="bbox 2036 3085 3725 3160; baseline 0.001 -17"><span class='ocrx_word' id='word_1_707' title='bbox 2036 3095 2082 3160; x_wconf 74' lang='grc' dir='ltr'>ρ</span> <span class='ocrx_word' id='word_1_708' title='bbox 2114 3087 2272 3143; x_wconf 89' lang='lat' dir='ltr'><strong>Civit.</strong></span> <span class='ocrx_word' id='word_1_709' title='bbox 2310 3085 2524 3160; x_wconf 52' lang='lat' dir='ltr'><strong>Dei&#39;lib.</strong></span> <span class='ocrx_word' id='word_1_710' title='bbox 2546 3101 2605 3160; x_wconf 15' lang='lat' dir='ltr'><strong>il,</strong></span> <span class='ocrx_word' id='word_1_711' title='bbox 2628 3100 2750 3155; x_wconf 82' lang='lat' dir='ltr'><strong>cap.</strong></span> <span class='ocrx_word' id='word_1_712' title='bbox 2780 3086 2813 3140; x_wconf 86' lang='lat'><strong>7</strong></span> <span class='ocrx_word' id='word_1_713' title='bbox 2840 3104 2859 3160; x_wconf 10' lang='lat'><strong>:7</strong></span> <span class='ocrx_word' id='word_1_714' title='bbox 2886 3085 3054 3160; x_wconf 79' lang='lat' dir='ltr'><strong>Sacra</strong></span> <span class='ocrx_word' id='word_1_715' title='bbox 3082 3096 3201 3141; x_wconf 86' lang='lat' dir='ltr'><strong>sunt</strong></span> <span class='ocrx_word' id='word_1_716' title='bbox 3229 3085 3408 3143; x_wconf 70' lang='lat' dir='ltr'><strong>matrii</strong></span> <span class='ocrx_word' id='word_1_717' title='bbox 3437 3089 3607 3154; x_wconf 84' lang='lat' dir='ltr'><strong>deum,</strong></span> <span class='ocrx_word' id='word_1_718' title='bbox 3639 3092 3725 3145; x_wconf 86' lang='lat' dir='ltr'><strong>ubi</strong></span> 
     </span>
    </p>
   </div>
   <div class='ocr_carea' id='block_1_96' title="bbox 2115 3158 3722 3229">
    <p class='ocr_par' dir='ltr' id='par_1_96' title="bbox 2115 3158 3722 3229">
     <span class='ocr_line' id='line_1_101' title="bbox 2115 3158 3722 3229; baseline 0.004 -17"><span class='ocrx_word' id='word_1_719' title='bbox 2115 3161 2226 3215; x_wconf 83' lang='lat' dir='ltr'><strong>Alis</strong></span> <span class='ocrx_word' id='word_1_720' title='bbox 2256 3159 2467 3229; x_wconf 83' lang='lat' dir='ltr'><strong>pulcher</strong></span> <span class='ocrx_word' id='word_1_721' title='bbox 2486 3159 2782 3212; x_wconf 81' lang='lat' dir='ltr'><strong>adolescens</strong></span> <span class='ocrx_word' id='word_1_722' title='bbox 2811 3159 2873 3211; x_wconf 89' lang='lat' dir='ltr'><strong>ab</strong></span> <span class='ocrx_word' id='word_1_723' title='bbox 2903 3173 2962 3211; x_wconf 89' lang='lat' dir='ltr'><strong>ea</strong></span> <span class='ocrx_word' id='word_1_724' title='bbox 2988 3158 3203 3213; x_wconf 84' lang='lat' dir='ltr'><strong>dilectus</strong></span> <span class='ocrx_word' id='word_1_725' title='bbox 3222 3200 3237 3225; x_wconf 92' lang='lat'><strong>,</strong></span> <span class='ocrx_word' id='word_1_726' title='bbox 3270 3168 3317 3214; x_wconf 86' lang='lat' dir='ltr'><strong>et</strong></span> <span class='ocrx_word' id='word_1_727' title='bbox 3341 3160 3577 3215; x_wconf 84' lang='lat' dir='ltr'><strong>muliebri</strong></span> <span class='ocrx_word' id='word_1_728' title='bbox 3613 3162 3722 3217; x_wconf 83' lang='lat' dir='ltr'><strong>zelo</strong></span> 
     </span>
    </p>
   </div>
   <div class='ocr_carea' id='block_1_97' title="bbox 2112 3228 3719 3301">
    <p class='ocr_par' dir='ltr' id='par_1_97' title="bbox 2112 3228 3719 3301">
     <span class='ocr_line' id='line_1_102' title="bbox 2112 3228 3719 3301; baseline 0.002 -17"><span class='ocrx_word' id='word_1_729' title='bbox 2112 3228 2386 3288; x_wconf 78' lang='lat' dir='ltr'><strong>abscissus.</strong></span> <span class='ocrx_word' id='word_1_730' title='bbox 2421 3231 2573 3283; x_wconf 86' lang='lat' dir='ltr'><strong>etiam</strong></span> <span class='ocrx_word' id='word_1_731' title='bbox 2602 3228 2866 3301; x_wconf 84' lang='lat' dir='ltr'><strong>hominum</strong></span> <span class='ocrx_word' id='word_1_732' title='bbox 2893 3230 3253 3301; x_wconf 78' lang='lat' dir='ltr'><strong>abscissomm,</strong></span> <span class='ocrx_word' id='word_1_733' title='bbox 3279 3246 3406 3301; x_wconf 85' lang='lat' dir='ltr'><strong>quos</strong></span> <span class='ocrx_word' id='word_1_734' title='bbox 3430 3232 3608 3288; x_wconf 81' lang='lat' dir='ltr'><strong>Gallos</strong></span> <span class='ocrx_word' id='word_1_735' title='bbox 3635 3249 3719 3287; x_wconf 88' lang='lat' dir='ltr'><strong>vo-</strong></span> 
     </span>
    </p>
   </div>
   <div class='ocr_carea' id='block_1_98' title="bbox 2113 3299 3723 3370">
    <p class='ocr_par' dir='ltr' id='par_1_98' title="bbox 2113 3299 3723 3370">
     <span class='ocr_line' id='line_1_103' title="bbox 2113 3299 3723 3370; baseline 0.002 -14"><span class='ocrx_word' id='word_1_736' title='bbox 2113 3312 2250 3365; x_wconf 86' lang='lat' dir='ltr'><strong>cant,</strong></span> <span class='ocrx_word' id='word_1_737' title='bbox 2273 3300 2574 3370; x_wconf 79' lang='lat' dir='ltr'><strong>infelicitate</strong></span> <span class='ocrx_word' id='word_1_738' title='bbox 2600 3299 3165 3370; x_wconf 54' lang='lat' dir='ltr'><strong>deploratumyidendi</strong></span> <span class='ocrx_word' id='word_1_739' title='bbox 3194 3299 3354 3357; x_wconf 86' lang='lat' dir='ltr'><strong>Lucia</strong></span> <span class='ocrx_word' id='word_1_740' title='bbox 3366 3318 3464 3357; x_wconf 91' lang='lat' dir='ltr'><strong>nus</strong></span> <span class='ocrx_word' id='word_1_741' title='bbox 3484 3303 3535 3357; x_wconf 92' lang='lat' dir='ltr'><strong>in</strong></span> <span class='ocrx_word' id='word_1_742' title='bbox 3560 3303 3723 3359; x_wconf 89' lang='lat' dir='ltr'><strong>Deor.</strong></span> 
     </span>
    </p>
   </div>
   <div class='ocr_carea' id='block_1_99' title="bbox 2113 3368 3727 3451">
    <p class='ocr_par' dir='ltr' id='par_1_99' title="bbox 2113 3368 3727 3451">
     <span class='ocr_line' id='line_1_104' title="bbox 2113 3368 3727 3451; baseline 0.001 -23"><span class='ocrx_word' id='word_1_743' title='bbox 2113 3373 2238 3428; x_wconf 86' lang='lat' dir='ltr'><strong>dial.</strong></span> <span class='ocrx_word' id='word_1_744' title='bbox 2265 3368 2665 3451; x_wconf 66' lang='grc' dir='ltr'><strong>οἷιίορύβαντες</strong></span> <span class='ocrx_word' id='word_1_745' title='bbox 2688 3368 3257 3451; x_wconf 31' lang='lat' dir='ltr'><strong>6i,.etc.DCorybantum</strong></span> <span class='ocrx_word' id='word_1_746' title='bbox 3289 3372 3422 3427; x_wconf 84' lang='lat' dir='ltr'><strong>alius</strong></span> <span class='ocrx_word' id='word_1_747' title='bbox 3445 3391 3595 3427; x_wconf 80' lang='lat' dir='ltr'><strong>suum</strong></span> <span class='ocrx_word' id='word_1_748' title='bbox 3617 3375 3727 3451; x_wconf 82' lang='lat' dir='ltr'><strong>ipse</strong></span> 
     </span>
    </p>
   </div>
   <div class='ocr_carea' id='block_1_100' title="bbox 2114 3442 3728 3516">
    <p class='ocr_par' dir='ltr' id='par_1_100' title="bbox 2114 3442 3728 3516">
     <span class='ocr_line' id='line_1_105' title="bbox 2114 3442 3728 3516; baseline -0.001 -17"><span class='ocrx_word' id='word_1_749' title='bbox 2114 3460 2293 3516; x_wconf 85' lang='lat' dir='ltr'><strong>penem</strong></span> <span class='ocrx_word' id='word_1_750' title='bbox 2319 3442 2436 3498; x_wconf 81' lang='lat' dir='ltr'><strong>ense</strong></span> <span class='ocrx_word' id='word_1_751' title='bbox 2463 3443 2683 3516; x_wconf 76' lang='lat' dir='ltr'><strong>descent,</strong></span> <span class='ocrx_word' id='word_1_752' title='bbox 2717 3445 2850 3495; x_wconf 83' lang='lat' dir='ltr'><strong>alius</strong></span> <span class='ocrx_word' id='word_1_753' title='bbox 2875 3442 3088 3516; x_wconf 84' lang='lat' dir='ltr'><strong>dimissa</strong></span> <span class='ocrx_word' id='word_1_754' title='bbox 3116 3460 3259 3516; x_wconf 82' lang='lat' dir='ltr'><strong>coma</strong></span> <span class='ocrx_word' id='word_1_755' title='bbox 3283 3460 3374 3512; x_wconf 88' lang='lat' dir='ltr'><strong>per</strong></span> <span class='ocrx_word' id='word_1_756' title='bbox 3401 3455 3596 3500; x_wconf 82' lang='lat' dir='ltr'><strong>montes</strong></span> <span class='ocrx_word' id='word_1_757' title='bbox 3621 3442 3728 3516; x_wconf 72' lang='lat' dir='ltr'><strong>{er-</strong></span> 
     </span>
    </p>
   </div>
   <div class='ocr_carea' id='block_1_101' title="bbox 2114 3513 3721 3584">
    <p class='ocr_par' dir='ltr' id='par_1_101' title="bbox 2114 3513 3721 3584">
     <span class='ocr_line' id='line_1_106' title="bbox 2114 3513 3721 3584; baseline 0.002 -17"><span class='ocrx_word' id='word_1_758' title='bbox 2114 3513 2196 3568; x_wconf 70' lang='lat' dir='ltr'><strong>iur</strong></span> <span class='ocrx_word' id='word_1_759' title='bbox 2222 3518 2465 3579; x_wconf 86' lang='lat' dir='ltr'><strong>insanus,</strong></span> <span class='ocrx_word' id='word_1_760' title='bbox 2493 3514 2627 3567; x_wconf 85' lang='lat' dir='ltr'><strong>alius</strong></span> <span class='ocrx_word' id='word_1_761' title='bbox 2669 3528 2827 3584; x_wconf 77' lang='lat' dir='ltr'><strong>cornu</strong></span> <span class='ocrx_word' id='word_1_762' title='bbox 2871 3514 3040 3578; x_wconf 86' lang='lat' dir='ltr'><strong>canit,</strong></span> <span class='ocrx_word' id='word_1_763' title='bbox 3072 3513 3207 3569; x_wconf 85' lang='lat' dir='ltr'><strong>alius</strong></span> <span class='ocrx_word' id='word_1_764' title='bbox 3250 3525 3495 3584; x_wconf 83' lang='lat' dir='ltr'><strong>tympano</strong></span> <span class='ocrx_word' id='word_1_765' title='bbox 3541 3513 3721 3571; x_wconf 73' lang='lat' dir='ltr'><strong>tonat.</strong></span> 
     </span>
    </p>
   </div>
   <div class='ocr_carea' id='block_1_102' title="bbox 2114 3582 3707 3656">
    <p class='ocr_par' dir='ltr' id='par_1_102' title="bbox 2114 3582 3707 3656">
     <span class='ocr_line' id='line_1_107' title="bbox 2114 3582 3707 3656; baseline 0.001 -17"><span class='ocrx_word' id='word_1_766' title='bbox 2114 3587 2247 3640; x_wconf 86' lang='lat' dir='ltr'><strong>alius</strong></span> <span class='ocrx_word' id='word_1_767' title='bbox 2273 3585 2503 3656; x_wconf 82' lang='lat' dir='ltr'><strong>cymbala</strong></span> <span class='ocrx_word' id='word_1_768' title='bbox 2532 3585 2728 3656; x_wconf 81' lang='lat' dir='ltr'><strong>strepit.</strong></span> <span class='ocrx_word' id='word_1_769' title='bbox 2775 3582 3002 3637; x_wconf 79' lang='lat' dir='ltr'><strong>Breviter</strong></span> <span class='ocrx_word' id='word_1_770' title='bbox 3040 3586 3206 3639; x_wconf 84' lang='lat' dir='ltr'><strong>omnis</strong></span> <span class='ocrx_word' id='word_1_771' title='bbox 3244 3582 3576 3656; x_wconf 77' lang='lat' dir='ltr'><strong>undequaque</strong></span> <span class='ocrx_word' id='word_1_772' title='bbox 3618 3586 3707 3641; x_wconf 67' lang='grc' dir='ltr'><strong>Ιώ.</strong></span> 
     </span>
    </p>
   </div>
   <div class='ocr_carea' id='block_1_103' title="bbox 2116 3654 3723 3727">
    <p class='ocr_par' dir='ltr' id='par_1_103' title="bbox 2116 3654 3723 3727">
     <span class='ocr_line' id='line_1_108' title="bbox 2116 3654 3723 3727; baseline -0.006 -16"><span class='ocrx_word' id='word_1_773' title='bbox 2116 3654 2360 3711; x_wconf 76' lang='lat' dir='ltr'><strong>tumultus</strong></span> <span class='ocrx_word' id='word_1_774' title='bbox 2385 3667 2537 3727; x_wconf 86' lang='lat' dir='ltr'><strong>atque</strong></span> <span class='ocrx_word' id='word_1_775' title='bbox 2556 3654 2774 3727; x_wconf 67' lang='lat' dir='ltr'><strong>insania:</strong></span> <span class='ocrx_word' id='word_1_776' title='bbox 2797 3656 2951 3724; x_wconf 87' lang='lat' dir='ltr'><strong>plena</strong></span> <span class='ocrx_word' id='word_1_777' title='bbox 2974 3664 3067 3708; x_wconf 89' lang='lat' dir='ltr'><strong>est.</strong></span> <span class='ocrx_word' id='word_1_778' title='bbox 3096 3656 3291 3712; x_wconf 81' lang='lat' dir='ltr'><strong>Sextus</strong></span> <span class='ocrx_word' id='word_1_779' title='bbox 3318 3654 3573 3711; x_wconf 78' lang='lat' dir='ltr'><strong>Aurelius</strong></span> <span class='ocrx_word' id='word_1_780' title='bbox 3594 3657 3723 3714; x_wconf 77' lang='lat' dir='ltr'><strong>Vic-</strong></span> 
     </span>
    </p>
   </div>
   <div class='ocr_carea' id='block_1_104' title="bbox 2116 3724 3722 3796">
    <p class='ocr_par' dir='ltr' id='par_1_104' title="bbox 2116 3724 3722 3796">
     <span class='ocr_line' id='line_1_109' title="bbox 2116 3724 3722 3796; baseline 0.001 -14"><span class='ocrx_word' id='word_1_781' title='bbox 2116 3736 2202 3782; x_wconf 86' lang='lat' dir='ltr'><strong>tor</strong></span> <span class='ocrx_word' id='word_1_782' title='bbox 2230 3732 2283 3782; x_wconf 90' lang='lat' dir='ltr'><strong>in</strong></span> <span class='ocrx_word' id='word_1_783' title='bbox 2310 3724 2590 3796; x_wconf 81' lang='lat' dir='ltr'><strong>Heliogab.</strong></span> <span class='ocrx_word' id='word_1_784' title='bbox 2628 3741 2640 3779; x_wconf 88' lang='lat'><strong>:</strong></span> <span class='ocrx_word' id='word_1_785' title='bbox 2684 3724 2933 3781; x_wconf 81' lang='lat' dir='ltr'><strong>Vestalem</strong></span> <span class='ocrx_word' id='word_1_786' title='bbox 2956 3727 3203 3796; x_wconf 83' lang='lat' dir='ltr'><strong>virginem</strong></span> <span class='ocrx_word' id='word_1_787' title='bbox 3224 3728 3373 3796; x_wconf 79' lang='lat' dir='ltr'><strong>quasi</strong></span> <span class='ocrx_word' id='word_1_788' title='bbox 3399 3731 3722 3785; x_wconf 82' lang='lat' dir='ltr'><strong>matrimonio</strong></span> 
     </span>
    </p>
   </div>
   <div class='ocr_carea' id='block_1_105' title="bbox 2107 3777 3724 3870">
    <p class='ocr_par' dir='ltr' id='par_1_105' title="bbox 2107 3777 3724 3870">
     <span class='ocr_line' id='line_1_110' title="bbox 2107 3777 3724 3870; baseline 0.001 -17"><span class='ocrx_word' id='word_1_789' title='bbox 2107 3777 2848 3870; x_wconf 48' lang='lat' dir='ltr'><strong>nam;;.;.,&quot;aiics.agi..g</strong></span> <span class='ocrx_word' id='word_1_790' title='bbox 2863 3777 3202 3870; x_wconf 47' lang='lat' dir='ltr'><strong>gratia-iugi;</strong></span> <span class='ocrx_word' id='word_1_791' title='bbox 3227 3777 3724 3869; x_wconf 44' lang='lat' dir='ltr'><strong>Magistratu}</strong></span> 
     </span>
    </p>
   </div>
   <div class='ocr_carea' id='block_1_106' title="bbox 2116 3866 3717 3937">
    <p class='ocr_par' dir='ltr' id='par_1_106' title="bbox 2116 3866 3717 3937">
     <span class='ocr_line' id='line_1_111' title="bbox 2116 3866 3717 3937; baseline 0 -12"><span class='ocrx_word' id='word_1_792' title='bbox 2116 3866 2352 3925; x_wconf 75' lang='lat' dir='ltr'><strong>sacravit.</strong></span> <span class='ocrx_word' id='word_1_793' title='bbox 2383 3870 2649 3924; x_wconf 78' lang='lat' dir='ltr'><strong>Firmicus</strong></span> <span class='ocrx_word' id='word_1_794' title='bbox 2680 3866 2901 3924; x_wconf 85' lang='lat' dir='ltr'><strong>Astron.</strong></span> <span class='ocrx_word' id='word_1_795' title='bbox 2939 3868 3029 3923; x_wconf 90' lang='lat' dir='ltr'><strong>lib.</strong></span> <span class='ocrx_word' id='word_1_796' title='bbox 3063 3886 3136 3936; x_wconf 87' lang='lat' dir='ltr'><strong>Iv,</strong></span> <span class='ocrx_word' id='word_1_797' title='bbox 3162 3884 3279 3937; x_wconf 81' lang='lat' dir='ltr'><strong>eap.</strong></span> <span class='ocrx_word' id='word_1_798' title='bbox 3304 3866 3397 3931; x_wconf 62' lang='lat'><strong>99,</strong></span> <span class='ocrx_word' id='word_1_799' title='bbox 3429 3870 3519 3935; x_wconf 76' lang='lat'><strong>‘51,</strong></span> <span class='ocrx_word' id='word_1_800' title='bbox 3550 3881 3603 3926; x_wconf 89' lang='lat' dir='ltr'><strong>et</strong></span> <span class='ocrx_word' id='word_1_801' title='bbox 3624 3872 3717 3926; x_wconf 89' lang='lat' dir='ltr'><strong>lib.</strong></span> 
     </span>
    </p>
   </div>
   <div class='ocr_carea' id='block_1_107' title="bbox 2117 3939 3723 4014">
    <p class='ocr_par' dir='ltr' id='par_1_107' title="bbox 2117 3939 3723 4014">
     <span class='ocr_line' id='line_1_112' title="bbox 2117 3939 3723 4014; baseline 0 -17"><span class='ocrx_word' id='word_1_802' title='bbox 2117 3958 2156 4009; x_wconf 87' lang='grc' dir='ltr'><strong>ι,</strong></span> <span class='ocrx_word' id='word_1_803' title='bbox 2189 3957 2307 4011; x_wconf 83' lang='lat' dir='ltr'><strong>cap.</strong></span> <span class='ocrx_word' id='word_1_804' title='bbox 2334 3942 2367 3997; x_wconf 88' lang='lat'><strong>6</strong></span> <span class='ocrx_word' id='word_1_805' title='bbox 2398 3960 2410 3997; x_wconf 88' lang='lat'><strong>:</strong></span> <span class='ocrx_word' id='word_1_806' title='bbox 2447 3940 2768 4012; x_wconf 81' lang='lat' dir='ltr'><strong>Arcltigallos</strong></span> <span class='ocrx_word' id='word_1_807' title='bbox 2811 3939 2983 4014; x_wconf 82' lang='lat' dir='ltr'><strong>faciet,</strong></span> <span class='ocrx_word' id='word_1_808' title='bbox 3026 3942 3112 4010; x_wconf 87' lang='lat' dir='ltr'><strong>qui</strong></span> <span class='ocrx_word' id='word_1_809' title='bbox 3151 3942 3324 3995; x_wconf 78' lang='lat' dir='ltr'><strong>virilia</strong></span> <span class='ocrx_word' id='word_1_810' title='bbox 3359 3941 3460 4014; x_wconf 75' lang='lat' dir='ltr'><strong>sibi</strong></span> <span class='ocrx_word' id='word_1_811' title='bbox 3500 3944 3723 4014; x_wconf 84' lang='lat' dir='ltr'><strong>prapriis</strong></span> 
     </span>
    </p>
   </div>
   <div class='ocr_carea' id='block_1_108' title="bbox 2118 4013 3723 4082">
    <p class='ocr_par' dir='ltr' id='par_1_108' title="bbox 2118 4013 3723 4082">
     <span class='ocr_line' id='line_1_113' title="bbox 2118 4013 3723 4082; baseline 0.001 -16"><span class='ocrx_word' id='word_1_812' title='bbox 2118 4024 2378 4082; x_wconf 85' lang='lat' dir='ltr'><strong>amputent</strong></span> <span class='ocrx_word' id='word_1_813' title='bbox 2412 4014 2662 4067; x_wconf 84' lang='lat' dir='ltr'><strong>manibus.</strong></span> <span class='ocrx_word' id='word_1_814' title='bbox 2696 4013 2900 4067; x_wconf 82' lang='lat' dir='ltr'><strong>Arnob.</strong></span> <span class='ocrx_word' id='word_1_815' title='bbox 2942 4013 3141 4081; x_wconf 84' lang='lat' dir='ltr'><strong>passim</strong></span> <span class='ocrx_word' id='word_1_816' title='bbox 3172 4030 3266 4067; x_wconf 88' lang='lat' dir='ltr'><strong>eos</strong></span> <span class='ocrx_word' id='word_1_817' title='bbox 3292 4013 3525 4082; x_wconf 84' lang='lat' dir='ltr'><strong>appellat</strong></span> <span class='ocrx_word' id='word_1_818' title='bbox 3554 4014 3723 4068; x_wconf 85' lang='lat' dir='ltr'><strong>evira-</strong></span> 
     </span>
    </p>
   </div>
   <div class='ocr_carea' id='block_1_109' title="bbox 2120 4082 3723 4153">
    <p class='ocr_par' dir='ltr' id='par_1_109' title="bbox 2120 4082 3723 4153">
     <span class='ocr_line' id='line_1_114' title="bbox 2120 4082 3723 4153; baseline 0.002 -16"><span class='ocrx_word' id='word_1_819' title='bbox 2120 4095 2217 4148; x_wconf 86' lang='lat' dir='ltr'><strong>tos,</strong></span> <span class='ocrx_word' id='word_1_820' title='bbox 2265 4086 2532 4145; x_wconf 77' lang='lat' dir='ltr'><strong>abscissos.</strong></span> <span class='ocrx_word' id='word_1_821' title='bbox 2580 4086 2862 4145; x_wconf 81' lang='lat' dir='ltr'><strong>semiviros,</strong></span> <span class='ocrx_word' id='word_1_822' title='bbox 2902 4082 3261 4147; x_wconf 70' lang='lat' dir='ltr'><strong>elfaemiuatos.</strong></span> <span class='ocrx_word' id='word_1_823' title='bbox 3295 4084 3637 4153; x_wconf 79' lang='lat' dir='ltr'><strong>Lampridius</strong></span> <span class='ocrx_word' id='word_1_824' title='bbox 3667 4086 3723 4141; x_wconf 90' lang='lat' dir='ltr'><strong>in</strong></span> 
     </span>
    </p>
   </div>
   <div class='ocr_carea' id='block_1_110' title="bbox 2120 4152 3722 4226">
    <p class='ocr_par' dir='ltr' id='par_1_110' title="bbox 2120 4152 3722 4226">
     <span class='ocr_line' id='line_1_115' title="bbox 2120 4152 3722 4226; baseline 0.001 -16"><span class='ocrx_word' id='word_1_825' title='bbox 2120 4156 2423 4225; x_wconf 81' lang='lat' dir='ltr'><strong>Heliogab.,</strong></span> <span class='ocrx_word' id='word_1_826' title='bbox 2455 4156 2765 4226; x_wconf 84' lang='lat' dir='ltr'><strong>llieronym.</strong></span> <span class='ocrx_word' id='word_1_827' title='bbox 2797 4154 2887 4209; x_wconf 90' lang='lat' dir='ltr'><strong>lib.</strong></span> <span class='ocrx_word' id='word_1_828' title='bbox 2911 4156 3022 4226; x_wconf 31' lang='lat' dir='ltr'><strong>ltiti</strong></span> <span class='ocrx_word' id='word_1_829' title='bbox 3040 4152 3234 4226; x_wconf 85' lang='lat' dir='ltr'><strong>Oscam</strong></span> <span class='ocrx_word' id='word_1_830' title='bbox 3256 4171 3374 4224; x_wconf 88' lang='lat' dir='ltr'><strong>cap.</strong></span> <span class='ocrx_word' id='word_1_831' title='bbox 3401 4152 3452 4214; x_wconf 71' lang='grc'><strong>4.</strong></span> <span class='ocrx_word' id='word_1_832' title='bbox 3476 4154 3722 4212; x_wconf 79' lang='lat' dir='ltr'><strong>Valerius</strong></span> 
     </span>
    </p>
   </div>
   <div class='ocr_carea' id='block_1_111' title="bbox 2123 4225 3719 4295">
    <p class='ocr_par' dir='ltr' id='par_1_111' title="bbox 2123 4225 3719 4295">
     <span class='ocr_line' id='line_1_116' title="bbox 2123 4225 3719 4295; baseline 0 -14"><span class='ocrx_word' id='word_1_833' title='bbox 2123 4227 2380 4294; x_wconf 78' lang='lat' dir='ltr'><strong>Flaccus,</strong></span> <span class='ocrx_word' id='word_1_834' title='bbox 2413 4227 2501 4282; x_wconf 90' lang='lat' dir='ltr'><strong>lib.</strong></span> <span class='ocrx_word' id='word_1_835' title='bbox 2533 4242 2602 4280; x_wconf 88' lang='lat' dir='ltr'><strong>vn</strong></span> <span class='ocrx_word' id='word_1_836' title='bbox 2632 4225 2925 4295; x_wconf 64' lang='lat' dir='ltr'><strong>Argoaaut.</strong></span> <span class='ocrx_word' id='word_1_837' title='bbox 2956 4225 3090 4281; x_wconf 81' lang='lat' dir='ltr'><strong>Vide</strong></span> <span class='ocrx_word' id='word_1_838' title='bbox 3115 4226 3279 4279; x_wconf 87' lang='lat' dir='ltr'><strong>etiam</strong></span> <span class='ocrx_word' id='word_1_839' title='bbox 3325 4225 3584 4294; x_wconf 85' lang='lat' dir='ltr'><strong>insignem</strong></span> <span class='ocrx_word' id='word_1_840' title='bbox 3614 4227 3719 4281; x_wconf 85' lang='lat' dir='ltr'><strong>hac</strong></span> 
     </span>
    </p>
   </div>
   <div class='ocr_carea' id='block_1_112' title="bbox 2120 4295 3719 4367">
    <p class='ocr_par' dir='ltr' id='par_1_112' title="bbox 2120 4295 3719 4367">
     <span class='ocr_line' id='line_1_117' title="bbox 2120 4295 3719 4367; baseline 0 -15"><span class='ocrx_word' id='word_1_841' title='bbox 2120 4297 2189 4353; x_wconf 89' lang='lat' dir='ltr'><strong>de</strong></span> <span class='ocrx_word' id='word_1_842' title='bbox 2214 4314 2273 4353; x_wconf 89' lang='lat' dir='ltr'><strong>re</strong></span> <span class='ocrx_word' id='word_1_843' title='bbox 2301 4300 2506 4365; x_wconf 87' lang='lat' dir='ltr'><strong>locum,</strong></span> <span class='ocrx_word' id='word_1_844' title='bbox 2554 4298 2697 4365; x_wconf 85' lang='lat' dir='ltr'><strong>apud</strong></span> <span class='ocrx_word' id='word_1_845' title='bbox 2740 4295 2955 4350; x_wconf 86' lang='lat' dir='ltr'><strong>Lucian.</strong></span> <span class='ocrx_word' id='word_1_846' title='bbox 2987 4295 3055 4367; x_wconf 84' lang='lat' dir='ltr'><strong>de</strong></span> <span class='ocrx_word' id='word_1_847' title='bbox 3090 4295 3192 4350; x_wconf 87' lang='lat' dir='ltr'><strong>Dea</strong></span> <span class='ocrx_word' id='word_1_848' title='bbox 3227 4296 3402 4367; x_wconf 87' lang='lat' dir='ltr'><strong>Syria.</strong></span> <span class='ocrx_word' id='word_1_849' title='bbox 3438 4297 3541 4351; x_wconf 88' lang='lat' dir='ltr'><strong>Sed</strong></span> <span class='ocrx_word' id='word_1_850' title='bbox 3592 4299 3719 4363; x_wconf 82' lang='lat' dir='ltr'><strong>quia</strong></span> 
     </span>
    </p>
   </div>
   <div class='ocr_carea' id='block_1_113' title="bbox 2120 4366 3722 4438">
    <p class='ocr_par' dir='ltr' id='par_1_113' title="bbox 2120 4366 3722 4438">
     <span class='ocr_line' id='line_1_118' title="bbox 2120 4366 3722 4438; baseline 0.002 -17"><span class='ocrx_word' id='word_1_851' title='bbox 2120 4370 2384 4438; x_wconf 84' lang='lat' dir='ltr'><strong>prolixior</strong></span> <span class='ocrx_word' id='word_1_852' title='bbox 2410 4378 2523 4430; x_wconf 89' lang='lat' dir='ltr'><strong>est,</strong></span> <span class='ocrx_word' id='word_1_853' title='bbox 2552 4384 2656 4422; x_wconf 91' lang='lat' dir='ltr'><strong>non</strong></span> <span class='ocrx_word' id='word_1_854' title='bbox 2696 4368 2967 4422; x_wconf 82' lang='lat' dir='ltr'><strong>describo.</strong></span> <span class='ocrx_word' id='word_1_855' title='bbox 3002 4366 3177 4438; x_wconf 82' lang='lat' dir='ltr'><strong>Locus</strong></span> <span class='ocrx_word' id='word_1_856' title='bbox 3207 4366 3393 4433; x_wconf 85' lang='lat' dir='ltr'><strong>ineipit</strong></span> <span class='ocrx_word' id='word_1_857' title='bbox 3419 4384 3433 4420; x_wconf 88' lang='lat'><strong>:</strong></span> <span class='ocrx_word' id='word_1_858' title='bbox 3463 4367 3638 4423; x_wconf 78' lang='grc' dir='ltr'><strong>Γάλλοι</strong></span> <span class='ocrx_word' id='word_1_859' title='bbox 3664 4367 3722 4424; x_wconf 75' lang='grc' dir='ltr'><strong>δὲ</strong></span> 
     </span>
    </p>
   </div>
   <div class='ocr_carea' id='block_1_114' title="bbox 2120 4436 3720 4505">
    <p class='ocr_par' dir='ltr' id='par_1_114' title="bbox 2120 4436 3720 4505">
     <span class='ocr_line' id='line_1_119' title="bbox 2120 4436 3720 4505; baseline 0 -10"><span class='ocrx_word' id='word_1_860' title='bbox 2120 4436 2307 4505; x_wconf 52' lang='lat' dir='ltr'><strong>uolitat,</strong></span> <span class='ocrx_word' id='word_1_861' title='bbox 2355 4450 2458 4494; x_wconf 91' lang='lat' dir='ltr'><strong>etc.</strong></span> <span class='ocrx_word' id='word_1_862' title='bbox 2498 4440 2577 4493; x_wconf 77' lang='lat' dir='ltr'><strong>Ex</strong></span> <span class='ocrx_word' id='word_1_863' title='bbox 2616 4439 3001 4493; x_wconf 68' lang='lat' dir='ltr'><strong>Esuesuonsr.</strong></span> <span class='ocrx_word' id='word_1_864' title='bbox 3051 4466 3121 4477; x_wconf 92' lang='lat'><strong><em>—</em></strong></span> <span class='ocrx_word' id='word_1_865' title='bbox 3151 4436 3444 4503; x_wconf 85' lang='lat' dir='ltr'><strong>Betuleius,</strong></span> <span class='ocrx_word' id='word_1_866' title='bbox 3490 4439 3720 4495; x_wconf 83' lang='lat' dir='ltr'><strong>Vossius</strong></span> 
     </span>
    </p>
   </div>
   <div class='ocr_carea' id='block_1_115' title="bbox 2122 4507 3723 4580">
    <p class='ocr_par' dir='ltr' id='par_1_115' title="bbox 2122 4507 3723 4580">
     <span class='ocr_line' id='line_1_120' title="bbox 2122 4507 3723 4580; baseline 0.002 -16"><span class='ocrx_word' id='word_1_867' title='bbox 2122 4511 2320 4580; x_wconf 89' lang='lat' dir='ltr'><strong>aliique</strong></span> <span class='ocrx_word' id='word_1_868' title='bbox 2341 4518 2525 4576; x_wconf 86' lang='lat' dir='ltr'><strong>putant</strong></span> <span class='ocrx_word' id='word_1_869' title='bbox 2544 4524 2573 4562; x_wconf 91' lang='lat' dir='ltr'><strong>a</strong></span> <span class='ocrx_word' id='word_1_870' title='bbox 2593 4509 2812 4564; x_wconf 79' lang='lat' dir='ltr'><strong>ﬂumine</strong></span> <span class='ocrx_word' id='word_1_871' title='bbox 2834 4508 2991 4563; x_wconf 89' lang='lat' dir='ltr'><strong>Gallo</strong></span> <span class='ocrx_word' id='word_1_872' title='bbox 3012 4507 3190 4563; x_wconf 83' lang='lat' dir='ltr'><strong>Gallos</strong></span> <span class='ocrx_word' id='word_1_873' title='bbox 3218 4510 3419 4565; x_wconf 82' lang='lat' dir='ltr'><strong>vocari.</strong></span> <span class='ocrx_word' id='word_1_874' title='bbox 3443 4509 3534 4567; x_wconf 86' lang='lat' dir='ltr'><strong>Sic</strong></span> <span class='ocrx_word' id='word_1_875' title='bbox 3558 4511 3723 4568; x_wconf 87' lang='lat' dir='ltr'><strong>etiam</strong></span> 
     </span>
    </p>
   </div>
   <div class='ocr_carea' id='block_1_116' title="bbox 2122 4581 2679 4637">
    <p class='ocr_par' dir='ltr' id='par_1_116' title="bbox 2122 4581 2679 4637">
     <span class='ocr_line' id='line_1_121' title="bbox 2122 4581 2679 4637; baseline -0.005 0"><span class='ocrx_word' id='word_1_876' title='bbox 2122 4581 2277 4637; x_wconf 87' lang='lat' dir='ltr'><strong>Ovid.</strong></span> <span class='ocrx_word' id='word_1_877' title='bbox 2312 4582 2456 4636; x_wconf 85' lang='lat' dir='ltr'><strong>Fast.</strong></span> <span class='ocrx_word' id='word_1_878' title='bbox 2488 4581 2577 4635; x_wconf 85' lang='lat' dir='ltr'><strong>lib.</strong></span> <span class='ocrx_word' id='word_1_879' title='bbox 2608 4596 2679 4634; x_wconf 84' lang='lat' dir='ltr'><strong>tv.</strong></span> 
     </span>
    </p>
   </div>
   <div class='ocr_carea' id='block_1_117' title="bbox 2196 4650 3717 4720">
    <p class='ocr_par' dir='ltr' id='par_1_117' title="bbox 2196 4650 3717 4720">
     <span class='ocr_line' id='line_1_122' title="bbox 2196 4650 3717 4720; baseline 0.003 -14"><span class='ocrx_word' id='word_1_880' title='bbox 2196 4652 2434 4708; x_wconf 86' lang='lat' dir='ltr'><strong>Pellices.</strong></span> <span class='ocrx_word' id='word_1_881' title='bbox 2470 4652 2749 4713; x_wconf 84' lang='lat' dir='ltr'><strong>Latonam,</strong></span> <span class='ocrx_word' id='word_1_882' title='bbox 2773 4650 2849 4718; x_wconf 88' lang='lat' dir='ltr'><strong>lo,</strong></span> <span class='ocrx_word' id='word_1_883' title='bbox 2885 4652 3174 4720; x_wconf 81' lang='lat' dir='ltr'><strong>Europam,</strong></span> <span class='ocrx_word' id='word_1_884' title='bbox 3206 4651 3424 4707; x_wconf 88' lang='lat' dir='ltr'><strong>Danaen</strong></span> <span class='ocrx_word' id='word_1_885' title='bbox 3479 4662 3532 4709; x_wconf 92' lang='lat' dir='ltr'><strong>et</strong></span> <span class='ocrx_word' id='word_1_886' title='bbox 3559 4653 3717 4710; x_wconf 88' lang='lat' dir='ltr'><strong>alias.</strong></span> 
     </span>
    </p>
   </div>
   <div class='ocr_carea' id='block_1_118' title="bbox 2199 4721 3725 4797">
    <p class='ocr_par' dir='ltr' id='par_1_118' title="bbox 2199 4721 3725 4797">
     <span class='ocr_line' id='line_1_123' title="bbox 2199 4721 3725 4797; baseline 0.001 -18"><span class='ocrx_word' id='word_1_887' title='bbox 2199 4724 2281 4779; x_wconf 75' lang='lat' dir='ltr'><strong>Ex</strong></span> <span class='ocrx_word' id='word_1_888' title='bbox 2304 4729 2482 4797; x_wconf 82' lang='lat' dir='ltr'><strong>fratre.</strong></span> <span class='ocrx_word' id='word_1_889' title='bbox 2513 4724 2637 4777; x_wconf 82' lang='lat' dir='ltr'><strong>Mss.</strong></span> <span class='ocrx_word' id='word_1_890' title='bbox 2663 4723 2699 4775; x_wconf 71' lang='grc'>2</span> <span class='ocrx_word' id='word_1_891' title='bbox 2717 4721 2955 4797; x_wconf 83' lang='lat' dir='ltr'><strong>Colbert.</strong></span> <span class='ocrx_word' id='word_1_892' title='bbox 2988 4732 3044 4797; x_wconf 89' lang='lat' dir='ltr'><strong>e_t.</strong></span> <span class='ocrx_word' id='word_1_893' title='bbox 3068 4723 3091 4777; x_wconf 80' lang='lat' dir='ltr'><strong>l</strong></span> <span class='ocrx_word' id='word_1_894' title='bbox 3118 4723 3307 4797; x_wconf 89' lang='lat' dir='ltr'><strong>Brun.,</strong></span> <span class='ocrx_word' id='word_1_895' title='bbox 3336 4740 3400 4778; x_wconf 78' lang='lat' dir='ltr'><strong>ea:</strong></span> <span class='ocrx_word' id='word_1_896' title='bbox 3418 4734 3581 4793; x_wconf 86' lang='lat' dir='ltr'><strong>patre.</strong></span> <span class='ocrx_word' id='word_1_897' title='bbox 3607 4725 3725 4781; x_wconf 82' lang='lat' dir='ltr'><strong>Me-</strong></span> 
     </span>
    </p>
   </div>
   <div class='ocr_carea' id='block_1_119' title="bbox 2125 4793 3723 4866">
    <p class='ocr_par' dir='ltr' id='par_1_119' title="bbox 2125 4793 3723 4866">
     <span class='ocr_line' id='line_1_124' title="bbox 2125 4793 3723 4866; baseline 0 -15"><span class='ocrx_word' id='word_1_898' title='bbox 2125 4798 2229 4852; x_wconf 90' lang='lat' dir='ltr'><strong>lius</strong></span> <span class='ocrx_word' id='word_1_899' title='bbox 2270 4793 2430 4866; x_wconf 80' lang='lat' dir='ltr'><strong>igitur</strong></span> <span class='ocrx_word' id='word_1_900' title='bbox 2449 4811 2513 4849; x_wconf 81' lang='lat' dir='ltr'><strong>ea:</strong></span> <span class='ocrx_word' id='word_1_901' title='bbox 2543 4797 2720 4866; x_wconf 79' lang='lat' dir='ltr'><strong>fratre,</strong></span> <span class='ocrx_word' id='word_1_902' title='bbox 2739 4794 2792 4848; x_wconf 92' lang='lat' dir='ltr'><strong>id</strong></span> <span class='ocrx_word' id='word_1_903' title='bbox 2819 4803 2985 4849; x_wconf 81' lang='lat' dir='ltr'><strong>estex</strong></span> <span class='ocrx_word' id='word_1_904' title='bbox 3006 4793 3159 4861; x_wconf 82' lang='lat' dir='ltr'><strong>Jove,</strong></span> <span class='ocrx_word' id='word_1_905' title='bbox 3177 4796 3331 4865; x_wconf 92' lang='lat' dir='ltr'><strong>cujus</strong></span> <span class='ocrx_word' id='word_1_906' title='bbox 3350 4806 3467 4851; x_wconf 90' lang='lat' dir='ltr'><strong>erat</strong></span> <span class='ocrx_word' id='word_1_907' title='bbox 3490 4805 3544 4852; x_wconf 89' lang='lat' dir='ltr'><strong>et</strong></span> <span class='ocrx_word' id='word_1_908' title='bbox 3564 4810 3723 4851; x_wconf 89' lang='lat' dir='ltr'><strong>soror</strong></span> 
     </span>
    </p>
   </div>
   <div class='ocr_carea' id='block_1_120' title="bbox 2124 4865 2928 4938">
    <p class='ocr_par' dir='ltr' id='par_1_120' title="bbox 2124 4865 2928 4938">
     <span class='ocr_line' id='line_1_125' title="bbox 2124 4865 2928 4938; baseline -0.005 -14"><span class='ocrx_word' id='word_1_909' title='bbox 2124 4878 2178 4924; x_wconf 87' lang='lat' dir='ltr'><strong>et</strong></span> <span class='ocrx_word' id='word_1_910' title='bbox 2204 4865 2424 4938; x_wconf 80' lang='lat' dir='ltr'><strong>conjux,</strong></span> <span class='ocrx_word' id='word_1_911' title='bbox 2447 4865 2596 4938; x_wconf 74' lang='lat' dir='ltr'><strong>juxta</strong></span> <span class='ocrx_word' id='word_1_912' title='bbox 2629 4865 2928 4938; x_wconf 73' lang='lat' dir='ltr'><strong>Virgilium.</strong></span> 
     </span>
    </p>
   </div>
   <div class='ocr_carea' id='block_1_121' title="bbox 2198 4935 3714 5007">
    <p class='ocr_par' dir='ltr' id='par_1_121' title="bbox 2198 4935 3714 5007">
     <span class='ocr_line' id='line_1_126' title="bbox 2198 4935 3714 5007; baseline -0.003 -12"><span class='ocrx_word' id='word_1_913' title='bbox 2198 4935 2480 4995; x_wconf 73' lang='lat' dir='ltr'><strong>Samum...</strong></span> <span class='ocrx_word' id='word_1_914' title='bbox 2529 4935 2692 4992; x_wconf 84' lang='lat' dir='ltr'><strong>Juno.</strong></span> <span class='ocrx_word' id='word_1_915' title='bbox 2716 4936 2836 4991; x_wconf 87' lang='lat' dir='ltr'><strong>Lib.</strong></span> <span class='ocrx_word' id='word_1_916' title='bbox 2883 4953 2930 5003; x_wconf 87' lang='grc' dir='ltr'><strong>ι,</strong></span> <span class='ocrx_word' id='word_1_917' title='bbox 2974 4952 3092 5007; x_wconf 90' lang='lat' dir='ltr'><strong>cap.</strong></span> <span class='ocrx_word' id='word_1_918' title='bbox 3125 4938 3211 4994; x_wconf 75' lang='grc'><strong>15.</strong></span> <span class='ocrx_word' id='word_1_919' title='bbox 3242 4936 3438 4993; x_wconf 86' lang='lat' dir='ltr'><strong>Strabo</strong></span> <span class='ocrx_word' id='word_1_920' title='bbox 3466 4938 3553 4993; x_wconf 90' lang='lat' dir='ltr'><strong>ed.</strong></span> <span class='ocrx_word' id='word_1_921' title='bbox 3587 4955 3714 4993; x_wconf 88' lang='lat' dir='ltr'><strong>nov.</strong></span> 
     </span>
    </p>
   </div>
   <div class='ocr_carea' id='block_1_122' title="bbox 2126 5008 3721 5079">
    <p class='ocr_par' dir='ltr' id='par_1_122' title="bbox 2126 5008 3721 5079">
     <span class='ocr_line' id='line_1_127' title="bbox 2126 5008 3721 5079; baseline -0.001 -14"><span class='ocrx_word' id='word_1_922' title='bbox 2126 5011 2221 5067; x_wconf 89' lang='lat' dir='ltr'><strong>lib.</strong></span> <span class='ocrx_word' id='word_1_923' title='bbox 2255 5027 2364 5077; x_wconf 75' lang='lat' dir='ltr'><strong>xxv,</strong></span> <span class='ocrx_word' id='word_1_924' title='bbox 2395 5010 2487 5065; x_wconf 86' lang='lat' dir='ltr'><strong>fol.</strong></span> <span class='ocrx_word' id='word_1_925' title='bbox 2519 5010 2643 5064; x_wconf 80' lang='lat'>657.</span> <span class='ocrx_word' id='word_1_926' title='bbox 2675 5010 2748 5063; x_wconf 87' lang='lat' dir='ltr'><strong>De</strong></span> <span class='ocrx_word' id='word_1_927' title='bbox 2778 5008 2895 5079; x_wconf 88' lang='lat' dir='ltr'><strong>ejus</strong></span> <span class='ocrx_word' id='word_1_928' title='bbox 2923 5009 3122 5077; x_wconf 86' lang='lat' dir='ltr'><strong>templo</strong></span> <span class='ocrx_word' id='word_1_929' title='bbox 3148 5020 3197 5064; x_wconf 91' lang='lat' dir='ltr'><strong>et</strong></span> <span class='ocrx_word' id='word_1_930' title='bbox 3232 5011 3401 5063; x_wconf 87' lang='lat' dir='ltr'><strong>sacris</strong></span> <span class='ocrx_word' id='word_1_931' title='bbox 3430 5010 3630 5065; x_wconf 87' lang='lat' dir='ltr'><strong>Savaro</strong></span> <span class='ocrx_word' id='word_1_932' title='bbox 3650 5009 3721 5064; x_wconf 84' lang='lat' dir='ltr'><strong>ad</strong></span> 
     </span>
    </p>
   </div>
   <div class='ocr_carea' id='block_1_123' title="bbox 2125 5079 3720 5152">
    <p class='ocr_par' dir='ltr' id='par_1_123' title="bbox 2125 5079 3720 5152">
     <span class='ocr_line' id='line_1_128' title="bbox 2125 5079 3720 5152; baseline -0.003 -14"><span class='ocrx_word' id='word_1_933' title='bbox 2125 5082 2311 5138; x_wconf 90' lang='lat' dir='ltr'><strong>Sidon.</strong></span> <span class='ocrx_word' id='word_1_934' title='bbox 2359 5081 2591 5152; x_wconf 87' lang='lat' dir='ltr'><strong>Apollin.</strong></span> <span class='ocrx_word' id='word_1_935' title='bbox 2634 5095 2804 5135; x_wconf 88' lang='lat' dir='ltr'><strong>carm.</strong></span> <span class='ocrx_word' id='word_1_936' title='bbox 2826 5080 2905 5152; x_wconf 72' lang='grc' dir='ltr'><strong>Δ9,</strong></span> <span class='ocrx_word' id='word_1_937' title='bbox 2933 5095 3065 5152; x_wconf 65' lang='grc' dir='ltr'><strong>ρης.</strong></span> <span class='ocrx_word' id='word_1_938' title='bbox 3102 5080 3224 5152; x_wconf 72' lang='grc'><strong>122.</strong></span> <span class='ocrx_word' id='word_1_939' title='bbox 3256 5079 3396 5152; x_wconf 86' lang='lat' dir='ltr'><strong>Add.</strong></span> <span class='ocrx_word' id='word_1_940' title='bbox 3427 5080 3720 5152; x_wconf 82' lang='lat' dir='ltr'><strong>Spanhem.</strong></span> 
     </span>
    </p>
   </div>
   <div class='ocr_carea' id='block_1_124' title="bbox 2126 5149 3721 5220">
    <p class='ocr_par' dir='ltr' id='par_1_124' title="bbox 2126 5149 3721 5220">
     <span class='ocr_line' id='line_1_129' title="bbox 2126 5149 3721 5220; baseline -0.003 -12"><span class='ocrx_word' id='word_1_941' title='bbox 2126 5155 2193 5208; x_wconf 86' lang='lat' dir='ltr'><strong>ad</strong></span> <span class='ocrx_word' id='word_1_942' title='bbox 2222 5149 2438 5209; x_wconf 78' lang='lat' dir='ltr'><strong>Callitri.</strong></span> <span class='ocrx_word' id='word_1_943' title='bbox 2475 5153 2623 5208; x_wconf 85' lang='lat' dir='ltr'><strong>Dian.</strong></span> <span class='ocrx_word' id='word_1_944' title='bbox 2659 5167 2710 5204; x_wconf 73' lang='grc' dir='ltr'><strong>ν.</strong></span> <span class='ocrx_word' id='word_1_945' title='bbox 2740 5150 2867 5212; x_wconf 67' lang='grc' dir='ltr'><strong>ἳ28.</strong></span> <span class='ocrx_word' id='word_1_946' title='bbox 2902 5149 3021 5220; x_wconf 77' lang='lat' dir='ltr'><strong>pag.</strong></span> <span class='ocrx_word' id='word_1_947' title='bbox 3049 5149 3176 5214; x_wconf 65' lang='grc'><strong>285,</strong></span> <span class='ocrx_word' id='word_1_948' title='bbox 3217 5160 3272 5205; x_wconf 90' lang='lat' dir='ltr'><strong>et</strong></span> <span class='ocrx_word' id='word_1_949' title='bbox 3308 5151 3375 5203; x_wconf 88' lang='lat' dir='ltr'><strong>ad</strong></span> <span class='ocrx_word' id='word_1_950' title='bbox 3425 5151 3633 5217; x_wconf 89' lang='lat' dir='ltr'><strong>Delum,</strong></span> <span class='ocrx_word' id='word_1_951' title='bbox 3666 5167 3721 5207; x_wconf 80' lang='grc' dir='ltr'><strong>ν.</strong></span> 
     </span>
    </p>
   </div>
   <div class='ocr_carea' id='block_1_125' title="bbox 2127 5221 3729 5291">
    <p class='ocr_par' dir='ltr' id='par_1_125' title="bbox 2127 5221 3729 5291">
     <span class='ocr_line' id='line_1_130' title="bbox 2127 5221 3729 5291; baseline -0.001 -11"><span class='ocrx_word' id='word_1_952' title='bbox 2127 5226 2226 5288; x_wconf 74' lang='grc'><strong>48,</strong></span> <span class='ocrx_word' id='word_1_953' title='bbox 2280 5227 2347 5281; x_wconf 89' lang='lat' dir='ltr'><strong>de</strong></span> <span class='ocrx_word' id='word_1_954' title='bbox 2395 5225 2555 5280; x_wconf 84' lang='lat' dir='ltr'><strong>Samo</strong></span> <span class='ocrx_word' id='word_1_955' title='bbox 2613 5223 2896 5277; x_wconf 84' lang='lat' dir='ltr'><strong>Parthenia</strong></span> <span class='ocrx_word' id='word_1_956' title='bbox 2943 5221 3120 5287; x_wconf 85' lang='lat' dir='ltr'><strong>dicta,</strong></span> <span class='ocrx_word' id='word_1_957' title='bbox 3168 5236 3289 5291; x_wconf 85' lang='lat' dir='ltr'><strong>pag.</strong></span> <span class='ocrx_word' id='word_1_958' title='bbox 3347 5221 3620 5287; x_wconf 71' lang='lat'><strong>558-500,</strong></span> <span class='ocrx_word' id='word_1_959' title='bbox 3668 5231 3729 5279; x_wconf 79' lang='lat' dir='ltr'><strong>et</strong></span> 
     </span>
    </p>
   </div>
   <div class='ocr_carea' id='block_1_126' title="bbox 2128 5291 3613 5366">
    <p class='ocr_par' dir='ltr' id='par_1_126' title="bbox 2128 5291 3613 5366">
     <span class='ocr_line' id='line_1_131' title="bbox 2128 5291 3613 5366; baseline -0.002 -15"><span class='ocrx_word' id='word_1_960' title='bbox 2128 5296 2403 5352; x_wconf 77' lang='lat' dir='ltr'><strong>Muncker.</strong></span> <span class='ocrx_word' id='word_1_961' title='bbox 2437 5296 2503 5350; x_wconf 85' lang='lat' dir='ltr'><strong>ad</strong></span> <span class='ocrx_word' id='word_1_962' title='bbox 2530 5296 2747 5366; x_wconf 83' lang='lat' dir='ltr'><strong>Ilygin.,</strong></span> <span class='ocrx_word' id='word_1_963' title='bbox 2778 5292 3025 5366; x_wconf 37' lang='lat' dir='ltr'><strong>Fabrli,</strong></span> <span class='ocrx_word' id='word_1_964' title='bbox 3058 5306 3177 5366; x_wconf 86' lang='lat' dir='ltr'><strong>pag.</strong></span> <span class='ocrx_word' id='word_1_965' title='bbox 3208 5293 3297 5366; x_wconf 70' lang='grc'><strong>41.</strong></span> <span class='ocrx_word' id='word_1_966' title='bbox 3333 5291 3613 5366; x_wconf 49' lang='grc' dir='ltr'><strong>Βυκιζωιξ.</strong></span> 
     </span>
    </p>
   </div>
   <div class='ocr_carea' id='block_1_127' title="bbox 2204 5361 3727 5435">
    <p class='ocr_par' dir='ltr' id='par_1_127' title="bbox 2204 5361 3727 5435">
     <span class='ocr_line' id='line_1_132' title="bbox 2204 5361 3727 5435; baseline 0 -13"><span class='ocrx_word' id='word_1_967' title='bbox 2204 5368 2392 5423; x_wconf 80' lang='lat' dir='ltr'><strong>Scribit</strong></span> <span class='ocrx_word' id='word_1_968' title='bbox 2415 5361 2601 5422; x_wconf 73' lang='lat' dir='ltr'><strong>Varro.</strong></span> <span class='ocrx_word' id='word_1_969' title='bbox 2616 5361 2699 5420; x_wconf 79' lang='lat' dir='ltr'><strong>De</strong></span> <span class='ocrx_word' id='word_1_970' title='bbox 2718 5381 2824 5435; x_wconf 85' lang='lat' dir='ltr'><strong>quo</strong></span> <span class='ocrx_word' id='word_1_971' title='bbox 2841 5362 2960 5418; x_wconf 86' lang='lat' dir='ltr'><strong>vide</strong></span> <span class='ocrx_word' id='word_1_972' title='bbox 2977 5362 3031 5418; x_wconf 84' lang='lat' dir='ltr'><strong>S.</strong></span> <span class='ocrx_word' id='word_1_973' title='bbox 3064 5361 3448 5433; x_wconf 85' lang='lat' dir='ltr'><strong>Augustinum,</strong></span> <span class='ocrx_word' id='word_1_974' title='bbox 3477 5366 3544 5420; x_wconf 89' lang='lat' dir='ltr'><strong>de</strong></span> <span class='ocrx_word' id='word_1_975' title='bbox 3563 5363 3727 5422; x_wconf 88' lang='lat' dir='ltr'><strong>Civit.</strong></span> 
     </span>
    </p>
   </div>
   <div class='ocr_carea' id='block_1_128' title="bbox 2134 5438 2704 5509">
    <p class='ocr_par' dir='ltr' id='par_1_128' title="bbox 2134 5438 2704 5509">
     <span class='ocr_line' id='line_1_133' title="bbox 2134 5438 2704 5509; baseline -0.007 -15"><span class='ocrx_word' id='word_1_976' title='bbox 2134 5438 2245 5504; x_wconf 90' lang='lat' dir='ltr'><strong>Dei,</strong></span> <span class='ocrx_word' id='word_1_977' title='bbox 2276 5440 2368 5494; x_wconf 87' lang='lat' dir='ltr'><strong>lib.</strong></span> <span class='ocrx_word' id='word_1_978' title='bbox 2404 5456 2472 5504; x_wconf 76' lang='lat' dir='ltr'><strong>vr,</strong></span> <span class='ocrx_word' id='word_1_979' title='bbox 2504 5452 2623 5509; x_wconf 89' lang='lat' dir='ltr'><strong>cap.</strong></span> <span class='ocrx_word' id='word_1_980' title='bbox 2652 5439 2704 5491; x_wconf 89' lang='lat'><strong>7.</strong></span> 
     </span>
    </p>
   </div>
   <div class='ocr_carea' id='block_1_129' title="bbox 2205 5526 3731 5589">
    <p class='ocr_par' dir='ltr' id='par_1_129' title="bbox 2205 5526 3731 5589">
     <span class='ocr_line' id='line_1_134' title="bbox 2205 5526 3731 5589; baseline -0.001 -3"><span class='ocrx_word' id='word_1_981' title='bbox 2205 5531 2560 5588; x_wconf 79' lang='lat' dir='ltr'><strong>Parthenium.</strong></span> <span class='ocrx_word' id='word_1_982' title='bbox 2608 5526 2950 5585; x_wconf 75' lang='lat' dir='ltr'><strong>Parthenium</strong></span> <span class='ocrx_word' id='word_1_983' title='bbox 2995 5529 3325 5585; x_wconf 86' lang='lat' dir='ltr'><strong>nominatam</strong></span> <span class='ocrx_word' id='word_1_984' title='bbox 3357 5546 3481 5589; x_wconf 91' lang='lat' dir='ltr'><strong>esse</strong></span> <span class='ocrx_word' id='word_1_985' title='bbox 3510 5546 3539 5585; x_wconf 90' lang='lat' dir='ltr'><strong>a</strong></span> <span class='ocrx_word' id='word_1_986' title='bbox 3568 5532 3731 5587; x_wconf 85' lang='lat' dir='ltr'><strong>ﬂuvio</strong></span> 
     </span>
    </p>
   </div>
   <div class='ocr_carea' id='block_1_130' title="bbox 2132 5599 3726 5672">
    <p class='ocr_par' dir='ltr' id='par_1_130' title="bbox 2132 5599 3726 5672">
     <span class='ocr_line' id='line_1_135' title="bbox 2132 5599 3726 5672; baseline -0.002 -11"><span class='ocrx_word' id='word_1_987' title='bbox 2132 5606 2441 5672; x_wconf 82' lang='lat' dir='ltr'><strong>Parthenio,</strong></span> <span class='ocrx_word' id='word_1_988' title='bbox 2472 5614 2528 5659; x_wconf 94' lang='lat' dir='ltr'><strong>ut</strong></span> <span class='ocrx_word' id='word_1_989' title='bbox 2556 5602 2745 5659; x_wconf 89' lang='lat' dir='ltr'><strong>scribit</strong></span> <span class='ocrx_word' id='word_1_990' title='bbox 2767 5599 2982 5657; x_wconf 82' lang='lat' dir='ltr'><strong>Strabo.</strong></span> <span class='ocrx_word' id='word_1_991' title='bbox 3015 5600 3120 5658; x_wconf 89' lang='lat' dir='ltr'><strong>Sed</strong></span> <span class='ocrx_word' id='word_1_992' title='bbox 3154 5601 3279 5659; x_wconf 91' lang='lat' dir='ltr'><strong>inde</strong></span> <span class='ocrx_word' id='word_1_993' title='bbox 3304 5604 3514 5660; x_wconf 87' lang='lat' dir='ltr'><strong>diversa</strong></span> <span class='ocrx_word' id='word_1_994' title='bbox 3538 5603 3726 5659; x_wconf 85' lang='lat' dir='ltr'><strong>sortita</strong></span> 
     </span>
    </p>
   </div>
   <div class='ocr_carea' id='block_1_131' title="bbox 2130 5678 2479 5733">
    <p class='ocr_par' dir='ltr' id='par_1_131' title="bbox 2130 5678 2479 5733">
     <span class='ocr_line' id='line_1_136' title="bbox 2130 5678 2479 5733; baseline -0.006 -1"><span class='ocrx_word' id='word_1_995' title='bbox 2130 5685 2215 5733; x_wconf 85' lang='lat' dir='ltr'><strong>est</strong></span> <span class='ocrx_word' id='word_1_996' title='bbox 2242 5678 2479 5731; x_wconf 90' lang='lat' dir='ltr'><strong>nomina.</strong></span> 
     </span>
    </p>
   </div>
   <div class='ocr_carea' id='block_1_132' title="bbox 2206 5744 3727 5819">
    <p class='ocr_par' dir='ltr' id='par_1_132' title="bbox 2206 5744 3727 5819">
     <span class='ocr_line' id='line_1_137' title="bbox 2206 5744 3727 5819; baseline -0.004 -15"><span class='ocrx_word' id='word_1_997' title='bbox 2206 5748 2372 5804; x_wconf 86' lang='lat' dir='ltr'><strong>Sacra</strong></span> <span class='ocrx_word' id='word_1_998' title='bbox 2409 5748 2517 5819; x_wconf 84' lang='lat' dir='ltr'><strong>ejus</strong></span> <span class='ocrx_word' id='word_1_999' title='bbox 2555 5746 2902 5801; x_wconf 79' lang='lat' dir='ltr'><strong>anniversaria</strong></span> <span class='ocrx_word' id='word_1_1000' title='bbox 2942 5747 3234 5819; x_wconf 80' lang='lat' dir='ltr'><strong>nuptiarum</strong></span> <span class='ocrx_word' id='word_1_1001' title='bbox 3262 5744 3363 5800; x_wconf 88' lang='lat' dir='ltr'><strong>ritu</strong></span> <span class='ocrx_word' id='word_1_1002' title='bbox 3389 5745 3727 5819; x_wconf 76' lang='lat' dir='ltr'><strong>celebrantur.</strong></span> 
     </span>
    </p>
   </div>
   <div class='ocr_carea' id='block_1_133' title="bbox 2133 5813 3724 5888">
    <p class='ocr_par' dir='ltr' id='par_1_133' title="bbox 2133 5813 3724 5888">
     <span class='ocr_line' id='line_1_138' title="bbox 2133 5813 3724 5888; baseline -0.001 -12"><span class='ocrx_word' id='word_1_1003' title='bbox 2133 5819 2204 5876; x_wconf 92' lang='lat' dir='ltr'><strong>Ut</strong></span> <span class='ocrx_word' id='word_1_1004' title='bbox 2244 5819 2380 5876; x_wconf 88' lang='lat' dir='ltr'><strong>bene</strong></span> <span class='ocrx_word' id='word_1_1005' title='bbox 2408 5813 2509 5874; x_wconf 78' lang='lat' dir='ltr'><strong>hoc</strong></span> <span class='ocrx_word' id='word_1_1006' title='bbox 2534 5818 2879 5888; x_wconf 85' lang='lat' dir='ltr'><strong>intelligatur,</strong></span> <span class='ocrx_word' id='word_1_1007' title='bbox 2911 5813 3186 5873; x_wconf 81' lang='lat' dir='ltr'><strong>sciendum</strong></span> <span class='ocrx_word' id='word_1_1008' title='bbox 3218 5815 3487 5884; x_wconf 89' lang='lat' dir='ltr'><strong>quomodo</strong></span> <span class='ocrx_word' id='word_1_1009' title='bbox 3519 5813 3724 5885; x_wconf 66' lang='lat' dir='ltr'><strong>nuptiae</strong></span> 
     </span>
    </p>
   </div>
  </div>
