4174 6200
410 233 522 295 209

1524 241 1729 299 LIBER
1767 241 1810 299 Ι.
1855 241 1945 299 DE
1984 242 2209 304 FALSA
2233 245 2625 312 RELIGIONE.

3608 260 3719 322 210

409 350 652 423 crepidis
677 353 1114 413 commendavit?
1131 355 1377 425 evidens,
1402 366 1462 415 ut
1483 359 1700 430 opinor,
1720 360 2012 430 incestum,
2039 362 2096 427 Α
2119 362 2342 423 laudent
2361 369 2525 425 etiam
2554 372 2880 442 gloriantur,
2910 384 3002 433 aut
3028 377 3245 435 virtutis
3271 380 3471 453 gratia,
3497 390 3557 438 ut
3582 382 3721 439 Her-

408 444 558 516 quod
586 446 739 503 nullo
764 447 931 505 modo
970 451 1143 521 possit
1170 453 1429 509 colorari.
1475 453 1663 510 Altera
1705 469 1827 510 cum
1873 469 2013 525 pene

408 545 710 594 amatorem
742 553 900 596 suum
924 541 1271 611 perdidisset,
1305 544 1397 616 qui
1414 554 1533 601 erat
1552 544 1796 601 Turbatis
1823 549 2014 604 distra-

407 638 524 685 ctus
544 631 706 701 equis,
735 633 1244 702 praestantissimum
1279 636 1551 692 medicum
1579 638 1891 710 Asclepium
1913 653 2012 696 cu-

409 723 584 780 rando
599 724 787 795 juveni
806 726 1122 797 advocavit;
1155 744 1388 801 eumque
1404 740 1651 787 sanatum
1682 750 1697 786 :

1062 845 1283 896 Secretis
1305 846 1431 898 alma
1450 847 1674 898 recondit

503 902 748 975 §edibus,_
766 909 822 975 et
839 906 1065 975 nymphae
1079 908 1621 975 _l_£geri:e,_uemorique
1644 908 1843 975 relegat
1860 924 1872 960 :

503 964 649 1033 §olus
665 964 751 1016 ubi
768 967 822 1016 iu
842 964 980 1019 silvis
1002 964 1390 1033 Italis'ignobilis
1407 964 1566 1022 aevum

507 1028 772 1089 Exigeret,
801 1043 1051 1095 versoque
1073 1033 1158 1082 ubi
1178 1028 1382 1085 nomine
1405 1034 1608 1087 Virbius
1624 1041 1779 1085 esset.

406 1129 553 1200 Quid
578 1131 683 1187 sibi
704 1133 823 1188 vult
842 1133 963 1190 haec
985 1144 1092 1191 tam
1106 1136 1364 1209 diligens,
1391 1149 1500 1195 tam
1513 1140 1746 1197 sollicita
1764 1140 2013 1197 curatio?

409 1227 540 1296 quid
574 1236 802 1283 secretas
842 1228 1038 1284 sedes?
1087 1230 1217 1301 quid
1258 1232 1521 1303 relegatio
1548 1235 1637 1290 vel
1670 1244 1780 1289 tam
1806 1235 1969 1306 longe
1991 1280 2007 1304 ,

410 1318 501 1374 vel
523 1317 590 1373 ad
612 1319 922 1388 mulierem,
946 1323 1031 1378 vel
1050 1324 1106 1378 iu
1129 1324 1518 1383 solitudinem?
1540 1327 1668 1398 quid
1686 1327 1886 1385 deinde
1909 1345 2010 1385 no-

414 1412 579 1468 minis
619 1417 1015 1472 commutatio?
1067 1418 1388 1489 Postremo,
1431 1422 1559 1493 quid
1590 1437 1857 1494 equorum
1903 1433 2011 1481 tam

411 1503 663 1573 pertinax
692 1505 1072 1563 abominatio?
1124 1510 1254 1581 quid
1306 1511 1616 1582 signiﬁcant
1646 1512 1764 1569 haec
1791 1515 2008 1583 omnia,

407 1598 516 1654 nisi
546 1600 940 1657 conscientiam
970 1604 1177 1673 stupri,
1226 1613 1280 1661 et
1307 1620 1553 1663 amorem
1586 1608 1811 1664 minime
1839 1609 2010 1680 virgi-

407 1692 641 1749 nalem?
691 1694 822 1750 Erat
875 1696 1035 1767 plane
1071 1712 1170 1754 cur
1214 1706 1421 1755 tantum
1462 1700 1706 1758 laborem
1763 1717 1863 1774 pro
1901 1712 2009 1759 tam

406 1785 550 1841 ﬁdeli
580 1787 783 1857 juvene
810 1790 1157 1862 susciperet',
1204 1793 1297 1864 qui
1327 1793 1532 1849 amanti
1573 1808 1824 1852 novercae
1850 1795 2011 1853 obse-
2039 1789 2088 1849 B

411 1879 596 1950 quium
625 1891 968 1952 peruegarat.

996 1994 1228 2054 CAPUT
1253 1996 1439 2053 XVIII.

404 2105 487 2162 De
515 2107 728 2164 deorum
771 2113 1152 2167 consecratione
1181 2123 1394 2184 propter
1437 2113 1630 2169 collata
1670 2113 1727 2169 in
1776 2114 2009 2172 homines

1062 2206 1327 2277 beneﬁcia.

478 2314 593 2372 Hoc
619 2316 742 2373 loco
760 2317 1047 2374 refellendi
1072 2328 1201 2375 sunt
1224 2320 1387 2376 etiam
1415 2319 1476 2386 ii,
1509 2320 1603 2391 qui
1645 2320 1782 2377 deos
1809 2335 1879 2378 ex
1906 2320 2008 2378 hoc

404 2411 645 2470 minibus
666 2427 791 2471 esse
811 2412 1009 2484 factos,
1034 2429 1143 2472 non
1174 2422 1385 2471 tantum
1412 2412 1670 2482 fatentur,
1699 2414 1798 2471 sed
1827 2424 1886 2471 ut
1914 2429 2013 2472 eos

2121 457 2326 528 culem;
2360 471 2455 516 aut
2475 478 2793 533 munerum,
2826 475 2883 522 ut
2909 468 3165 527 Cererem
3196 487 3262 528 ac
3285 473 3577 541 Liberum;
3622 481 3720 530 aut

2122 550 2316 605 artium
2363 562 2734 623 repertarum,
2782 567 2840 613 ut
2866 558 3243 632 Esculapium
3291 579 3357 619 ac
3394 565 3716 622 Minervam.

2121 641 2249 699 Haec
2276 659 2403 701 vero
2424 662 2584 718 quam
2607 651 2786 722 inepta
2816 653 2946 718 sint,
2971 670 3240 726 quamque
3266 671 3377 711 non
3401 657 3563 728 digna
3591 672 3719 728 pro-

2119 748 2245 809 pter
2267 755 2382 811 quae
2396 740 2643 800 homines
2666 746 2978 817 inexpiabili
3007 763 3067 804 se
3089 749 3297 806 scelere
3317 751 3718 821 contaminent,

2119 830 2411 905 hostesque
2429 836 2538 893 Deo
2560 853 2690 894 vero
2712 838 2862 908 ﬁant,
2886 856 2995 911 quo
3015 851 3354 914 contempto,
3378 854 3717 901 mortuorum

2119 940 2275 982 Sacra
2300 929 2624 999 suscipiunt,
2648 946 2715 987 ex
2742 932 2972 1004 singulis
2994 934 3162 990 rebus
3190 936 3496 992 ostendam.
3531 936 3717 993 Virtu-

2121 1025 2230 1072 tem
2251 1033 2374 1075 esse
2398 1019 2603 1090 dicunt,
2636 1039 2754 1095 quae
2777 1025 3052 1081 hominem
3080 1027 3233 1083 tollat
3259 1028 3312 1084 in
3341 1029 3539 1086 coelum
3569 1047 3583 1085 :
3608 1045 3719 1087 non

2119 1109 2299 1171 illam,
2328 1110 2397 1167 de
2417 1128 2520 1183 qua
2546 1116 2856 1187 philosophi
2874 1117 3185 1186 disserunt,
3208 1137 3328 1192 qua:
3353 1123 3527 1193 posita
3556 1132 3641 1179 est
3660 1122 3717 1180 in

2118 1201 2277 1259 bouis
2296 1206 2499 1276 animi;
2530 1209 2626 1264 sed
2658 1208 2795 1265 hanc
2823 1211 3189 1282 corporalem,
3223 1228 3344 1285 quae
3372 1213 3572 1271 dicitur
3599 1215 3713 1271 for-

2118 1296 2291 1352 titudo
2343 1316 2355 1353 :
2397 1314 2518 1369 qua;
2555 1302 2809 1370 quoniam
2859 1304 3131 1374 praecipua
3179 1306 3234 1360 in
3292 1305 3524 1362 Hercule
3575 1308 3714 1376 iuit,

2117 1389 2583 1449 immortalitatem
2623 1395 2890 1450 meruisse
2926 1396 3187 1453 creditur.
3227 1396 3360 1465 Quis
3407 1407 3515 1454 tam
3552 1400 3717 1455 stulte

2117 1485 2333 1553 ineptus
2358 1494 2463 1551 est,
2494 1494 2552 1541 ut
2578 1487 2825 1557 corporis
2851 1488 2996 1544 vires
3030 1488 3270 1545 divinum
3297 1490 3382 1547 vel
3413 1491 3579 1547 etiam
3610 1492 3716 1549 hu-

2117 1591 2338 1632 manum
2371 1577 2573 1634 bonum
2600 1578 2841 1650 judicet;
2873 1595 2997 1636 cum
3025 1582 3135 1636 sint
3154 1590 3211 1637 et
3235 1582 3473 1653 majores
3495 1583 3721 1654 pecudi-

2114 1667 2218 1725 bus
2243 1668 2520 1726 attributte
2542 1712 2557 1738 ,
2590 1679 2646 1726 et
2691 1686 2802 1726 uno
2831 1672 3022 1728 morbo
3060 1687 3207 1743 saepe
3244 1672 3586 1745 frangantur,
3631 1676 3721 1731 vel

2116 1762 2231 1833 ipsa
2262 1772 2544 1819 senectute
2584 1764 2898 1821 minuantur
2924 1774 2980 1821 et
3008 1768 3305 1823 corruant?
3350 1768 3539 1840 Itaque
3568 1768 3717 1825 idem

2114 1852 2229 1922 ille,
2261 1868 2384 1910 cum
2410 1855 2707 1912 deformari
2754 1857 3025 1914 ulceribus
3055 1867 3205 1914 toros
3245 1874 3376 1915 suos
3420 1872 3715 1931 cerneret,

2115 1962 2217 2004 nec
2261 1950 2440 2005 sanari
2485 1964 2547 2005 se
2576 1950 2779 2019 voluit,
2828 1965 2932 2007 nec
2974 1966 3159 2007 senem
3212 1952 3353 2018 ﬁeri,
3398 1969 3468 2010 ue
3499 1955 3722 2025 quando

2113 2042 2296 2113 seipso
2326 2041 2505 2097 minor
2545 2052 2638 2099 aut
2666 2043 2963 2100 deformior
3001 2044 3297 2102 videretur.
3336 2045 3487 2102 Hunc
3515 2061 3547 2103 e
3577 2063 3711 2119 rogo

2113 2151 2221 2207 quo
2249 2136 2428 2192 vivum
2445 2152 2505 2193 se
2526 2137 2643 2208 ipse
2671 2138 3068 2207 combusserat,
3099 2139 3414 2197 ascendisse
3430 2140 3484 2197 in
3509 2141 3712 2199 ctelum

2111 2235 2438 2299 putaverunt
2478 2244 2695 2300 :eaque
2745 2230 2894 2301 ipsa,
2933 2247 3055 2302 quae
3099 2231 3419 2289 stultissime
3457 2232 3714 2291 admirati

2111 2330 2258 2389 sunt,
2289 2321 2594 2378 simulacris
2613 2331 2668 2379 et
2694 2323 3017 2394 imaginibus
3042 2339 3302 2396 expressa
3319 2332 3376 2382 et
3391 2334 3713 2384 consecrata

2113 2423 2433 2487 posuerunt,
2460 2415 2599 2471 utin
2628 2425 2952 2488 perpetuum
2991 2419 3248 2476 vanitatis
3298 2434 3491 2476 eorum
3536 2420 3715 2478 moni-

1728 2551 2093 2610 VARIORUM
2129 2550 2365 2609 ΝΟΤᾹΕ.

408 2691 686 2747 Pandrose
706 2732 722 2760 ,
754 2692 1145 2748 commendavit.
1177 2691 1425 2748 Totidem
1471 2692 1654 2748 verbis
1687 2691 2006 2763 Fulgentius

409 2763 707 2835 Mytholog.
735 2765 828 2819 lib.
852 2780 914 2831 ιι,
945 2766 1048 2820 nisi
1085 2764 1229 2835 quod
1252 2763 1500 2821 Paudora
1530 2764 1656 2835 ipsi,
1701 2779 1823 2835 qua:
1866 2763 2010 2819 Pan-

410 2837 612 2891 drosus
631 2836 755 2890 aliis
783 2835 1001 2901 dicitur,
1018 2846 1123 2891 etc.
1154 2836 1445 2891 Mnunsws.

486 2905 887 2961 Commendavit.
939 2907 1271 2978 Eleganter,
1318 2922 1417 2976 pro
1468 2906 1742 2978 deposuit,
1780 2908 1917 2971 sive,
1950 2919 2010 2961 ut

2112 2696 2325 2748 niosam
2355 2704 2569 2749 vocant.

2184 2763 2436 2837 Homines
2476 2765 2777 2837 inexpiabili
2821 2783 2930 2823 sese
2952 2769 3144 2825 scelere
3177 2771 3541 2826 contaminent.
3600 2770 3710 2829 Res

2111 2835 2304 2889 eodem
2327 2835 2556 2910 recidet,
2589 2835 2633 2892 Si
2660 2838 2902 2909 corrigas
2918 2857 2932 2893 :
2949 2841 3178 2897 homines
3192 2842 3493 2910 inexpiabili
3517 2844 3706 2898 scelere

2111 2907 2556 2985 contaminemur:
2600 2918 2657 2962 ut
2696 2907 2903 2985 lib.:v,_
2941 2926 3062 2985 cap.
3094 2914 3146 2977 1,
3178 2907 3479 2985 inexpiabili
3520 2914 3710 2970 scelere

415 2979 637 3067 llygin.,
673 2978 778 3033 fab.
835 2979 1142 3067 1§§dedit
1172 2981 1225 3033 in
1250 2977 2002 3067 cistula'servattdum.JAApul.
2034 3003 2080 3067 Ο
2111 2978 2629 3067 contaminariatq‘ue
2649 2981 2923 3050 adstringi.
2951 2977 3229 3067 Hunnus-1v.

413 3051 672 3121 Apolog.,
716 3064 836 3121 pag.
880 3051 1004 3109 308.
1044 3050 1242 3105 Aliena:
1279 3050 1523 3104 custodite
1548 3050 2004 3121 commendatam.

414 3120 587 3177 Paulo
613 3130 733 3191 post
758 3119 880 3193 pag.
913 3122 1038 3188 309,
1066 3123 1320 3193 explicat,
1345 3121 1605 3193 deponere
1626 3135 1657 3193 ;Δ
1685 3129 1738 3175 et
1759 3119 2008 3176 Graevius

413 3193 483 3247 ad
513 3194 692 3247 Cicer.
723 3209 821 3262 pro
846 3191 1117 3257 Cluentio,
1140 3191 1268 3263 cap.
1301 3192 1368 3247 12
1396 3210 1408 3242 :
1444 3191 1602 3263 Spem
1642 3191 1696 3244 in
1726 3193 1840 3245 aluo
1868 3208 2010 3246 com-

414 3265 711 3318 mendatam
740 3282 771 3317 a
789 3266 897 3319 viro
930 3265 1236 3319 continebat.
1283 3263 1357 3318 De
1390 3262 1693 3317 differentia
1718 3263 2008 3318 verborum

413 3335 773 3390 commendare
786 3344 842 3390 et
860 3336 1130 3404 deponere,
1152 3335 1376 3391 consule
1391 3335 1686 3389 Burmann.
1701 3333 1769 3390 ad
1791 3334 2004 3390 Pliaadr.

414 3422 457 3473 ι,
492 3405 835 3477 fab.175,p.
869 3408 959 3462 ts.
992 3408 1128 3461 Ben.

491 3475 1000 3534 Incestum.'Neutro
1024 3492 1245 3548 genere,
1278 3486 1337 3532 ut
1361 3476 1561 3532 Minue.
1589 3475 1703 3532 Fel.
1732 3492 1863 3531 xxxx
1882 3518 1897 3540 ,
1925 3478 1961 3533 5
1990 3495 2005 3532 :

416 3549 678 3604 Incestum
704 3567 857 3617 penes
882 3567 969 3605 vos
991 3565 1127 3619 saepe
1147 3548 1562 3618 deprehenditur,
1598 3564 1795 3618 semper
1818 3549 2009 3619 admit-

418 3624 590 3686 titur;
636 3620 758 3676 add.
816 3621 975 3676 iul'ra.
1014 3618 1170 3676 Chuf.
1219 3620 1367 3674 Lact.
1410 3621 1446 3674 l.
1492 3635 1562 3683 v1,
1620 3634 1740 3688 cap.
1783 3619 1875 3684 20,
1909 3618 2008 3673 ln-

418 3703 577 3746 cesta.
603 3691 718 3746 Liv.
749 3708 787 3747 ιι
815 3711 827 3745 :
863 3691 930 3748 Ut
947 3690 1318 3764 virgoVestalis
1339 3692 1584 3764 damnata
1609 3690 1803 3745 incesti
1831 3705 2010 3761 plenas

419 3763 651 3828 dederit;
680 3764 803 3818 add.
832 3764 974 3819 Plin.
1002 3761 1093 3818 liv.
1122 3780 1199 3828 1v,
1229 3763 1387 3833 epist.
1421 3761 1507 3815 11.
1538 3762 1811 3817 BUNEIAN.

494 3835 691 3889 Altera.
734 3835 954 3892 Scilicet
980 3836 1164 3890 Diana.
1195 3832 1506 3890 Lactantius
1530 3833 1743 3888 videtur
1782 3832 2010 3886 menda-

420 3907 494 3962 cii
540 3922 769 3985 arguere
813 3909 1205 3985 uarrationem,
1248 3917 1303 3960 et
1359 3904 1667 3975 signiﬁcare
1697 3903 2009 3985 periculum

421 3978 589 4033 modo
614 3974 824 4045 mortis,
855 3993 961 4033 non
987 3982 1156 4048 ipsam
1186 3974 1662 4045 mortem’passum
1693 3976 1862 4048 fuisse
1883 3974 2013 4043 Hip-

421 4050 690 4120 polytum.
725 4049 849 4104 ldeo
888 4047 1049 4104 etiam
1080 4048 1332 4113 curando,
1368 4047 1445 4120 ait
1474 4064 1576 4101 non
1606 4047 1660 4101 in
1684 4047 1839 4120 uitam
1876 4061 2014 4100 revo-

421 4118 616 4195 cando.
653 4122 777 4176 Iltcc
803 4122 964 4192 igitur
992 4135 1094 4195 vox
1119 4129 1174 4174 et
1191 4118 1459 4195 sententia
1482 4133 1570 4195 me
1591 4119 2013 4195 cogitspernere

423 4194 568 4262 quod
602 4193 654 4246 iu
688 4187 845 4246 mss:
881 4200 981 4257 est,
1036 4193 1205 4261 plane.
1241 4190 1513 4262 Hippolyti
1558 4189 1837 4245 historiam
1887 4187 2013 4243 vide

423 4264 570 4334 apud
607 4263 792 4328 0vid.,
824 4263 915 4319 lib.
948 4279 1023 4318 χιι
1048 4263 1401 4334 Metamorph.

504 4334 762 4389 Turbatis.
794 4334 850 4390 Id
875 4351 943 4390 ex
977 4335 1148 4406 Virg.,
1178 4350 1252 4388 vn
1281 4332 1525 4406 IEneid,
1558 4332 1770 4406 v1774.

2186 3048 2483 3123 Dixerunt.
2534 3048 2631 3123 Est
2657 3068 2724 3106 ex
2753 3048 2884 3123 mss.
2914 3055 3292 3110 vetustissimis
3326 3056 3351 3110 1
3404 3056 3639 3123 Bonon.,
3671 3058 3708 3112 5

2111 3120 2269 3190 Reg.,
2303 3121 2330 3175 1
2361 3118 2541 3193 Colb.,
2568 3122 2741 3193 Lips.,
2771 3122 2807 3176 2
2836 3122 3099 3189 Clarom.,
3134 3125 3279 3193 Em.,
3307 3127 3342 3181 2
3368 3126 3533 3182 Brun.
3557 3118 3709 3182 aliis-

2109 3207 2246 3316 que,
2278 3201 2333 3247 et
2373 3191 2462 3247 ed.
2490 3192 2564 3247 Is.
2607 3191 2671 3280 ac
2694 3192 2897 3278 pellar.
2932 3196 2989 3250 In
3038 3210 3173 3253 mss.
3201 3198 3229 3252 1
3267 3191 3427 3269 Reg.,
3460 3199 3495 3254 5
3522 3198 3706 3268 Colb.,

2135 3278 2300 3316 .auc..
2331 3262 2456 3316 .lun.
2486 3274 2541 3316 et
2582 3266 2764 3316 editis.
2797 3266 3055 3316 dixerunt.

2135 3263 2300 3328 Jauc.,
2331 3262 2456 3318 Jun.
2486 3274 2541 3319 et
2582 3265 2765 3327 editis,
2797 3266 3055 3322 dixerunt.

2192 3331 2283 3388 Vel
2312 3335 2424 3411 ipsa
2437 3346 2691 3411 senectute
2710 3337 3109 3393 minuantur.At
3127 3339 3179 3392 in
3193 3339 3515 3411 quibusdam
3541 3356 3701 3410 mss.,

2110 3415 2362 3459 senectute
2386 3407 2499 3474 ipsa
2521 3408 2837 3474 minuantur,
2861 3411 2929 3461 ad
2950 3407 3227 3464 extremum
3254 3421 3416 3466 morte
3435 3407 3709 3468 terminem-

2112 3484 2195 3530 tur
2222 3485 2268 3528 et
2295 3487 2557 3552 corruant.
2585 3478 2737 3545 Quod
2768 3493 2865 3552 cur
2891 3480 3152 3535 Lactantii
3182 3496 3304 3537 esse
3332 3497 3546 3552 negem,
3575 3497 3707 3538 cau-

2110 3560 2227 3600 sam
2258 3547 2585 3623 uo_n__video,
2617 3551 2917 3623 praesertim
2943 3565 3065 3606 cum
3094 3547 3454 3620 reprehendat
3494 3547 3709 3623 opinio—

2111 3632 2260 3683 nem,
2294 3618 2498 3673 viribus
2523 3618 2767 3689 corporis
2790 3621 3074 3677 Herculem
3098 3618 3362 3677 meruisse
3390 3618 3711 3681 immortali-

2112 3697 2316 3766 tatem;
2356 3703 2488 3766 ergo
2524 3690 2663 3766 bene
2711 3693 2878 3766 ipsius
2920 3694 3112 3766 mortis
3136 3693 3226 3762 jus
3252 3693 3574 3766 adhibetur:
3614 3698 3706 3766 qui

2111 3761 2269 3838 enim
2281 3775 2375 3838 per
2388 3760 2490 3815 hoc
2496 3760 2745 3838 pariatur
2760 3760 3158 3838 immortalitas,
3175 3766 3225 3818 in
3239 3765 3384 3838 quod
3403 3774 3606 3820 tantum
3615 3760 3705 3838 j'us

2114 3831 2311 3901 morti?
2368 3834 2511 3901 quod
2563 3842 2731 3888 totum
2778 3845 2950 3891 morte
2992 3835 3196 3890 ﬁnitur.
3249 3831 3573 3892 GRONOVIUS.
3616 3831 3706 3879 ⁷-

2113 3900 2170 3955 Ιιι
2238 3901 2374 3956 lianc
2432 3903 2763 3959 additionem
2789 3948 2804 3971 ,
2859 3908 2927 3959 ad
2977 3918 3257 3962 extremum
3317 3917 3476 3962 utorte
3517 3910 3706 3963 termi-

2114 3983 2319 4049 nentur,
2374 3972 2452 4028 sic
2500 3974 2673 4049 habet
2711 3976 3090 4033 Bunemannus
3118 3993 3135 4032 :
3164 3977 3477 4049 —7¢Hazc,
3532 3980 3707 4049 inquit

2113 4043 2312 4113 quippe
2361 4059 2430 4099 ex
2470 4047 2587 4101 solo
2634 4045 2893 4103 Gronovii
2948 4049 3163 4115 codice,
3217 4043 3537 4105 Heumanno
3587 4043 3706 4106 s'us-

2115 4124 2266 4182 poeta
2296 4114 2529 4172 diversis
2574 4126 2627 4187 ty
2670 4120 2714 4172 is
2744 4120 3101 4189 imprimeuda
3130 4122 3350 4186 curavi;
3380 4136 3499 4189 quae
3523 4130 3705 4177 tamen

2115 4184 2422 4242 Gronovius
2460 4188 2591 4242 satis
2630 4134 2771 4244 Keue
2812 4201 3010 4244 tuetur.
3052 4207 3211 4244 auem
3236 4192 3353 4244 leae
3387 4192 3438 4244 in
3475 4190 3606 4244 Obs.
3650 4194 3705 4244 in

2114 4184 2422 4261 gronovins
2460 4184 2771 4261 satis—bene
2812 4184 3010 4254 tuetur.
3052 4207 3211 4261 quem
3236 4184 3353 4261 lege
3387 4184 3438 4244 in
3475 4190 3606 4247 Obs.
3650 4194 3705 4248 in

2115 4256 2272 4312 Eccl.
2305 4273 2426 4327 cap.
2457 4259 2547 4323 17,
2584 4275 2706 4327 pag.
2741 4261 2863 4316 182.
2895 4261 3054 4317 Certe
3071 4256 3393 4317 Lactantius
3417 4271 3561 4315 amat
3587 4277 3711 4317 ver—

2115 4327 2240 4381 bum
2270 4330 2564 4404 terminare.
2592 4327 2711 4404 Lib.
2736 4347 2815 4404 tn,
2849 4348 2967 4404 cap.
2999 4333 3095 4386 12:
3122 4332 3249 4404 Quae
3276 4330 3429 4404 (vita)
3451 4347 3566 4385 cum
3590 4348 3707 4388 cor-

523 4406 833 4475 Asclcpium.
902 4399 1096 4462 Recte’
1121 4406 1431 4461 Lactantius
1485 4403 1555 4475 in,
1589 4402 1778 4475 Graeca
1833 4400 2010 4458 fabula
2037 4399 2093 4460 D
2118 4415 2244 4475 pore
2264 4402 2584 4455 terminatur.
2617 4400 2772 4475 Cani".
2804 4403 2838 4456 Ι.
2871 4399 3103 4475 vii,cap.
3136 4403 3223 4457 15.
3245 4421 3282 4475 AD

426 4473 738 4533 Graeculum
768 4493 964 4534 nomen
992 4476 1284 4548 Asclepium
1314 4473 1696 4548 datgmcdico,‘
1714 4473 1867 4548 juxta
1890 4489 2015 4548 _an~

427 4551 695 4619 tiquiores
716 4560 769 4605 et
800 4550 1054 4605 meliores
1083 4543 1320 4613 codices,
1346 4549 1380 4602 4
1408 4546 1568 4616 Reg,
1595 4546 1631 4619 2
1657 4543 1809 4619 C_0lb.
1832 4586 1848 4611 ,
1879 4543 2017 4599 Gro-

428 4616 585 4685 nov..
608 4620 767 4688 Nam,
790 4620 935 4685 Gat.,
970 4620 1184 4686 Μαι-ιιι,
1201 4619 1238 4673 2
1261 4619 1449 4683 Brun.,
1481 4627 1536 4672 et
1560 4617 1647 4672 ed.
1674 4616 1874 4688 cellar.
1907 4630 2015 4670 non

430 4687 821 4759 seu..th
853 4703 910 4748 ut
940 4693 992 4747 iu
1020 4688 1407 4747 recentioribus
1434 4703 1565 4743 mss.
1599 4698 1654 4744 et
1674 4687 1852 4743 editis.

508 4764 746 4843 ξανθῷ.
783 4764 962 4843 Locus
989 4779 1053 4819 ex
1081 4762 1272 4843 eodem
1306 4760 1507 4832 Virgilii
1541 4760 1789 4843 lib-ron“

510 4833 637 4908 Tam
667 4837 836 4908 longe.
863 4836 936 4908 lta
955 4836 1294 4908 reposuimus
1323 4830 1548 4908 ex‘mss.
1579 4840 1634 4887 et
1661 4830 1824 4887 editis
1842 4872 1858 4899 ,
1885 4843 2021 4900 prte-

432 4916 521 4964 ter
535 4906 717 4986 _Gall.,
732 4902 948 4978 spark,
974 4902 1043 4986 ιιι
1048 4906 1241 4986 quibus
1263 4912 1350 4986 est
1367 4902 1669 4986 tam.longa_.
1789 4974 1800 4984 '

510 4979 717 5034 Amanti
740 4973 984 5035 noveram.
1004 4973 1268 5041 Plitcdrte,
1289 4974 1485 5029 Thesei
1515 4973 1690 5040 usuri,
1718 4974 1802 5029 cui
1825 4973 2024 5042 Hippo-

432 5050 535 5121 lyti
554 5052 718 5105 latum
738 5054 790 5106 in
820 5050 1013 5105 fabulis
1043 5050 1357 5121 imputatur.
1387 5045 1517 5121 Vide
1546 5046 1724 5121 Ovidii
1755 5046 1917 5114 epist.
1946 5044 1981 5098 4
2006 5084 2021 5109 ,

431 5116 560 5197 qua:
589 5122 745 5193 hujus
767 5121 1011 5197 Pliaadrm
1031 5116 1207 5197 estad
1223 5118 1588 5189 Hippolytum.
1612 5116 1779 5197 Cum...
1811 5185 1823 5197 .

514 5185 849 5266 PernEgarat.
881 5185 1440 5269 _Sic_rcstituimtislex
1489 5202 1620 5242 mss.
1652 5185 1930 5269 codicibus
1972 5194 2027 5269 et

434 5266 571 5319 edit.
618 5258 848 5321 Tdrues.
880 5264 936 5318 In
980 5265 1005 5319 1
1051 5262 1287 5318 Clarom.
1323 5260 1636 5331 denegarat;
1682 5258 1736 5313 in
1776 5258 1943 5313 ὅτευ.
1974 5264 2029 5311 et

436 5337 682 5414 ριηξίιηιξ
707 5337 821 5401 θύη
848 5344 1164 5414 Permanet
1340 5403 1351 5414 .
1455 5402 1469 5414 .
1586 5401 1598 5414 .

516 5406 761 5484 Hoclaco
783 5400 1075 5484 refellendi.
1106 5406 1178 5461 Ita
1213 5403 1430 5484 passimA
1455 5401 1598 5484 loqui
1621 5401 1761 5458 solet
1790 5400 2030 5484 Lactanf

436 5481 581 5542 tius;
603 5490 658 5535 et
675 5482 756 5536 sic
783 5475 982 5533 habent
1006 5493 1163 5542 mss.,
1184 5484 1382 5547 praeter
1398 5475 1435 5529 2
1455 5475 1587 5544 lleg.
1618 5475 1951 5530 recentiores
1977 5479 2031 5526 et

439 5553 655 5628 edit.in
680 5550 875 5620 quibus
898 5547 1154 5628 est,lloc
1180 5549 1391 5628 inloco.
1903 5615 1937 5628 ν

518 5615 752 5678 Cererem
791 5637 853 5675 ac
894 5615 1153 5675 Liberum.
1194 5619 1284 5675 Sic
1322 5615 1577 5688 Virgilius
1618 5616 1786 5672 libros
1822 5615 2033 5672 orditur

442 5691 1030 5771 GeorgicorumLLiber
1046 5703 1094 5771 _e_t
1115 5692 1253 5771 alma
1281 5690 1447 5746 Ceres.
1642 5758 1680 5771 Λ
1721 5758 1733 5771 .
1757 5757 1791 5771 η
1883 5757 1895 5769 .

523 5757 828 5822 Miiicnmm.
844 5757 1016 5831 Quam
1045 5762 1296 5819 Horatius
1310 5774 1615 5833 operosam,
1638 5757 1860 5816 Ovidius
1880 5757 2030 5829 inge-

2196 4469 2305 4524 Nec
2330 4477 2508 4525 sanari
2525 4489 2579 4526 se
2602 4474 2782 4544 voluit,
2806 4484 2913 4529 etc.
2938 4469 3122 4528 Codex
3146 4473 3401 4544 antiquus
3430 4472 3565 4529 Bon.
3610 4475 3708 4529 lia—

2120 4540 2237 4614 bct,
2268 4557 2357 4595 nec
2371 4558 2555 4614 sanum
2578 4559 2632 4597 se
2652 4543 2814 4614 uoluit
2834 4584 2848 4609 ,
2880 4560 2973 4598 nec
3011 4560 3179 4598 senem
3210 4540 3367 4612 ﬁeri;
3402 4545 3546 4614 quod
3576 4548 3710 4604 mihi

2120 4612 2402 4683 probatur,
2456 4613 2581 4681 quia
2626 4613 2717 4668 illa
2746 4616 3046 4670 similitudo
3073 4615 3399 4680 dictionum,
3422 4612 3634 4671 'sanum
3662 4628 3711 4674 et

2120 4700 2289 4739 senem
2327 4683 2496 4739 efﬁcit
2533 4683 2820 4755 quamdam
2859 4687 3120 4742 orationis
3145 4694 3503 4742 venustatem.
3558 4688 3715 4747 Alter

2122 4757 2294 4830 codex
2319 4755 2453 4830 _B_ou.
2485 4772 2497 4807 :
2531 4759 2580 4809 Ν
2589 4772 2644 4830 ec
2673 4758 2847 4811 sanari
2867 4774 2920 4813 se
2948 4760 3125 4822 uoluit,
3156 4774 3220 4812 ne
3245 4773 3398 4813 senex
3417 4766 3505 4811 aut
3533 4761 3710 4830 defor-

2125 4828 2257 4880 mior
2281 4826 2553 4881 videretur.
2578 4828 2709 4895 Qum
2740 4830 2903 4884 etiam
2927 4831 3103 4884 oratio
3135 4845 3241 4884 non
3269 4840 3353 4883 est
3382 4826 3713 4899 inepta,'ue-

2125 4912 2232 4971 que
2259 4900 2622 4961 inconcinna;
2664 4900 2758 4954 sed
2787 4901 2910 4968 quia
2959 4900 3175 4957 lectioni
3207 4901 3438 4971 vulgata:
3477 4916 3598 4969 quae
3627 4912 3713 4958 est

2124 4969 2196 5024 30
2221 4984 2353 5024 mss.
2383 4982 2437 5025 et
2480 4972 2723 5042 eximium
2770 4972 2903 5026 edit.
2937 4973 3172 5042 optimus
3216 4969 3555 5038 est’seusus,
3587 4987 3708 5028 eam

2126 5042 2462 5097 retinuimus.
2483 5041 2539 5097 Id
2564 5057 2630 5097 ex
2670 5057 2956 5098 THOIIASIO.

2202 5114 2387 5179 Seipso
2416 5115 2604 5167 minor.
2638 5112 2696 5167 lu
2724 5117 2945 5169 senibus
2982 5115 3126 5170 enim
3172 5129 3294 5169 ossa
3343 5123 3705 5182 macerantur,

2127 5194 2182 5241 et
2204 5200 2328 5239 caro
2355 5185 2553 5239 caloris
2572 5185 2865 5240 acrimonia
2898 5186 3140 5241 tabescit.
3173 5185 3391 5240 Vanum
3414 5187 3636 5242 LINDEN.

2205 5257 2251 5309 E
2274 5272 2417 5324 rogo.
2446 5256 2520 5311 lta
2547 5257 2885 5324 reposuimus
2907 5273 2974 5312 ex
3005 5271 3135 5310 mss.
3169 5256 3611 5325 Hegio-Puteano
3634 5299 3649 5324 ,
3677 5258 3714 5312 2

2131 5326 2309 5390 Colb.,
2344 5328 2478 5383 Ultr.
2512 5336 2567 5382 et
2593 5327 2680 5381 cd.
2714 5327 2887 5381 Paris.
2913 5328 3073 5393 1525,
3104 5326 3168 5381 ad
3202 5328 3252 5381 id
3281 5330 3716 5397 conspirantibus

2132 5400 2166 5454 5
2188 5396 2842 5465 Colb.,Jun.,1Clarom.
2867 5409 2920 5452 et
2940 5399 3068 5453 edit.
3103 5398 3256 5452 Rom.
3288 5398 3451 5465 1468,
3482 5400 3643 5465 1470,
3663 5410 3718 5458 et

2134 5470 2326 5540 Eguat.
2353 5471 2404 5523 in
2437 5472 2629 5538 quibus
2651 5478 2731 5522 est
2756 5485 2873 5537 ergo
2896 5485 2990 5536 pro
3016 5486 3041 5523 e
3059 5485 3199 5539 rogo.
3230 5469 3287 5523 lu
3315 5487 3445 5525 mss.
3471 5471 3661 5536 Cauc.,
3683 5474 3718 5525 ὃ

2135 5542 2294 5609 Heg,
2326 5542 2352 5596 1
2379 5542 2609 5604 Bouou.,
2652 5540 2809 5606 Pcu.,
2845 5541 2870 5595 1
2907 5540 3085 5608 Colb.,
3136 5543 3163 5597 1
3195 5540 3430 5598 Clarom.
3478 5552 3532 5598 et
3558 5542 3718 5599 editis

2135 5615 2320 5669 multis
2339 5629 2449 5668 rec.
2474 5629 2505 5666 a
2524 5628 2667 5679 rogo.

2212 5684 2283 5740 Se
2300 5685 2410 5746 ipse
2438 5687 2797 5738 combusserat.
2829 5682 3311 5755 Manuscriptorum
3329 5695 3431 5753 est;
3456 5700 3509 5741 se
3532 5685 3725 5752 ipsum,

2139 5756 2407 5816 editorum
2443 5756 2823 5814 recentiorum.
2850 5818 2855 5831 I
