4174 6200
464 245 561 300 211

1568 244 1753 302 Filii.
1784 244 2153 304 ιΑετΑΝτιι
2192 246 2394 303 DlVlN.
2436 245 2679 306 INS‘I'I’I‘.

3664 252 3773 309 2l2

465 366 649 415 menta
677 366 1004 430 perstarent,
1033 360 1125 428 qui
1147 358 1218 412 ob
1245 371 1437 414 necem
1466 356 1760 415 bestiarum
1783 357 1919 415 deos
1940 358 2059 415 ﬁeri
2087 366 2141 426 Α
2165 360 2386 417 Scilicet
2428 360 2555 432 quia
2586 375 2836 435 magnam
2893 370 3104 434 partem
3133 363 3351 436 generis
3401 364 3627 422 humani
3674 382 3774 423 ex-

468 450 849 507 credidissent.
884 449 991 507 Sed
1025 449 1141 504 haec
1168 448 1482 505 Graecorum
1514 450 1747 506 fortasse
1769 452 1927 522 culpa
1950 452 2059 517 sit,

466 545 560 616 qui
603 559 693 603 res
721 542 1025 599 levissimas
1069 557 1169 613 pro
1215 545 1466 601 maximis
1495 558 1712 614 semper
1738 544 2060 601 habuerunt.

464 636 603 705 Quid
626 636 817 699 nostri,
838 650 967 692 num
985 635 1383 705 sapientiores?
1404 636 1496 707 qui
1518 636 1826 693 athleticam
1844 638 2064 709 quidem

464 730 718 785 virtutem
750 736 1126 795 contemnunt,
1159 728 1283 799 quia
1324 728 1461 785 nihil
1485 730 1681 785 obest:
1711 729 1807 785 sed
1837 730 2062 801 regiam,

465 822 589 892 quia
618 822 726 877 late
753 822 896 877 solet
924 837 1157 890 nocere,
1199 822 1278 880 sic
1303 823 1661 891 admirantur,
1706 832 1766 880 ut
1805 823 1977 880 fortes
2010 832 2069 879 et

463 915 752 972 bellicosos
778 915 945 972 duces
973 915 1027 971 in
1051 914 1279 972 deorum
1309 923 1456 973 ctetu
1488 915 1655 973 locari
1686 917 2021 973 arbitrentur
2047 934 2062 983 ;

464 1021 569 1066 nec
594 1022 715 1064 esse
738 1007 902 1064 ullam
927 1008 1091 1065 aliam
1110 1008 1180 1063 ad
1210 1008 1684 1067 immortalitatem
1707 1010 1872 1075 viam,
1901 1024 2066 1080 quam

466 1102 742 1158 exercitus
768 1101 968 1158 ducere
985 1143 1002 1169 ,
1031 1101 1209 1159 aliena
1250 1110 1498 1171 vastare,
1524 1103 1687 1161 urbes
1711 1104 1897 1163 delere
1924 1144 1939 1170 ,
1971 1119 2071 1175 op-

467 1192 592 1264 pida
637 1193 928 1258 excidere,
982 1193 1186 1250 liberos
1221 1193 1452 1264 populos
1479 1200 1576 1250 aut
1611 1194 1889 1251 trucidare
1911 1235 1927 1262 ,
1976 1205 2072 1252 aut

466 1283 736 1355 subjicere
776 1285 1026 1342 servituti
1071 1304 1085 1339 :
1134 1284 1393 1341 videlicet
1429 1300 1538 1357 quo
1587 1286 1773 1357 plures
1816 1286 2075 1345 homines

467 1377 779 1445 afflixerint,
810 1377 1183 1448 spoliaveriut,
1216 1378 1538 1445 occiderint,
1570 1394 1639 1435 eo
1662 1393 1724 1435 se
1749 1379 2069 1445 nobiliores,

468 1480 523 1527 et
567 1470 829 1527 clariores
867 1477 1081 1541 putant,
1110 1480 1167 1528 et
1218 1469 1397 1529 inanis
1444 1473 1633 1543 glorias
1674 1474 1858 1544 specie
1883 1476 2071 1545 capti,

470 1561 771 1619 sceleribus
800 1562 914 1618 suis
942 1577 1142 1618 nomen
1167 1563 1381 1623 virtutis
1417 1564 1725 1635 imponunt.
1774 1565 1896 1622 1am
1943 1567 2077 1622 mal-

471 1656 602 1722 lem,
636 1654 992 1711 utaferarum
1019 1655 1261 1712 caedibus
1288 1656 1423 1715 deos
1453 1658 1558 1714 sibi
1592 1657 1877 1729 ﬁngerent,
1907 1673 2075 1730 quam

2165 454 2322 510 tinxit
2347 470 2410 510 ae
2439 454 2693 525 perdidit.
2740 456 2786 512 Ο
2812 458 3027 528 quantis
3060 456 3112 513 in
3153 457 3391 514 tenebris
3416 500 3430 524 ,
3476 458 3764 530 Africane,

2166 555 2412 601 versatus
2446 547 2543 602 es!
2578 546 2665 602 vel
2686 547 2886 618 potius,
2930 563 2964 603 o
3000 555 3193 619 poeta,
3237 549 3329 619 qui
3377 564 3473 620 per
3510 551 3689 608 credes
3720 560 3776 608 et

2166 637 2481 708 sanguinem
2512 646 2700 708 patere
2726 638 3035 694 hominibus
3060 639 3112 693 in
3136 640 3335 696 emtum
3363 656 3648 697 ascensum
3679 658 3777 713 pu-

2167 730 2400 785 taveris!
2455 729 2553 785 Cui
2580 730 2805 785 vanitati
2834 741 2888 787 et
2931 730 3124 787 Cicero
3167 733 3401 789 assensit
3433 751 3446 789 :
3481 733 3580 790 Est
3606 751 3772 805 vero,

2167 822 2363 894 inquit,
2408 823 2664 882 Africane
2693 843 2706 880 :
2733 841 2860 882 nam
2899 837 2953 881 et
2975 826 3191 883 Herculi
3218 828 3410 883 eadem
3464 830 3567 886 ista
3620 840 3773 902 porta

2170 917 2362 987 patuit.
2392 916 2692 988 Tamquam
2722 919 2840 989 ipse
2883 919 3066 993 plane,
3109 934 3232 979 cum
3262 919 3313 977 id
3346 920 3525 993 fieret,
3571 922 3777 994 janitor

2170 1007 2333 1064 fuerit
2359 1009 2416 1065 in
2452 1010 2616 1067 emio.
2664 1011 2931 1082 Equidem
2970 1021 3210 1069 statuere
3235 1029 3343 1067 non
3385 1027 3626 1082 possum,
3679 1016 3776 1072 do-

2173 1100 2466 1159 lendumne
2505 1103 2717 1175 potius,
2749 1118 2816 1159 an
2845 1104 3130 1163 ridendum
3164 1114 3377 1175 putem;
3408 1121 3533 1163 cum
3561 1106 3776 1168 videam

2171 1210 2363 1264 graves
2393 1204 2449 1251 et
2476 1194 2693 1264 doctos,
2724 1204 2802 1261 et,
2849 1207 2908 1255 ut
2937 1197 3042 1253 sibi
3071 1197 3344 1264 videntur,
3396 1199 3674 1270 sapientes
3700 1202 3780 1257 vi-

2172 1306 2287 1359 ros,
2317 1290 2371 1348 in
2403 1300 2510 1349 tam
2534 1291 2859 1353 miserandis
2876 1307 3123 1351 errorum
3144 1291 3400 1353 fluctibus
3429 1294 3682 1352 volutari.
3719 1296 3779 1353 Si

2173 1387 2291 1445 haec
2310 1397 2395 1445 est
2425 1388 2616 1454 virtus,
2644 1403 2766 1459 qua:
2794 1402 2897 1445 nos
2926 1389 3266 1445 immortales
3305 1389 3465 1454 facit,
3489 1392 3628 1444 mori
3654 1391 3776 1461 qni~

2174 1481 2297 1539 dem
2322 1481 2529 1549 malim,
2545 1497 2708 1553 quam
2734 1482 2901 1541 exitio
2922 1496 3049 1541 esse
3072 1482 3508 1553 quamplurimis.
3535 1482 3592 1541 Si
3619 1483 3781 1540 aliter

2176 1574 2553 1632 immortalitas
2583 1577 2763 1646 parari
2786 1590 2892 1635 nou
2921 1584 3132 1645 potest,
3174 1574 3279 1635 nisi
3306 1589 3404 1646 per
3432 1576 3777 1646 sanguinem,

2176 1666 2306 1741 quid
2361 1665 2477 1733 lict,
2528 1666 2576 1725 si
2622 1680 2813 1723 omnes
2855 1666 2910 1725 in
2959 1666 3309 1727 concordiam
3364 1667 3781 1727 consenserint?

470 1748 937 1804 immortalitatem
985 1756 1093 1804 tam
1141 1757 1426 1806 cruentam
1481 1750 1797 1820 probarent.
1851 1750 1910 1807 Si
1950 1751 2070 1822 quis
2100 1765 2150 1827 Β
2176 1759 2331 1829 Quod
2357 1770 2506 1817 certe
2534 1759 2651 1818 fieri
2674 1759 2893 1832 poterit,
2915 1757 2965 1817 si
2987 1758 3296 1827 pernicioso
3322 1767 3377 1817 et
3398 1758 3566 1829 impio
3597 1758 3785 1817 furore

471 1856 637 1897 unum
666 1840 943 1897 hominem
979 1841 1328 1912 jugulaverit,
1358 1856 1456 1912 pro
1483 1844 1852 1900 contaminato
1877 1858 1943 1899 ac
1970 1859 2070 1901 ne-

474 1932 612 1990 fario
639 1933 890 2001 habetur,
922 1948 1024 1989 nec
1046 1933 1115 1989 ad
1143 1944 1423 1990 terrenum
1454 1934 1559 1991 hoc
1578 1934 1914 1991 domicilium
1944 1936 2077 1992 deo-

474 2044 596 2086 rum
625 2027 836 2083 admitti
857 2042 981 2083 eum
1008 2025 1092 2082 las
1117 2035 1327 2097 putant.
1360 2025 1458 2083 ille
1478 2036 1658 2085 autem
1684 2069 1700 2095 ,
1731 2028 1824 2098 qui
1866 2027 2077 2085 inﬁnita

478 2122 760 2177 hominum
782 2118 950 2177 millia
975 2119 1352 2185 trucidaverit,
1380 2133 1578 2176 cruore
1603 2135 1825 2191 campos
1851 2120 2078 2178 inundao

478 2213 643 2281 verit,
675 2212 897 2269 flumina
926 2212 1190 2279 infecerit,
1220 2228 1329 2270 non
1360 2212 1523 2271 modo
1551 2213 1607 2269 in
1637 2215 1931 2286 templum,
1981 2214 2078 2272 sed

477 2307 639 2363 etiam
682 2308 736 2363 in
767 2308 969 2365 emtum
994 2306 1321 2364 admittitur.
1356 2305 1512 2377 Apud
1539 2306 1777 2364 Ennium
1803 2307 1883 2365 sie
1908 2308 2084 2379 loqui-

473 2407 562 2455 tur
589 2400 900 2467 Alricanus;

572 2519 627 2569 Si
651 2517 724 2568 fas
740 2518 870 2568 endo
887 2519 1055 2581 plagas
1068 2519 1327 2572 caelestum
1351 2520 1624 2573 ascendere
1639 2518 1869 2581 cuiquam
1887 2523 1988 2577 est,

665 2581 731 2631 Mi
755 2582 847 2633 soli
871 2583 982 2632 cceli
1007 2585 1214 2633 maxima
1239 2591 1378 2648 porta
1396 2590 1547 2649 patet.

2181 1852 2445 1924 projeeto,
2480 1852 2802 1907 innocentes
2822 1864 2947 1906 esse
2970 1865 3035 1905 ac
3057 1850 3187 1920 justi
3220 1850 3409 1909 velint.
3449 1849 3588 1907 Num
3618 1851 3784 1922 igitur

2181 1959 2346 2002 nemo
2368 1944 2472 1999 erit
2498 1943 2637 1999 ccelo
2661 1941 2898 2014 dignus?
2925 1958 3054 2001 num
3086 1942 3284 2015 peribit
3304 1942 3496 2010 virtus,
3529 1943 3654 2013 quia
3689 1943 3792 1998 bo-

2185 2040 2420 2094 minibus
2469 2039 2524 2092 in
2572 2037 2820 2092 homines
2863 2035 3055 2092 saevire
3087 2051 3195 2091 non
3224 2035 3483 2091 dabitur?
3538 2035 3645 2092 Sed
3674 2036 3786 2105 isti,

2183 2132 2276 2203 qui
2307 2130 2620 2187 eversiones
2665 2128 2878 2185 urbium
2912 2128 3341 2202 pepulerumque
3379 2143 3644 2182 summam
3671 2128 3789 2199 glo-

2186 2224 2321 2280 riam
2372 2229 2710 2292 computant,
2752 2222 2924 2276 otium
2968 2219 3242 2291 publicum
3291 2234 3398 2274 non
3446 2220 3658 2286 ferent;
3703 2235 3794 2274 ra-

2186 2319 2355 2389 pient,
2386 2317 2616 2372 saeviunt
2637 2357 2650 2379 ,
2680 2324 2738 2371 et
2757 2314 2971 2385 injuriis
2994 2314 3296 2371 insolenter
3316 2313 3512 2380 illatis,
3538 2314 3791 2368 humanae

2186 2410 2462 2467 societatis
2487 2408 2664 2466 fmdus
2704 2407 3040 2479 irrumpent,
3091 2418 3148 2463 ut
3184 2408 3387 2463 habere
3421 2406 3635 2463 hostem
3666 2422 3797 2478 pos-

2184 2507 2334 2573 sint,
2380 2518 2541 2576 quem
2579 2502 2893 2558 sceleratius
2920 2500 3137 2558 deleaut
3160 2542 3177 2568 ,
3230 2516 3391 2573 quam
3427 2500 3790 2556 lacessieriut.

2184 2597 2339 2653 Nunc
2366 2596 2435 2652 ad
2466 2596 2671 2667 reliqua
2688 2609 2996 2666 pergamus.
3031 2594 3239 2650 Nomen
3264 2594 3492 2650 deorum
3517 2593 3704 2651 Cereri
3730 2608 3793 2650 ac

1807 2710 2173 2772 VARIORUM
2204 2709 2434 2771 ΝΟΤιΕ.

556 2832 626 2887 In
664 2830 876 2884 deorum
906 2836 1057 2883 ctum.
1090 2826 1339 2898 Plerique
1364 2826 1517 2893 editi,
1544 2836 1749 2882 ctutum.

562 2903 770 2973 Oppida
792 2900 1042 2954 excidere.
1060 2899 1130 2954 .in
1154 2913 1248 2954 sex
1275 2915 1434 2963 mss.,
1460 2900 1747 2967 excindere,
1772 2901 1824 2954 in
1843 2906 2052 2970 septem

490 2973 803 3032 exscindere.

564 3046 625 3103 Si
644 3044 755 3115 quis
768 3042 1338 3115 unum...jugulauerit.
1360 3040 1523 3115 Cypr.
1549 3042 1584 3095 l.
1610 3058 1669 3107 il,
1694 3042 1852 3115 ep.2,
1873 3041 1965 3096 fol.
1990 3041 2082 3110 55,

492 3118 579 3174 ed.
613 3112 733 3170 Bas.
769 3131 781 3167 :
813 3112 1165 3167 Homicidium
1185 3129 1340 3183 quum
1366 3114 1641 3168 admittunt
1669 3114 1876 3183 singuli,
1895 3115 2088 3169 crimen

492 3200 563 3244 est
593 3204 611 3242 :
643 3187 802 3241 virtus
823 3195 1052 3248 uocatur,
1086 3199 1241 3249 quum
1263 3183 1467 3252 publice
1489 3187 1699 3253 geritur.
1734 3185 2009 3239 liensum.

568 3259 645 3313 Ad
684 3267 940 3309 terrenum
978 3256 1073 3308 hoc
1104 3255 1421 3326 domicilium
1449 3257 1680 3309 deorum.
1714 3254 1830 3309 Non
1859 3258 2089 3326 quadrat

497 3332 583 3386 hic
631 3326 848 3384 Cellarii
899 3327 1208 3396 explicatio.
1255 3325 1376 3380 Vult
1417 3326 1728 3381 Lactantius
1789 3326 2087 3383 homicidas

498 3418 602 3457 non
629 3399 835 3455 admitti
861 3397 926 3452 ad
953 3399 1234 3466 templum,
1254 3412 1282 3449 a
1304 3400 1521 3467 templis
1540 3398 1773 3453 excludi.
1797 3399 1913 3453 για.
1940 3400 1973 3453 l.
2005 3415 2084 3465 tu,

498 3490 545 3529 c.
577 3474 672 3529 l7;
700 3470 742 3524 Τ
744 3481 959 3523 errcstre
977 3469 1112 3525 illud
1133 3467 1447 3523 domicilium
1475 3470 1638 3526 Jouis.

570 3543 816 3667 Ennium.
836 3541 1126 3667 1Ιίὲὣὶειοίιιιι.
1158 3548 1212 3596 et
1240 3541 1381 3609 apud
1406 3539 1525 3597 Cic.
1556 3541 1625 3595 de
1651 3541 1787 3614 Rep.
1825 3550 1962 3598 teste
1984 3541 2087 3598 Se-

570 3632 617 3667 c.
648 3630 764 3667 onis
794 3651 808 3666 .
944 3651 957 3665 .

498 3632 617 3672 nec.
648 3615 808 3683 epist.
836 3615 957 3667 109.

570 3687 631 3742 Si
658 3682 738 3757 fas
762 3683 897 3757 endo
921 3686 1101 3757 plagas
1130 3683 1405 3757 caelestum.
1438 3684 1515 3739 ita
1538 3686 1875 3757 correximus
1901 3700 1966 3739 es
1994 3682 2090 3740 Ci-

499 3755 696 3815 cerone
720 3756 811 3809 lib.
845 3769 903 3809 ιιι
931 3755 999 3810 de
1041 3755 1350 3822 Republica,
1375 3766 1428 3809 et
1457 3770 1522 3810 ex
1564 3756 1926 3811 Lacmntiauis
1955 3771 2086 3809 mss.

502 3828 756 3891 Salinas,
790 3828 811 3879 l
848 3825 993 3894 Lips.
1017 3868 1032 3891 ,
1079 3825 1215 3891 PaL,
1249 3825 1386 3898 U_Itr.
1418 3836 1473 3881 et
1527 3827 1968 3898 Regio-Puteaiio
1989 3867 2002 3889 ,
2035 3828 2088 3882 in

501 3916 607 3970 quo
635 3908 719 3970 est
752 3898 1036 3970 caelestium,
1069 3909 1176 3970 pro
1206 3894 1697 3970 calestum;_ad'id
1723 3899 2091 3970 conspirantis

501 3965 602 4026 lius
626 3970 661 4024 5
692 3969 847 4037 363.,
875 3965 1104 4029 5Culb.,
1130 3965 1291 4031 Nav.,
1314 3965 1480 4028 Vict.,
1504 3967 1647 4033 Gat.,
1665 3968 1701 4022 2
1720 3965 1907 4035 Βΐυηξ,
1944 3969 2087 4036 Ειη.,

502 4041 716 4096 Balliol.
740 4079 754 4100 ,
789 4041 841 4093 in
869 4039 1063 4108 quibus
1092 4046 1197 4110 cst,
1232 4037 1293 4092 Si
1343 4038 1579 4108 faciendo
1619 4038 1818 4110 plagas.
1865 4039 2091 4095 Correc-

502 4113 634 4167 tioni
663 4121 867 4165 nostra:
889 4108 1288 4179 adstipulantur
1313 4108 1742 4164 doctissimi'viri
1765 4109 2085 4179 Salmasius,

497 4182 754 4248 Pithaeus,
796 4180 982 4246 lsmus,
1032 4178 1358 4243 Gronovius,
1391 4180 1658 4244 Baluzius,
1700 4192 1757 4236 et
1801 4178 2087 4237 Cellarius.

496 4255 555 4310 In
584 4253 837 4311 undecim
867 4267 1000 4307 mss.
1030 4251 1422 4306 recentioribus
1444 4262 1498 4307 et
1526 4253 1578 4308 iu
1601 4252 1759 4308 editis
1792 4252 1987 4324 legitur
2018 4270 2032 4308 :

594 4366 644 4417 Si
671 4366 741 4416 fas
757 4364 995 4416 caedendo
1012 4363 1237 4415 cmlestia
1260 4364 1502 4417 scandere
1525 4367 1758 4431 cuiquam
1783 4374 1879 4421 est.

503 4471 560 4525 In
591 4485 698 4540 quo
727 4470 847 4537 quis
878 4484 984 4523 non
1010 4468 1157 4523 videt
1196 4468 1542 4523 librariorum
1574 4468 1761 4525 fraude
1799 4479 1857 4526 et
1888 4472 2101 4528 inscitia

500 4542 700 4597 factum
729 4555 852 4595 esse
875 4540 1117 4594 credendo
1137 4543 1251 4595 ἀντὶ
1274 4542 1362 4594 τοὺ
1392 4542 1522 4595 endo
1537 4542 1564 4594 Ρ
1588 4542 1785 4596 deinde
1805 4545 2101 4599 accessisse

504 4613 697 4681 partim
717 4613 946 4684 aliorum
972 4609 1336 4684 librariorum,
1365 4613 1557 4681 partim
1580 4613 1849 4668 editorum
1876 4629 2098 4684 pravum

502 4680 798 4754 judicium;
829 4680 922 4750 qui
946 4682 1099 4751 quasi
1129 4684 1291 4736 verba
1329 4686 1576 4753 proxime
1603 4680 1916 4753 sequentia,
1943 4686 2102 4740 Scili-

501 4765 577 4808 cet
620 4754 741 4823 quia
781 4769 1018 4824 magnam
1050 4763 1244 4823 portent
1284 4756 1482 4822 generis
1517 4755 1730 4808 Itumani
1765 4758 2007 4810 exstinxit
2040 4772 2102 4810 ac

500 4825 744 4899 perdidit,
769 4826 1078 4879 necessario
1107 4824 1307 4893 aliquid
1337 4826 1389 4878 in
1418 4825 1929 4899 Ennianocarmine
1955 4829 2102 4899 posi-

504 4907 613 4952 tmn
645 4897 1154 4965 interpretarentur,
1187 4899 1448 4961 iecerunt,
1473 4897 1716 4950 credendo
1737 4938 1750 4963 ,
1782 4897 2103 4956 deleverunt

502 4970 682 5039 plagas
702 5009 717 5035 ,
758 4968 979 5021 cmlestia
1011 4968 1177 5022 vicem
1210 4969 1487 5041 cmlestiuiri
1519 4968 1604 5023 vel
1634 4969 1890 5041 mulcatum
1920 4971 2103 5041 subje-

502 5037 662 5105 Cere;
692 5041 793 5093 hoc
820 5050 925 5111 est,
959 5054 1087 5093 vere
1115 5038 1344 5111 mapalia
1379 5037 1643 5111 fecerunt.
1680 5037 1749 5111 Et
1776 5042 1901 5110 quia
1932 5037 2102 5111 gloria

501 5111 741 5167 Africani
773 5110 1028 5182 omnibus
1049 5125 1114 5164 ex
1140 5109 1300 5164 rebus
1331 5110 1474 5182 bollo
1492 5110 1660 5180 gestis
1688 5109 1826 5165 adeo
1856 5109 1979 5167 nota
2007 5115 2098 5182 sil,

506 5192 560 5253 ut
584 5184 685 5251 ipsi
715 5183 814 5238 soli
842 5181 1044 5236 omium
1091 5179 1443 5253 patere,.velit
1470 5179 1662 5250 poeta,
1705 5196 1811 5236 non
1838 5179 2103 5253 apparere

505 5252 845 5309 demonstrant
871 5254 1030 5307 aliam
1063 5266 1280 5306 causam
1303 5267 1403 5306 cur
1430 5252 1795 5325 idjvelit,_nisi
1816 5254 1959 5325 quod

754 5354 899 5401 noxis,
920 5353 1087 5407 ιγοιμους
1109 5352 1222 5406 θυιὰς
1245 5347 1328 5392 ἄϊδι
1348 5351 1543 5405 accidit“,

506 5461 696 5502 versus
728 5445 949 5502 Homeri
972 5446 1127 5502 initio
1159 5445 1335 5513 lliad.,
1368 5446 1522 5518 quasi
1551 5445 1702 5503 dicas
1730 5463 1744 5502 :

598 5557 779 5611 Multas
803 5559 1022 5611 illustres
1045 5563 1230 5611 animas
1252 5560 1310 5611 ad
1331 5574 1500 5614 orcum
1527 5562 1839 5625 praemiserit.

508 5666 784 5739 Ipse_ergo
809 5664 1065 5739 Lactant.
1087 5666 1493 5739 interpretatur,
1517 5667 1620 5723 etsi
1643 5667 1849 5724 nullum
1865 5682 1928 5724 ea
1954 5667 2024 5724 de
2045 5683 2107 5726 re

505 5735 740 5797 v'erbitm'
755 5739 808 5793 in
834 5738 1108 5811 epitaphio
1137 5735 1436 5807 inveniret,
1488 5740 1668 5799 caedes
1704 5748 1763 5795 et
1788 5744 2105 5819 sanguinem

2061 2941 2076 2967 ’
2111 2942 2157 3008 C

2127 4452 2182 4513 D
2206 4452 2453 4518 Andreas
2480 4452 2742 4519 Patricius
2767 4466 2821 4518 in

2184 2826 2477 2882 multorum
2499 2825 2778 2880 hominum
2795 2825 3052 2895 opinione
3080 2826 3287 2883 locasse
3310 2826 3624 2883 Africanum
3650 2827 3794 2883 inter

2188 2898 2364 2952 sidera
2388 2914 2403 2961 ;
2442 2907 2639 2971 utpote
2665 2913 2825 2968 quem
2854 2912 2960 2952 non
2989 2899 3227 2971 aliunde,
3274 2915 3435 2970 quam
3465 2915 3531 2955 ex
3555 2899 3794 2953 caedibus

2189 2980 2242 3043 et
2267 2969 2564 3043 sanguine,
2613 2969 2715 3024 hoc
2746 2978 2851 3043 est,
2888 2984 2956 3023 ex
2990 2969 3131 3043 bene
3154 3011 3168 3033 ,
3213 2969 3483 3043 celebrem
3527 2973 3792 3025 norimus.

2193 3041 2298 3097 Sed
2340 3040 2385 3094 a'
2412 3041 2598 3094 multis
2642 3052 2767 3112 ante
2812 3040 3149 3112 Lactantium
3196 3041 3446 3098 similiter
3475 3043 3790 3112 explicatur.

2192 3114 2399 3168 Seneca
2447 3112 2666 3185 epistol.
2721 3111 2794 3167 95
2837 3128 2851 3164 :
2907 3110 2990 3165 Ea:
3035 3114 3490 3185 senatusconsultis
3518 3110 3793 3185 plebisque,

2191 3185 2333 3238 scitis
2354 3182 2547 3257 scelera
2585 3194 2903 3257 exercentur,
2933 3193 2981 3236 ct
3008 3184 3208 3253 publice
3230 3183 3477 3253 iubentur
3500 3186 3651 3238 vetita
3681 3182 3794 3257 pri-

2190 3257 2368 3327 uatim.
2401 3254 2531 3319 Qua:
2554 3255 2688 3327 clunt
2711 3254 2984 3327 commissa
3012 3257 3178 3327 capite
3208 3257 3405 3309 luerent
3424 3298 3438 3320 ,
3471 3257 3647 3309 eadem
3676 3254 3799 3327 quia

2194 3326 2428 3398 paludati
2457 3330 2639 3395 fecere,
2671 3325 2972 3398 laudantur.
3004 3323 3126 3398 Non
3157 3328 3315 3394 pudet
3341 3328 3593 3392 homines,
3626 3323 3794 3382 mitis-

2192 3397 2379 3451 simum
2418 3413 2597 3469 genus,
2637 3397 2860 3468 gaudere
2888 3397 3138 3469 sanguine
3166 3397 3573 3469 alterno,_ibella
3602 3414 3795 3469 gerere,

2193 3470 2510 3540 gerendaque
2537 3467 2720 3541 liberis
2749 3469 2969 3541 tradere.
2997 3468 3244 3541 AGIONOV.
3287 3499 3358 3511 -
3384 3467 3536 3523 Endo
3591 3467 3797 3541 antiqui

2192 3539 2379 3594 dixere
2404 3554 2498 3609 pro
2527 3539 2604 3603 in,
2632 3540 2696 3610 iis
2715 3539 2880 3594 credo
2909 3539 3207 3594 rationibus
3233 3541 3365 3603 nisi,
3395 3542 3533 3610 quod
3557 3542 3691 3595 endo
3712 3539 3801 3597 de-

2176 3612 2411 3683 ductum
2427 3626 2454 3663 a
2472 3609 2805 3683 graecoi'vdov
2823 3612 3019 3681 passim
3038 3612 3177 3681 apud
3202 3609 3429 3683 Ennium
3457 3614 3667 3681 legatur
3700 3629 3798 3683 pro

2194 3684 2268 3746 in,
2303 3682 2380 3738 uti
2407 3690 2462 3736 et
2483 3683 2624 3750 apud
2650 3682 2955 3737 Lucretium
2982 3682 3254 3753 indugredi
3285 3698 3380 3753 pro
3407 3684 3629 3753 ingredi,
3661 3682 3716 3739 et
3745 3686 3798 3743 id

2192 3768 2364 3824 genus
2403 3754 2590 3821 plura;
2624 3754 2674 3806 in
2707 3769 2819 3824 sum
2848 3755 3127 3809 sententiae
3169 3757 3633 3809 conﬁrmationem
3667 3755 3797 3815 illud

2193 3823 2355 3897 etiam
2384 3824 2649 3897 alterunt,
2684 3823 2825 3897 quod
2865 3839 2989 3879 cum
3034 3825 3245 3897 nullam
3279 3840 3517 3897 causam,
3562 3842 3683 3897 qua:
3727 3829 3798 3885 ad

2194 3894 2658 3949 immortalitatem
2707 3896 2809 3950 iter
2848 3897 3150 3963 aperuisset
3178 3895 3461 3960 Africano,
3513 3894 3593 3951 ab’
3626 3900 3799 3957 Ennio

2194 3980 2510 4039 expressam
2528 3966 2733 4039 videret
2764 3966 3072 4039 Lactantius
3090 4008 3105 4032 ,
3138 3968 3277 4022 hanc
3305 3968 3417 4035 ipse
3439 3967 3721 4039 adjecerit.

2267 4036 2333 4090 In
2380 4037 2614 4108 tenebris,
2663 4038 2937 4108 Africane,
2985 4048 3211 4091 uersatus
3256 4039 3352 4092 es?
3399 4040 3477 4092 uel
3509 4036 3719 4108 potius,
3767 4059 3800 4098 ο

2201 4106 2689 4183 RoetaLAfricanus
2711 4106 2800 4164 hic
2827 4120 2909 4163 est
2930 4108 3048 4183 ipse
3076 4110 3275 4178 Scipio,
3309 4118 3363 4165 et
3384 4106 3550 4165 Poeta
3579 4120 3662 4167 est
3687 4112 3800 4169 En-

2194 4179 2331 4233 nius.
2365 4179 2639 4234 Buususn.

2271 4249 2363 4321 Est
2388 4267 2526 4314 vero,
2557 4249 2741 4314 inquit,
2771 4249 3032 4321 Africane.
3059 4249 3138 4304 lta
3159 4250 3372 4315 Cicero,
3403 4251 3497 4308 lib.
3524 4268 3583 4308 ιιι
3608 4253 3677 4309 de
3703 4255 3802 4313 Re-

2201 4320 2444 4392 publica;
2476 4322 2547 4375 ita
2576 4337 2699 4376 cum
2727 4320 2884 4375 editis
2932 4323 3303 4392 manuscripti,
3338 4333 3534 4392 praeter
3579 4326 3614 4380 5
3639 4325 3795 4383 Colb.

2204 4401 2261 4447 et
2285 4394 2324 4468 1Δ
2345 4391 2560 4468 Reg._in
2588 4393 2784 4468 quibus
2810 4392 3030 4468 legitur,
3045 4391 3121 4468 Et
3149 4408 3286 4468 uero,
3319 4391 3498 4462 inquit,
3531 4397 3799 4468 Africane.

2911 4466 3085 4519 :holiis
3108 4464 3174 4518 ad
3198 4464 3494 4536 fragmenta
3517 4464 3803 4526 Ciceronis

2202 4552 2233 4588 e
2254 4550 2311 4609 ιιι
2331 4535 2396 4609 de
2421 4536 2624 4609 liepub.
2652 4543 2803 4605 putat
2823 4536 3129 4609 legendum,
3145 4546 3220 4589 est
3240 4535 3357 4609 uero
3374 4538 3465 4603 ita,
3486 4538 3802 4608 Aphricane;

2203 4608 2290 4661 vel
2318 4607 2654 4676 simpliCiter,
2683 4617 2729 4659 et
2749 4621 2886 4669 vero,
2914 4608 3221 4678 Aphricane.
3250 4608 3361 4678 Ego
3388 4607 3634 4664 vero’ubi
3664 4607 3801 4665 una-

2204 4678 2618 4750 nimescodices
2646 4678 2879 4750 reperio,
2911 4692 3015 4750 non
3040 4676 3196 4732 facile
3226 4676 3517 4750 quidquam
3546 4684 3795 4737 immuto.

2276 4748 2470 4801 Eadem
2501 4751 2616 4800 ista.
2652 4746 2880 4803 Lecutio
2920 4746 3304 4813 Lactantiana,
3336 4746 3457 4821 quae
3485 4753 3685 4821 passim
3708 4767 3802 4809 oc-

2202 4821 2406 4891 currit;
2435 4833 2565 4872 mss.
2596 4820 2649 4882 3,
2688 4833 2796 4873 rec.
2832 4830 2886 4874 et
2913 4821 2948 4876 9
2976 4821 3105 4887 edit.
3142 4835 3289 4886 rec.,
3317 4820 3495 4875 eodem
3517 4824 3652 4891 ipsa.

2276 4888 2414 4965 Mori
2433 4892 2656 4965 quidem.
2697 4891 2790 4946 Sic
2827 4906 2957 4947 mss.
3002 4892 3070 4946 At
3097 4893 3226 4949 editi
3267 4908 3389 4948 cum
3417 4893 3452 4948 4
3485 4888 3615 4949 mss.
3647 4910 3757 4952 rec.
3780 4936 3798 4965 ,

2202 4963 2333 5032 mori
2356 4961 2604 5032 equidem.

2278 5031 2343 5087 In
2387 5031 2717 5089 Concordiam
2760 5036 3147 5105 consenserint,
3181 5034 3323 5089 Nihil
3356 5043 3538 5099 muto,
3582 5052 3679 5105 pro
3713 5052 3805 5093 re-

2203 5113 2357 5174 cepta
2388 5104 2536 5159 Lact.
2570 5105 2606 5160 l.
2636 5121 2701 5172 ν,
2730 5122 2781 5162 c.
2816 5107 2847 5159 7
2871 5148 2886 5171 ,
2921 5106 3091 5171 infra;
3122 5104 3190 5160 In
3224 5122 3337 5161 eain
3368 5104 3644 5163 multitudo
3684 5108 3803 5164 uni-

2205 5189 2352 5248 uersa
2381 5179 2713 5232 consenserit.
2745 5177 2845 5233 Ubi
2869 5179 3042 5248 plura.
3292 5178 3576 5235 Bonan/tu.

2280 5246 2454 5320 Qtium
2481 5248 2757 5315 publicum.
2784 5248 2841 5303 id
2870 5246 2954 5303 est
2985 5264 3193 5320 pacem.

2281 5315 2472 5392 Foedus
2496 5320 2795 5392 irrumpent.
2831 5320 2904 5374 ita
2934 5315 3125 5392 otiiues
3153 5320 3282 5375 editi
3323 5336 3388 5376 ac
3427 5321 3795 5392 manuscripti,

2124 5428 2129 5433 ρ
2207 5396 2403 5458 praeter
2432 5390 2458 5443 1
2486 5390 2723 5461 Clarom.
2755 5392 2845 5461 qui
2891 5391 3082 5459 habet,
3116 5393 3278 5459 {rudus
3319 5403 3573 5461 rumpent.
3604 5392 3675 5447 At
3697 5390 3833 5449 cur

2207 5475 2365 5536 servo
2390 5460 2565 5516 verbis
2588 5460 2901 5536 compositis
2940 5478 3035 5536 pro
3061 5460 3513 5534 simplicibus,et
3535 5466 3800 5536 simplici-

2207 5530 2307 5586 bus
2332 5546 2427 5601 pro
2446 5530 2757 5604 compositis
2790 5530 3121 5588 Lactantium
3152 5530 3257 5589 non
3286 5536 3456 5589 semel
3487 5536 3585 5590 uti.

2282 5621 2484 5680 Nomen
2510 5626 2720 5681 deorum
2750 5626 2937 5683 Cereri.
2977 5627 3231 5684 Cererem
3274 5627 3531 5684 Eleusinii
3569 5628 3800 5689 maxime

2208 5693 2486 5773 colebant,
2509 5699 2630 5773 quia
2656 5713 2777 5752 cum
2801 5701 2856 5754 in
2878 5701 3105 5773 Atticam
3132 5701 3367 5773 venisset
3386 5699 3453 5773 ad
3475 5699 3638 5756 ﬁliam
3661 5717 3801 5773 qure-

2208 5765 2461 5838 rendam,
2503 5765 2733 5844 primum
2760 5784 2856 5829 eos
2880 5770 3092 5847 frugum
3123 5769 3387 5835 sationem
3415 5765 3796 5849 legesque'do-
