4174 6200
436 208 552 266 215

1544 214 1751 276 LIBER
1787 218 1829 274 l.
1864 215 1957 276 DE
1993 218 2219 279 FALSA
2258 220 2653 280 BELIGIONE.

3635 227 3744 282 214

435 327 636 386 Libero
677 331 897 389 traditio
931 346 1217 391 munerum
1259 334 1409 391 fecit.
1442 335 1669 392 Possum
1700 335 1897 391 divinis
1936 334 2035 391 do-
2058 336 2388 407 Apertores
2440 338 2689 393 humanae
2737 337 2865 393 vita:
2906 339 3199 408 plurimum
3247 342 3586 413 profuerunt.
3635 339 3744 395 Cur

433 438 564 479 cere
610 422 844 492 litteris,
901 425 1084 481 vinum
1127 434 1290 498 atque
1333 426 1513 499 fruges
1555 439 1682 484 ante
1722 428 2031 500 progeniem

433 516 577 574 ΟωΙί
604 526 769 589 atque
809 519 1029 575 Saturni
1058 521 1223 577 luisse
1263 523 1318 577 iu
1347 537 1446 577 usu
1477 522 1755 579 hominum
1792 541 1806 579 :
1835 523 1930 579 sed
1963 522 2033 577 ab

429 610 522 667 his
549 625 681 667 sane
707 612 927 668 iuventa
955 627 1082 669 esse
1107 612 1393 685 fingamus.
1423 613 1560 670 Num
1584 625 1763 686 potest
1791 615 1913 684 plus
1941 624 2034 669 aut

430 705 607 776 majus
635 705 830 771 videri,
859 707 1145 777 collegisse
1168 706 1366 779 fruges,
1396 707 1585 779 hisque
1607 709 1810 776 fractis,
1837 724 2029 779 panem

428 796 611 853 facere
644 798 897 855 docuisse
920 840 936 863 ,
967 809 1060 855 aut
1098 816 1230 856 uvas
1255 800 1328 856 de
1355 802 1553 857 vitibus
1597 802 1766 858 lectas
1806 818 2029 873 expres-

424 892 584 958 sisse,
613 894 907 965 vinumque
929 894 1145 959 fecisse,
1168 911 1329 965 quam
1361 895 1544 967 fruges
1568 896 1731 967 ipsas,
1764 905 1859 951 aut
1887 896 2029 951 vites

423 1002 763 1058 generasse,
804 1003 870 1043 ac
914 989 1204 1059 protulisse
1229 989 1299 1045 de
1344 991 1522 1045 terra?
1563 991 1867 1061 Rcliquerit
1911 989 2028 1045 haec

422 1097 559 1138 sane
608 1082 752 1138 Deus
800 1082 1049 1138 humanis
1096 1084 1326 1154 ingeniis
1371 1085 1610 1142 eruenda
1643 1094 1863 1141 :tameu
1910 1084 2027 1140 fieri

421 1188 535 1229 non
566 1182 763 1243 potest,
796 1176 924 1245 quin
957 1176 1127 1245 ipsius
1146 1178 1254 1234 sint
1275 1178 1479 1247 omnia,
1505 1177 1596 1247 qui
1625 1186 1678 1233 et
1705 1177 2021 1246 sapientiam

419 1266 611 1321 tribuit
628 1265 854 1333 homini,
880 1277 940 1323 ut
967 1267 1254 1335 inveniret,
1286 1278 1340 1327 et
1368 1270 1456 1325 illa
1486 1270 1622 1340 ipsa,
1653 1284 1773 1340 qum
1800 1276 2024 1341 possent

421 1360 675 1418 inveniri.
721 1361 886 1418 Artes
917 1378 1132 1435 quoque
1158 1365 1271 1421 suis
1296 1365 1667 1422 inventoribus
1704 1364 2024 1421 immortali-

422 1460 586 1508 tatem
624 1453 901 1524 peperisse
938 1453 1220 1524 dicuntur,
1268 1465 1328 1511 ut
1371 1454 1687 1529 JEsculapio
1732 1457 2020 1524 medicina,

2141 442 2248 482 non
2276 436 2333 483 et
2358 427 2463 483 illis
2485 430 2740 485 attributa
2777 438 2905 486 sunt
2931 432 3129 500 templa
3155 431 3179 484 ?
3217 432 3313 487 sed
3342 433 3597 488 nimirum
3639 432 3740 487 Mi-

2140 536 2302 577 nerva
2331 531 2434 586 est,
2472 538 2593 593 qua:
2620 538 2809 578 omnes
2841 524 3043 592 reperit
3078 540 3092 577 :
3127 523 3359 595 ideoque
3401 524 3479 580 illi
3517 524 3742 596 opiﬁces

2138 614 2459 685 supplicant.
2489 614 2633 686 Ergo
2658 615 2728 671 ab
2755 614 2838 670 his
2866 614 3119 670 sordibus
3143 615 3382 671 Minerva
3409 615 3658 672 ascendit
3682 613 3739 671 in

2138 707 2357 762 coelum.
2392 706 2488 787 Est
2507 723 2637 762 vero
2657 722 2755 762 cur
2783 707 3067 777 quisquam
3096 707 3437 779 derelinquat
3460 722 3605 773 eum,
3647 707 3741 779 qui

2140 809 2337 856 terram
2366 816 2487 855 cum
2516 801 2903 866 animantibus,
2944 801 3141 857 coelum
3169 817 3290 857 cum
3317 802 3483 857 astris
3506 811 3561 856 et
3587 800 3745 857 lumi—

2136 894 2295 949 nibus
2320 908 2548 948 exorsus
2577 904 2657 948 est
2677 934 2692 957 ,
2727 902 2786 948 ut
2814 908 2934 949 eam
2962 903 3272 960 veneretur,
3301 908 3420 964 qua:
3448 892 3607 949 telam
3636 891 3741 948 do-

2135 990 2246 1043 cuit
2271 988 2481 1043 ordiri?
2512 987 2652 1055 Quid
2680 989 2789 1055 ille,
2819 988 2908 1059 qui
2942 989 3164 1042 vulnera
3202 987 3257 1042 in
3281 986 3616 1057 {corporibus
3646 1000 3738 1041 sa-

2134 1095 2265 1135 nare
2290 1078 2504 1135 docuit?
2548 1096 2675 1134 num
2710 1089 2885 1150 potest
2919 1094 3042 1134 esse
3071 1081 3428 1149 prmstantior,
3459 1093 3619 1150 quam
3649 1077 3738 1146 qui

2134 1189 2360 1244 corpora
2387 1176 2499 1244 ipsa
2533 1174 2799 1235 formavit,
2826 1173 3098 1230 sentiendi
3129 1189 3192 1230 ac
3218 1173 3431 1230 vivendi
3462 1173 3730 1228 rationem

2131 1267 2318 1324 dedit?
2361 1268 2555 1324 herbas
2585 1267 2820 1338 denique
2847 1267 2991 1339 ipsas
3016 1308 3032 1335 ,
3077 1276 3133 1323 et
3171 1276 3366 1322 caetera
3396 1266 3588 1337 quibus
3616 1280 3734 1321 me-

2132 1361 2293 1416 dendi
2320 1376 2411 1417 ars
2439 1369 2673 1428 constat,
2703 1360 3034 1431 eXCOgitavit
3059 1374 3123 1415 ac
3150 1360 3423 1433 protulit?

2737 1462 2966 1519 CAPUT
2991 1460 3134 1518 XIX.

415 1544 663 1601 Vulcano
693 1545 916 1603 fabrica.
940 1546 1198 1605 Colamus
1228 1549 1393 1622 igitur
1419 1560 1475 1607 et
1503 1553 1625 1609 illos
1645 1593 1658 1617 ,
1688 1551 1779 1624 qui
1810 1551 2026 1607 fulloni-
2053 1561 2105 1625 Β
2137 1557 2289 1626 Quod
2325 1554 2490 1611 Deum
2528 1570 2700 1610 verum
2726 1554 2879 1609 simul
2917 1570 3035 1608 cum
3061 1554 3161 1607 diis
3194 1552 3340 1608 vanis
3380 1566 3527 1606 nemo
3574 1550 3736 1622 possit

414 1653 537 1695 cam
568 1641 939 1712 sutrinamque
970 1642 1292 1699 docuerunt.
1324 1642 1434 1700 Cur
1456 1654 1634 1702 autem
1673 1647 1909 1719 ﬁgulinre
1936 1665 2023 1706 re-

412 1734 622 1805 pertori
647 1734 823 1791 honos
854 1751 965 1792 non
994 1736 1261 1794 habetur?
1289 1754 1357 1795 an
1386 1740 1509 1811 quia
1558 1743 1643 1797 isti
1683 1743 1878 1799 divites
1927 1761 2022 1803 vas

412 1826 597 1883 Samia
625 1830 1020 1886 contemnunt?
1058 1829 1194 1886 Sunt
1220 1841 1275 1886 et
1300 1832 1422 1889 alia:
1455 1842 1621 1903 artes,
1669 1851 1892 1906 quarum
1935 1853 2023 1893 re-

2838 1646 3022 1701 colere.

2200 1742 2271 1798 At
2296 1742 2441 1799 enim
2468 1740 2611 1797 dicet
2636 1739 2853 1810 aliquis,
2884 1748 2939 1795 et
2967 1738 3091 1793 huic
3112 1753 3329 1794 summo
3354 1740 3444 1810 qui
3468 1738 3596 1797 fecit
3620 1755 3735 1797 om-

2128 1839 2241 1905 nia,
2271 1845 2328 1893 et
2361 1836 2468 1892 illis
2493 1837 2584 1907 qui
2622 1835 2819 1905 partim
2857 1833 3196 1903 profuerunt,
3229 1849 3383 1890 suam
3427 1836 3733 1893 veneratio.

1741 1954 2108 2016 VARIORUM
2144 1954 2377 2013 ΝΟΤΛΕ.

407 2053 633 2139 coisset.
676 2055 786 2139 Nec
814 2064 996 2139 tamen
1034 2060 1257 2139 omnino
1296 2060 1546 2133 displicet
1576 2078 1764 2139 eorum
1795 2070 2014 2139 opinio,

406 2130 503 2207 qui
532 2125 688 2207 Ceres
718 2130 786 2207 ab
830 2129 1063 2207 ﬂebraeo
1109 2132 1328 2207 charas,
1366 2125 1535 2204 arare,
1577 2136 1779 2194 dictum
1828 2125 2016 2207 velint,

407 2201 535 2271 quia
562 2208 623 2254 ut
649 2199 807 2256 Ovid.
840 2201 933 2256 lib.
959 2218 991 2256 v
1016 2201 1372 2273 Metamorph.
1402 2223 1414 2258 :

537 2294 700 2347 Prima
724 2294 880 2347 Ceres
901 2310 1026 2348 unco
1049 2297 1246 2361 glebam
1263 2300 1471 2352 dimovit
1492 2309 1671 2356 aratro.

1385 2385 1467 2441 Ea:
1493 2387 1707 2446 Vossro.

487 2451 737 2524 Traditio.
767 2452 895 2509 Mss.
928 2453 956 2508 1
983 2452 1137 2509 Colb.
1170 2465 1225 2511 et
1242 2455 1434 2524 Brun.,
1459 2460 1686 2517 tributio.

486 2523 922 2601 Possumaiviuis
947 2524 1128 2601 docere
1155 2528 1356 2583 litteris.
1408 2530 1609 2586 Genes.
1657 2549 1741 2601 Iv,
1776 2534 1866 2590 ubi
1911 2533 2021 2593 fru-

408 2610 535 2669 gum
562 2606 619 2669 et
646 2597 832 2669 vitium
862 2596 1102 2669 inventio
1130 2609 1291 2669 atque
1318 2601 1525 2655 cultura
1569 2596 1778 2660 Adamo
1810 2614 1865 2661 et
1891 2606 2021 2663 Noae

413 2667 696 2741 tribuitur;
732 2668 804 2724 de
833 2682 941 2741 quo
968 2668 1183 2741 disserit
1205 2667 1412 2727 'rursus
1448 2673 1566 2741 ipse
1593 2674 1906 2733 Lactantius
1935 2681 2021 2735 in-

411 2738 493 2819 fra
524 2738 724 2819 lib._u__.
755 2740 960 2819 capld,
984 2749 1046 2819 _et
1071 2738 1489 2819 $._Augustinus
1529 2744 1638 2819 lib.
1687 2764 1782 2802 vm
1805 2790 1821 2815 ,
1851 2764 2015 2819 super

411 2808 548 2885 Gen.
575 2810 641 2885 ad
674 2812 834 2885 litter.
865 2812 1063 2865 Plinius
1087 2808 1281 2881 igitur',
1316 2814 1382 2867 ad
1416 2816 1597 2880 linem,
1625 2817 1662 2871 l.
1695 2808 1893 2885 vn,'et
1913 2808 2021 2877 ca:-

412 2883 519 2956 teri
561 2882 900 2956 ethnicorum
932 2896 1260 2956 uagantur,
1302 2886 1391 2956 qui
1430 2886 1547 2940 hzcc
1585 2882 1792 2946 Cereri
1818 2901 1873 2946 et
1915 2894 2021 2948 Eu-

412 2954 597 3031 molpo
624 2953 942 3031 Atheniensi
969 2956 1291 3031 attribuunt,
1320 2953 1419 3012 ’νει
1451 2958 1725 3031 Dionysio.
1758 2962 1877 3017 sive
1898 2962 2021 3019 Osi-

409 3023 540 3083 ridi.
574 3034 630 3078 ut
655 3026 843 3079 scribit
869 3024 1150 3094 Diodorus,
1183 3028 1277 3081 lib.
1311 3043 1349 3093 ι,
1380 3043 1429 3083 c.
1455 3028 1508 3082 2.
1540 3023 1726 3088 lslszus.

487 3094 635 3174 Quin
654 3096 816 3166 ipsius
841 3098 944 3151 sint
975 3099 1178 3174 omnia,
1209 3110 1312 3174 etc.
1330 3102 1604 3174 ‘Antiquns
1632 3105 1801 3161 codex
1831 3104 2015 3174 habet,

411 3175 460 3220 et
492 3167 586 3222 illo
616 3168 731 3238 ipsa
754 3183 872 3237 qua
892 3181 1095 3244 possent
1114 3171 1338 3244 inveniri
1358 3210 1375 3236 ,
1405 3167 1542 3227 artes
1563 3190 1782 3244 quoque,
1812 3187 1919 3232 etc.
1945 3167 2017 3232 ita

411 3248 473 3292 ut
502 3250 878 3317 expungantur
909 3240 1068 3296 verba
1111 3243 1222 3317 illa,
1253 3244 1459 3317 primus
1485 3240 1704 3312 invenit,
1739 3240 1860 3317 qua:
1886 3264 2019 3305 sane

409 3311 767 3387 expungenda
799 3320 923 3387 sunt
950 3328 965 3365 :
1000 3327 1121 3366 nam
1149 3313 1219 3368 de
1252 3314 1518 3387 Deoaute
1563 3327 1616 3371 et
1646 3311 1733 3375 hic
1754 3311 2013 3387 loquitur,

410 3381 696 3455 declarans
729 3384 976 3437 homines
1000 3425 1014 3447 ,
1056 3387 1304 3453 quamvis
1332 3386 1568 3455 aliquem
1599 3403 1753 3444 usuin
1781 3381 2018 3447 humano

408 3454 599 3523 generi
642 3455 827 3509 utilem
878 3456 1166 3510 multarum
1218 3472 1397 3512 rerum
1430 3454 1788 3524 invenerint,
1838 3472 2016 3518 tamen

410 3526 679 3602 omniain
731 3526 896 3602 Deum
944 3540 1063 3602 esse
1098 3526 1413 3602 referenda,
1457 3529 1547 3597 qui
1585 3539 1637 3585 et
1676 3532 2015 3602 prudentiam

412 3595 736 3672 hominibus
753 3598 819 3651 ad
852 3597 1234 3672 invenit-mlum
1265 3615 1328 3672 ea
1353 3595 1597 3654 tribuerit
1624 3642 1637 3662 .
1672 3595 1727 3657 et
1758 3619 1845 3658 res
1873 3604 2017 3672 ipsas

413 3666 689 3733 olfecerit,
722 3668 775 3721 in
807 3670 1005 3740 quibus
1044 3669 1324 3739 prudentia
1359 3672 1475 3726 haec
1514 3683 1698 3743 posset
1728 3666 2014 3743 apparere.

1539 3742 1863 3800 Tuonsnus.

1540 3760 1618 3797 ιιι
1849 3786 1863 3800 .

487 3807 707 3865 Possem
736 3811 971 3867 inveniri.
997 3811 1125 3867 Post
1154 3812 1369 3867 inveniri
1388 3855 1400 3875 ,
1439 3760 1850 3871 adsuuxrmstlt‘lltsi
1880 3818 2016 3873 scri-

412 3881 493 3955 pti
520 3923 534 3944 ,
568 3882 862 3955 et_Sublac.
884 3883 1030 3955 H65
1056 3926 1070 3949 ,
1108 3884 1240 3939 Ven.
1268 3885 1504 3940 1471-97
1527 3926 1540 3948 ,
1580 3886 1721 3941 Pier.
1751 3929 1765 3952 ,
1798 3889 2014 3955 Parrh.,

407 3952 590 4029 (ξι-ειη
621 3952 846 4029 Gymn..
868 3953 1042 4022 Juut.,
1070 3955 1219 4029 ΑΜ,
1254 3955 1428 4029 Paris.
1454 3997 1467 4020 ,
1498 3956 1732 4029 Grypli.,
1759 3952 2011 4026 Turnes,

410 4022 626 4097 Primus
651 4022 874 4091 invenit,
908 4042 1028 4096 qua:
1062 4028 1131 4083 ab
1168 4026 1452 4097 antiquiss.
1492 4022 1631 4083 Bon:
1669 4022 1727 4084 et
1765 4022 2012 4086 Emtnan.

408 4096 614 4168 aliena,
644 4108 700 4151 et
728 4096 906 4168 iurea
942 4097 1234 4153 Tliomasio
1264 4109 1554 4168 expuncta.
1597 4100 1727 4156 Bua.

486 4166 797 4242 ﬁssa/apio
813 4167 1091 4242 Medicina.
1115 4166 1381 4225 Homerus
1397 4170 1590 4242 Odyss.
1617 4171 1675 4237 6;
1699 4173 1878 4227 Piceni
1901 4174 2015 4229 cui-

408 4237 536 4295 dam
572 4239 857 4294 medicina:
886 4240 1255 4295 inventionem
1290 4237 1499 4307 tribuit,
1524 4243 1675 4297 Plato
1706 4256 1760 4299 et
1788 4244 2016 4300 Ovidius

408 4311 651 4383 {Apollini
677 4351 692 4375 ,
734 4311 970 4383 Galenus
1000 4311 1253 4382 Asclepio
1286 4331 1299 4367 :
1329 4312 1595 4368 Pindarus
1626 4331 1788 4377 vero.
1821 4317 1923 4371 0d.
1956 4319 2008 4383 5,

406 4381 598 4455 Pyth,
633 4381 761 4437 item
792 4384 825 4438 5
852 4382 1105 4439 Nemeor.
1128 4426 1141 4447 ,
1169 4381 1459 4439 Chironem
1491 4384 1789 4455 IEsculapii
1811 4387 1863 4442 in
1897 4381 2013 4444 me?-

407 4453 610 4508 diciuis
645 4466 1035 4524 prmceptorem
1076 4455 1221 4511 facit.
1265 4456 1476 4512 Sorano
1509 4453 1830 4513 medicinam
1868 4460 2017 4515 iuve-

410 4526 492 4599 uit
513 4526 737 4599 quidam
766 4525 992 4599 Apollo,
1027 4527 1376 4599 amplificavit
1408 4527 1752 4598 Aisculapius
1773 4573 1787 4597 ,
1834 4531 2018 4598 perfe-

407 4598 485 4653 cit
513 4595 892 4670 llippocrates.
935 4597 1094 4670 Plura
1120 4595 1285 4664 hujus
1320 4603 1533 4669 generis
1577 4595 1899 4670 nugamenta
1932 4618 2022 4659 re—

412 4667 592 4741 peries
621 4666 763 4736 apud
802 4666 1353 4741 PolydoruurVirgil'.
1398 4672 1467 4726 de
1498 4666 1676 4726 reruni
1720 4673 2017 4729 inventori-

409 4740 514 4811 bus
539 4740 633 4793 lib.
664 4754 702 4802 ι,
730 4754 852 4807 cap.
886 4740 959 4795 20
983 4781 995 4804 ,
1039 4741 1108 4795 de
1136 4740 1343 4796 Invent.
1377 4741 1518 4797 Med.
1548 4743 1829 4811 Qumsmm
1862 4760 2020 4802 suum

410 4810 732 4885 gEsculapio
773 4811 1464 4885 exprobrat_Tertullianus
1494 4815 1721 4883 Apolug.
1764 4832 1886 4885 cap.
1928 4818 2017 4873 15.

410 4883 558 4951 Lege
584 4884 650 4965 ad
681 4881 796 4936 haec
816 4898 947 4965 quae.
981 4883 1049 4965 de
1081 4882 1184 4965 hoc
1224 4881 1603 4965 Theodoretus
1642 4881 1748 4965 lib.
1779 4881 1843 4942 ui
1874 4890 2023 4965 θερα·

411 4962 721 5029 Remuria.”
738 4955 826 5029 qui
851 4962 965 5029 est
979 4955 1183 5029 dediis
1225 4956 1565 5029 secundariis
1589 4958 1876 5029 inscriptus
1897 5002 1911 5026 ,
1929 4955 1939 4965 ’
1955 4975 2022 5015 ex

410 5036 615 5096 quarto
646 5024 904 5079 Bibliotb.
942 5025 1093 5079 Diod.
1129 5027 1297 5081 Sicul.
1332 5027 1515 5082 refert.
1550 5028 1756 5084 BETUL.

504 5094 735 5149 Vulcano
766 5097 983 5166 fabrica.
1024 5096 1294 5153 Vulcanus
1324 5100 1571 5153 inventor
1608 5102 1744 5170 ignis
1773 5111 1827 5154 et
1860 5100 2027 5155 artiﬁ-

413 5168 625 5223 ciorum
677 5183 796 5239 qua:
838 5170 959 5237 igne
1006 5179 1299 5239 parantur,
1346 5170 1571 5227 'l‘zetzes
1615 5168 1668 5225 in
1711 5173 1844 5226 llist.
1894 5172 2022 5237 555,

415 5239 562 5294 Cliil.
596 5255 652 5307 χ,
682 5238 845 5294 habet
873 5259 887 5295 :

669 5330 861 5393 ἡμίσεος
882 5357 939 5389 τις
963 5344 1172 5393 imam.
1197 5336 1296 5382 etc.

416 5413 581 5487 llunc
611 5413 945 5487 Vulcanum,
992 5417 1374 5472 Tubalcainum
1414 5417 1577 5473 fuisse
1613 5427 1803 5487 putant
1834 5418 2025 5487 multi,

415 5486 487 5561 de
518 5501 629 5555 quo
659 5484 941 5561 Geneseos
958 5502 1074 5557 cap.
1102 5504 1175 5555 1v,
1199 5487 1293 5543 22.
1322 5488 1485 5545 Arma
1511 5484 1730 5556 bellica,
1758 5484 2026 5561 (orarium,

415 5556 897 5612 ferramentariam
934 5556 1160 5616 invenit.

507 5626 651 5716 Vasa
672 5628 1200 5716 Sontiuhl’linuulib.
1233 5646 1405 5698 xxxv,
1431 5647 1480 5688 c.
1513 5632 1602 5698 l2,
1620 5647 1728 5716 quo
1753 5632 1821 5689 de
1842 5634 2027 5716 plasti-

419 5713 517 5755 ces
564 5700 944 5756 inventoribus
983 5702 1203 5773 scribit,
1255 5716 1320 5759 ex
1367 5700 1724 5779 quorumdam
1773 5700 2026 5778 opinione

2127 2069 2335 2141 tradit,
2356 2065 2619 2141 Rhtecum
2647 2074 2704 2141 et
2729 2063 3076 2120 Theodorum
3108 2065 3316 2141 primos
3343 2066 3584 2141 omnium
3616 2068 3736 2141 pla-

2126 2140 2297 2196 sticen
2326 2140 2619 2194 invenisse.
2662 2136 2840 2207 Atque
2880 2151 3070 2191 rursus
3097 2136 3223 2193 eod.
3258 2153 3376 2208 cap.
3410 2136 3727 2208 Majorfin-

2125 2214 2263 2283 quit,
2296 2227 2418 2273 pars
2446 2210 2710 2283 hominum
2731 2210 2944 2283 terrenis
2973 2209 3135 2283 utitur
3159 2210 3314 2283 vasis.
3337 2209 3518 2265 Samia
3540 2214 3733 2267 etiam-

2125 2278 2356 2355 num‘in
2399 2280 2693 2355 esculentis
2734 2278 3064 2355 laudant_ur._
3091 2280 3392 2355 Deﬁamia
3429 2290 3569 2337 terra
3615 2284 3734 2355 lege

2126 2352 2377 2409 eumdem
2409 2352 2641 2406 Plinium
2671 2366 2789 2422 cap.
2818 2350 2887 2405 16
2914 2351 3157 2422 ejusdem
3189 2352 3284 2406 lib.
3308 2351 3638 2410 stunsms.

2200 2424 2306 2479 Cur
2333 2440 2435 2479 non
2467 2434 2514 2477 et
2544 2423 2670 2476 illis.
2708 2421 2775 2476 Et
2800 2437 2867 2478 ex
2897 2439 3025 2478 mss.
3060 2424 3280 2495 reposui
3311 2442 3324 2479 :
3356 2425 3511 2479 etiam
3553 2425 3732 2482 edito-

2128 2512 2247 2552 rum
2276 2507 2381 2552 est.

2205 2566 2440 2621 Minerva
2466 2575 2559 2619 est.
2590 2565 2844 2621 Minerva:
2870 2574 3073 2631 autem,
3106 2565 3248 2635 apud
3280 2565 3603 2624 Martianum
3628 2569 3729 2625 Ca-

2128 2638 2326 2709 pellam
2348 2637 2668 2712 ,Athlcdltu§
2708 2646 3031 2712 cooperator
3056 2649 3139 2691 est
3166 2648 3264 2712 r:_et
3288 2638 3428 2710 apud
3459 2640 3515 2695 S.
3549 2642 3736 2712 Augu-

2128 2652 2326 2709 pellam
2348 2682 2362 2703 ,
2402 2652 2668 2693 Vulcanus
2708 2652 3031 2763 congeratur
3056 2652 3139 2691 eat
3172 2654 3240 2692 :e

2128 2712 2329 2764 stinum
2359 2709 2428 2765 de
2448 2707 2608 2763 Civit.
2643 2709 2735 2761 Dei
2770 2709 2800 2761 li
2850 2748 2863 2761 .
2898 2724 2971 2773 iv,
3002 2723 3120 2777 cap.
3156 2708 3245 2763 10.

2205 2781 2276 2835 Ab
2303 2781 2381 2835 his
2402 2780 2655 2835 sordibus.
2688 2779 2743 2834 ιιι
2762 2790 2864 2845 est,
2890 2780 3119 2835 inventis
3146 2789 3200 2834 et
3224 2779 3451 2849 opificiis
3471 2781 3728 2848 sordidis,

2126 2853 2342 2915 vilibus.
2399 2865 2549 2905 more
2579 2851 2855 2905 Ciceronis
2898 2859 2953 2905 et
3003 2858 3269 2905 veterum.
3299 2852 3461 2907 Cic.r
3507 2853 3575 2907 de
3621 2853 3728 2909 Oil‘.

2127 2938 2247 2996 cap.
2279 2922 2370 2991 42,
2403 2922 2629 2993 Opi/ires
2664 2938 2838 2976 omnes
2884 2922 2938 2976 in
2981 2922 3192 2977 sordida
3220 2933 3329 3049 (gis
3373 2933 3656 2981 versantur.

3276 3010 3509 3049 usuusu.

3276 3010 3509 3050 UNEMAN.

2199 3064 2293 3119 Est
2314 3082 2430 3120 vero
2460 3082 2551 3119 cur
2579 3066 2864 3135 quisquam.
2894 3064 2951 3120 In
2981 3064 3253 3135 plerisque
3277 3068 3458 3134 editis,
3494 3065 3587 3121 Est
3615 3083 3733 3123 vero

2124 3153 2283 3210 causa
2316 3152 2336 3191 :
2361 3151 2521 3210 quam
2550 3151 2899 3210 vocemmss.
2923 3147 2985 3210 et
3013 3136 3144 3192 editi
3179 3138 3373 3204 l’lant.,
3396 3138 3493 3202 13.,
3532 3138 3724 3210 Tliys.,

2124 3208 2288 3270 Gall.,
2314 3207 2531 3277 spark"
2560 3216 2615 3262 et
2637 3208 2673 3261 Ξ
2696 3208 2843 3277 Lips.
2885 3208 3183 3278 elegantius
3213 3211 3528 3265 extrudunt.
3574 3207 3731 3265 Plau-

2126 3290 2211 3334 tus
2226 3280 2432 3343 Aulul.,
2459 3280 2549 3334 Est
2570 3281 2706 3351 quod
2726 3280 2960 3333 revisam.
2980 3279 3203 3334 Demnm
3220 3279 3405 3347 Ovid.,
3430 3297 3466 3336 ιι
3486 3281 3676 3338 Metam
3690 3300 3725 3336 .:

2249 3396 2337 3448 Est
2360 3408 2480 3447 vero
2503 3409 2591 3445 cur
2613 3398 2727 3460 quis
2748 3394 2996 3446 Iunonem
3018 3394 3203 3446 laedere
3229 3396 3382 3448 nolit?

2125 3504 2435 3559 Lactantius
2461 3517 2618 3572 supra
2651 3503 2704 3556 in
2744 3503 2849 3573 line
2875 3516 2993 3570 cap.
3018 3500 3084 3555 17
3109 3517 3122 3555 :
3158 3500 3288 3555 Erat
3318 3502 3469 3573 plane
3488 3520 3581 3558 cur
3607 3515 3726 3560 lan-

2124 3585 2230 3629 tum
2264 3573 2507 3642 laborem,
2529 3571 2641 3629 etc.
2669 3573 2736 3627 Et
2762 3571 2896 3626 infra
2930 3573 3023 3626 lib.
3052 3586 3112 3634 ιι,
3141 3587 3188 3627 c.
3234 3574 3286 3637 7,
3319 3571 3385 3627 ad
3411 3575 3620 3641 linem.,
3652 3585 3726 3631 est

2120 3662 2237 3700 vero
2259 3662 2349 3699 cur
2373 3644 2581 3700 illorum
2599 3645 2894 3698 auctoritas.
2915 3643 3049 3698 Hinc
3075 3644 3315 3698 nonnulli
3335 3644 3575 3700 maluere
3589 3648 3724 3703 sim-

2122 3718 2335 3786 pliciter
2348 3718 2425 3771 sic
2443 3716 2625 3780 scribi,
2646 3726 2716 3769 est
2736 3731 2848 3782 cur,
2865 3716 2948 3769 vel
2968 3714 3307 3786 estquod.yEs
3329 3715 3488 3772 15.130.
3509 3747 3581 3758 -—
3599 3718 3726 3774 Hzec

2121 3785 2331 3859 ironice
2351 3802 2379 3859 a
2410 3787 2689 3842 Lactantio
2718 3786 2860 3859 dicta
2898 3795 3046 3840 sunt.
3080 3815 3153 3826 —
3180 3785 3273 3841 Est
3299 3803 3437 3854 vero,
3467 3805 3559 3842 cur
3584 3792 3724 3859 quis-

2121 3876 2291 3930 quam.
2318 3858 2463 3927 Lips.
2485 3876 2504 3914 ι
2522 3870 2573 3913 ει
2590 3866 2699 3912 vet.
2721 3857 2844 3912 edd.
2858 3900 2870 3921 ,
2892 3868 2965 3911 est
2983 3874 3095 3930 vero
3113 3873 3290 3925 causa,
3310 3874 3401 3912 cur
3416 3857 3683 3930 quisquam
3707 3881 3721 3916 :

2121 3929 2215 3984 Sed
2245 3930 2573 4001 reliquiduo
2602 3929 2748 3999 Lips.
2784 3937 2840 3983 et
2866 3929 2954 4001 alii
2980 3929 3138 3983 codd.
3167 3930 3297 3983 illud
3328 3929 3484 3985 causa
3508 3929 3726 4001 elegan-

2121 4003 2229 4057 tius
2268 4000 2581 4057 extrudunt.
2632 4002 2721 4055 Sic
2770 4000 2929 4070 paulo
2972 4010 3097 4055 ante
3138 4016 3258 4070 cap.
3294 4001 3383 4064 17,
3421 4011 3560 4057 extr.
3592 4000 3724 4057 Erat

2120 4074 2294 4141 plane.
2339 4089 2431 4125 cur
2474 4081 2668 4126 tantum
2706 4071 2950 4137 laborem,
2976 4082 3081 4125 etc.
3107 4071 3303 4126 lronia.
3338 4072 3613 4129 BUNEIAN.

2195 4145 2324 4210 Qua:
2346 4144 2498 4197 telam
2526 4144 2699 4197 docuit
2726 4143 2908 4196 ordiri.
2936 4143 3034 4196 Ed.
3084 4143 3298 4198 Snblac.
3346 4144 3495 4199 addit
3545 4160 3724 4200 causa.

2119 4214 2215 4270 Est
2272 4216 2387 4268 haec
2435 4215 2670 4270 Minerva
2712 4212 2929 4278 Saitica,
2980 4212 3247 4285 )Egyptiis
3298 4213 3451 4268 Neitli
3492 4225 3721 4283 vocata,

2118 4297 2176 4340 ut
2203 4289 2278 4340 ait
2326 4286 2475 4340 Plato
2523 4285 2575 4341 in
2618 4286 2823 4341 Timmo
2854 4302 2866 4337 :
2897 4294 2979 4339 est
3027 4286 3141 4339 haec
3177 4285 3423 4340 textrina:
3465 4288 3597 4340 artis
3635 4299 3725 4341 re-

2039 4384 2094 4444 1)
2122 4358 2346 4447 Patria
2376 4356 2557 4447 .‘1i9d-
2621 4358 2761 4411 ίιιιεν
2813 4355 3432 4447 "1"“,.__°§Ri,EI‘I’F'E‘E‘.
3446 4357 3628 4447 Istat.
3664 4368 3725 4447 ξιξ

2122 4425 2211 4488 Ᾰτήν
2236 4437 2330 4490 τῆς
2367 4428 2570 4490 ἐσθῆτος
2596 4433 2931 4487 κατασκευήν.
2965 4425 3293 4493 Quibusdam
3336 4425 3523 4482 eadem
3549 4436 3634 4482 est
3660 4442 3725 4484 ac

2122 4498 2323 4553 Noerua
2351 4503 2464 4553 sive
2514 4499 2738 4565 Naama,
2772 4498 2878 4551 filia
2925 4496 3200 4563 Lamecbi,
3245 4496 3376 4551 Mosi
3424 4507 3722 4555 memorata

2123 4569 2259 4625 Gen.
2294 4585 2365 4633 tv,
2396 4570 2487 4635 25,
2517 4571 2561 4624 si
2608 4584 2791 4622 verum
2824 4576 2906 4623 est
2953 4568 3095 4638 quod
3127 4567 3267 4636 apud
3312 4568 3722 4626 Genebrardum

2124 4641 2175 4695 in
2205 4639 2509 4707 Chronicis,
2537 4650 2588 4695 et
2637 4641 2689 4694 in
2739 4636 3018 4708 Lipumani
3060 4636 3264 4693 Catena
3292 4639 3458 4710 legas,
3489 4657 3607 4696 eam
3641 4643 3723 4696 la-

2123 4712 2364 4766 nilicium
2405 4728 2469 4766 ac
2519 4719 2787 4766 texturam
2831 4710 3121 4780 reperisse,
3148 4726 3212 4765 ac
3253 4721 3476 4781 propter
3506 4713 3608 4768 hoc
3637 4714 3723 4768 in-

2124 4793 2343 4838 ventum
2400 4784 2685 4838 memorari
2736 4791 2934 4855 praeter
2963 4796 3170 4836 morem
3212 4781 3552 4855 Scriptum,
3602 4798 3724 4855 quae

2126 4869 2233 4908 non
2280 4855 2419 4911 solet
2467 4855 2520 4909 in
2563 4854 2897 4925 genealogiis
2950 4855 3154 4909 referre
3205 4852 3471 4923 feminas,
3504 4852 3725 4910 nisi—ob

2125 4926 2380 4997 virtutem
2423 4927 2702 4989 eximiam,
2732 4937 2824 4979 aut
2850 4926 3094 4997 mysterii
3126 4939 3324 4997 causa;
3364 4927 3525 4996 idque
3557 4925 3725 4995 magis

2128 4995 2253 5051 hinc
2284 4997 2520 5060 elucere,
2549 5012 2613 5052 eo
2647 4996 2787 5067 quod
2824 4995 3081 5067 jungatur
3126 4996 3297 5050 tribus
3344 4995 3614 5067 praeclara:
3646 4997 3723 5052 rei

2128 5067 2518 5131 inventoribus.
2552 5067 2727 5130 Jabel,
2757 5066 2914 5123 Jubal
2936 5066 3012 5121 ac
3040 5066 3357 5124 Tubalcaiu.
3388 5067 3629 5123 Vossws.

2203 5139 2340 5203 Quid
2370 5142 2457 5194 ille
2484 5157 2502 5195 :
2533 5139 2899 5209 Escalapius.
2935 5137 3067 5193 Bon.

2204 5211 2303 5276 Qui
2337 5213 2524 5281 partim
2554 5210 2879 5282 profuerunt.
2915 5209 3005 5265 Sic
3031 5208 3149 5263 libri
3188 5208 3372 5279 plures
3396 5217 3450 5263 et
3486 5208 3723 5282 Beimm.

2128 5279 2396 5354 Rescribe,
2427 5279 2600 5354 inquit
2650 5279 3020 5354 Heumannus,
3052 5294 3142 5347 per
3190 5288 3351 5354 artem
3400 5279 3725 5354 profuerunt,

2130 5354 2251 5426 quia
2284 5353 2409 5408 edd.
2455 5349 2615 5417 1572,
2655 5352 2746 5426 76.
2772 5351 2840 5406 78
2863 5350 3115 5426 (addatur
3141 5359 3194 5426 et
3215 5349 3605 5426 prior:'l_il78),
3637 5368 3731 5410 ex-

2130 5420 2315 5479 hibent
2340 5434 2550 5492 partem,
2573 5424 2725 5496 quasi
2753 5441 2788 5496 p
2854 5420 3033 5496 artem.
3051 5420 3210 5496 Conf.
3238 5434 3288 5475 c.
3313 5420 3401 5478 l8.
3424 5420 3727 5495 Ingeniose,

2131 5496 2232 5550 nisi
2262 5497 2383 5566 quia
2433 5492 2623 5567 partim
2662 5492 2997 5567 profuerunt,
3018 5492 3105 5567 hic
3136 5506 3479 5563 opponantur
3501 5492 3725 5551 verbis:

2128 5563 2346 5633 summa,
2391 5563 2481 5637 qui
2534 5563 2669 5622 fecit
2712 5563 2903 5619 omnia.
2958 5563 3255 5619 Coluerunt
3314 5568 3457 5637 enim
3514 5566 3725 5637 plures,

2128 5654 2288 5710 quam
2320 5636 2419 5710 qui
2438 5639 2598 5693 modo
2625 5653 2714 5710 per
2736 5646 2900 5710 artem
2930 5638 3253 5710 profuerunt.
3288 5637 3419 5695 Vide
3447 5636 3549 5693 hoc
3569 5643 3730 5706 caput

2128 5706 2158 5763 ά
2187 5726 2244 5767 n.
2277 5713 2297 5765 l
2331 5706 2397 5765 ad
2426 5727 2481 5767 n.
2510 5710 2574 5765 2i
2610 5706 2665 5766 et
2694 5707 2786 5765 lib.
2816 5723 2871 5778 v,
2902 5706 2951 5764 c'.
2988 5706 3074 5763 11.
3099 5706 3232 5763 Bois.
