4174 6200
408 199 514 259 213

1523 205 1708 262 1³11111.
1752 205 2120 263 ιΑρτΑΝτιι
2151 206 2354 264 DIVIN.
2388 205 2634 264 INSTIT.

3611 203 3724 262 2l6

414 338 538 377 nem
586 336 707 378 esse
757 319 1119 376 tribuendam.
1145 321 1383 376 Primum
1408 336 1506 376 nec
1546 320 1746 376 factum
1796 332 1878 376 est
1922 338 2024 376 uu-
2046 335 2099 393 Α
2129 323 2316 378 nonin
2367 322 2508 379 laeto
2555 333 2660 392 est,
2691 322 2786 379 sed
2831 323 2886 378 in
2931 322 3170 379 nomine.
3224 322 3534 380 Metuebant
3575 323 3722 379 enim

410 431 594 486 quam,
626 428 682 470 ut
703 417 792 486 qui
819 415 916 469 hos
944 415 1130 478 coluit,
1151 414 1312 469 etiam
1342 415 1507 469 Deum
1531 415 1761 470 coluerit
1786 432 1798 466 :
1831 430 2009 486 neque

412 510 529 564 ﬁeri
570 517 774 578 potest;
816 508 1071 577 quoniam
1102 507 1146 561 si
1177 509 1346 562 honos
1394 509 1534 563 idem
1583 510 1836 564 tribuitur
1863 509 2006 574 aliis,

410 603 530 673 ipse
558 602 779 656 omnino
805 615 910 655 non
939 599 1158 666 colitur,
1191 601 1343 672 cujus
1375 603 1564 672 religio
1585 611 1688 667 est,
1715 602 1862 656 illum
1890 618 2012 658 esse

412 710 579 750 unum
599 709 660 749 ac
683 693 857 748 solum
884 693 1050 750 Deum
1075 693 1316 750 credere.
1339 694 1548 750 Clamat
1570 709 1812 751 summus
1829 703 2010 766 poeta,

413 805 510 846 eos
539 803 748 856 omnes,

605 902 701 962 Qui
726 902 953 952 inventas
974 903 1124 952 vitam
1148 901 1418 953 excoluere
1443 915 1535 966 per
1559 911 1711 963 artes,

417 1026 559 1098 apud
603 1027 805 1084 inferos
834 1042 988 1094 esse,
1023 1027 1308 1098 ipsumque
1337 1029 1484 1084 illum
1509 1039 1820 1100 repertorem
1858 1029 2019 1084 medi-

415 1124 548 1178 cinw
569 1123 686 1176 talis
715 1132 763 1176 et
789 1122 914 1177 artis
940 1121 1009 1175 ad
1039 1121 1253 1194 Stygias
1273 1123 1439 1177 undas
1459 1123 1676 1194 fulmine
1694 1138 1816 1180 esse
1842 1123 2018 1177 detru-

414 1234 528 1272 sum
555 1235 569 1271 :
600 1226 657 1272 ut
681 1215 1064 1285 intelligamus,
1097 1225 1355 1286 quantum
1389 1216 1565 1272 valeat
1591 1225 1744 1288 pater
1768 1216 2014 1288 omnipo-

417 1321 559 1377 tens,
589 1311 680 1381 qui
713 1319 766 1365 et
793 1309 925 1365 deos
959 1309 1269 1366 fulminibus
1300 1311 1594 1381 extinguat.
1630 1310 1737 1366 Sed
1767 1311 2017 1368 homines

417 1404 679 1475 ingeniosi
714 1403 852 1458 hanc
893 1418 1078 1460 secum
1110 1402 1381 1460 habebant
1432 1403 1665 1460 fortasse
1706 1405 1969 1460 rationem
2000 1423 2013 1460 :

419 1499 542 1567 quia
593 1497 734 1551 Deus
781 1496 1054 1552 fulminari
1108 1512 1214 1552 non
1257 1506 1454 1567 potest,
1485 1506 1707 1568 apparet
1746 1513 1852 1553 non
1895 1512 2017 1553 esse

417 1589 619 1642 factum
648 1606 661 1654 ;
693 1589 857 1643 immo
886 1604 1036 1655 vero,
1065 1590 1186 1659 quia
1221 1590 1416 1644 factum
1449 1599 1552 1656 est,
1583 1601 1804 1662 apparet
1845 1591 2016 1646 homi-

424 1693 547 1735 nem
582 1679 766 1748 fuisse,
796 1695 907 1736 non
955 1681 1136 1737 deum.
1169 1681 1503 1737 Mendacium
1548 1683 1691 1739 enim
1733 1693 2016 1754 poetarum
2047 1679 2096 1739 B
2123 1684 2298 1756 ipsum
2354 1684 2544 1742 fuisset
2573 1728 2590 1752 ,

2119 416 2339 481 malum,
2371 416 2415 471 si
2446 424 2629 472 contra
2653 415 2921 487 publicam
2954 415 3359 485 persuasionem
3388 415 3720 481 faterentur,

2119 508 2262 580 quod
2310 517 2428 563 erat
2471 523 2677 563 verum.
2706 508 2860 576 Quod
2889 509 2934 563 si
2971 508 3073 564 hoc
3115 516 3330 564 constat
3370 507 3512 563 inter
3553 507 3720 576 ipsos,

2123 617 2188 655 ex
2244 600 2553 656 hominibus
2605 601 2736 657 deos
2789 600 2979 667 factos,
3033 615 3130 655 cur
3167 614 3297 671 ergo
3339 614 3448 655 non
3496 598 3727 654 credunt

2126 693 2342 765 poetis,
2395 695 2440 748 si
2483 694 2700 766 quando
2752 694 2966 749 illorum
3018 693 3204 764 fugas,
3255 700 3312 747 et
3359 691 3624 756 vulnera,
3670 697 3728 746 et

2129 795 2352 852 mortes,
2383 796 2440 843 et
2465 787 2628 855 bella,
2662 796 2717 843 et
2747 787 3012 843 adulteria
3041 786 3396 843 describunt?
3418 785 3628 852 Quibus
3655 783 3728 841 de

2121 880 2286 937 rebus
2326 879 2554 950 intelligi
2601 879 2784 947 datur,
2834 895 2939 936 non
2972 880 3211 950 potuisse
3253 878 3368 934 ullo
3404 886 3562 950 pacto
3605 876 3727 934 ﬁeri

2121 973 2255 1032 deos
2278 992 2291 1027 :
2313 975 2435 1045 quia
2453 989 2521 1030 ne
2541 975 2794 1030 homines
2819 974 3036 1046 quidem
3055 975 3210 1046 probi
3228 974 3464 1040 fuerunt,
3481 987 3654 1044 eaque
3673 972 3729 1028 in

2123 1069 2229 1124 vita
2247 1083 2343 1123 sua
2361 1077 2666 1139 gesserunt,
2685 1083 2807 1140 quae
2823 1076 3056 1124 mortem
3078 1067 3295 1138 pariunt
3315 1066 3724 1136 sempiternam.

2747 1180 2976 1240 CAPUT
3003 1182 3124 1238 XX.

2269 1283 2350 1340 De
2377 1284 2476 1340 diis
2505 1283 2853 1340 Romanorum
2881 1286 3105 1357 pr0priis
3129 1293 3176 1340 et
3202 1301 3377 1340 eorum
3402 1285 3584 1340 sacris.

2202 1401 2371 1457 Venio
2418 1416 2564 1457 nunc
2592 1402 2659 1457 ad
2707 1401 2953 1473 praprias
3002 1401 3368 1457 Romanorum
3416 1401 3730 1473 religiones,

2126 1501 2384 1568 quoniam
2423 1497 2492 1552 de
2526 1497 2906 1554 communibus
2953 1496 3088 1552 dixi.
3124 1496 3335 1552 Romuli
3385 1496 3563 1552 nutrix
3607 1495 3732 1565 lupa

2127 1589 2426 1647 honoribus
2471 1601 2558 1648 est
2600 1591 2789 1649 all'ecta
2837 1591 3057 1648 divinis.
3090 1591 3156 1648 Et
3200 1590 3400 1648 ferrem
3447 1592 3490 1645 si
3533 1589 3734 1644 animal

2670 1685 2822 1757 cujus
2875 1684 3101 1757 figuram
3149 1684 3308 1757 gerit.
3387 1682 3591 1739 Auctor
3651 1687 3735 1736 est

1771 1819 1858 1875 VA
1869 1819 2134 1880 RIORUM
2172 1821 2405 1879 NOTAE.

497 1962 688 2018 Coluit.
720 1960 808 2017 Sic
835 1975 900 2016 ex
931 1959 1088 2016 editis
1116 1959 1370 2023 Torncs.,
1399 1956 1494 2023 ls.,
1524 1957 1718 2030 Spark.
1755 1970 1808 2014 et
1841 1975 2030 2014 manu-

426 2036 644 2106 scriptis
675 2033 1027 2106 restituimus,
1060 2042 1258 2106 praeter
1284 2032 1304 2085 1
1344 2031 1498 2106 Qolb.
1528 2042 1583 2085 et
1607 2032 1800 2106 liram,
1827 2032 1878 2086 in
1905 2033 2026 2102 qui-

424 2103 630 2162 busest
674 2105 965 2169 coluerint;
999 2105 1048 2157 iu
1081 2105 1295 2158 czeteris
1321 2103 1502 2166 editis,
1535 2104 1678 2157 colit.

499 2176 828 2246 Repertorent
854 2175 1119 2246 medicina:
1146 2175 1262 2227 talis
1292 2184 1338 2228 et
1367 2177 1513 2228 artis.
1548 2175 1620 2246 Ita
1651 2189 1782 2246 cum
1805 2174 2028 2243 Virgilio

425 2244 658 2303 mssflO
712 2247 870 2317 Ileg.,
923 2246 955 2299 6
1000 2244 1263 2308 Colbert.,
1311 2246 1502 2309 Cauc.,
1551 2245 1703 2310 .lun.,
1755 2244 2023 2317 Sorbou.,

431 2320 596 2379 Ultr..
619 2321 654 2372 2
676 2316 847 2387 Lips},
878 2319 914 2370 9.
939 2317 1202 2383 Clarum,
1229 2317 1264 2370 2
1296 2317 1486 2382 Bruu.,
1515 2317 1581 2371 15
1613 2326 1716 2371 vet.
1752 2316 2021 2385 impressi.

430 2399 500 2446 At
531 2392 580 2444 iu
621 2405 721 2444 ms.
759 2390 960 2442 Bonon.
1013 2397 1067 2442 et
1093 2388 1225 2443 edit.
1259 2388 1540 2454 Thomas.,
1576 2387 1669 2455 ls.,
1699 2387 1918 2457 Spark.,
1949 2389 2026 2442 le-

430 2464 595 2533 gitur,
629 2461 893 2514 medicina:
919 2462 1044 2514 artis
1067 2470 1393 2525 repertorem.

507 2533 578 2586 Et
624 2536 743 2586 deos
787 2533 1087 2601 fulminibus
1131 2533 1416 2600 extinguat.
1468 2529 1574 2586 Sed
1623 2531 1847 2585 fulmine
1896 2534 2031 2582 ictus

437 2605 654 2660 demum
685 2603 819 2657 deus
848 2607 1016 2658 laetus
1045 2601 1407 2672 lEsculapius.
1439 2601 1702 2672 Miuucius
1729 2616 1848 2672 cap.
1874 2601 1938 2654 21
1975 2615 2031 2656 et

435 2694 502 2732 ex
534 2691 600 2730 eo
627 2674 818 2745 Cypr.,
846 2678 912 2731 de
939 2675 1072 2729 ldol.
1097 2674 1253 2739 Vau.,
1274 2671 1402 2742 cap.
1437 2675 1458 2728 1
1493 2692 1506 2727 :
1532 2671 1947 2745 Aisculapiusut
1976 2673 2032 2725 in

438 2748 588 2819 deum
612 2742 810 2815 surgat,
834 2748 1158 2819 fulminatur.
1189 2747 1418 2812 Arnob.,
1447 2761 1486 2799 ι.
1521 2760 1640 2814 pag.
1682 2742 1762 2798 24'
1793 2759 1805 2796 :
1845 2742 2034 2797 Nonne

439 2817 809 2887 lEsculapium
835 2817 1240 2873 medicaminum
1284 2829 1596 2883 repertorem
1627 2824 1746 2886 post
1781 2832 1955 2887 pinnas
1986 2824 2032 2867 et

439 2885 698 2960 supplicia
724 2890 956 2958 fulminis
993 2889 1250 2943 custodem
1293 2885 1646 2960 nuncupastis,
1690 2896 1738 2940 et
1765 2885 2036 2960 president

439 2957 699 3086 gmitatés,
725 2957 1032 3016 ualetudinis
1073 2970 1117 3014 et
1144 2960 1366 3014 salutis?
1391 2961 1449 3016 In
1469 2957 1477 2960 ⁷
1495 2960 1754 3024 Reimm.,
1781 2957 2041 3030 quietiam

482 3049 585 3086 eos.
663 3047 750 3086 uu.

443 3033 585 3087 deos.
617 3033 750 3087 Buu.

521 3103 812 3158 Metuebant
839 3104 972 3158 enim
1000 3103 1212 3156 malum.
1238 3101 1502 3159 Isocrates
1528 3102 1580 3156 in
1607 3100 1780 3157 Laud.
1804 3099 2041 3156 Busirid.

450 3175 642 3241 impias
673 3187 951 3246 poetarum
995 3175 1063 3231 de
1091 3173 1194 3229 diis
1219 3173 1426 3228 fabulas
1454 3175 1787 3246 perstringit,
1815 3187 1879 3226 ac
1912 3186 2048 3226 non-

448 3246 627 3300 nullos
675 3245 864 3302 eorum
916 3246 1118 3300 idcirco
1167 3247 1404 3309 meritas,
1436 3249 1530 3308 ait,
1578 3245 1792 3299 dedisse
1835 3256 2043 3314 pinnas.

447 3317 582 3389 Nam
609 3318 857 3386 Orpheus
884 3333 914 3370 a
941 3317 1213 3389 Threissis
1239 3317 1542 3389 discerptus
1571 3325 1653 3370 est
1675 3358 1688 3379 ,
1723 3313 2048 3389 insimulatis

449 3388 631 3443 Liberi
657 3385 828 3443 Patris
857 3389 1048 3444 sacris.
1082 3388 1346 3442 llomerus
1367 3385 1629 3442 et'errare
1657 3395 1712 3442 et
1739 3385 2049 3441 mendicare

451 3471 536 3513 est
581 3472 830 3525 coactus;
881 3463 1047 3514 inuno
1072 3463 1233 3516 etiam
1265 3468 1569 3515 excmcatus
1609 3459 1709 3512 fuit
1743 3477 1756 3512 :
1800 3455 1890 3512 alii
1930 3457 2048 3511 aliis

451 3530 628 3586 allecti
658 3533 806 3586 fuere
837 3532 1136 3604 suppliciis.
1164 3531 1319 3585 Plura
1341 3532 1488 3604 apud
1519 3545 1643 3584 eum
1674 3529 1815 3585 vide.
1840 3527 2050 3604 Tullius

453 3618 668 3726 quoque
700 3604 848 3685 illum
901 3600 1038 3658 hanc
1087 3604 1255 3672 ipsam
1303 3603 1373 3658 ob
1416 3600 2048 3684 causam.reprebendit.

484 3671 739 3726 Iomerns.
775 3676 968 3726 mouit.
1004 3675 1226 3726 humana
1255 3673 1323 3726 ad
1349 3675 1467 3726 deos
1513 3675 1704 3726 retulit.
1742 3672 1948 3726 mallem
1973 3671 2048 3723 dt-

484 3671 739 3736 ionierns,
775 3676 968 3744 inquit,
1004 3671 1226 3728 humana
1255 3673 1323 3727 ad
1349 3675 1467 3744 deos
1513 3674 1704 3736 retulit,
1742 3671 1948 3726 mallem
1973 3671 2052 3723 di-

457 3744 576 3798 uina
619 3747 688 3799 ad
731 3743 862 3800 nos.’
892 3745 1246 3799 Philostratus
1273 3745 1326 3798 in
1354 3743 1595 3800 Heroicis
1625 3745 1692 3798 de
1730 3744 1920 3797 eodem
1952 3745 2050 3808 ait,

457 3824 658 3889 πρῶτον
677 3819 768 3888 μὲν
790 3820 949 3883 θεοὺς,
981 3825 1085 3871 etc.
1108 3814 1354 3889 Primum
1377 3816 1600 3889 quidem,
1630 3830 1744 3889 cum
1765 3813 2053 3889 hominibus

459 3885 581 3939 deos
634 3885 935 3947 miscuisset.
981 3889 1044 3940 de
1096 3887 1382 3940 hominibus
1411 3888 1655 3957 ingentia,
1688 3885 1752 3937 de
1803 3886 1903 3939 diis
1938 3900 2054 3938 vero

459 3957 616 4011 exilia
645 3959 796 4020 dixit,
825 3975 886 4011 ac
914 3958 1054 4012 uilia.
1087 3958 1161 4012 Ex
1199 3958 1405 4013 Vossro.

538 4030 601 4100 Si
624 4030 828 4099 quando
851 4031 1056 4100 illorum
1078 4032 1248 4100 fugas,
1272 4039 1318 4081 et
1345 4029 1574 4092 vulnera,
1607 4037 1712 4081 etc.
1743 4026 1879 4100 C_ic.,
1912 4025 2004 4100 libr.
2038 4042 2053 4080 t

461 4101 531 4154 de
557 4097 676 4154 Nat.
709 4100 860 4155 deor.
901 4119 913 4154 :
947 4097 1233 4154 Poetieiira
1278 4101 1620 4168 inflammatos
1655 4109 1701 4152 et
1733 4097 1940 4151 libidine
1969 4099 2055 4168 fu-

461 4181 629 4226 rentes
653 4172 963 4226 induaterunt
995 4173 1135 4235 deos,
1163 4175 1488 4242 feceruntque
1509 4181 1560 4224 ut
1589 4187 1760 4223 eorum
1786 4168 1943 4242 bella,
1963 4185 2058 4242 pu-

463 4260 613 4314 gnas,
632 4244 832 4312 prazlia,
847 4244 1055 4298 uulnera
1067 4239 1380 4308 videremus;
1403 4243 1519 4296 odia
1539 4251 1802 4314 prteterea,
1821 4239 2053 4314 dissidia,

463 4311 768 4380 discordias,
821 4326 991 4381 ortus,
1038 4317 1291 4376 interitus,
1336 4311 1601 4381 querelas,
1651 4311 2054 4377 lamentationes,

2211 1961 2406 2030 Quibus
2433 1962 2496 2016 de
2516 1962 2684 2016 rebus.
2713 1961 2803 2016 Sic
2829 1975 2953 2017 cum
2984 1960 3071 2016 ed.
3103 1957 3306 2030 Cellar.
3351 1972 3482 2013 mss.
3523 1971 3736 2030 omnes,

2136 2029 2372 2102 demptis
2407 2033 2443 2088 2
2485 2032 2877 2088 recentioribus
2917 2047 2948 2087 a
2984 2031 3178 2102 quibus
3216 2029 3373 2085 abest
3409 2029 3737 2102 praepositio.

2137 2104 2192 2158 In
2227 2099 2386 2159 editis
2401 2113 2504 2170 est,
2532 2106 2727 2170 Quibus
2748 2120 2811 2157 ea:
2827 2099 3118 2158 rebusfSed
3137 2112 3192 2156 et
3207 2102 3335 2156 alibi
3362 2099 3743 2171 praepositione

2135 2177 2199 2230 de
2226 2191 2321 2245 pro
2350 2176 2413 2230 ab
2443 2177 2522 2229 vel
2555 2192 2620 2230 ea:
2659 2189 2814 2229 usum
2847 2174 3011 2230 fuisse
3051 2173 3388 2228 Lactantium
3428 2173 3540 2243 jam
3578 2185 3742 2241 supra

2133 2248 2418 2302 observavi
2453 2246 2518 2300 ad
2551 2262 2610 2300 ca
2621 2257 2710 2315 put
2735 2247 2789 2302 5.

2210 2318 2441 2372 Romuli.
2487 2313 2767 2372 Romulum
2812 2326 2867 2372 et
2903 2318 3118 2372 Remum
3161 2331 3192 2370 a
3231 2316 3464 2376 virtute,
3508 2313 3611 2368 hoc
3661 2321 3746 2368 est

2139 2389 2354 2456 robore,
2375 2389 2672 2458 appellatos
2696 2389 2878 2446 fuisse.
2906 2399 3054 2459 putat
3078 2387 3302 2459 Festus:
3330 2401 3430 2442 nec
3449 2385 3742 2450 immerito,

2139 2462 2182 2513 si
2225 2460 2578 2534 observemus
2625 2458 3056 2534 ξΡώμηχΙλαιίηἰε-
3097 2458 3372 2534 volentiam.
3421 2471 3562 2534 esse,
3619 2471 3743 2510 nam

2140 2533 2393 2604 ἐρῥῶσθαι
2417 2541 2500 2586 est
2550 2527 2736 2604 valere.
2767 2529 2974 2604 Glosste
3001 2548 3016 2583 :
3039 2530 3225 2604 ξΡῶμη.
3255 2528 3498 2604 valentia.
3531 2527 3616 2604 Ita
3646 2541 3744 2604 vo-

2139 2599 2292 2658 catur
2322 2603 2478 2655 robur
2493 2602 2756 2673 corporis,
2783 2603 2927 2673 quod
2957 2612 3012 2656 et
3037 2599 3211 2673 ipsum
3233 2617 3300 2656 ex
3323 2600 3512 2673 eadem
3539 2599 3747 2669 origine

2139 2674 2307 2746 venit.
2327 2674 2521 2746 fPrIJfLO;
2572 2671 2620 2726 et
2651 2671 2899 2746 fortitudo
2931 2684 2976 2729 et
3009 2671 3085 2727 vir
3115 2675 3280 2745 fortis.
3325 2671 3644 2746 stisws.
3675 2700 3749 2710 —

2141 2741 2481 2798 Romulum'a
2513 2741 2697 2810 ruma,
2733 2744 2835 2798 hoc
2862 2756 2966 2811 est,
2994 2741 3258 2810 mamma,
3308 2742 3400 2796 alii
3450 2741 3744 2797 deducunt.

2144 2816 2553 2872 BLANCKABDUS.

2214 2887 2386 2957 Lupa.
2411 2887 2674 2942 Notarunt
2701 2887 2841 2943 docti
2864 2887 2929 2940 ad
2957 2887 3152 2942 Minue.
3175 2903 3224 2942 c.
3255 2884 3520 2957 25:7adde
3537 2883 3746 2939 Livium

2145 2959 2243 3015 lib.
2291 2956 2324 3014 x
2352 3000 2368 3024 ,
2408 2973 2458 3013 c.
2489 2957 2588 3024 23;
2618 2958 2843 3014 Tertull.
2871 2958 2908 3013 2
2931 2958 2996 3014 ad
3025 2957 3170 3025 Nat.,
3203 2974 3254 3014 c.
3295 2957 3329 3013 9
3356 2956 3482 3024 liu.;
3518 2957 3745 3021 Arnob.,

2069 3005 2116 3068 Ο
2149 3005 2375 3101 ἰῗίνξρῖ
2408 3005 2708 3085 ias—fin};

2223 3102 2302 3174 Si
2324 3099 2518 3174 animal
2541 3102 2713 3174 ipsum
2754 3101 2952 3174 fuisset.
2987 3101 3082 3156 Ms.
3112 3101 3263 3168 Jun.,
3291 3103 3429 3174 ipsa;
3457 3099 3746 3174 ms.Cauc.

2149 3183 2204 3230 et
2222 3173 2349 3228 editi
2373 3172 2508 3245 fere,
2529 3175 2575 3245 si
2593 3173 2648 3245 id
2673 3170 2866 3226 animal
2891 3174 3056 3244 ipsum
3075 3175 3273 3245 fuisset.
3301 3173 3497 3228 Euseb.
3523 3170 3750 3237 Chron.,

2152 3253 2378 3317 propter
2401 3243 2854 3317 pulchritudinem
2877 3243 2931 3298 et
2948 3243 3304 3317 rapacitatem
3333 3247 3582 3317 corporis
3609 3258 3755 3313 qua:-

2150 3315 2341 3383 Sttiosi,
2366 3315 2489 3386 lupa
2525 3330 2568 3387 a7
2588 3316 2778 3370 vicinis
2804 3316 3192 3387 appellabatur.
3225 3315 3380 3372 Unde
3409 3317 3474 3370 ad
3514 3324 3751 3387 nostram

2153 3403 2323 3457 usque
2351 3384 2666 3442 memoriam
2684 3428 2700 3452 ,
2728 3384 3075 3442 meretricum
3105 3387 3318 3442 cellulae
3369 3387 3644 3456 lupanaria
3672 3384 3754 3439 di-

2151 3470 2370 3513 cuntur.
2423 3457 2568 3512 Idem
2626 3460 2789 3528 etiam
2847 3467 2994 3513 extat
3041 3458 3184 3528 apud
3243 3457 3514 3515 Isidorqu
3573 3459 3750 3526 Etym.

2152 3531 2243 3587 lib.
2274 3544 2428 3595 xvm,
2469 3543 2587 3600 cap.
2622 3529 2712 3584 42.
2743 3527 3108 3586 Prudentius:

2463 3642 2722 3695 Ruricolas
2741 3656 2928 3695 vexare
2953 3644 3109 3708 lupas.

2155 3746 2300 3820 Quas
2343 3748 2601 3806 Prudent.
2631 3751 2780 3820 lupas
2819 3759 2996 3811 vocat.
3049 3749 3302 3805 dicuntur
3348 3763 3378 3803 a
3423 3747 3758 3804 Tertulliano

2155 3819 2249 3874 lib.
2283 3820 2351 3892 de
2381 3821 2581 3892 Pallio,
2615 3819 2777 3891 Lupa:
2802 3822 3133 3892 popularium
3165 3822 3433 3876 libidinum
3475 3821 3756 3886 nundinae;

2156 3899 2212 3962 et
2256 3891 2325 3945 ab
2373 3891 2563 3947 eodem
2591 3891 2834 3957 auctore,
2872 3891 2978 3947 lib.
3033 3892 3101 3946 de
3127 3892 3481 3962 Spectaculis,
3535 3907 3655 3962 cap.
3690 3891 3760 3947 de

2157 3960 2380 4018 Munere
2414 3980 2427 4016 :
2470 3962 2787 4027 Prostibula,
2817 3964 3034 4034 publica:
3062 3960 3290 4018 libidinis
3316 3965 3497 4018 hostiae
3515 3973 3563 4018 et
3595 3960 3760 4034 pado-

2157 4035 2229 4086 ris
2253 4035 2330 4085 sui
2349 4035 2770 4101 interemptrices.
2799 4033 2858 4088 D.
2884 4033 3106 4089 Hieron.
3137 4036 3204 4089 ad
3226 4035 3538 4090 Gerantiam
3567 4053 3580 4088 :
3616 4033 3684 4088 Ut
3707 4036 3760 4088 in

2158 4120 2238 4163 eo,
2269 4105 2374 4170 ait,
2407 4122 2460 4159 se
2485 4116 2624 4175 putet
2649 4121 2756 4159 esse
2773 4105 3102 4170 laudabilem,
3122 4107 3166 4160 si
3193 4107 3373 4161 scortis
3394 4106 3574 4159 melior
3599 4107 3684 4166 sit.
3716 4107 3762 4160 si

2160 4175 2483 4245 publicarum
2531 4176 2802 4230 libidinum
2847 4178 3077 4231 victimas
3116 4187 3336 4246 superet.
3389 4178 3583 4231 Senec.
3636 4175 3758 4232 Nat.

2159 4256 2350 4317 quzest.
2378 4248 2472 4302 lib.
2497 4263 2513 4302 ι
2549 4265 2561 4302 :
2592 4246 2824 4314 Corpora
2846 4248 3050 4317 publica
3079 4249 3274 4317 obiecta
3301 4248 3521 4302 ludibrio
3553 4264 3761 4303 nuncu-

2162 4327 2272 4388 pat.
2300 4317 2557 4374 Juns'rus.
2590 4349 2659 4360 -—
2684 4319 2800 4374 Non
2832 4322 3023 4375 desunt
3064 4330 3268 4386 tamen,
3315 4321 3404 4389 qui
3443 4335 3623 4373 veram
3657 4320 3762 4374 bel-

465 4383 657 4461 effusas
691 4387 744 4440 in
772 4388 908 4461 omni
939 4387 1326 4458 intemperantia
1355 4385 1610 4461 libidines,
1641 4383 1914 4461 adulteria.
1943 4383 2041 4436 vin-

2165 4383 2307 4442 luam
2340 4390 2551 4445 Rornuli
2580 4391 2840 4446 nutricem
2870 4393 3033 4446 velint
3061 4383 3263 4456 fuisse,
3292 4383 3397 4445 non
3425 4401 3604 4445 autem
3632 4407 3760 4461 pro-

465 4458 606 4530 cula,
635 4474 748 4530 cum
792 4459 1014 4512 humano
1049 4455 1230 4530 genere
1271 4456 1586 4530 concubitus,
1606 4455 1949 4530 mor-talesque
1999 4468 2062 4508 ea:

467 4527 747 4582 immortali
773 4522 1083 4598 procreatos:
1115 4531 1377 4585 Isocrates
1405 4529 1456 4581 in
1473 4525 1643 4581 Laud.
1665 4522 2064 4598 Busir.,Tbe0o

469 4599 668 4663 doret.,
697 4595 874 4654 Serm.
895 4603 929 4654 5
956 4611 1143 4656 contra
1171 4601 1410 4663 Graecos,
1438 4598 1507 4653 de
1536 4597 1763 4666 angelis,
1787 4597 1854 4651 de
1883 4595 2063 4666 diiset

470 4671 842 4734 daemonibus;
873 4675 1126 4742 August.,
1154 4672 1222 4726 de
1246 4671 1407 4742 Civit.
1441 4671 1532 4723 Dei
1557 4665 1743 4732 lib.tv,
1775 4683 1824 4722 c.
1855 4665 2062 4742 27.__Ea:

470 4743 883 4808 ELIENHORST.,
915 4737 1262 4796 in'Arnob.--
1286 4741 1432 4796 Inter
1449 4755 1638 4794 omnes
1670 4747 1853 4808 poetas
1884 4737 2063 4791 nullus

473 4825 581 4889 tam
612 4812 768 4889 laede
816 4815 1052 4889 loquitur
1078 4815 1148 4889 de
1192 4813 1494 4889 diis_quam
1540 4810 1829 4889 Homerus,
1866 4808 1933 4889 de
1955 4822 2062 4889 quo

470 4884 578 4940 Jul.
606 4885 865 4956 Scaliger,
888 4879 998 4941 'lib.
1032 4901 1083 4940 tv
1113 4885 1180 4939 de
1202 4900 1262 4938 re
1288 4879 1463 4947 Poet.,
1493 4897 1612 4956 cap.
1649 4881 1702 4956 1,
1727 4879 1842 4956 haec
1883 4879 2012 4956 dicit
2044 4896 2057 4932 :

468 4949 858 5023 Homerusfde
879 4957 978 5011 diis
1013 4958 1138 5022 suis,
1169 4965 1270 5009 tam
1307 4971 1426 5008 uani
1455 4949 1626 5007 suibus
1655 4951 1897 5021 loquitur.
1924 4949 2060 5005 Ter-

468 5030 587 5082 tull.
618 5040 804 5082 contra
847 5027 1048 5082 Gentes
1077 5043 1195 5082 can.
1233 4972 1306 5082 11
1339 5046 1352 5082 :
1399 5025 1526 5082 Ouis
1550 5040 1650 5078 non
1681 5029 1826 5082 poeta
1852 5022 2060 5076 dedeco«

467 5030 587 5084 tull.
618 5022 804 5083 contra
847 5027 1048 5084 Gentes
1077 5043 1195 5096 cap.
1233 5022 1302 5082 14
1339 5046 1352 5082 :
1399 5025 1526 5092 Quis
1550 5040 1650 5096 non
1681 5029 1826 5092 poeta
1852 5022 2066 5096 dedecof

467 5110 609 5155 ναίοι-
646 5102 901 5155 invenitur
934 5091 1189 5156 deorum?
1218 5091 1554 5171 Pythagoras
1591 5091 1880 5171 Homerum
1920 5091 2062 5160 apud

467 5171 674 5247 inferos
708 5173 944 5247 torqueri
974 5171 1208 5247 dicebat,
1238 5164 1381 5247 quml
1400 5164 1915 5247 'ejusinodi__l_'abulas
1933 5177 2064 5232 poe-

469 5245 704 5301 matibus
749 5235 862 5300 suis
914 5235 1226 5299 intexuerit.
1253 5235 1403 5296 Plato
1434 5235 1562 5293 item
1597 5239 1649 5290 in
1676 5237 1768 5291 lib.
1797 5235 1865 5291 de
1891 5235 2056 5307 Legg.

466 5311 574 5367 hoc
589 5316 805 5372 nomine
836 5316 1111 5371 insimulat
1136 5310 1697 5370 Homerum.Vossrus.

544 5384 740 5458 Fugas,
774 5396 878 5442 etc.
919 5387 1128 5456 Objecit
1154 5385 1344 5458 eadem
1389 5381 1631 5454 pluribus
1661 5378 1935 5458 _A_th_er_iag._
1961 5377 2061 5458 Le-

467 5467 577 5534 gat.
629 5450 737 5534 pro
766 5450 1103 5534 christianis,
1144 5456 1231 5534 ed.
1282 5450 1464 5534 Oxon.
1493 5467 1631 5534 pag.
1661 5450 1869 5534 14-17..
1906 5450 2062 5533 adde

469 5523 658 5584 doctas
685 5527 751 5582 H.
789 5529 1048 5595 Stephani
1071 5545 1140 5583 ex
1164 5528 1332 5583 Sexto
1358 5523 1554 5596 philos.
1585 5533 1640 5580 et
1671 5523 1963 5590 Dechairii,
1993 5537 2061 5577 ex

468 5599 716 5669 Longino
741 5609 794 5654 et
817 5599 1079 5654 Cicerone
1109 5606 1285 5669 notas.
1326 5598 1462 5669 Bon.

546 5665 758 5727 Mortes.
792 5669 870 5725 De
896 5669 1086 5740 plurali
1109 5668 1217 5725 vid.
1241 5677 1356 5726 not.
1385 5667 1451 5722 ad
1477 5668 1514 5722 l.
1545 5683 1642 5739 vn,
1667 5680 1789 5739 cap.
1821 5665 1891 5724 IO
1915 5674 1970 5725 et
1993 5665 2060 5723 ad

467 5744 556 5798 lib.
589 5745 656 5800 de
687 5739 904 5800 Mortib.
931 5756 1138 5815 persec.
1171 5742 1343 5813 princ.
1387 5739 1520 5795 Buu.

2165 4461 2405 4516 stitutam
2452 4461 2821 4517 Larentinam.
2862 4461 2916 4517 lu
2960 4463 3042 4516 his
3082 4471 3135 4516 et
3178 4463 3392 4527 Strabo,
3424 4462 3516 4532 qui
3559 4461 3761 4518 Tiberii

2165 4533 2532 4602 temporibus,
2565 4549 2597 4588 e
2643 4533 2797 4587 Ponti
2848 4534 3066 4602 regibus
3105 4533 3398 4596 oriundus,
3429 4533 3764 4588 clarissimus

2165 4602 2284 4669 fuit,
2321 4605 2459 4659 libro
2507 4621 2538 4658 v
2564 4604 2870 4674 Geograpb.
2900 4602 3176 4671 Justinus,
3209 4605 3303 4658 lib.
3336 4619 3560 4669 xxxvul,
3594 4622 3608 4658 :
3648 4605 3764 4674 Ipsi

2165 4677 2340 4746 ferunt
2371 4677 2655 4729 conditores
2680 4691 2800 4729 suos
2827 4675 2962 4746 lupa:
2989 4676 3248 4739 uberibus,
3286 4677 3358 4729 sic
3383 4692 3582 4730 omnem
3613 4676 3764 4730 illum

2164 4745 2430 4820 papulum,
2450 4747 2687 4820 luporum
2707 4745 2905 4820 animos
2922 4748 3126 4820 habere,
3149 4746 3478 4820 inexplebiles
3500 4749 3768 4820 sanguinis

2163 4826 2317 4885 atque
2373 4818 2596 4886 imperii.
2655 4816 2763 4872 Jul.
2838 4820 3030 4942 llﬁgin.
3087 4818 3314 4900 Augusti
3370 4816 3613 4900 libertus
3651 4818 3760 4874 fab.

2163 4901 2282 4942 can.
2325 4886 2434 4942 252
2467 4907 2480 4942 :
2513 4889 2762 4942 Romulus
2790 4899 2836 4942 et
2925 4906 3091 4942 emus.
3125 4889 3309 4942 Martis
3339 4898 3385 4942 et
3428 4887 3546 4942 Ilua
3585 4890 3701 4942 lilii.
3734 4907 3760 4942 τι

2163 4901 2282 4958 cap.
2325 4886 2434 4944 252
2467 4907 2480 4942 :
2513 4889 2762 4943 Romulus
2790 4899 2836 4943 et
2873 4886 3091 4957 Remus,
3125 4886 3309 4943 Martis
3339 4898 3385 4942 et
3428 4887 3546 4944 [lite
3584 4890 3701 4958 filii,
3734 4907 3766 4943 α

2166 4957 2291 5032 lupa
2313 4960 2518 5032 nutriti
2547 4969 2686 5014 sunt.
2720 4959 2834 5016 Hoc
2881 4961 3022 5016 idem
3068 4960 3255 5016 scribit
3281 4958 3537 5032 Virgilius
3570 4957 3605 5016 l.
3639 4976 3764 5029 vm,

2165 5029 2428 5087 A‘Jueidos
2461 5053 2474 5087 :

2289 5143 2500 5196 Fecerat
2520 5150 2573 5196 et
2590 5145 2731 5196 viridi
2756 5146 2923 5198 festam
2946 5145 3176 5198 Mavortis
3200 5149 3252 5198 iu
3272 5152 3417 5198 antro

2289 5207 2620 5259 Procubuisse
2645 5209 2826 5272 lupam,
2853 5216 2952 5260 etc.

2163 5315 2468 5384 Juvenalis,
2493 5317 2608 5374 Sat.
2635 5318 2725 5384 11,
2755 5331 2901 5372 vers.
2935 5315 3059 5382 104,
3085 5325 3138 5371 et
3167 5314 3288 5372 Vet.
3325 5314 3509 5374 Schol.
3543 5317 3672 5374 ibid.
3710 5337 3725 5376 :

2287 5428 2542 5482 Romulea:
2564 5430 2818 5482 simulacra
2837 5429 2956 5480 terte
2979 5442 3332 5482 mansuescere
3349 5430 3518 5495 iussae.

2162 5537 2316 5597 Ovid.
2359 5539 2453 5595 lib.
2478 5556 2514 5595 ιι
2545 5539 2692 5595 Fast.
2734 5557 2747 5594 :

2286 5652 2438 5706 Lacte
2460 5655 2572 5718 quis
2594 5653 2808 5706 infantes
2828 5658 2987 5708 nescit
3009 5659 3231 5709 (acvisse
3255 5656 3451 5710 ferino?

2163 5738 2313 5797 Sext.
2341 5740 2586 5812 Propert.
2619 5739 2711 5796 lib.
2750 5755 2826 5810 xi,
2861 5737 3014 5812 Eleg.
3049 5740 3082 5794 6
3117 5759 3131 5798 :
