4174 6200
500 226 608 285 219

1538 225 1721 284 FIRM.
1762 224 2135 284 LACTANTII
2173 224 2375 283 DIVIN.
2413 226 2660 285 INSTIT.

3698 234 3807 292 220

499 352 617 399 arte
646 341 950 400 meretricia
975 340 1335 412 qumsivisset,
1368 339 1624 412 populum
1668 338 1884 412 scripsit
1923 340 2094 397 barro.
2121 348 2169 410 Α
2199 342 2535 413 turpiterque
2564 344 2882 400 creduntur.
2907 342 3016 400 Nec
3039 343 3240 400 debent
3266 346 3412 415 (cum
3441 345 3641 401 veritas
3663 362 3809 417 quai-

501 434 648 501 dem,
692 442 1004 504 certamque
1034 433 1315 503 pecuniam
1360 432 1600 504 reliquit,
1630 433 1786 502 cujus
1813 448 1883 488 ex
1918 447 2097 488 annuo

499 525 712 585 ftenore
743 540 874 580 suus
904 524 1097 581 natalis
1126 524 1248 583 dies
1273 525 1644 582 celebraretur
1672 524 1908 581 editione
1938 524 2095 581 ludo.

497 637 641 688 rum,
671 634 807 690 quos
837 619 1094 689 appelant
1122 620 1375 677 Floralia.
1408 620 1563 687 Quod
1594 622 1717 692 quia
1753 623 1965 676 senatui
1994 618 2095 674 lla-

496 716 747 785 gitiosnm
794 713 1105 782 videbatur,
1164 715 1231 771 ab
1274 714 1393 786 ipso
1446 715 1665 771 nomine
1719 725 2094 783 argumentum

498 807 638 864 sumi
671 807 891 877 placuit,
923 817 982 865 ut
1026 807 1293 878 pudendas
1337 809 1414 865 rei
1443 808 1688 879 quredam
1736 809 1969 880 dignitas
1997 809 2092 863 ad-

499 900 738 958 deretur.
774 902 938 958 Deam
990 901 1262 957 tinxerunt
1303 917 1446 965 esse.
1479 916 1601 972 quas
1631 900 1856 956 tioribus
1896 903 2098 971 prmsit,

501 1010 731 1065 eamque
761 1004 1017 1065 oportere
1070 996 1294 1066 placari,
1328 1005 1385 1050 ιιι
1422 995 1601 1066 fruges
1650 1010 1771 1051 eum
1819 995 2103 1051 arboribus

501 1095 593 1141 aut
621 1087 822 1141 vitibus
848 1087 983 1142 bene
1023 1102 1389 1157 prospereque
1436 1087 1807 1143 ﬂorescerent.
1841 1088 1978 1146 Eum
2009 1102 2104 1143 co.

501 1180 670 1233 iorem
707 1187 925 1234 secutus
949 1180 1002 1233 in
1054 1180 1230 1234 Fastis
1261 1190 1416 1250 poeta
1441 1224 1455 1247 ,
1492 1195 1596 1235 non
1629 1180 1918 1251 ignobilem
1947 1195 2104 1251 nym-

504 1270 662 1342 pham
694 1270 858 1326 fuisse
880 1272 1139 1337 narravit,
1164 1288 1285 1344 quae
1311 1274 1380 1327 sit
1405 1272 1620 1328 Chloris
1652 1275 1885 1329 vocitata
1905 1314 1920 1339 ,
1955 1288 2103 1333 eam-

505 1379 611 1435 que
651 1362 903 1435 Zephyro
933 1375 1178 1435 nuptam,
1215 1366 1370 1435 quasi
1410 1363 1553 1425 dotis
1596 1364 1719 1421 loco
1747 1365 1801 1421 id
1833 1365 2106 1437 accepisse

504 1460 746 1519 muneris
776 1475 805 1515 a
839 1461 1054 1529 marito,
1090 1471 1152 1518 ut
1181 1461 1406 1520 haberet
1430 1464 1672 1519 omnium
1700 1463 1894 1519 ﬂorum
1920 1471 2104 1533 potes-

507 1561 697 1609 tatem.
732 1552 973 1610 Honeste
999 1555 1218 1627 quidem
1245 1558 1347 1611 ista
1373 1555 1659 1624 dicuntur;
1689 1555 1786 1613 sed
1821 1556 2106 1613 inhoneste

2204 433 2364 504 ritur)
2394 433 2703 505 bujusmodi
2743 451 2841 492 nos
2880 437 3179 491 velamenta
3207 436 3479 508 decipere.
3510 437 3806 494 Celebran-

2205 533 2291 581 tur
2323 541 2453 598 ergo
2492 527 2568 582 illi
2609 528 2721 583 ludi
2747 530 2888 599 [cum
2942 528 3090 584 omni
3131 528 3375 596 lascivia,
3417 531 3808 588 convenienter

2204 621 2483 675 memor-ite
2524 622 2849 678 meretricis.
2880 622 3012 678 Nam
3062 631 3258 692 prater
3290 623 3583 678 verborum
3627 624 3801 680 licen-

2205 713 2355 779 tiam,
2389 714 2584 784 quibus
2611 715 2944 771 obscenitas
2971 716 3152 771 omnis
3187 715 3499 781 eli‘unditur,
3528 724 3807 773 exuuntur

2203 806 2366 861 etiam
2388 808 2626 862 vestibus
2648 808 2846 878 popqu
2868 807 3144 879 ﬂagitante
3169 809 3509 876 meretrices,
3534 824 3652 879 quae
3677 818 3806 865 tunc

2204 902 2488 956 mimarum
2529 901 2827 973 funguntur
2862 900 3067 966 ofticio,
3099 910 3156 957 et
3190 903 3242 956 in
3286 911 3583 971 conspectu
3617 902 3802 972 populi

2202 1010 2371 1065 usque
2394 994 2459 1049 ad
2482 996 2782 1051 satietatem
2805 996 3199 1065 impudicorum
3240 996 3506 1051 luminum
3548 1012 3672 1052 cum
3703 1012 3803 1069 pu-

2202 1086 2392 1145 dendis
2423 1089 2660 1145 motibus
2686 1087 3019 1144 detinentur.

2276 1181 2546 1236 Cloacinae
2572 1181 2925 1237 simulacrum
2958 1182 3010 1235 in
3043 1179 3229 1235 cloaca
3258 1179 3497 1235 maxima
3526 1189 3805 1251 repertum

2210 1275 2400 1332 Tatius
2429 1278 2791 1344 consecravit,
2822 1285 2876 1335 et
2897 1277 3021 1351 quia
3050 1275 3204 1347 cujus
3237 1285 3386 1331 esset
3419 1274 3626 1346 effigies
3653 1275 3807 1346 igno-

2210 1371 2385 1438 rabat,
2420 1386 2485 1425 ex
2514 1371 2634 1427 loco
2661 1370 2737 1424 illi
2766 1385 2962 1424 nomen
2993 1366 3273 1441 imposuit.
3306 1367 3590 1436 Pavorem,
3622 1366 3807 1422 Pallo-

2212 1477 2435 1534 remque
2464 1462 2650 1517 Tullus
2681 1461 2943 1516 llostilius
2979 1458 3231 1531 ﬁguravit
3260 1469 3313 1514 et
3343 1459 3530 1519 coluit.
3563 1459 3704 1527 Quid
3735 1459 3805 1516 de

2208 1556 2313 1614 hoc
2339 1557 2535 1625 dicam,
2568 1557 2670 1614 nisi
2700 1556 2920 1631 dignum
2944 1554 3132 1625 fuisse,
3157 1552 3249 1626 qui
3276 1568 3492 1625 semper
3518 1552 3651 1609 deos
3681 1568 3813 1610 suos

1856 1693 2220 1751 VARIORUM
2251 1694 2480 1757 NOTAE.

506 1836 733 1956 ἶῃὲιῑῗιοέ
755 1827 967 1957 abigis
991 1829 1135 1886 dicta
1165 1831 1255 1887 sit.
1291 1830 1425 1887 Vide
1450 1830 1699 1888 Vossium
1721 1831 1790 1888 de
1821 1832 2098 1889 ldololatr.

530 1918 542 1955 I
590 1942 602 1954 .
657 1944 670 1957 .
733 1917 760 1954 a
809 1943 821 1957 .
925 1942 938 1955 .

530 1916 602 1955 ID.
630 1916 670 1965 ι,
701 1916 821 1970 cap.
849 1916 938 1957 α.

582 1972 926 2046 Quasiuisset.
957 1972 1103 2046 Istud
1140 1973 1361 2030 verbum
1403 1974 1684 2030 Lactantio
1710 1974 1974 2031 familiare
2009 1990 2107 2046 pro

510 2045 795 2114 acquirere,
826 2055 883 2098 ut
911 2044 1138 2100 inferius
1162 2046 1568 2101 monstrabitur.

583 2113 865 2186 Populum.
911 2116 1053 2171 Edit.
1103 2118 1282 2184 plures
1324 2118 1557 2187 addunt,
1615 2117 1905 2172 Romanum
1948 2134 1967 2173 :
2010 2118 2106 2174 sed

510 2185 898 2259 abestquoque
921 2188 988 2242 ab
1018 2188 1266 2256 Epitome
1291 2203 1412 2259 cap.
1443 2185 1874 2259 Sile-Papulum
1909 2192 2112 2259 scripsit

512 2258 784 2312 hazredem.
820 2258 991 2314 Aliter
1022 2260 1209 2325 Varro,
1244 2260 1338 2314 lib.
1362 2258 1421 2314 ιν
1449 2261 1516 2315 de
1555 2259 1617 2314 L.
1643 2258 1705 2314 L.
1727 2276 1848 2329 cap.
1878 2261 1942 2314 10
1972 2258 2110 2315 anti-

510 2344 670 2398 qnam
704 2329 1024 2387 Sabinorum
1050 2331 1206 2385 deam
1234 2330 1397 2385 fuisse
1420 2330 1653 2397 Florum,
1674 2332 1859 2386 Roma:
1880 2347 1949 2386 ex
1971 2332 2109 2388 Tatii

513 2399 655 2469 regis
686 2412 811 2453 voto
839 2417 960 2456 cum
992 2402 1110 2456 aliis
1138 2401 1458 2457 dedicatam.
1482 2403 1649 2458 Ceu.

588 2469 846 2545 Floralia.
878 2472 931 2527 Id
955 2472 1212 2527 Romanis
1232 2474 1524 2545 exprobrat
1552 2473 1609 2529 S.
1653 2474 2007 2545 Augustinus,
2040 2474 2109 2531 de

512 2541 669 2596 Civit.
717 2544 831 2610 Dei,
882 2544 974 2600 lib.
1024 2560 1104 2609 tv,
1154 2559 1272 2613 cap.
1308 2541 1378 2599 ‘8.
1426 2541 1850 2601 Celebrabantur
1879 2546 2107 2603 Floralia

510 2624 704 2689 quarto
722 2613 939 2689 kalend.
961 2617 1170 2689 aprilis.
1188 2615 1261 2670 De
1282 2615 1465 2689 Flora“
1489 2618 1610 2672 vide
1640 2617 1877 2689 Plinium
1901 2619 1935 2671 l.
1953 2632 2105 2684 xvm,

510 2699 628 2757 cap.
675 2685 767 2750 29,
812 2696 866 2742 et
920 2687 1236 2751 libum,
1282 2702 1403 2757 cap.
1435 2687 1497 2750 5,
1534 2689 1623 2742 ubi
1668 2686 2108 2744 scribitFloram

511 2755 796 2812 Praxitelis
825 2774 960 2828 opus
992 2759 1176 2813 Bonna:
1219 2755 1407 2813 fuisse.
1443 2759 1699 2813 Tatiauus
1728 2761 1894 2814 multa
1930 2771 2109 2815 scorta

511 2840 759 2883 numerat
779 2846 1006 2899 quorum
1038 2830 1297 2900 imagines
1322 2847 1350 2883 ιι
1382 2831 1545 2885 variis
1571 2831 1866 2886 artificibus
1894 2831 2111 2886 fuerunt

508 2896 722 2971 eftictte.
764 2901 1034 2956 Cteterum
1087 2902 1371 2971 insignium
1418 2904 1759 2957 meretricum
1806 2904 2105 2971 catalogum

512 2969 761 3045 invenies
787 2973 928 3045 apud
962 2969 1276 3045 Athenaeum
1313 2973 1451 3027 libro
1478 2974 1817 3040 xm.-—Quos
1838 2969 2106 3045 appellant

509 3039 766 3098 Floralia.
805 3044 969 3099 liecte
996 3048 1154 3098 etiam
1192 3044 1446 3098 dicuntur
1474 3045 1608 3098 Ludi
1634 3039 1890 3113 Floralia,
1911 3039 1983 3099 ἰιι
2007 3046 2104 3100 ite-

509 3128 627 3185 rum
657 3130 757 3169 ms.
793 3126 928 3169 taur.
962 3131 1079 3184 cap.
1107 3115 1198 3172 20.
1232 3116 1460 3178 Habent,
1493 3116 1931 3185 inquitQuiutil.,
1967 3119 2058 3171 lib.
2087 3132 2105 3172 ι

509 3183 664 3247 lnst.,
694 3200 813 3254 cap.
840 3186 894 3252 5,
922 3188 1157 3258 quaedam
1187 3187 1370 3258 faciem
1396 3183 1685 3258 soltrcismi',
1717 3196 1764 3241 et
1794 3188 1896 3242 dici
1924 3188 2107 3243 uitiosa

509 3270 611 3311 non
654 3268 863 3329 possunt
895 3273 914 3312 :
944 3269 1001 3312 ut
1039 3257 1194 3311 Ludi
1220 3257 1457 3311 Floralia
1493 3273 1555 3312 ac
1600 3258 1908 3329 Megalesia.
1944 3276 2107 3328 quan-

507 3341 661 3400 quam
706 3327 815 3381 [me
861 3332 1086 3399 sequenti
1137 3340 1362 3398 tempore
1399 3327 1747 3383 intercideriat
1774 3372 1787 3392 ,
1843 3327 2105 3400 nunquam

507 3396 656 3451 aliter
689 3414 721 3451 a
749 3396 995 3454 veteribus
1023 3402 1177 3455 dicta.
1212 3396 1291 3455 Ad
1323 3417 1434 3456 rem
1470 3400 1634 3471 Couf.
1668 3400 1895 3455 Tertull.
1933 3396 2107 3471 {Spe-

506 3477 670 3532 ctac.,
704 3484 823 3538 cap.
856 3471 941 3536 17,
967 3471 1151 3526 Pitisc.
1178 3472 1238 3526 L.
1284 3472 1349 3528 A.
1376 3472 1442 3526 Β.
1467 3470 1529 3525 Τ.
1559 3475 1580 3527 l
1615 3472 1709 3527 fol.
1741 3473 1865 3529 795.
1898 3470 2030 3528 BDN.

580 3541 680 3594 Aut
704 3543 907 3597 uitibus.
927 3544 1017 3598 Sic
1036 3544 1154 3600 libri
1184 3545 1445 3614 plerique;
1475 3555 1530 3597 at
1551 3544 1803 3611 lieimm.,
1831 3554 1877 3599 et
1900 3546 2101 3599 vitibus.

508 3610 721 3680 Censeo,
749 3614 921 3684 inquit
949 3610 1315 3681 Heumanuus,
1337 3610 1431 3669 hoc
1458 3631 1563 3686 esse
1586 3610 1993 3686 glossemaMihi
2017 3632 2106 3671 se-

507 3697 604 3761 cus
635 3685 865 3761 videtur,
898 3697 1044 3761 moto
1086 3685 1483 3761 prvidiiuverbis
1531 3685 1713 3758 (quem
1739 3689 1879 3761 citat
1917 3688 2104 3761 infra),

650 3771 683 3810 v
729 3754 899 3820 Fast.,
944 3757 1209 3814 261-270.
1252 3757 1365 3812 lluc
1409 3753 1683 3827 pertinent
1718 3760 1807 3813 illa
1848 3759 1917 3816 de
1945 3753 2106 3816 Flora

511 3825 651 3880 dicta
677 3842 725 3879 ν.
744 3828 849 3882 264
880 3844 895 3883 :

664 3916 719 3967 Si
742 3917 875 3968 bene
894 3919 1120 3971 ﬂoruerit
1142 3921 1306 3986 vinea,
1330 3920 1555 3971 Bacchus
1577 3922 1700 3984 erit;

509 4008 566 4057 et
594 4018 643 4075 ξ’.
676 4000 806 4070 269,
848 4004 966 4059 vina
1003 4021 1203 4074 quoque
1226 4006 1429 4075 ﬂorent.
1459 4005 1590 4061 Beat.

583 4072 705 4147 Non
726 4075 1018 4146 ignobilem.
1043 4072 1180 4130 Ven.
1213 4072 1371 4141 1495,
1396 4076 1488 4132 97.
1528 4078 1699 4143 Pier.,
1723 4092 1825 4131 non
1848 4074 2102 4147 ignorabi-

508 4144 625 4217 lem.
660 4144 775 4201 Non
829 4147 1040 4214 inscite,
1069 4149 1113 4203 si
1166 4149 1480 4204 addicerent
1520 4163 1648 4205 mss.
1697 4164 1762 4203 ex
1811 4144 2005 4217 quibus
2054 4156 2109 4203 et

509 4215 643 4289 Ven.
707 4218 990 4286 1471-78.,
1043 4219 1256 4285 Parrh.,
1313 4220 1511 4286 Paris.,
1568 4220 1687 4275 aliis
1720 4215 1969 4289 praeiere,
2005 4236 2108 4274 non

507 4288 763 4378 ignobilis:
793 4291 880 4344 Sic
910 4291 1013 4378 lib.
1043 4308 1092 4359 v,
1119 4307 1250 4378 cap:
1278 4293 1304 4349 1
1344 4290 1528 4378 :mNan
1559 4288 1797 4378 ignobilis
1819 4290 2103 4378 loci-litim

582 4358 785 4419 Chloris
829 4364 1068 4417 vocitata.
1116 4358 1296 4426 0vid.,
1352 4363 1446 4419 lib.
1488 4380 1522 4419 v
1555 4358 1792 4431 Festum,
1843 4379 1893 4419 v.
1942 4363 2046 4419 195
2091 4380 2105 4419 :

696 4453 887 4507 Chloris
912 4470 1049 4508 eram
1067 4471 1177 4521 qua)
1198 4457 1341 4507 Flora
1366 4470 1531 4509 vocor.

593 4535 921 4611 celebrantur
948 4558 1067 4611 ergo
1088 4542 1167 4595 illi
1189 4542 1320 4606 ludi,
1344 4551 1448 4597 etc.
1475 4541 1537 4595 lli
1567 4541 1698 4605 ludi,
1724 4558 1848 4596 cum
1874 4541 2109 4609 primum

510 4609 914 4684 celebrarentur
930 4609 1115 4668 mense
1137 4612 1329 4682 Aprili,
1354 4623 1541 4684 postea
1566 4615 1618 4668 in
1638 4612 1836 4673 Maium
1859 4613 2107 4669 translati

511 4690 658 4745 sunt,
682 4681 875 4737 Ovidio
906 4691 1045 4738 teste
1078 4701 1091 4737 :

633 4793 807 4859 Mater,
833 4796 969 4859 ades,
987 4796 1164 4845 ﬂorum
1186 4796 1315 4845 ludis
1338 4796 1635 4846 celebranda
1654 4796 1837 4859 jocosis
1862 4813 1875 4847 :

697 4857 994 4921 Distuleram
1017 4870 1183 4920 partes
1204 4872 1376 4907 mense
1402 4857 1718 4921 prioregtuas.

632 4918 817 4982 Incipis
841 4918 1223 4982 Aprili,‘trausis
1249 4922 1299 4969 in
1324 4918 1545 4982 tempore
1569 4920 1714 4981 Maii;

763 4992 839 5035 ter
864 4991 917 5034 te
937 4984 1152 5046 tugiens,
1178 4997 1288 5034 cum
1307 4984 1443 5035 venit
1459 4983 1603 5045 alter,
1625 4985 1794 5035 habet.

512 5092 824 5165 Alexander
849 5090 1239 5165 abAlexandro
1269 5091 1360 5165 lib.
1392 5106 1446 5146 v1
1473 5091 1666 5163 genial.
1705 5092 1874 5157 Dier.,
1901 5107 2020 5163 cap.
2052 5093 2108 5165 8,

514 5165 597 5220 his
629 5165 765 5220 ludis
798 5163 1046 5227 feminas,
1075 5179 1195 5234 quze
1237 5163 1451 5235 vulgato
1479 5180 1707 5232 corpore
1737 5174 2003 5235 qua’stum
2035 5163 2112 5219 [δέ

515 5237 728 5290 ciebant
754 5234 1037 5300 denudari,
1066 5248 1114 5289 et
1144 5234 1409 5303 pudendis
1434 5234 1812 5306 obscmnisque
1839 5236 2107 5303 invelatis,

518 5321 615 5376 per
642 5308 816 5361 lusum
852 5319 906 5361 et
935 5307 1211 5361 lasciviam
1249 5321 1491 5373 currere,
1532 5317 1587 5361 et
1620 5306 1918 5376 impudicos
1956 5306 2112 5378 jocos

517 5392 699 5449 agere,
727 5379 892 5432 moris
918 5387 1035 5432 erat
1058 5396 1071 5431 :
1096 5378 1292 5449 quibus
1317 5380 1479 5433 etiam
1514 5378 1721 5432 {Ediles
1744 5380 1909 5442 cicer,
1938 5378 2110 5445 fabas,

520 5459 576 5501 et
605 5448 708 5501 alia
736 5449 956 5519 missilia
979 5450 1121 5519 plebi
1145 5465 1419 5519 spargere,
1448 5450 1771 5519 leporesque
1791 5460 1844 5503 et
1864 5463 2110 5518 capreas,

515 5519 729 5588 aliaque
762 5518 910 5573 initia
937 5518 1191 5575 animalia
1218 5518 1358 5575 ludis
1381 5522 1667 5577 admittere
1685 5518 2108 5576 consueverant.

516 5590 627 5646 llos
659 5591 710 5644 in
736 5590 854 5644 vico
884 5589 1139 5660 Patricio,
1164 5601 1257 5644 aut
1286 5593 1550 5660 proximo,
1576 5592 1957 5656 celebrabant;
1988 5607 2115 5647 noc-

515 5670 680 5732 tuque
710 5660 953 5716 acccnsis
980 5657 1207 5726 facibus,
1241 5657 1362 5732 cum
1402 5663 1566 5716 multa
1607 5664 1965 5718 obsctenitate
1994 5678 2115 5718 ver-

508 5731 699 5792 borum
740 5749 835 5806 per
875 5733 1062 5797 urbem
1107 5731 1428 5804 currebant,
1462 5745 1519 5792 et
1566 5734 1635 5797 ad
1686 5734 1829 5799 tubae
1874 5735 2114 5795 sonitum

2132 4413 2186 4474 D

2207 1834 2621 1893 conveniebant.
2665 1833 2843 1905 Atque
2876 1833 3014 1901 hinc
3057 1839 3163 1899 est,
3206 1830 3351 1905 quod
3376 1839 3590 1905 auctor
3632 1839 3819 1890 noster

2208 1906 2406 1961 dixerit
2450 1905 2605 1960 ludos
2646 1903 2811 1962 hosce
2854 1906 3136 1969 celebrari,
3171 1903 3530 1959 cenvenienter
3560 1905 3819 1960 "tentoriis

2211 1978 2511 2031 meretricis.
2542 1976 3029 2033 lnlrodurebantur
3056 1977 3217 2030 etiam
3253 1974 3404 2029 hisce
3432 1974 3573 2029 ludis
3602 1974 3815 2031 funam-

2214 2048 2325 2104 bull
2346 2047 2684 2118 elephantes,
2713 2050 2786 2103 uti
2813 2063 2880 2103 ex
2904 2047 3165 2103 Suetonio
3193 2047 3244 2100 in
3269 2046 3461 2118 Galba,
3483 2054 3540 2102 et
3557 2061 3621 2101 ex
3644 2046 3818 2118 Flavii

2219 2116 2661 2193 VOpisci‘Carino
2689 2130 2938 2193 apparet.
2965 2118 3147 2193 Qvid.,
3180 2117 3337 2193 lib.__v
3370 2116 3540 2193 Fast.,
3572 2117 3815 2193 explica-

2219 2189 2419 2245 tionem
2444 2193 2674 2260 amplam
2705 2189 2897 2245 liorum
2927 2190 3172 2245 ludorum
3204 2189 3424 2259 reliquit
3460 2203 3669 2260 :quein
3699 2189 3810 2244 adi.

2215 2262 2465 2319 Rosnws.
2491 2259 2776 2317 -έ-(ἒυηιιεει
2802 2264 2939 2315 hanc
2961 2262 3373 2317 obscaenitatem
3402 2259 3590 2314 scribit
3613 2259 3670 2315 S.
3697 2260 3812 2315 Au-

2213 2336 2458 2404 gustinus
2486 2333 2554 2388 de
2578 2334 2737 2386 Civit.
2772 2333 2886 2398 Dei,
2924 2333 3018 2387 lib.
3067 2348 3148 2404 1v,
3172 2348 3292 2400 cap.
3325 2331 3418 2386 26.
3444 2357 3519 2404 έ-
3566 2328 3705 2404 Ergo
3734 2332 3813 2387 illi

2214 2405 2323 2459 ludi
2349 2421 2462 2459 cum
2505 2405 2642 2458 omni
2673 2404 2901 2458 lascivia.
2951 2403 3089 2458 Ludi
3132 2403 3380 2466 ﬂorales,
3423 2403 3536 2456 sive
3581 2403 3809 2467 lloralia,

2213 2491 2401 2551 supra,
2440 2475 2509 2531 de
2554 2491 2780 2551 quorum
2816 2475 3038 2551 licentia
3082 2488 3137 2530 et
3156 2474 3521 2551 ⁸(ξιιειιαέιιίιειιιξ
3538 2473 3653 2551 legi
3685 2488 3814 2551 pos.

2212 2543 2340 2601 sunt
2369 2543 2757 2615 Seneca'epist.
2810 2546 2912 2611 97;
2943 2545 3119 2603 Valer.
3154 2545 3292 2600 Max.
3325 2559 3382 2612 ιι,
3413 2559 3463 2599 c.
3501 2543 3618 2612 10,
3645 2560 3699 2599 n.
3748 2547 3811 2615 l;

2214 2617 2467 2683 Martial.,
2503 2619 2596 2672 lib.
2625 2633 2661 2678 ι,
2690 2618 2870 2687 Epigr.
2897 2618 2949 2672 1.
2981 2617 3149 2672 Ceu.

2288 2689 2673 2744 Convenienter.
2729 2685 2810 2742 lta'
2858 2691 3199 2757 reposuimus
3228 2702 3294 2742 ex
3342 2685 3725 2742 vetustissimis
3754 2696 3811 2742 et

2214 2762 2431 2830 optimis
2456 2776 2583 2814 mss.
2620 2762 2701 2815 l7.
2722 2759 2790 2813 At
2815 2760 2865 2812 in
2890 2758 3286 2814 recentioribus
3309 2768 3432 2830 octo
3449 2768 3610 2830 atque
3632 2760 3682 2830 in
3699 2759 3814 2812 vul-

2218 2828 2356 2901 gatis
2376 2832 2568 2902 legitur
2589 2831 2973 2902 convenientes.
2989 2832 3061 2884 De
3082 2831 3163 2885 his
3186 2829 3402 2902 videndi
3422 2828 3811 2898 Tertullianus,

2211 2918 2365 2972 pagg.
2386 2901 2513 2968 697,
2548 2904 2600 2967 5,
2628 2903 2755 2967 9.16,
2786 2902 2839 2968 6,
2868 2912 2923 2956 et
2947 2901 3103 2957 Joan.
3135 2901 3581 2973 Chrysostomus,
3614 2902 3811 2959 llomil.

2209 2974 2242 3028 6
2270 2985 2325 3046 et
2351 2975 2384 3046 ’ζ
2415 2976 2464 3027 in
2498 2973 2825 3028 Mattlneum.

2286 3041 2414 3112 Qui:
2431 3056 2550 3099 tunc
2578 3047 2852 3116 mimarum
2882 3046 3165 3116 funguntur
3188 3044 3370 3116 oﬁicio.
3397 3041 3489 3099 Sic
3515 3042 3664 3111 legas
3689 3056 3814 3101 cum

2209 3117 2461 3188 omnibus
2479 3131 2645 3188 prope
2661 3132 2790 3171 mss.
2811 3115 2960 3171 LiCet
2976 3115 3119 3170 enim
3139 3115 3253 3168 haec
3273 3131 3374 3168 vox
3387 3116 3674 3188 admodum
3692 3128 3815 3169 rara

2210 3189 2279 3239 sit
2311 3184 2830 3257 feminiuo’genere,
2884 3189 3077 3257 legitur
3104 3197 3283 3240 tamen
3324 3186 3466 3255 apud
3494 3184 3813 3240 Ciceronem

2210 3258 2505 3328 Philippica
2553 3275 2591 3313 tt
2623 3277 2635 3312 :
2680 3257 2825 3312 Inter
2859 3274 2985 3328 quos
3013 3267 3191 3326 aperta
3227 3258 3404 3311 lectica
3433 3260 3588 3310 mima
3638 3268 3815 3326 porta-

2212 3332 2392 3401 batur;
2420 3342 2474 3385 et
2514 3332 2661 3401 apud
2685 3330 3038 3401 Valeruhlax.
3074 3330 3166 3383 lib.
3206 3345 3266 3393 ιι,
3303 3343 3352 3383 c.
3388 3330 3477 3394 10,
3513 3329 3581 3382 de
3610 3330 3816 3401 Catone

2211 3400 2518 3471 loquentem
2551 3399 2586 3456 ’τ
2637 3400 2813 3455 Ludos
2867 3400 3104 3454 Florales
3148 3409 3437 3470 spectante,
3490 3399 3709 3469 populus
3760 3410 3817 3453 ut

2208 3473 2379 3527 mima:
2404 3474 2720 3527 nudarentur
2749 3474 3010 3543 postulare
3032 3473 3252 3526 erubuit.
3282 3472 3352 3525 At
3379 3474 3574 3525 mimus
3596 3479 3679 3524 est
3705 3471 3819 3525 his-

2210 3544 2334 3608 trio,
2369 3555 2423 3600 et
2464 3546 2701 3599 imitator
2734 3546 3000 3599 dictorum
3041 3552 3096 3597 et
3135 3557 3347 3598 morum
3393 3544 3693 3608 hominum,
3722 3550 3815 3596 aut

2209 3619 2391 3687 potius
2414 3632 2598 3670 scurra
2634 3616 2858 3671 facetus.

2211 3684 2248 3814 ’S
2283 3686 2552 3814 fugiendis
2597 3688 2835 3742 motibus.
2878 3684 3155 3743 Iuvenalis
3195 3684 3434 3757 depingit
3462 3684 3581 3740 illos
3612 3693 3813 3751 motus,

2252 3774 2279 3812 a
2314 3800 2323 3807 .
2453 3777 2467 3812 :

2252 3768 2323 3814 at.
2359 3762 2467 3815 11:

2762 3872 2828 3923 Ut
2845 3872 3107 3923 Graditana
3129 3884 3312 3921 canoro

2334 3935 2542 3999 Incipiat
2568 3937 2763 3999 prurire
2788 3936 2957 3999 choro,
2985 3934 3259 3999 plausuque
3287 3933 3504 3999 probatis

2333 3997 2408 4047 Ad
2433 3994 2615 4049 terrain
2640 3996 2855 4048 tremqu
2872 3994 3345 4047 descendant—clune
3367 3994 3550 4059 puellae
3572 4010 3586 4045 :

2334 4061 2573 4124 Spectant
2598 4060 2693 4110 hoc
2718 4069 2885 4123 nuptae
2906 4059 3049 4122 juxta
3073 4060 3348 4109 recubante
3366 4060 3557 4109 marito.

2209 4164 2344 4219 Vide
2370 4172 2425 4219 et
2458 4164 2754 4218 Arnobium
2787 4162 2881 4217 lib.
2915 4178 2974 4217 ιι.
2998 4192 3069 4202 —
3102 4159 3231 4217 Cum
3278 4160 3529 4233 pudendis
3577 4160 3816 4233 motibus.

2209 4236 2451 4317 Sublac.,
2477 4234 2609 4317 Ven.
2639 4234 2796 4317 li7l,
2827 4233 3224 4317 [ζρειηῃγιξιιν
3259 4232 3423 4317 “illi,
3473 4232 3563 4299 97,
3594 4232 3767 4289 Paris.
3800 4252 3815 4288 ς

2209 4324 2325 4362 cum
2381 4306 2692 4376 impudentis
2758 4306 2994 4360 motibus.
3017 4304 3256 4370 Walch.,
3310 4306 3521 4369 vitiose,
3569 4320 3686 4358 cum
3715 4322 3813 4377 pu-

2212 4378 2447 4433 dentibus
2470 4379 2717 4434 moribus.
2752 4376 3038 4433 Pudendos
3085 4377 3204 4432 illos
3231 4386 3406 4430 motus
3431 4374 3686 4446 graphice
3715 4378 3817 4431 de-

2215 4451 2427 4520 scripsit
2455 4449 2661 4506 Arnob.
2692 4450 2728 4505 ι.
2761 4465 2820 4517 ιι,
2855 4464 2977 4520 pag.
3009 4449 3100 4513 75,
3140 4448 3229 4504 ubi
3272 4448 3446 4518 plura,
3480 4460 3532 4516 p.
3567 4446 3656 4504 90.
3705 4446 3818 4502 Et.-

2215 4536 2606 4578 ιιειιιιοιιετιυε.

2286 4590 2547 4649 Cloacina:
2569 4590 2922 4647 simulacrum.
2954 4589 3167 4645 Festive
3188 4589 3252 4644 ad
3285 4589 3444 4657 hujus
3469 4586 3587 4643 dcte
3618 4604 3818 4646 nomen

2213 4665 2403 4721 alludit
2430 4664 2801 4720 Tertullianus
2824 4663 2875 4716 iu
2901 4662 2994 4716 lib.
3020 4661 3088 4717 de
3114 4661 3304 4725 Pallio,
3331 4675 3451 4730 cap.
3486 4662 3539 4714 Δ.
3572 4660 3815 4716 Meminit

2216 4745 2271 4791 et
2306 4737 2420 4805 ejus
2454 4737 2545 4790 lib.
2580 4735 2842 4791 iadvers.
2882 4733 3225 4805 Marcionem,
3262 4748 3310 4786 c.
3343 4731 3440 4805 18.
3485 4731 3820 4805 Meminitet

2214 4803 2513 4878 Cyprianus
2540 4806 2609 4862 de
2638 4806 2910 4878 idolorum
2937 4803 3195 4878 vanitate,
3235 4805 3295 4860 S.
3315 4803 3552 4878 August.
3588 4803 3657 4857 de
3696 4803 3814 4859 Civ.

2217 4875 2337 4943 Dei,
2369 4879 2465 4933 lib.
2488 4894 2563 4942 tv,
2586 4892 2649 4932 ac
2678 4876 2939 4931 Minucius
2972 4875 3122 4931 Felix
3154 4891 3276 4947 cap.
3306 4875 3398 4930 25.

2292 4948 2546 5004 Pavorem
2595 4948 2976 5016 Palloremque.
3031 4944 3236 5011 Livius,
3277 4948 3369 5001 lib.
3420 4960 3460 5011 ι,
3516 4959 3637 5016 cap.
3695 4944 3817 5016 27:

2215 5022 2399 5077 Tullus
2434 5020 2684 5075 Hostilius
2708 5021 2762 5073 in
2780 5036 2834 5073 re
2859 5015 3059 5089 trepida
3084 5019 3216 5075 uouit
3242 5018 3438 5083 Salios,
3468 5015 3688 5087 [artaque
3713 5015 3823 5071 Pa-

2215 5095 2323 5149 vori
2354 5103 2398 5147 et
2429 5092 2650 5155 Pallori,
2680 5094 2895 5161 equitem
2924 5091 3067 5144 clara
3095 5093 3367 5161 increpans
3401 5104 3539 5161 uoce,
3568 5100 3621 5142 ut
3653 5090 3821 5161 hostes

2217 5164 2538 5230 exaudirent,
2570 5159 2739 5218 redire
2765 5167 2817 5216 in
2848 5162 3087 5234 pristiam
3116 5162 3283 5231 jubet.
3314 5159 3451 5234 Vide
3485 5159 3821 5234 August._de

2215 5238 2376 5291 Civit.
2405 5237 2519 5303 Dei,
2548 5236 2640 5291 lib.
2671 5250 2751 5296 tv,
2780 5231 2898 5302 cap.
2925 5233 2980 5299 2,
3008 5233 3097 5295 15,
3120 5234 3211 5299 ‘23,
3245 5243 3299 5288 et
3328 5231 3533 5303 “DLH,
3563 5246 3684 5299 cap.
3714 5231 3819 5298 10;

2215 5306 2354 5369 Cic.,
2385 5308 2475 5362 lib.
2506 5300 2563 5363 tu
2592 5306 2661 5363 de
2700 5305 2818 5360 Nat.
2850 5300 3003 5358 deor.
3032 5304 3138 5359 Sed
3170 5319 3280 5358 non
3322 5304 3374 5358 in
3419 5300 3565 5358 Urbe
3587 5344 3601 5367 ,
3631 5316 3822 5359 verum

2217 5386 2369 5435 extra
2391 5378 2554 5434 Urbis
2582 5376 2897 5449 pomerium
2928 5374 3125 5430 Pallori
3152 5384 3412 5449 structam
3445 5374 3617 5449 ajdem
3645 5373 3822 5443 loqui-

2220 5460 2305 5505 tur
2338 5444 2658 5504 Plutarchus
2688 5450 2740 5504 iu
2768 5444 3091 5510 Cleomene;
3117 5455 3173 5503 et
3198 5455 3346 5502 recte
3374 5444 3645 5500 Pallorem
3672 5459 3821 5501 com~

2221 5521 2371 5576 muni
2395 5537 2517 5575 cum
2548 5521 2752 5576 Pavore
2781 5518 2904 5572 fano
2933 5517 3236 5578 coluerunt.
3265 5519 3394 5588 quia
3427 5532 3489 5571 ea:
3517 5519 3697 5570 timore
3722 5531 3818 5571 seu

2219 5607 2421 5662 pavore
2450 5594 2687 5647 nascitur
2730 5589 2918 5661 pallor.
2952 5588 3173 5646 Servius
3211 5589 3279 5643 ad
3322 5604 3463 5662 vers.
3495 5589 3587 5650 50,
3625 5588 3816 5662 libant

2220 5658 2441 5719 Eneid.
2475 5681 2488 5717 :
2523 5664 2702 5716 Pallor
2732 5658 2990 5725 nascitur,
3022 5678 3137 5715 cum
3179 5676 3254 5726 se,
3289 5660 3357 5714 ad
3400 5658 3687 5724 praecordia
3725 5659 3812 5725 {u-

2221 5737 2382 5807 giens,
2425 5734 2679 5792 contrahit
2717 5735 2947 5808 sanguis.
2976 5729 3114 5803 Cic.,
3154 5732 3190 5788 l.
3226 5748 3280 5800 v,
3312 5729 3380 5787 de
3422 5729 3601 5791 Fiuib.
3634 5747 3648 5784 :
3690 5728 3818 5797 Quis
