4174 6200
499 258 609 322 223

1526 263 1714 323 FIRM.
1756 261 2125 322 LACTANTII
2164 261 2373 321 DIVIN.
2414 263 2658 324 INSTIT.

3709 268 3816 331 224

498 385 742 458 sapiunt,
773 394 866 443 aut
889 386 1161 455 sentiunt,
1192 399 1368 457 neque
1394 384 1533 441 intra
1562 386 1794 457 parietes
1813 425 1828 451 ,
1856 391 1948 439 aut
1972 382 2102 439 tedi-
2126 385 2183 445 Α
2204 394 2451 454 sumptus
2473 383 2554 441 vel
2578 383 2864 458 fingendis,
2888 384 2974 442 vel
2997 385 3237 444 colendis
3261 387 3583 460 imaginibus
3609 391 3818 462 impen-

497 481 648 536 culas
678 480 792 536 luto
813 479 1001 547 laetas,
1031 478 1128 535 sed
1150 479 1288 535 intra
1317 489 1505 551 pectus
1527 477 1855 534 collocandae
1877 486 2022 545 sunt,
2047 485 2102 533 ct

497 572 728 630 interius
755 572 1304 643 comprehendendae,
1328 590 1397 630 ne
1416 575 1524 630 sint
1542 573 1712 642 falsae,
1739 574 1784 628 si
1816 581 1967 629 extra
2000 573 2101 630 ho-

499 667 699 723 minem
726 665 925 723 fuerint
956 668 1254 724 collocatae.
1288 668 1473 740 Itaque
1506 668 1818 739 praeclaram
1847 668 1990 724 illam
2021 670 2101 724 le-

497 773 619 831 gem
650 766 795 815 tuam
827 760 1069 826 derideo,
1102 776 1263 833 quam
1294 764 1451 833 ponis
1480 761 1565 818 his
1590 763 1806 819 verbis:
1837 762 2099 831 «Astilla,

497 860 721 923 propter
748 869 869 924 quae
901 854 1057 909 datur
1084 855 1289 910 homini
1317 870 1574 912 ascensus
1607 858 1658 911 in
1691 856 1916 922 etclam,
1950 870 2102 911 men-

498 951 607 998 tem
629 982 645 1009 ,
678 943 928 999 virtutem
949 986 965 1010 ,
998 945 1255 1016 pietatem
1278 989 1294 1014 ,
1328 946 1490 1003 ﬁdem
1512 987 1528 1015 ,
1562 962 1855 1018 earumque
1885 946 2101 1002 laudum

497 1031 723 1090 delubra
750 1044 934 1090 sunto.
965 1054 984 1088 ι
1010 1036 1174 1106 Atqui
1215 1034 1333 1091 haec
1371 1036 1611 1107 separari
1638 1036 1707 1091 ab
1733 1036 1955 1092 homine
1992 1050 2100 1091 non

498 1135 746 1199 possunt.
779 1127 834 1183 Si
863 1128 1008 1183 enim
1040 1127 1267 1184 colenda
1309 1138 1470 1195 sunt,
1499 1129 1552 1183 in
1582 1128 1802 1185 homine
1838 1129 1955 1199 ipso
1994 1129 2105 1185 sint

499 1236 727 1279 necesse
747 1230 850 1278 est.
881 1222 937 1279 Si
964 1232 1144 1278 autem
1169 1231 1294 1279 sunt
1316 1232 1469 1279 extra
1492 1223 1763 1280 hominem
1782 1264 1798 1289 ,
1817 1222 1943 1294 quid
1966 1237 2104 1294 opus

496 1322 583 1369 est
608 1328 672 1369 ea
698 1313 881 1370 colere
906 1315 1100 1386 quibus
1125 1317 1350 1373 careas?
1368 1316 1551 1372 Virtus
1577 1316 1723 1372 enim
1749 1315 1974 1372 colenda
1997 1324 2097 1381 est,

500 1421 610 1461 non
641 1407 819 1478 imago
845 1408 1095 1463 virtutis:
1126 1419 1181 1464 et
1207 1409 1431 1465 colenda
1462 1420 1545 1466 est
1573 1425 1680 1464 non
1708 1408 1975 1465 sacrificio
2001 1408 2102 1463 ali-

498 1513 608 1569 quo
627 1540 643 1568 ,
673 1507 767 1554 aut
794 1499 952 1555 thure
972 1540 988 1564 ,
1017 1507 1111 1555 aut
1139 1501 1452 1570 precatione
1481 1501 1748 1569 solemni,
1782 1501 1878 1557 sed
1907 1500 2101 1556 volun-

501 1600 610 1649 tate
639 1593 755 1648 sola
784 1602 945 1665 atque
977 1596 1275 1666 proposito.
1309 1595 1442 1651 Nam
1472 1595 1600 1668 quid
1640 1605 1725 1652 est
1749 1595 1895 1651 aliud
1921 1596 2103 1652 colere

499 1685 755 1742 virtutem
775 1728 791 1753 ,
823 1686 926 1742 nisi
950 1703 1068 1743 eam
1096 1688 1559 1759 comprehendere
1582 1688 1783 1755 animo,
1813 1698 1867 1745 et
1893 1688 2102 1745 tenere?

500 1777 644 1849 quod
674 1780 1038 1851 unusquisque
1064 1779 1223 1835 simul
1251 1795 1314 1836 ac
1340 1782 1506 1853 erepit
1530 1781 1697 1848 velle,
1732 1782 2098 1852 consequitur.

504 1871 603 1927 Hic
631 1873 781 1928 solus
811 1873 1027 1929 virtutis
1055 1884 1141 1929 est
1180 1875 1388 1943 cultus;
1433 1891 1555 1930 nam
1604 1876 1795 1947 religio
1838 1884 1893 1931 et
1934 1890 2100 1931 vene-

502 1964 641 2020 ratio
671 1964 816 2020 nulla
842 1965 943 2021 alia
962 2007 978 2034 ,
1005 1966 1108 2021 nisi
1134 1967 1293 2023 unius
1321 1968 1413 2023 Dei
1443 1967 1668 2024 tenenda
1698 1977 1801 2023 est.
1831 1966 1969 2035 Quid
2000 1967 2099 2038 igi-

504 2063 593 2111 tur
621 2072 759 2129 opus
785 2066 888 2125 est,
920 2073 955 2114 ο
982 2060 1064 2114 vir
1088 2058 1872 2132 sapientissime,supervacuis
1886 2069 2099 2117 extruc-

502 2152 739 2207 tionibus
760 2154 878 2209 loca
902 2169 1190 2225 occupare,
1222 2170 1344 2226 quae
1394 2156 1603 2226 possint
1634 2155 1883 2211 humanis
1913 2154 2098 2210 usibus

501 2244 735 2301 cedere?
764 2245 889 2316 quid
920 2246 1231 2302 sacerdotes
1260 2249 1593 2304 constituere
1618 2264 1751 2303 vana
1782 2257 1838 2303 et
1867 2247 2098 2302 insensi-

497 2337 626 2394 bilia
665 2338 944 2395 culturos?
969 2339 1099 2411 quid
1131 2340 1411 2398 immolare
1450 2342 1738 2398 victimas?
1763 2340 1890 2413 quid
1920 2348 2095 2396 tantos

2203 478 2366 533 dere?
2392 479 2624 534 Firmius
2645 489 2699 535 et
2720 480 3081 551 incorruptius
3108 483 3366 553 templum
3388 495 3472 540 est
3497 495 3684 556 pectus
3714 485 3819 542 hu-

2205 584 2458 625 manum:
2489 570 2590 627 hoc
2614 572 2790 641 potius
2809 581 3055 641 ornetur,
3081 572 3186 629 hoc
3205 574 3350 630 veris
3370 575 3478 631 illis
3504 578 3817 634 nominibus

2204 661 2508 732 impleatur.
2553 663 2661 719 Has
2690 679 2820 736 ergo
2860 664 3023 720 falsas
3062 667 3503 723 consecrationes
3545 670 3813 740 sequitur,

2203 754 2347 825 quod
2378 770 2600 812 necesse
2626 764 2726 811 est.
2753 756 2853 825 Qui
2877 758 3020 813 enim
3045 759 3272 815 virtutes
3298 760 3378 815 sic
3402 760 3618 827 colunt,
3651 760 3703 817 id
3731 772 3816 818 est

2205 850 2294 919 qui
2338 849 2554 906 umbras
2596 859 2757 921 atque
2792 852 3055 923 imagines
3097 854 3355 908 virtutum
3403 862 3813 922 consectantur,

2205 957 2266 997 ea
2299 943 2411 1012 ipsa
2433 985 2448 1010 ,
2478 958 2598 1013 qua:
2629 958 2756 999 vera
2786 953 2942 1010 sunt,
2977 954 3163 1001 tenere
3204 961 3310 1001 non
3354 954 3603 1018 possunt.
3632 947 3815 1018 Itaque

2205 1033 2353 1089 nulla
2382 1035 2434 1090 in
2463 1052 2729 1107 quoquam
2760 1037 2932 1092 virtus
2960 1046 3073 1106 est,
3104 1039 3250 1094 vitiis
3282 1040 3479 1111 ubique
3518 1040 3809 1097 dominan-

2206 1125 2382 1194 tibus;
2414 1129 2561 1184 nulla
2588 1128 2739 1196 fides,
2771 1131 2952 1186 omnia
2980 1147 3078 1203 pro
3103 1147 3162 1188 se
3189 1148 3512 1205 unoquoque
3540 1136 3809 1205 rapiente;

2206 1220 2351 1275 nulla
2392 1222 2559 1291 pietas
2580 1263 2594 1287 ,
2630 1236 2729 1278 nec
2769 1225 3180 1295 consanguineis
3209 1240 3311 1282 nec
3339 1228 3653 1297 parentibus
3685 1242 3810 1299 par-

2206 1320 2364 1367 cente
2389 1313 2642 1381 avaritia,
2669 1325 2724 1370 et
2751 1314 3045 1386 cupiditate
3075 1317 3129 1372 in
3159 1333 3367 1374 venena
3416 1328 3473 1375 et
3510 1320 3562 1375 in
3610 1320 3815 1376 ferrum

2206 1415 2433 1472 ruente;
2480 1406 2626 1462 nulla
2669 1422 2806 1479 pax,
2854 1408 3000 1465 nulla
3043 1411 3366 1479 concordia,
3411 1412 3626 1482 publice
3657 1414 3816 1469 bellis

2207 1498 2556 1555 saevientibus
2576 1541 2591 1563 .
2626 1501 2875 1570 privatim
2909 1516 3039 1558 vero
3070 1502 3368 1559 inimicitiis
3396 1518 3567 1575 usque
3595 1505 3664 1560 ad
3691 1519 3818 1561 sau-

2206 1590 2423 1661 guinem
2453 1591 2789 1661 furentibus;
2824 1593 2968 1648 nulla
2998 1594 3289 1665 pudicitia,
3321 1595 3635 1652 libidinibus
3659 1595 3819 1653 effre-

2207 1685 2347 1740 natis
2374 1699 2593 1741 omnem
2624 1702 2811 1742 sexum
2839 1695 2895 1742 et
2919 1702 3112 1743 omnes
3140 1688 3387 1759 corporis
3412 1697 3595 1758 partes
3617 1700 3813 1745 conta-

2212 1776 2574 1835 minantibus:
2633 1792 2734 1833 nec
2788 1788 2966 1835 tamen
3016 1779 3271 1836 desinunt
3312 1795 3374 1836 ea
3422 1781 3638 1847 colere,
3695 1797 3816 1853 quae

2212 1869 2424 1941 fugiunt
2465 1882 2519 1926 et
2566 1871 2822 1927 oderunt.
2863 1869 3064 1927 Colunt
3091 1873 3238 1928 enim
3288 1873 3445 1930 thure
3486 1888 3550 1930 ac
3585 1876 3813 1929 summis

2208 1965 2426 2036 digitis,
2480 1981 2602 2036 quae
2648 1965 2898 2022 sensibus
2942 1966 3147 2022 intimis
3199 1966 3427 2024 horrere
3470 1967 3810 2023 debuerunt:

2207 2058 2297 2129 qui
2330 2073 2485 2113 error
2512 2058 2690 2113 omnis
2718 2073 2784 2114 ex
2816 2059 2961 2114 illius
2990 2059 3303 2130 principalis
3342 2074 3406 2115 ac
3444 2060 3642 2115 summi
3682 2061 3810 2116 boui

2207 2151 2544 2221 ignoratione
2577 2150 2878 2208 descendit.

2277 2243 2419 2300 Urbe
2457 2258 2487 2298 a
2533 2243 2705 2299 Gallis
2733 2254 3023 2315 occupata,
3052 2244 3262 2301 obsessi
3302 2245 3356 2301 in
3392 2244 3659 2317 Capitolio
3700 2247 3810 2303 Ro-

2201 2337 2382 2404 mani,
2415 2351 2539 2393 cum
2567 2351 2632 2393 ex
2661 2337 2946 2394 mulierum
2971 2338 3183 2410 capillis
3210 2346 3477 2396 tormenta
3505 2339 3801 2410 fecissent,

1818 2451 2180 2511 VARIORUM
2216 2451 2449 2511 ΝΟΤιΕ.

492 2546 629 2603 ΒΒΙ.
657 2545 970 2604 ΞΑΝΟΤΕ.
1003 2547 1225 2605 FEBRI.
1260 2546 1545 2605 MAGNIE.
1571 2545 1893 2603 CAMILLA.
1927 2547 2098 2602 AMA-

498 2619 611 2674 TA.
643 2619 798 2674 Ριιο.
831 2618 1031 2676 FlLlO.
1089 2620 1298 2675 MALE.
1348 2618 1688 2677 AFFECTO.
1745 2619 1879 2674 Vide
1929 2617 2095 2674 Ouzel

496 2689 744 2761 inscript.
786 2691 881 2746 fol.
941 2692 1033 2758 97,
1092 2693 1160 2747 ad
1202 2692 1490 2747 Minucium
1565 2690 1821 2746 Felicem.
1860 2720 1933 2731 —
1970 2690 2089 2746 Val.

2271 2545 2500 2600 Summis
2529 2545 2719 2617 digitis.
2769 2545 2991 2601 locatur
3019 2546 3071 2601 in
3104 2562 3309 2603 morem
3349 2547 3501 2603 illum
3560 2548 3802 2606 ethnico-

2198 2618 2565 2709 rumnquires
2589 2618 2655 2699 ad
2676 2618 3086 2709 sacrificaudum
3111 2629 3327 2709 paratas
3351 2619 3562 2709 duobus
3582 2631 3674 2676 aut
3700 2625 3797 2709 tri-

2197 2689 2298 2762 bus
2327 2688 2508 2762 digitis
2537 2690 2784 2762 accipere
2799 2689 3079 2762 solebant.
3111 2688 3262 2746 Thus
3290 2692 3507 2762 quidem
3537 2707 3604 2748 eo
3634 2693 3796 2747 modo

494 2759 786 2827 Max.,'|ib.
822 2779 893 2829 ιι,
923 2778 1042 2833 cap.
1076 2764 1131 2831 5,
1164 2782 1218 2817 ιι.
1248 2765 1280 2818 ti
1311 2781 1324 2817 :
1357 2763 1571 2818 Febrem
1599 2764 1668 2815 ad
1696 2764 1862 2817 minus
1907 2778 2096 2816 nocen-
2197 2760 2249 2814 iu
2278 2775 2385 2813 ara:
2411 2761 2680 2833 flammam
2705 2759 3003 2833 jaciebant.
3032 2759 3344 2833 Hieronyni.
3375 2764 3534 2832 epist.
3572 2764 3596 2817 1
3625 2782 3637 2817 :
3673 2762 3796 2819 Non

495 2833 620 2907 dum
650 2837 854 2907 templis
882 2836 1134 2907 colebant.
1163 2852 1382 2907 quorum
1410 2835 1581 2888 adhuc
1608 2850 1769 2907 unum
1793 2834 2087 2907 in_palatio.

496 2904 650 2959 Adde
674 2903 813 2971 Cic.,
843 2907 934 2963 lib.
966 2924 1061 2973 ιιι,
1096 2902 1313 2962 (ΙεΝιιι.
1344 2909 1521 2970 deor.,
1551 2920 1671 2973 cap.
1701 2905 1789 2959 25.
1824 2902 1992 2960 Οειι.

571 2974 655 3029 Νε
671 2979 774 3031 sint
796 2980 962 3048 falsis.
986 2977 1400 3045 Emman.,Ven.
1427 2978 1588 3040 1471.
1611 2978 1702 3043 95,
1721 2976 1812 3042 97,
1835 2987 1891 3032 ει
1911 2977 2086 3043 ltost.,

498 3064 563 3102 ne
586 3049 686 3119 sint
715 3049 926 3119 fabulw.
957 3049 1243 3105 BUNEIAN.

575 3117 724 3173 Illa.‘
758 3122 893 3175 Bun.
950 3121 1112 3174 habet
1165 3122 1301 3187 olla,
1359 3121 1411 3175 iu
1467 3135 1626 3189 quam
1683 3133 1869 3174 vocem
1913 3127 2094 3173 notam

500 3200 816 3259 sequentem
837 3190 1100 3247 exhibuit.
1120 3220 1192 3232 ——-
1210 3189 1349 3246 Olla.
1376 3193 1465 3274 Sic
1489 3192 1609 3245 libri
1634 3191 1873 3259 plerique
1890 3204 2021 3245 mss.
2044 3202 2099 3244 et

501 3260 625 3315 cdd.
661 3272 912 3318 vetustte.
959 3266 1026 3317 At
1070 3262 1215 3330 Lips.
1260 3264 1317 3329 2,
1352 3264 1581 3327 lleunm,
1615 3261 1841 3324 Tornes,
1877 3260 2098 3330 Spark.,

502 3281 625 3315 cuu.
661 3281 912 3318 VClllSliBo
959 3281 1026 3317 Al
1070 3281 1215 3333 hlpS.
1260 3281 1317 3329 Ζ,
1352 3281 1581 3327 ιιειιιιιῐι,
1625 3281 1841 3324 101³1105,
1878 3281 2098 3330 δίκη-κη

502 3331 738 3400 Walch.,
767 3334 880 3389 illa.
916 3334 1008 3389 Est
1039 3350 1168 3388 vero
1198 3334 1305 3388 olla
1328 3350 1452 3389 vera
1476 3335 1766 3402 scriptura.
1802 3333 1859 3386 lu
1894 3332 2101 3402 legibus

503 3414 715 3459 veteres
743 3407 963 3477 antiqua
996 3405 1253 3460 vocabula
1283 3405 1555 3460 amabant.
1589 3404 1797 3474 Saepius
1837 3406 2103 3477 repetitur

500 3489 602 3557 νοις
633 3475 933 3557 antiquaju
966 3477 1169 3540 Cicer.,
1202 3478 1295 3532 lib.
1326 3493 1363 3557 ιι
1402 3477 1471 3557 d_e
1521 3478 1647 3557 beg.
1681 3491 1801 3546 cap.
1829 3475 1882 3557 8..

573 3545 830 3604 Laut/uin.
863 3548 921 3605 Id
965 3560 1077 3612 est,
1109 3565 1280 3603 rerum
1322 3545 1702 3603 [nudandarum
1738 3545 1785 3600 et
1824 3546 2100 3609 virtutum,

502 3620 799 3676 secundum
831 3621 1143 3677 Turnebqu
1187 3620 1253 3674 ad
1281 3619 1395 3675 Cie.
1425 3636 1476 3675 c.
1508 3620 1561 3683 1,
1596 3620 1632 3672 f.
1666 3619 1790 3675 159.
1825 3619 2101 3673 Bonum.

573 3689 761 3816 Sugto.
806 3692 960 3760 Quod
1009 3691 1132 3747 vide
1174 3693 1316 3761 apud
1342 3693 1539 3757 Cicer.,
1575 3690 1668 3745 lib.
1701 3707 1736 3745 ιι
1788 3688 1855 3745 de
1890 3689 2101 3760 Legib.,

573 3778 614 3816 υ.
692 3802 703 3814 .

495 3774 614 3814 ειιυ.
648 3774 703 3814 δ.

565 3778 770 3912 fil-uilius
796 3835 1010 3888 careas?
1048 3834 1223 3890 Virtus
1250 3835 1383 3913 enim
1409 3833 1626 3913 colenda
1655 3842 1749 3887 est.
1802 3831 1908 3913 Sic.
1946 3832 2107 3913 resti-

499 3903 699 3959 tuimus
722 3920 785 3960 ex
816 3920 944 3959 mss.
965 3921 1102 3974 pene
1129 3906 1402 3961 omnibus.
1429 3905 1484 3959 lu
1511 3905 1683 3959 tribus
1706 3903 2105 3974 recentioribus

498 3984 551 4027 et
582 3975 634 4028 in
666 3976 825 4032 editis
846 4019 860 4041 ,
892 3976 937 4031 si
964 3973 1163 4033 Cellar.
1194 3978 1433 4047 excipias
1454 4018 1469 4044 ,
1501 3984 1615 4042 est,
1649 3973 1952 4029 careamus?
1992 3973 2106 4028 Vir-

498 4052 578 4097 tus
607 4048 821 4102 coleuda
848 4058 941 4102 est.

584 4114 773 4175 Virtus.
805 4119 984 4192 luquit
1011 4120 1344 4192 Augustinus
1365 4162 1379 4186 ,
1413 4132 1522 4175 non
1552 4118 1687 4174 deus
1709 4158 1725 4184 ,
1758 4116 1855 4173 sed
1887 4116 1981 4172 Dei
2012 4117 2107 4173 do-

497 4202 624 4242 num
664 4202 768 4247 εει.

572 4258 640 4314 Ει
664 4263 883 4317 colenda
909 4275 1000 4319 est.
1032 4262 1090 4318 Ιιι
1119 4279 1249 4318 mss.
1270 4262 1305 4316 2
1323 4263 1531 4319 Bouou.
1560 4270 1615 4316 et
1639 4259 1773 4315 Tax.
1792 4274 1855 4314 ac
1873 4259 2103 4315 nonnul-

496 4330 562 4386 lis
589 4333 750 4404 editis
775 4335 1116 4392 desideratur
1140 4344 1247 4390 est:
1276 4334 1469 4404 legitur
1495 4334 1547 4388 iu
1574 4331 1812 4387 cmteris.
1938 4344 1942 4349 ‘

571 4403 834 4494 Simul‘aﬁ
855 4407 1179 4494 cmpit‘r‘ell'e‘.
1208 4406 1299 4463 Sic
1318 4401 2101 4494 Irest‘itt't‘itttus‘ex'utsig'gla-
2125 4433 2178 4494 Ι)

497 4488 635 4529 rom.
656 4477 873 4533 etColh.
891 4473 943 4532 et
958 4478 1117 4533 editis
1130 4478 1288 4531 Rom.
1312 4477 1472 4542 1470,
1489 4475 1736 4541 Fasitel.,
1758 4473 1854 4539 ls.,
1875 4474 2097 4541 Cellar.,

498 4542 802 4619 faventibus
833 4564 964 4605 mss.
999 4549 1099 4611 12,
1132 4565 1194 4603 ac
1221 4549 1463 4619 pluribtts
1492 4547 1652 4602 editis
1684 4545 1963 4619 inquibus
1993 4556 2096 4613 est,

495 4615 651 4689 simul
675 4620 871 4689 accepit
897 4622 1040 4674 velle.
1070 4619 1125 4673 In
1147 4615 1353 4676 Bonon.
1384 4619 1578 4688 antiq.,
1607 4617 1761 4673 simul
1787 4626 1841 4669 ut
1865 4618 2100 4687 occwpil;

499 4686 553 4739 iu
586 4688 711 4743 Jun.
744 4686 854 4746 eti
891 4690 1044 4746 Colb.
1079 4706 1143 4746 ac
1173 4691 1333 4747 editis
1364 4691 1419 4757 5,
1452 4686 1605 4745 simul
1635 4689 1867 4756 occo:pit,
1903 4686 2009 4757 pro
2030 4690 2102 4742 si-

498 4761 608 4812 mul
634 4777 694 4813 ac
714 4764 881 4828 carpit.

574 4829 840 4899 Templum
889 4842 959 4888 est
1008 4842 1203 4903 pectus.
1253 4832 1402 4889 Idem
1459 4832 1621 4888 habet
1659 4829 1950 4900 Apostolus
1985 4829 2002 4883 l
2032 4828 2099 4885 ad

498 4900 825 4985 Corinthios,
858 4921 975 4985 cap.
1008 4900 1080 4971 vt,
1114 4919 1255 4985 vers.
1290 4905 1378 4985 ιε.
1451 4975 1462 4985 ι
1654 4972 1700 4985 ﬂ
1859 4982 1867 4985 _
1972 4972 2005 4985 Α.

579 4973 688 5030 Hoc
719 4976 847 5030 veris
879 4977 982 5030 illis
1014 4976 1305 5031 nominibus
1333 4972 1795 5047 intpleatur.AVera
1820 4972 2101 5047 et_op_tit_ua

501 5047 693 5115 lectio,
727 5064 848 5117 qua:
877 5057 963 5104 est
993 5044 1487 5117 manuscriptorum
1519 5045 1844 5117 Regiorum,
1878 5044 1912 5097 '5
1940 5044 2099 5099 Colb.

497 5130 552 5172 et
584 5119 607 5172 1
641 5116 879 5175 Clarum.
915 5119 1053 5174 Male
1082 5116 1304 5173 omnino
1334 5122 1385 5173 iu
1414 5119 1629 5173 eaeteris
1658 5116 1748 5181 qtti
1780 5116 1997 5181 habent,
2027 5131 2106 5169 ve-

498 5191 569 5243 ris
590 5191 708 5268 illis
721 5191 1039 5268 nominibus;
1065 5192 1219 5268 immo
1248 5190 1412 5268 falsis.
1444 5190 1499 5244 lu
1525 5189 1982 5268 aliquariunout.
2009 5189 2103 5268 hoc

496 5261 663 5316 verius
691 5261 796 5318 illis
825 5263 1130 5318 nominibus.
1166 5257 1473 5316 Nominibus
1494 5302 1507 5326 ,
1538 5261 1743 5316 scilicet
1768 5257 1873 5315 illis
1902 5258 2105 5313 virtuti-

497 5330 599 5404 bus
629 5348 763 5401 quas
788 5349 949 5404 supra
979 5333 1293 5389 nominavit.

571 5398 927 5477 Iu'yenenafet
956 5407 1010 5459 in
1040 5410 1231 5477 ferrum
1281 5413 1476 5460 ruente.
1530 5402 1619 5477 Sic
1669 5402 1869 5458 habent
1914 5413 2105 5457 omnes

501 5486 633 5545 mss.
664 5473 873 5544 Vulgati
903 5473 1104 5541 autem,
1137 5479 1190 5530 in
1219 5492 1464 5531 venenum
1494 5486 1540 5530 et
1565 5475 1780 5545 ferrum.

579 5544 845 5617 Privatim.
877 5546 955 5601 Ex
1005 5563 1135 5601 mss.
1181 5557 1234 5602 et
1263 5549 1503 5617 pluribus
1545 5544 1705 5601 editis
1749 5545 1950 5617 optime
1990 5558 2105 5617 res:

501 5616 710 5687 poudet
756 5616 1086 5688 prmcedeuti
1129 5615 1384 5676 adverbio
1432 5618 1656 5689 publice.
1701 5617 1828 5689 Mss.
1872 5615 2106 5689 Juu.,i_5

498 5689 652 5762 cnlb.
687 5697 743 5745 et
763 5687 799 5744 1
832 5690 1070 5746 Clarom.
1101 5705 1132 5746 a
1158 5690 1335 5762 prima
1385 5687 1582 5760 manu,
1613 5700 1670 5746 et
1697 5688 1829 5745 editi
1857 5687 2104 5745 nonnulli

499 5760 678 5835 legunt
700 5802 716 5830 ,
750 5762 982 5834 privatis.

2194 2842 2268 2905 est
2298 2840 2495 2884 tantum
2520 2832 2573 2885 in
2601 2848 2673 2905 _eo
2711 2834 2923 2905 servitus
2953 2832 3100 2900 idoli,
3132 2834 3174 2888 si
3201 2832 3313 2903 quis
3342 2834 3538 2888 duobus
3568 2836 3797 2905 digitulis

2196 2902 2347 2956 thura
2385 2902 2747 2977 comprehensa
2794 2905 2849 2957 in
2896 2902 3256 2977 bustuutAarte
3296 2906 3483 2972 jaciat.
3528 2902 3794 2977 Por'pltyr.

2193 2979 2316 3049 περὶ
2334 2977 2545 3049 ἀποχῆς
2575 2975 2863 3049 ἐμψύχων,
2893 2976 3081 3049 inquit,
3112 2975 3300 3049 Pythia
3334 2978 3616 3032 Ermiottea
3649 2975 3798 3032 laeta-

2119 3040 2164 3103 C
2198 3040 2340 3112 tuin,
2384 3040 2509 3119 dum
2549 3040 2916 3119 sacrificaret,
2958 3040 3217 3119 placentia
3272 3046 3458 3103 frustis
3493 3049 3728 3119 acceptis
3767 3064 3798 3105 c

2202 3132 2327 3187 pera
2361 3117 2532 3172 tribus
2563 3117 2759 3187 digitis.
2785 3117 2967 3184 0vid.,
3004 3135 3039 3173 ιι
3080 3118 3227 3175 Fast.

2354 3228 2418 3279 Et.
2438 3230 2609 3293 digitis
2634 3231 2724 3280 tria
2745 3230 2885 3281 thura
2906 3231 3067 3281 tribus
3090 3233 3185 3282 sub
3207 3231 3394 3284 lumine
3420 3236 3567 3299 ponit.

2204 3330 2599 3407 Videsisetjam
2629 3331 2873 3407 Lactant.
2895 3332 2987 3387 lib.
3006 3349 3077 3400 tv,
3096 3348 3217 3403 cap.
3241 3336 3294 3399 5,
3317 3344 3371 3389 ει
3398 3336 3699 3407 lib.v,cap.
3730 3337 3800 3394 19

2203 3401 2370 3477 et201
2382 3401 2465 3456 Ea:
2479 3402 2615 3459 Isaeo
2628 3450 2631 3453 γ
2644 3402 2909 3469 —Tlture,
2927 3421 2986 3458 ac
3002 3401 3211 3477 summis
3227 3407 3420 3477 digitis.
3444 3406 3497 3462 Id
3513 3418 3618 3472 est,
3634 3401 3802 3463 extre-

2204 3474 2317 3547 mis.
2337 3472 2491 3542 Saepe
2521 3476 2588 3547 ita
2620 3490 2742 3529 cum
2772 3476 2989 3545 optimis
3016 3472 3340 3547 quibusque,
3372 3486 3429 3532 ut
3456 3488 3702 3534 notamus
3732 3480 3799 3536 ad

2204 3543 2370 3621 lib.__v,
2385 3561 2503 3615 cap.
2527 3545 2614 3621 10.
2639 3543 2935 3621 Quorum...
2953 3543 3201 3621 summam
3216 3543 3436 3619 ﬁguram
3447 3561 3647 3621 gerunt.
3666 3551 3798 3606 BUN.

2278 3615 2523 3671 Horrere.
2572 3619 2661 3674 Sic
2704 3618 3080 3688 corrigendum
3126 3615 3466 3675 esse'statuo
3501 3637 3622 3677 cum
3658 3623 3803 3677 Tito-

2206 3688 2379 3759 masio
2406 3704 2473 3744 ex
2495 3704 2625 3745 mss.
2652 3689 2719 3744 ab
2746 3691 2835 3743 illo
2855 3690 3054 3746 citatis.
3081 3690 3175 3744 llis
3199 3690 3336 3746 adde
3364 3691 3549 3759 Cauc.,
3566 3695 3601 3750 5
3620 3694 3800 3754 Colb..

2204 3756 2455 3825 Cantah.,
2491 3760 2681 3826 60th.,
2715 3760 2877 3828 Ultr.,
2921 3763 3213 3816 editionem
3257 3756 3629 3819 Geueveusem
3663 3765 3803 3820 1615

2205 3839 2260 3884 ει.
2290 3832 2462 3897 1579ς
2495 3832 2572 3887 sic
2598 3835 2757 3887 etiam
2787 3832 2973 3902 legunt
3001 3833 3272 3887 Betuleius
3297 3843 3351 3888 et
3378 3834 3562 3889 lsants.
3604 3836 3694 3892 Sic
3726 3837 3803 3892 le-

2206 3902 2437 3969 gendum
2457 3918 2577 3958 esse
2597 3912 2772 3957 textus
2796 3905 2909 3973 ipse
2929 3904 3106 3968 docet;
3131 3904 3439 3961 Lactantius
3456 3908 3598 3961 enim
3619 3907 3805 3961 redar-

2206 3973 2320 4040 guit
2351 3973 2469 4046 illos
2497 3974 2641 4046 quod
2656 3974 2853 4046 colant
2876 3975 3023 4035 vitia.
3053 3990 3173 4044 qua:
3205 3978 3386 4046 potius
3413 3978 3584 4035 vitare
3604 3989 3659 4033 et
3677 3978 3804 4033 hur-

2206 4058 2327 4099 rere
2348 4043 2597 4099 debeant.
2623 4044 2749 4100 Mss.
2775 4048 2918 4109 Eun,
2942 4043 3249 4101 horrescere.
3272 4045 3399 4113 Alii,
3424 4049 3609 4112 colere,
3639 4050 3804 4104 male.

2282 4114 2801 4191 Error-principalis.
2848 4117 2922 4172 De
2952 4117 3069 4191 hoc
3100 4118 3308 4189 plenius
3338 4130 3523 4191 agetur
3553 4122 3692 4177 libro
3723 4137 3799 4188 ιι,

2206 4187 2297 4257 qui
2328 4197 2411 4242 est
2436 4187 2504 4242 de
2533 4187 2754 4257 Origine
2794 4189 3016 4243 erroris.

2278 4258 2406 4312 Cum
2432 4275 2495 4332 ea;
2520 4260 2786 4314 mulierum
2807 4260 3010 4329 capillis
3031 4268 3280 4332 tormenta
3301 4261 3565 4332 fecissent,
3590 4272 3693 4320 etc.
3725 4265 3808 4321 Eo

2207 4330 2585 4405 temporehoc
2613 4332 2861 4405 evenisse
2889 4333 3075 4405 statuit
3105 4330 3389 4405 Sehedi’us,
3421 4351 3528 4405 quo
3553 4330 3742 4391 Roma
3773 4352 3806 4389 a

2208 4399 2401 4456 Suevis
2444 4403 2769 4476 Senonibus
2800 4416 2896 4457 seu
2926 4402 3094 4459 Gallis
3126 4403 3344 4458 incensa
3376 4399 3505 4472 luit,
3537 4407 3809 4476 Capitolio

2204 4486 2391 4541 aspera
2418 4474 2701 4529 obsidione
2725 4474 2924 4537 cincto,
2943 4491 3066 4528 eum
3092 4476 3240 4528 nervi
3269 4477 3320 4529 in
3344 4479 3575 4535 arcubus
3605 4474 3810 4535 delice-

2204 4557 2358 4610 reut,
2386 4555 2645 4599 matrona:
2672 4546 2989 4613 superstites
3011 4561 3221 4600 comam
3249 4547 3623 4605 absciderunt:
3647 4565 3714 4605 ex
3741 4566 3808 4606 ea

2204 4616 2356 4692 nervi
2379 4617 2610 4692 arcubus
2631 4615 2796 4692 additi
2812 4615 3138 4692 ,_hostcsque
3160 4618 3376 4692 demum
3405 4621 3638 4692 depulsi.
3667 4621 3806 4678 Hinc

2205 4685 2452 4741 libertate
2481 4687 2659 4741 denuo
2688 4685 2872 4755 potiti,
2905 4687 2960 4741 in
2989 4698 3191 4756 gratam
3215 4689 3291 4743 rei
3324 4685 3661 4756 memoriam,
3687 4703 3801 4749 sta-

2205 4765 2348 4810 tuam
2395 4757 2589 4813 Veneri
2628 4772 2887 4824 erexere,
2929 4762 3012 4813 cui
3044 4774 3342 4826 cognomen
3374 4762 3552 4818 Calva:
3584 4763 3803 4819 indide-

2203 4837 2363 4894 runt,
2412 4829 2481 4884 ob
2522 4830 2792 4883 abscissas
2831 4846 2861 4884 a
2906 4831 3164 4885 matronis
3204 4846 3410 4888 comas.
3454 4835 3603 4889 Hauc
3634 4835 3810 4891 histo-

2203 4897 2534 4972 riamrefert
2562 4900 2817 4972 Vggetius
2848 4901 2943 4956 lib.
2978 4918 3053 4965 tv.
3085 4917 3207 4970 cap.
3240 4902 3294 4968 9,
3328 4904 3395 4960 de
3435 4907 3512 4961 [te
3543 4907 3801 4972 militari;

2202 4968 2422 5043 Servius
2450 4972 2516 5027 ad
2542 4988 2559 5027 ι
2585 4968 2803 5027 ΔΕἰιείιΙ.
2830 4974 2987 5043 Saepe
3015 4975 3118 5028 hoc
3146 4968 3243 5029 usu
3272 4978 3419 5031 venit
3443 4978 3572 5032 olim
3602 4979 3654 5033 iu
3689 4968 3807 5034 bal-'-

2202 5040 2306 5121 l_i§,
2336 5043 2508 5121 in‘quit
2537 5045 2614 5121 Is;
2635 5040 3064 5121 Casmtbonusin
3092 5044 3644 5121 Notis‘adCapitolin.
3678 5066 3801 5121 pag.

2206 5112 2331 5167 188.
2366 5112 2545 5190 Caesar
2576 5115 2711 5190 Belli
2749 5114 2935 5190 Civilis
2977 5117 3070 5172 lib.
3104 5132 3194 5181 ιιι,
3239 5116 3308 5172 de
3348 5119 3410 5173 iis
3440 5112 3549 5190 ἰιιιί
3595 5112 3807 5177 obsessi

2203 5198 2354 5240 erant
2404 5187 2649 5251 Salonis,
2703 5189 2959 5256 prwsectis
3003 5189 3231 5241 omnium
3273 5187 3541 5245 mulierum
3581 5193 3810 5250 crinibus

2206 5268 2454 5312 tormenta
2475 5257 2767 5326 e/fecerunt.
2793 5258 2987 5313 Narrat
3013 5259 3177 5313 etDio
3202 5261 3252 5313 in
3272 5262 3496 5327 Severo,
3512 5264 3564 5317 in
3587 5267 3809 5320 obsessa

2206 5328 2343 5383 urbe
2370 5330 2624 5399 Byzantio
2655 5331 2910 5383 rudentes
2938 5331 3004 5384 de
3033 5331 3269 5385 crinibus
3298 5335 3580 5388 mulierum
3611 5335 3808 5390 factos.

2206 5400 2341 5477 yid}:
2363 5401 2651 5455 Aristidem
2672 5403 2725 5455 in
2746 5399 3041 5477 Rhodiaca.
3067 5402 3144 5477 De
3165 5402 3347 5477 hacre
3366 5407 3438 5459 nil
3457 5406 3651 5476 legitur
3667 5408 3810 5477 apud

2204 5471 2448 5547 bivium,
2483 5488 2657 5547 neque
2687 5472 2826 5547 apud
2859 5472 3231 5547 Plutarqhmp.
3261 5471 3810 5547 Atlamcnvtemplum

2205 5543 2434 5617 Yeneris
2476 5545 2655 5599 Calvae
2682 5543 3020 5617 irridetura
3058 5543 3431 5617 S:_Cypriano
3473 5549 3556 5603 his
3598 5543 3811 5607 verbis:

2206 5614 2332 5681 Est,
2360 5615 2534 5689 inquit
2554 5624 2643 5689 ,__et
2681 5615 2847 5670 Venus
2876 5615 3053 5689 Galba.
3088 5614 3257 5689 Mulio
3289 5618 3369 5672 hic
3397 5621 3599 5689 turpius
3628 5620 3805 5688 Calva,

2205 5703 2358 5763 quam
2382 5685 2520 5758 apud
2551 5685 2835 5763 Homerum
2848 5687 3141 5763 uulnerata.
3174 5688 3248 5745 De
3272 5685 3546 5747 eademet
3572 5685 3811 5763 loquitur

2207 5760 2563 5829 Augustinus,
2592 5769 2647 5815 et
2678 5758 2927 5828 Vegetius
2953 5759 3089 5815 libro
3114 5775 3189 5816 tv.
