4174 6200
399 306 507 365 229

402 516 554 572 illum
585 516 656 573 de
691 519 931 589 paternis
960 519 1203 575 faucibus
1249 520 1585 575 liberaverat.
1619 518 1783 575 Facto
1825 518 2005 587 itaque

403 609 689 681 Capitolio,
745 625 908 682 supra
961 613 1136 683 ipsum
1187 612 1501 668 Terminntn
1556 610 1797 667 foramen
1838 610 2005 666 estin

401 714 545 761 tecto
595 704 877 761 relictum:
932 713 989 761 ut
1030 705 1153 777 quia
1201 721 1306 761 non
1353 713 1612 771 cesserat,
1652 704 1821 761 libero
1865 703 2006 760 coelo

396 796 700 864 frueretur;
734 815 841 870 quo
870 815 937 855 ne
966 799 1069 870 ipsi
1115 799 1331 871 quidem
1363 799 1697 866 fruebantur,
1733 798 1821 870 qui
1872 798 2007 869 lapi-

397 888 522 945 dem
551 890 658 945 frui
689 899 1027 961 putaverunt.
1062 892 1128 947 Et
1172 892 1296 948 huic
1330 907 1460 963 ergo
1503 892 1715 963 publice
1743 892 2008 963 supplica-

394 992 574 1051 catur,
623 985 777 1055 quasi
831 985 1044 1041 custodi
1076 983 1263 1040 finium
1309 985 1446 1042 deo:
1495 985 1588 1057 qui
1641 1000 1748 1040 non
1796 993 2003 1040 tantum

395 1079 571 1150 lapis,
600 1078 696 1134 sed
728 1079 894 1134 etiam
942 1081 1112 1150 stipes
1163 1080 1437 1138 interdum
1487 1089 1591 1137 est.
1634 1078 1774 1149 Quid
1820 1079 1886 1135 de
1937 1079 2003 1135 iis

393 1171 596 1236 dicam,
626 1171 716 1242 qui
746 1170 932 1226 colunt
976 1172 1145 1228 talia?
1172 1171 1279 1230 nisi
1308 1174 1455 1245 ipsos
1480 1172 1824 1245 putissimum
1870 1173 2004 1244 lapi-

392 1266 492 1324 des
516 1282 582 1325 ac
606 1267 820 1340 stipites
844 1269 1008 1326 esse?

1472 304 1675 367 LIBER
1713 309 1753 366 Ι.
1788 306 1878 365 DE
1908 304 2134 365 FALSA
2174 302 2570 378 RELIGIONE.

401 422 568 486 nitur,
600 423 684 478 cui
713 437 822 479 non
858 424 1022 480 cessit
1057 423 1216 495 lapis,
1244 439 1307 482 ea
1339 424 1570 482 fortasse
1598 425 1811 493 fiducia,
1867 424 2009 496 quod
2037 424 2086 488 Α

3601 310 3710 371 230

2707 419 2933 479 CAPUT
2962 420 3107 479 XXI.

2114 511 2193 569 De
2217 514 2315 571 diis
2355 512 2702 570 Barbarorum
2731 514 3032 586 quibusdam
3064 512 3305 586 prapriis,
3338 524 3384 571 et
3410 532 3584 573 eorum
3624 534 3715 574 sa-

2523 608 2644 675 cris,
2677 624 2737 663 ac
2766 608 2941 663 itidem
2972 609 3035 663 de
3063 608 3332 665 Romanis.

2187 699 2429 755 Diximus
2460 700 2528 756 de
2558 700 2665 757 diis
2695 700 2851 771 ipsis,
2898 700 2989 772 qui
3017 702 3268 758 coluntur
3308 720 3323 759 :
3357 718 3502 760 nunc
3527 703 3595 761 de
3619 720 3711 761 sa-

2114 792 2223 847 cris
2247 806 2311 847 ac
2335 791 2611 863 mysteriis
2640 807 2832 848 eorum
2872 808 3043 864 pauca
3093 788 3318 849 dicenda
3358 803 3502 851 sunt.
3552 793 3712 867 Apud

2114 882 2344 956 Cyprios
2374 883 2665 941 humanam
2698 885 2935 940 hostiam
2967 884 3085 940 Jovi
3113 883 3355 944 Teucrus
3383 888 3713 960 immolavit;

2111 976 2272 1047 idque
2310 977 2635 1034 sacrificium
2668 977 2900 1049 posteris
2954 976 3211 1046 tradidit,
3260 981 3401 1050 quod
3431 990 3513 1037 est
3542 998 3715 1054 nuper

2106 1069 2381 1127 Hadriano
2413 1073 2715 1143 imperante
2760 1072 3054 1128 sublatum.
3086 1072 3221 1156 Erat
3245 1074 3330 1130 lex
3381 1074 3520 1147 apud
3568 1074 3713 1132 Tau-

2105 1178 2219 1230 ros,
2249 1164 2602 1221 inhumanam
2632 1175 2687 1223 et
2707 1166 2874 1222 feram
2897 1176 3134 1237 gentem,
3165 1168 3241 1224 uti
3271 1169 3452 1225 Diana:
3472 1168 3715 1241 hospites

2105 1255 2554 1324 immolarentur;
2596 1268 2650 1315 et
2680 1258 2734 1314 id
2784 1258 3113 1315 sacrificium
3142 1261 3330 1317 multis
3381 1266 3715 1334 temporibus

2105 1349 2442 1406 celebratum
2464 1360 2568 1407 est.
2595 1351 2733 1408 Galli
2758 1352 2959 1408 Hesum
2985 1361 3147 1424 atque
3169 1352 3449 1410 Teutatem
3476 1354 3714 1413 humano

2102 1456 2302 1498 cruore
2333 1443 2637 1514 placabant.
2665 1444 2777 1501 Nec
2807 1443 2984 1500 Latini
3023 1445 3244 1517 quidem
3272 1443 3434 1518 hujus
3462 1446 3715 1504 immani-

2107 1537 2232 1592 tatis
2282 1548 2545 1611 expertes
2597 1538 2851 1609 fuerunt,
2903 1537 3173 1612 siquidem
3224 1534 3448 1597 Latialis
3497 1539 3709 1615 Jupiter

1759 1653 2123 1713 VARIORUM
2148 1655 2383 1713 NOTAE.

468 1767 652 1847 Libero
703 1768 828 1847 caelo
853 1774 1137 1847 frueretur.
1182 1766 1274 1847 Sic
1325 1768 1515 1847 Cicero
1540 1786 1593 1847 *ν
1621 1769 1860 1847 _T_uscul.
1907 1774 1995 1842 15,
2028 1782 2075 1842 Β
2175 1772 2444 1847 Teutatem
2489 1774 2716 1847 humano
2744 1789 2924 1847 cruore
2958 1774 3253 1847 placabant.
3305 1776 3403 1831 Hic
3452 1777 3706 1836 Tentates

402 1840 649 1917 Volneret
675 1841 800 1897 caelo
840 1840 946 1913 frui
972 1842 1150 1897 libero.
1212 1842 1405 1917 Senec.
1438 1842 1507 1917 ad
1539 1842 1728 1917 Polyb.
1754 1860 1872 1917 cap.
1902 1840 1996 1917 28,

393 1923 538 1970 extr.
571 1913 785 1969 Fruitur
809 1932 943 1968 nunc
962 1924 1140 1984 aperto
1164 1924 1208 1968 et
1239 1914 1395 1969 libero
1415 1915 1560 1970 culo.
1580 1913 1712 1971 Bnu.

470 1985 547 2059 Qe
572 1987 755 2059 sacris.
783 1984 1209 2059 Lege_Alex._ab
1233 1984 1495 2059 Alexand.
1547 1989 1595 2059 Ι.
1629 2005 1705 2056 vt,
1735 2005 1852 2059 cap.
1901 1991 1998 2046 ult.

393 2065 449 2113 et
481 2056 869 2129 Tiraquellum,
902 2057 1057 2112 Voss.
1112 2057 1150 2111 Ι.
1193 2072 1213 2112 t
1250 2056 1386 2112 Idol.
1410 2099 1425 2126 ,
1457 2074 1556 2126 cap
1585 2058 1677 2127 '55,
1705 2072 1760 2117 et
1790 2056 1881 2118 lib.
1927 2077 2000 2129 tt,

394 2139 450 2184 et
472 2126 633 2201 Cren.
670 2144 720 2201 p.
755 2145 812 2183 1x
832 2128 1105 2193 Animad.,
1138 2144 1191 2198 p.
1222 2129 1290 2201 ‘77
1333 2145 1451 2201 sqq.
1479 2129 1611 2184 BDN.
1666 2126 1669 2127 ν
1760 2142 1764 2148 ‘

470 2200 624 2270 Apud
651 2199 871 2270 Cyprios
918 2201 1201 2254 humanam
1250 2199 1490 2255 hostiam.
1538 2202 1612 2257 lta
1662 2204 2000 2260 restitnimns

395 2285 467 2326 ex
502 2272 754 2326 omnibus
798 2271 1178 2342 tuanuscriptis
1206 2273 1588 2327 vetustissimis
1616 2274 1860 2342 duobus,
1890 2277 1994 2332 sci-

397 2342 548 2415 licet.
596 2343 897 2415 tBonon.,
932 2360 967 2415 il
1021 2344 1179 2415 Reg.
1230 2351 1287 2415 et
1327 2344 1362 2398 6
1405 2344 1525 2398 aliis
1546 2344 1707 2414 Reg.,
1738 2346 1774 2400 2
1800 2348 1992 2415 Brun.,

397 2413 591 2486 (Iane,
622 2414 868 2486 [Colb.,
900 2414 1058 2486 Nam,
1090 2414 1228 2480 PaL,
1252 2414 1425 2484 Lips.,
1450 2414 1605 2481 Jun.,
1635 2413 1798 2477 Vict..
1832 2413 1991 2486 Pen.,

401 2484 564 2550 Ultr.,
595 2486 619 2539 1
648 2483 912 2553 Claram,
967 2485 1180 2550 Μαι-ιιι..
1236 2497 1291 2541 et
1321 2483 1466 2541 edit.
1518 2486 1677 2543 Rom.
1732 2490 1888 2554 1470,
1934 2483 1998 2544 ac

398 2554 602 2629 Gellar.
622 2555 841 2611 Addunt
862 2569 1032 2611 autent
1049 2573 1180 2629 mss.
1204 2556 1690 2629 Regio-Puteanus,
1709 2561 1742 2614 4
1765 2559 1943 2627 Colb.,
1960 2561 1997 2615 2

398 2627 575 2695 Lips.,
638 2631 662 2682 l
704 2629 967 2693 Glarom.,
1004 2630 1029 2683 1
1069 2627 1324 2693 ὃηιὺοηῖ,
1373 2630 1520 2694 Gat.,
1568 2641 1621 2684 et
1663 2632 1791 2686 edit.
1835 2632 1993 2687 ltum.

402 2700 561 2755 M68.
600 2700 654 2753 In
675 2702 878 2771 multis
930 2700 1088 2756 editis
1118 2709 1223 2765 est,
1259 2701 1411 2766 Apud
1456 2700 1613 2771 Cypri
1659 2704 1996 2759 Salaminam.

397 2771 629 2847 -f-Aptl_t_l
654 2769 872 2847 Cyprios
898 2772 1197 2847 humanam.
1226 2773 1367 2842 Epit.
1412 2788 1462 2847 cp.
1499 2769 1570 2827 25
1598 2791 1610 2827 :
1636 2775 1754 2829 Jovi
1775 2775 1994 2847 Cyprio,

399 2843 540 2897 sicut
569 2840 797 2897 Teucrus
825 2844 1130 2907 instituerat,
1176 2840 1403 2898 hutitana
1431 2845 1598 2899 hostia
1621 2840 1837 2901 mactari
1855 2840 1997 2903 sole;

402 2912 508 2967 bat.
540 2913 675 2968 Rem
701 2914 929 2968 illustrat
954 2914 1249 2970 Betuleius.
1274 2914 1409 2971 Bntt.

478 2959 1454 3054 Ῠεῖἔῗιὶἑξ’“ἧέεἶξιιῖιῖ’“έῖἑὲὖὲιῖ”ἰὲἰι.
1498 3002 1607 3049 κη.
1669 2988 1999 3046 Salaminem
2024 2959 2070 3022 (ἶ

396 3056 567 3129 ργριὶ
584 3072 616 3111 a
636 3056 849 3129 Teucro
869 3058 1094 3129 profugo
1114 3073 1236 3114 esse
1250 3057 1540 3113 conditam.
1565 3058 1771 3115 Teucer
1793 3070 1994 3129 autem,

398 3126 713 3199 Telamonis
732 3126 902 3199 ﬁlius,
930 3126 1184 3199 profugus
1212 3140 1349 3192 erat,
1373 3130 1514 3199 quod
1536 3130 1744 3186 Teucer
1769 3126 1995 3187 mortem

400 3198 589 3254 fratris
613 3199 696 3254 sui
711 3198 913 3269 Aiacis,
932 3198 1034 3271 qui
1059 3198 1269 3255 insidiis
1291 3198 1497 3271 Ulyssis
1524 3202 1824 3268 interierat,
1854 3205 2000 3260 ultus

398 3286 510 3325 non
539 3281 702 3335 esset,
751 3286 815 3325 ac
839 3273 957 3326 sine
999 3273 1118 3341 ipso
1166 3271 1433 3327 rediisset.
1461 3272 1729 3328 Caeterum
1757 3278 1872 3330 haec
1902 3276 2000 3330 hn-

400 3358 561 3414 mana
586 3343 1002 3414 Salaminiorum
1029 3343 1287 3414 sacrificia
1331 3343 1604 3414 antiquata
1652 3346 1864 3401 luerunt
1901 3348 2000 3402 sub

402 3412 668 3476 Adriano,
700 3423 837 3469 teste
859 3413 1189 3481 Marcellino,
1218 3413 1310 3469 lib.
1340 3429 1454 3469 xxv.

478 3483 752 3559 Hadriano
777 3487 1075 3559 imperante.
1101 3502 1230 3559 mss.
1250 3488 1285 3540 4
1307 3502 1438 3559 ree,
1463 3486 1526 3559 ab
1546 3485 1820 3542 Hadriano
1835 3490 2001 3559 impe-

399 3556 1011 3613 ratore.—-Hadriano...
1042 3558 1317 3611 sublatum.
1351 3558 1675 3612 Hadrianum
1706 3559 1822 3615 haec
1850 3556 2003 3616 sacra

399 3630 735 3699 antiquasse,
767 3644 944 3697 neque
963 3632 1100 3699 apud
1134 3630 1378 3695 Dionem,
1412 3646 1584 3699 neque
1604 3632 1745 3700 apud
1767 3632 2003 3700 Spartia-

401 3714 559 3767 num,
583 3715 684 3755 nec
705 3702 1017 3772 Eutropintn
1042 3702 1252 3772 legitur.
1275 3700 1543 3755 Eusebius
1556 3703 1762 3761 scribit.
1782 3702 2003 3758 Adriani

404 3772 742 3839 temporibus
762 3771 858 3825 has
885 3772 1034 3842 impii
1054 3771 1256 3827 erroris
1284 3772 1507 3826 nebulas
1536 3772 1843 3842 Evangelici
1871 3773 2005 3828 solis

400 3843 698 3911 splendore
725 3843 890 3897 fuisse
942 3845 1231 3898 discussus.
1287 3842 1578 3914 Eutropius
1608 3859 1737 3899 vero
1783 3843 2004 3914 Trajani

404 3915 741 3983 temporibus
769 3913 1113 3970 Salaminiam
1144 3916 1258 3985 (sic
1284 3916 1431 3970 enim
1461 3913 1646 3985 ipsum
1675 3930 1797 3971 cum
1829 3913 2004 3972 Plinio

407 3986 607 4057 vocat)
641 4002 669 4039 a
697 3985 900 4041 ludatis
930 3986 1163 4041 deletam
1191 3986 1379 4052 fuisse,
1407 3986 1483 4039 ait
1507 3987 1850 4056 Spartianus,
1878 3988 2002 4053 qui-

399 4056 529 4111 dem
574 4056 765 4112 auctor
794 4068 897 4124 est,
948 4056 1245 4112 Adrianum
1291 4057 1532 4111 Romana
1581 4057 1845 4112 sacrificia
1882 4059 2004 4113 dili-

401 4138 599 4201 genter
648 4144 902 4193 curasse,
955 4141 1210 4185 caeterum
1266 4137 1490 4201 externa
1545 4131 1866 4201 neglexisse.
1921 4130 2003 4185 Ex

402 4199 759 4269 ACIlSApOSl.
787 4216 905 4269 cap.
929 4217 1044 4262 χιιι,
1062 4212 1269 4256 certum
1284 4209 1366 4255 est
1386 4200 1609 4254 Paulum
1623 4199 1679 4255 et
1703 4201 2003 4256 Barnabam

401 4270 864 4344 SalatnitteCypri
888 4273 942 4344 in
968 4272 1265 4344 Synagogis
1283 4271 1406 4344 .lnd.
1427 4272 1645 4327 verbum
1678 4273 1772 4328 Dei
1794 4288 2005 4327 annun-

404 4343 591 4419 tiasse.
648 4342 779 4419 Haec
825 4358 857 4397 a
909 4342 1226 4400 Constantio
1270 4342 1583 4399 Constantia
1657 4343 1756 4399 fuit
1817 4352 2082 4419 posteal)

400 4415 696 4484 appellata.
727 4415 931 4470 BETUL.

480 4483 611 4539 Erat
643 4486 727 4541 lea:
745 4487 885 4556 apud
912 4485 1131 4541 Tauros.
1164 4485 1332 4556 llujua
1360 4501 1517 4541 sacra
1560 4483 1728 4540 refert
1757 4486 2004 4542 Pruden-

402 4555 517 4614 tius
545 4557 640 4613 lib.
670 4555 857 4613 contra
883 4555 1301 4629 Symmachum;
1333 4568 1388 4612 et
1411 4557 1708 4625 iuvenalis,
1730 4558 1884 4613 satir.
1917 4558 2003 4615 l5.

530 4649 786 4713 [acassam
808 4662 1024 4713 arguere
1042 4651 1143 4713 jam
1166 4648 1374 4698 Taurica
1396 4660 1532 4698 sacra
1554 4647 1789 4711 solemus,

529 4711 775 4763 Funditur
797 4710 1240 4763 buinanusLatiari
1261 4713 1311 4760 in
1336 4724 1545 4761 munere
1565 4717 1786 4773 sanguis.

403 4795 538 4850 llaec
590 4797 932 4851 Prudentius.
989 4796 1157 4866 Hujus
1183 4794 1433 4850 sacrificii
1478 4794 1657 4850 Thoas
1701 4810 1795 4851 rex
1821 4804 2009 4850 auctor

404 4869 541 4931 fuit;
562 4869 707 4923 unde
722 4887 751 4922 ιι
774 4869 908 4924 Silio
928 4869 1104 4922 italico
1125 4867 1287 4921 Diana
1307 4867 1348 4920 Τ
1356 4869 1582 4920 ltoantea
1604 4877 1843 4921 vocatur.
1875 4866 2007 4923 Vide

402 4948 463 4994 et
491 4938 845 5009 Pomponium
884 4940 1097 4995 Melam.
1144 4940 1234 4993 lib.
1262 4953 1318 5002 tt,
1352 4939 1525 5010 capite
1550 4939 1618 4993 de
1640 4937 1857 5010 Scythia
1897 4939 2007 4993 Eu-

398 5011 820 5079 ropam—Erat
837 5012 922 5065 lea:
935 5013 1075 5082 apud
1097 5010 1310 5064 Tauros.
1330 5009 1586 5082 Populum
1602 5009 2005 5082 supraPontum

398 5082 702 5137 Euxinum.
730 5081 950 5138 Ovidius
970 5080 1130 5138 exsul
1152 5083 1244 5137 lib.
1276 5096 1326 5135 tv
1355 5080 1542 5144 Trist.,
1576 5082 1724 5151 Eleg.
1749 5081 1876 5147 ὼν.
1905 5081 2003 5136 0'5:

532 5172 642 5225 Nec
667 5174 882 5231 procula
902 5174 1043 5224 nobis
1065 5173 1204 5224 locus
1228 5177 1323 5233 est,
1347 5171 1432 5222 ubi
1458 5179 1511 5222 et
1532 5170 1736 5233 Taurica
1754 5171 1859 5221 dira

599 5237 742 5289 Caede
770 5238 1065 5301 pharetratae
1089 5232 1409 5301 pascitnrara
1432 5234 1559 5285 deat.
1657 5232 1799 5285 Οειι.

482 5321 622 5378 Galli
650 5321 866 5377 Hesum.
900 5321 1101 5377 Lucan.
1136 5322 1173 5376 1.
1203 5338 1240 5378 t.
1270 5319 1513 5374 Pharsal.
1545 5317 1717 5375 Hesus
1752 5315 1841 5373 hic
1868 5314 2006 5373 Mars

400 5404 509 5450 est.
570 5394 849 5466 Significat
895 5395 1088 5449 fortem
1130 5394 1182 5448 in
1235 5392 1472 5466 Hebraeo
1511 5390 1783 5466 idiomate.
1832 5387 2007 5466 Hesus

402 5468 553 5523 enim
581 5460 747 5522 robur
777 5475 878 5521 est.
909 5467 1048 5520 Mars
1072 5476 1251 5521 autem
1273 5462 1566 5520 secundum
1594 5461 1840 5516 ethnicos
1863 5460 2006 5515 bello

402 5537 666 5609 pra-sidat
689 5557 703 5590 :
730 5552 1073 5609 consequens
1096 5537 1258 5609 igitur
1284 5543 1367 5590 est
1396 5541 1455 5588 ut
1485 5532 1636 5609 fortis
1663 5532 2004 5609 sit._Edessa:

401 5604 465 5681 in
490 5609 872 5681 Slesopmamia
904 5604 957 5664 in
987 5604 1141 5664 Solis'
1159 5608 1360 5681 templo
1379 5619 1408 5659 a
1428 5604 1806 5681 vetustissimis
1834 5614 2005 5681 saecu-

402 5680 479 5736 lis
505 5674 786 5759 colebatur
813 5680 993 5750 Belus,
1025 5681 1139 5759 s_iye
1169 5674 1297 5736 Sol':
1325 5678 1643 5759 juxtaﬁentn
1682 5674 1999 5741 Mercurius,

402 5767 574 5824 quem
597 5750 915 5819 Monimum,
941 5745 1010 5824 et
1046 5752 1210 5824 Mars,
1249 5745 1408 5820 quem
1444 5745 1683 5805 rEzizum
1728 5760 2004 5818 nuncupa-

404 5820 561 5893 Bant,
590 5824 746 5881 simul
770 5822 1150 5882 adorabantnr.
1177 5820 1462 5881 Sextantes.

2107 1859 2191 1901 eat
2218 1846 2535 1901 Mercurius.
2574 1846 2777 1919 Livius,
2807 1846 2901 1919 lib.
2953 1846 3114 1919 tim:
3163 1846 3342 1919 Scipio
3377 1848 3431 1903 in
3454 1852 3706 1906 tumulum

2108 1919 2347 1990 obversus
2373 1959 2388 1984 ,
2417 1916 2920 1990 quenrdlercurium
2953 1917 3212 1990 Teutatem
3250 1916 3533 1990 appellant.
3563 1920 3707 1977 Teu-

2108 1998 2245 2043 tates
2286 1989 2466 2058 itaque
2492 1985 2661 2043 Gallis
2692 1988 2857 2052 idem,
2890 1988 2979 2057 qui
3008 1985 3354 2044 Phtnnicib'n's
3375 1991 3622 2056 Τάαυτος.
3652 2003 3709 2049 et

2106 2057 2386 2132 {Egyptiis
2412 2057 2640 2132 Tltoutb,
2663 2060 2753 2132 vel
2776 2057 2980 2132 Tlteutlt
2991 2071 3052 2132 et
3072 2058 3273 2126 Thotlt,
3304 2064 3372 2116 de
3402 2079 3508 2132 quo
3537 2064 3707 2119 fusius

2106 2129 2253 2187 ante.
2288 2130 2554 2184 Minucius
2582 2129 2732 2184 Felix
2763 2129 2929 2184 refert
2958 2129 3136 2185 Gallos
3166 2129 3433 2186 Mercurio
3452 2137 3706 2191 humanas

2106 2205 2337 2257 victimas
2358 2202 2570 2256 credere.
2597 2200 2825 2273 Tertull.
2845 2200 3052 2273 ;_Major
3070 2213 3194 2257 tetas
3219 2207 3358 2273 apud
3373 2203 3551 2261 Gallos
3566 2206 3618 2260 Μ
3627 2224 3708 2262 er-

2102 2275 2247 2328 curio
2277 2282 2591 2344 prosecatur.
2612 2343 2615 2344 7
2640 2272 2715 2327 De
2743 2270 2911 2344 Gallis
2941 2274 3122 2344 Gaesar
3150 2273 3224 2330 lib
3251 2270 3302 2329 vt
3330 2275 3399 2332 de
3422 2276 3561 2332 bello
3582 2278 3708 2333 Gal~

2104 2347 2210 2400 fico
2235 2363 2249 2400 :
2278 2342 2447 2418 Deum
2476 2343 2699 2398 maxime
2718 2342 2902 2418 _colun_t
2951 2342 3333 2418 Mercurium...
3374 2364 3465 2418 pro
3492 2350 3709 2406 victimis

2104 2417 2345 2489 homines
2376 2416 2667 2489 immolant.
2714 2415 2817 2489 Per
2862 2412 3108 2489 D‘ruidas‘
3136 2416 3241 2489 illa
3276 2412 3430 2474 sacra
3471 2418 3707 2489 fiebant;

2105 2488 2246 2544 idem
2280 2487 2478 2559 ibidem
2506 2505 2519 2559 ς
2572 2485 2665 2541 Illi
2706 2484 2723 2557 (
2754 2484 3003 2559 Druidae)
3032 2483 3180 2542 rebus
3209 2488 3394 2544 divinis
3434 2483 3704 2559 intersunt,

2103 2560 2362 2628 sacriﬁcia
2390 2558 2594 2629 publica
2620 2574 2680 2612 ac
2697 2558 2898 2629 privata
2939 2569 3237 2626 procurant,
3260 2561 3530 2629 religiones
3546 2558 3708 2618 inter;

2106 2628 2398 2701 pretantur.
2421 2631 2731 2697 Suetonius,
2763 2647 2792 2681 α
2820 2628 3037 2701 Claudio
3059 2630 3223 2684 diram
3256 2628 3389 2685 hanc
3414 2633 3709 2689 immanita-

2106 2700 2206 2757 tem
2235 2703 2437 2772 penitus
2457 2701 2709 2755 sublatam
2742 2700 2960 2772 scribit:
2992 2717 3082 2755 nec
3109 2701 3202 2756 sub
3241 2702 3462 2769 Tiberio,
3501 2705 3591 2761 sed
3616 2707 3708 2761 sub

2105 2770 2336 2845 Augusto
2384 2771 2573 2827 civibus
2613 2770 2958 2845 interdictum,
2990 2790 3052 2827 ne
3076 2772 3330 2845 hominem
3359 2775 3703 2831 innttolurent.

2105 2840 2332 2911 Plinius,
2364 2859 2542 2899 ncsvn
2567 2860 2710 2899 anno
2736 2840 2796 2899 U.
2822 2842 2884 2898 C.
2910 2842 3070 2899 Corn.
3102 2843 3353 2909 Lentulo,
3388 2846 3448 2902 Ρ.
3498 2845 3706 2903 Licinio

2103 2915 2300 2972 Crasso
2328 2931 2469 2970 coss.
2503 2916 3058 2988 senatusconsnltum
3080 2915 3278 2988 factum
3318 2932 3455 2988 esse
3510 2921 3703 2988 tradit,

2104 3004 2173 3043 ne
2210 2988 2375 3042 homo
2425 2987 2814 3041 immolaretur.
2852 2984 2983 3041 Vide
3028 2985 3197 3042 Betul.
3232 2998 3284 3042 et
3313 2984 3707 3046 Tertullianuni

2099 3058 2436 3130 Apologctici
2466 3074 2583 3129 cap.
2611 3058 2667 3124 8.
2696 3068 2860 3128 atque
2882 3056 3093 3112 Melam.
3121 3058 3195 3112 lib
3219 3072 3300 3115 ιιι.
3328 3061 3402 3116 De
3427 3063 3579 3118 hisce
3600 3064 3706 3120 diis

2102 3129 2339 3201 loquitur
2359 3129 2611 3187 Lucanus
2636 3130 2778 3186 libro
2807 3131 2977 3200 primo
3008 3130 3091 3184 bis
3113 3131 3291 3187 verbis
3315 3147 3331 3186 :

2260 3242 2322 3307 Et
2344 3243 2523 3307 quibus
2543 3243 2745 3292 immitis
2765 3240 2978 3307 placatur
3002 3243 3246 3307 sanguine
3267 3254 3395 3307 caeso

2256 3303 2517 3371 Tentates,
2548 3303 2864 3368 horrensque
2881 3304 3003 3354 feris
3018 3303 3254 3355 altaribus
3273 3305 3457 3421 Ηεὲιε.

3400 3386 3537 3422 erus.

2175 3449 2396 3505 Latialis
2450 3451 2677 3522 Jupiter.
2730 3450 2860 3505 Mss.
2903 3458 3131 3519 septem,
3171 3451 3418 3508 Latiaris.
3469 3454 3709 3522 Utraque

2175 3471 2396 3505 Latmus
2450 3471 2677 3522 θηριων.
2730 3471 2860 3505 MSS.
2903 3471 3131 3519 SCplCl",
3171 3471 3418 3508 ιηιιανιε.
3472 3471 3597 3509 Ull'a
3641 3471 3704 3512 ue

2104 3524 2265 3578 lectio
2291 3523 2450 3578 bona.
2483 3522 2679 3576 Notum
2721 3524 2869 3576 enim
2914 3531 2997 3575 est
3025 3523 3080 3577 in
3111 3525 3318 3578 Latinis
3342 3526 3492 3579 libris
3518 3536 3573 3581 ct
3600 3471 3704 3583 2a-

2103 3593 2243 3666 tialt's
2270 3602 2323 3650 et
2350 3593 2573 3666 Latiaris
2598 3592 2747 3666 Jovis
2785 3607 3084 3663 cognomen
3114 3595 3310 3649 scribi:
3344 3610 3510 3666 quare
3540 3602 3704 3656 etiam

2106 3665 2289 3742 Graeci
2309 3665 2607 3742 quidamjn
2636 3664 2739 3742 hac
2767 3679 2896 3719 voce
2922 3680 2948 3718 r
2970 3666 3329 3742 retinuerunt,
3356 3664 3413 3721 ut
3432 3668 3700 3742 Porphyr.

2106 3741 2226 3808 περὶ
2266 3739 2499 3808 ἀποχῆς.
2534 3736 2601 3791 Is.
2626 3736 2993 3791 Gesannoans.
3022 3736 3080 3808 In
3104 3737 3244 3792 hanc
3281 3736 3696 3801 abominandam

2106 3806 2533 3886 ἀνθρωποκὼνίαγ
2556 3808 2720 3886 etiam
2762 3806 3319 3886 GletnensAleaand.
3355 3812 3623 3886 invehitur
3647 3816 3702 3869 in

2105 3880 2483 3965 πρότρεπτιιεῷ.
2517 3880 3037 3965 ζιιιιυιῐιιιιιυιιιιξηυιι
3065 3880 3386 3962 sacrificium
3414 3898 3445 3937 a
3472 3882 3704 3965 Tarqui-

2107 3951 2196 4023 nio
2228 3951 2473 4022 Superbo
2524 3951 2581 4006 in
2620 3960 2809 4006 monte
2835 3952 3043 4007 Albano
3089 3954 3441 4007 constitutum
3489 3951 3703 4023 fuerat;

2108 4022 2234 4095 vide
2268 4025 2575 4095 Dionysium
2626 4023 2986 4095 Halicarnass.
3038 4023 3114 4078 lib
3141 4040 3177 4078 ι.
3208 4024 3428 4079 Infantis
3458 4025 3559 4081 hac
3587 4044 3706 4083 cre-

2107 4094 2334 4150 dulitate
2364 4094 2455 4148 ara
2492 4096 2672 4149 Dianae
2702 4094 2987 4150 Tauricai:
3024 4095 3183 4149 Pella:
3225 4097 3387 4151 etiam
3413 4095 3619 4163 ,Acbilli
3648 4108 3707 4155 et

2106 4163 2329 4222 Cliironi
2363 4167 2524 4220 homo
2580 4167 2990 4232 immolabatur;
3029 4166 3208 4221 Lesbii
3256 4170 3448 4222 eodem
3501 4183 3702 4237 genere

2109 4238 2447 4292 victimarum
2484 4238 2695 4292 Baccho
2726 4238 3117 4293 sacrificabant.
3148 4238 3285 4304 Quin
3322 4248 3376 4294 ct
3401 4238 3703 4295 Erechtcus

2108 4309 2336 4376 Atticus,
2381 4319 2435 4363 et
2463 4308 2662 4363 Marius
2694 4308 2985 4372 Romanus,
3020 4308 3161 4363 filias
3203 4309 3307 4377 ipsi
3350 4323 3475 4363 suas
3501 4322 3705 4366 macta-

2111 4389 2325 4443 verunt,
2359 4379 2451 4434 ille
2483 4380 2842 4449 Proserpinae,
2875 4381 2961 4434 hic
3005 4378 3109 4433 diis
3144 4376 3490 4435 Averruncis.
3521 4378 3702 4437 Arno-

2112 4451 2233 4506 bius
2263 4451 2357 4504 lib.
2388 4465 2427 4504 tt
2456 4446 2713 4506 adversus
2738 4446 2970 4505 Gentes:
3013 4452 3145 4504 Aule
3190 4453 3464 4505 adventum
3502 4452 3555 4506 iit
3591 4452 3705 4508 Ita-

2112 4524 2235 4577 liam
2265 4520 2525 4589 Herculis,
2552 4538 2667 4575 cum
2707 4537 2770 4574 ea:
2794 4520 3049 4590 Apollinis
3077 4524 3271 4575 monitu
3315 4524 3447 4592 patri
3495 4521 3606 4578 Diti
3642 4542 3703 4580 ac

2112 4593 2344 4650 Saturno
2364 4594 2604 4666 humanis
2641 4592 2893 4663 capitibus
2926 4593 3319 4662 supplicaretur.
3355 4595 3433 4650 De
3461 4595 3562 4650 hac
3589 4598 3704 4666 ipsa

2112 4666 2446 4720 immanitate
2475 4664 2671 4719 merito
2695 4670 3114 4734 conquerentem
3139 4666 3259 4720 vide
3278 4667 3437 4720 etiam
3466 4664 3704 4722 Athena-

2110 4750 2299 4864 ἔοι-ειη
2330 4736 2480 4792 Orat.
2505 4738 2639 4813 ὑπὲρ
2685 4744 3023 4817 χριστιανῶγ.
3055 4736 3216 4791 Multa
3263 4742 3576 4830 quoqne‘de
3616 4740 3701 4795 his

2163 4809 2311 4863 nseb.
2346 4810 2636 4864 Praznarat.
2675 4808 2927 4864 luvansrel.
2960 4809 3055 4862 ltb.
3086 4824 3161 4864 tv.
3190 4824 3310 4864 ean.
3338 4809 3423 4863 17.
3457 4808 3542 4863 Lx
3574 4809 3701 4864 Por-

2163 4809 2311 4863 nseb.
2346 4808 2636 4879 Praeparat.
2675 4808 2927 4878 Mangel.
2960 4809 3055 4862 lib.
3086 4824 3161 4873 tv,
3190 4824 3310 4879 cap.
3338 4809 3423 4863 17.
3457 4808 3542 4863 Ex
3574 4809 3706 4865 Por-

2113 4880 2304 4953 phyrio
2329 4890 2511 4935 narrat
2541 4881 2760 4953 Dionys.
2793 4879 3179 4953 Halicarnass.,
3206 4881 3244 4935 l.
3272 4896 3291 4934 ι
3316 4879 3695 4952 Rom.Antiq.,

2111 4948 2396 5007 Herculem
2420 4956 2470 5005 in
2493 4952 2661 5016 italia,
2680 4948 2895 5015 etalibi,
2924 4953 3061 5006 hanc
3085 4948 3202 5020 plus
3231 4967 3391 5022 quam
3411 4948 3700 5007 bellutna'm

2109 5023 2376 5078 feritatem
2429 5024 2732 5078 sustulisse.
2798 5022 3013 5079 Parens
3070 5024 3360 5079 PANTINUB.
3416 5053 3488 5065 -—
3519 5024 3698 5078 Bone-

2074 5108 2081 5111 ‘
2111 5110 2340 5149 manuus
2368 5094 2498 5166 legit
2526 5093 2772 5161 Latiaris,
2801 5109 3032 5166 eumque
3078 5110 3158 5166 sic
3205 5096 3382 5149 locum
3427 5104 3649 5166 annotat
3675 5111 3692 5149 :

2116 5186 2135 5219 ι
2169 5164 2640 5237 υοιι·θχι,ἰιιῳιὶι,
2687 5181 2752 5221 ex
2783 5164 2961 5221 Gothi
2977 5176 3033 5221 et
3064 5165 3225 5220 Gauci
3254 5181 3410 5230 mss.,
3451 5164 3698 5222 Latiaris.

2107 5238 2196 5294 Sic
2231 5253 2444 5309 quoque
2487 5236 2566 5293 Cl.
2608 5237 2834 5292 Puteani
2864 5253 2995 5292 mss.
3024 5238 3170 5292 Lact.
3206 5236 3273 5309 b._
3294 5237 3333 5290 ι.
3367 5245 3515 5309 teste
3536 5237 3699 5292 Lam-

2108 5310 2237 5365 biuo
2251 5306 2323 5365 ad
2347 5306 2460 5364 Cie.
2490 5325 2588 5379 pro
2604 5310 2799 5364 Milone
2816 5323 2865 5364 c.
2887 5309 2947 5364 Sl
2963 5348 2976 5363 .
3002 5310 3088 5363 ubi
3105 5323 3226 5363 cum
3242 5307 3393 5362 Grut.
3414 5318 3468 5362 et
3482 5306 3702 5365 Gratvio

2107 5396 2176 5437 ex
2199 5398 2301 5434 ms.
2328 5382 2632 5436 defenditur
2656 5395 2719 5436 ea
2746 5394 2870 5435 vox.
2896 5379 3070 5434 Etiam
3091 5380 3145 5433 in
3167 5379 3366 5433 Tauritt
3396 5381 3703 5451 epit.c.25.

2105 5451 2395 5506 -—Latialis
2423 5452 2626 5523 Jupiter
2653 5453 2942 5524 etiamnunc
2971 5452 3237 5524 sanguine.
3270 5451 3417 5508 Idem
3444 5454 3706 5524 objiciunt

2108 5525 2470 5596 ’l'ertullianus
2500 5522 2829 5596 'Apolog.c.
2865 5522 2928 5596 _9,
2975 5533 3029 5578 et
3067 5528 3118 5578 iu
3167 5522 3457 5594 Scorpiace
3501 5522 3621 5596 cap.
3646 5526 3700 5580 7.

2106 5596 2301 5652 Minue.
2323 5595 2470 5668 Felix
2487 5594 2722 5668 pag.297
2738 5594 2846 5667 (ubi
2862 5594 3228 5668 Elmenhorst.
3249 5596 3392 5668 vide)
3407 5594 3706 5652 etPruden-

2107 5669 2211 5723 tius
2225 5668 2343 5723 adv.
2365 5666 2674 5739 Symmacb.
2694 5667 2731 5721 l.
2752 5666 2798 5733 ι,
2827 5666 3022 5723 ν.596.
3057 5667 3215 5724 Ritus
3242 5682 3348 5722 non
3372 5666 3503 5724 satis
3517 5679 3700 5724 notus.

2108 5739 2330 5795 Videtur
2360 5742 2412 5794 iu
2438 5739 2871 5809 amphitheatrali
2902 5755 3147 5804 munere,
3177 5741 3487 5809 auspicandi
3514 5751 3698 5809 causa,

2106 5813 2300 5868 noxius
2328 5826 2423 5869 seu
2452 5808 2736 5870 damnatus
2749 5812 2971 5869 mactari
2982 5826 3081 5884 pro
3096 5808 3308 5868 victima
3322 5809 3529 5866 solitus.
3561 5808 3705 5886 Bon,
