4174 6200
382 340 484 398 241

1433 347 1634 405 LIBER
1672 349 1712 405 l.
1752 348 1843 407 DE
1880 347 2105 407 FALSA
2146 348 2541 410 RELIGIONE.

3585 362 3693 419 242

381 464 498 535 ipsa
518 462 781 520 declarat.
808 463 866 521 Si
886 462 1030 520 enim
1053 463 1307 537 princeps
1329 474 1414 522 est
1433 465 1663 535 Jupiter,
1686 476 1740 524 et
1759 466 1982 523 deorum
2009 470 2065 530 Α
2088 468 2352 538 praecipua
2383 470 2595 539 pietatis
2622 472 2867 542 exempla
2898 483 3247 540 numeratur,
3279 477 3369 547 qni
3395 493 3516 534 cum
3548 496 3691 552 pra:-

379 563 434 611 et
456 556 780 627 religionum
800 572 815 622 ;
844 556 889 611 si
911 565 1039 613 ante
1064 556 1212 613 illum
1231 556 1303 612 dti
1328 558 1783 615 nullicolebantur
1797 560 1977 631 vulgo,

376 649 501 720 quia
550 649 786 706 nondum
834 651 944 705 nati
999 650 1238 721 fuerant,
1284 655 1374 723 qui
1414 655 1701 721 coluntur;
1755 663 1980 725 apparet

375 738 603 798 Curetes
623 758 690 798 ex
719 740 935 799 diverso
963 744 1232 816 principes
1260 745 1431 802 fuisse
1453 746 1615 802 divini
1649 764 1755 803 non
1784 747 1978 803 intelli-

371 835 563 907 gendi,
614 851 712 906 per
761 852 896 908 quos
948 854 1102 896 error
1150 843 1324 896 omnis
1372 841 1623 898 inductus
1650 852 1764 910 est,
1797 853 1851 898 et
1883 843 1976 899 Dei

2083 568 2168 616 tor
2195 571 2371 628 esset,
2400 572 2574 618 tamen
2618 564 2898 621 lictoribus
2926 568 3321 636 priceuntibus,
3353 572 3527 627 ancile
3560 588 3686 643 por-

2083 655 2238 721 tavit,
2284 671 2405 711 cum
2438 656 2680 727 haberet,
2725 660 3069 730 magistratus
3116 661 3396 731 beneficio,
3436 667 3680 724 muneris

2080 745 2197 815 ejus
2249 749 2604 804 vacationem.
2652 749 2769 805 Non
2817 766 2945 822 ergo
2985 752 3076 807 ille
3123 752 3347 822 Furius,
3397 756 3493 811 sed
3522 759 3680 828 plane

2077 839 2313 895 furiosus
2342 841 2458 906 fuit,
2489 843 2578 912 qui
2608 853 2892 912 praeturam
2922 844 3028 901 hoc
3077 846 3376 903 ministerio
3392 864 3451 903 se
3471 852 3678 919 putavit

372 929 486 983 veri
534 932 796 985 memoria
850 930 1080 986 sublata.
1120 932 1196 988 Ex
1225 933 1357 1003 ipsis
1400 934 1580 1004 itaque
1623 934 1892 1007 mysteriis
1920 941 1977 991 et
2076 949 2291 990 ornare.
2324 935 2515 991 Merito
2544 936 2737 1008 igitur,
2767 952 2887 993 cum
2917 937 3087 994 haec'a
3121 939 3249 995 viris
3277 955 3381 995 non
3411 942 3675 1014 imperitis

369 1021 693 1076 ceremoniis
719 1021 1021 1093 intelligere
1044 1023 1365 1091 debuerunt,
1397 1025 1705 1081 hominibus
1735 1040 1795 1082 se
1826 1040 1968 1082 mor-

370 1113 477 1167 tuis
498 1113 820 1183 supplicare.
850 1113 966 1168 Non
999 1115 1158 1185 igitur
1187 1117 1365 1186 exigo,
1391 1126 1449 1172 ut
1471 1116 1665 1189 aliquis
1692 1127 1969 1187 poetarum

368 1204 681 1260 ﬁctionibus
711 1205 917 1261 credat.
946 1207 1046 1273 Qui
1074 1207 1178 1263 hos
1191 1209 1408 1264 mentiri
1433 1218 1619 1280 putat,
1650 1210 1970 1265 Pontiﬁcum

369 1297 611 1367 ipsorum
630 1300 827 1369 scripta
848 1300 1174 1366 consideret,
1193 1312 1245 1358 et
1276 1302 1534 1373 quidquid
1559 1314 1643 1358 est
1670 1303 1969 1359 litterarum

368 1392 442 1448 ad
459 1408 608 1447 sacra
635 1393 1015 1461 pertinentium
1048 1394 1286 1450 revolvat
1313 1412 1326 1448 :
1354 1395 1506 1477 plura
1534 1396 1783 1462 fortasse,
1805 1410 1967 1466 quam

367 1498 474 1538 nos
501 1484 801 1551 afferimus,
838 1486 1106 1553 inveniet,
1135 1501 1201 1541 ex
1228 1487 1419 1556 quibus
1455 1486 1752 1557 intelligat,
1783 1487 1965 1542 inania

362 1576 571 1647 inepta,
600 1578 965 1633 commentitia
990 1592 1113 1634 esse
1139 1579 1341 1644 omnia,
1362 1594 1482 1649 qua:
1507 1595 1601 1648 pro
1629 1580 1834 1634 sanctis
1862 1577 1961 1633 ha-

360 1666 579 1723 bentur.
606 1668 660 1725 Si
687 1668 808 1740 quis
832 1677 1035 1736 autem,
1055 1678 1308 1740 percepta
1335 1669 1618 1739 sapientia,
1651 1670 1965 1740 deposuerit

362 1776 643 1827 errorem,
694 1759 937 1832 profecto
992 1760 1190 1817 ridebit
1242 1761 1467 1832 ineptias
1511 1760 1786 1817 hominum
1822 1777 1962 1832 pene

357 1853 726 1920 dementiam;
759 1854 883 1910 illos
909 1854 1053 1921 dico,
1077 1855 1166 1925 qui
1199 1854 1281 1911 vel
1310 1854 1596 1911 inhonesto
1624 1856 1821 1911 saltatu
1854 1857 1949 1911 tri-

357 1948 606 2020 pudiant,
638 1948 724 2005 vel
752 1949 844 2021 qui
867 1949 1020 2018 nudi,
1050 1950 1220 2017 uncti,
1250 1950 1515 2018 coronati,
1546 1950 1840 2020 personati,
1869 1958 1962 2006 aut

354 2039 469 2096 luto
497 2041 653 2097 obliti
679 2051 920 2099 currunt.
950 2042 1090 2110 Quid
1119 2042 1189 2100 de
1214 2043 1380 2098 scutis
1405 2044 1515 2113 jam
1541 2050 1811 2099 vetustate
1855 2057 1957 2114 pu-

357 2133 513 2189 tridis
532 2133 749 2190 dicam?
773 2151 893 2207 qua:
914 2151 1035 2191 cum
1065 2145 1303 2207 portant,
1334 2135 1466 2192 deos
1492 2136 1636 2206 ipsos
1658 2151 1716 2192 se
1745 2144 1958 2207 gestare

352 2227 597 2284 humeris
620 2228 733 2284 suis
756 2228 1107 2284 arbitrantur.
1132 2228 1265 2284 Nam
1290 2228 1482 2285 Furius
1500 2228 1790 2285 Bibaculus
1814 2228 1958 2283 inter

2075 1043 2139 1084 ac
2167 1029 2389 1085 rudibus
2419 1030 2579 1096 ﬁant,
2614 1031 2896 1088 Lucretius
2924 1033 3195 1089 exclamat
3227 1053 3242 1088 :

2197 1140 2238 1208 ρ
2259 1142 2433 1208 stultas
2452 1144 2700 1208 hominum
2720 1153 2932 1205 mentes,
2952 1160 2983 1196 ο
3002 1154 3206 1208 pectora
3230 1161 3361 1199 caeca
3381 1151 3393 1199 !

2197 1203 2432 1276 Qualibus
2452 1206 2503 1253 in
2527 1208 2748 1257 tenebris
2768 1209 2902 1267 vitze,
2923 1203 3224 1305 quantisque
3245 1211 3446 1273 periclis

2202 1265 2410 1305 ntlgtlnr
2433 1268 2523 1305 llnn
2543 1272 2632 1305 mni
2677 1271 3020 1305 nnnrlnnmnno
3044 1279 3115 1305 aut

2199 1265 2410 1328 Degitur
2432 1268 2524 1317 hoc
2542 1272 2652 1329 teri,
2677 1265 3020 1333 quodcumque
3044 1279 3121 1320 est
3142 1265 3152 1320 l

2070 1370 2200 1439 Quis
2231 1371 2346 1427 haec
2372 1372 2601 1429 ludibria
2630 1390 2735 1430 non
2760 1375 2962 1441 rideat,
2995 1377 3085 1447 qui
3111 1376 3305 1433 habeat
3342 1378 3544 1449 aliquid
3573 1396 3665 1436 sa-

2071 1462 2300 1519 nitatis?
2344 1478 2470 1519 cum
2513 1464 2694 1520 videat
2738 1467 2987 1522 homines
3009 1467 3159 1523 velut
3188 1478 3368 1525 mente
3391 1479 3578 1542 captos
3605 1487 3672 1528 ea

2068 1557 2211 1617 serio
2262 1554 2477 1621 facere,
2513 1574 2633 1627 qua:
2670 1560 2715 1614 si
2764 1560 2884 1629 quis
2912 1560 3069 1616 faciat
3095 1561 3147 1616 in
3180 1562 3297 1619 lusu
3319 1605 3335 1629 ,
3364 1564 3525 1620 nimis
3552 1564 3659 1622 las-

2065 1650 2217 1705 civus
2245 1659 2299 1706 et
2329 1652 2541 1723 ineptus
2561 1667 2683 1709 esse
2710 1653 2981 1709 videatur.

2639 1786 2870 1843 CAPUT
2926 1786 3092 1842 XXII.

1988 1896 2037 1956 B
2137 1898 2274 1968 Quid
2300 1908 2477 1954 auctor
2499 1901 2862 1973 praedictarum
2890 1903 3171 1956 vanitatum
3199 1904 3251 1957 in
3279 1902 3441 1960 Italia
3473 1909 3615 1978 apud

2242 1991 2504 2047 Romanos
2535 1992 2710 2063 fuerit,
2739 2003 2787 2047 et
2815 1995 2929 2064 quis
2957 1994 3099 2065 apud
3126 1994 3256 2049 alias
3285 2007 3478 2067 gentes.

2133 2131 2331 2189 Harum
2364 2134 2658 2190 vauitatum
2684 2134 2823 2204 apud
2852 2134 3124 2192 Romanos
3163 2144 3354 2193 auctor
3380 2147 3437 2195 et
3459 2140 3664 2196 consti-

2061 2233 2205 2282 tutor
2243 2227 2478 2283 Sabinns
2521 2226 2613 2283 ille
2652 2241 2749 2284 rex
2779 2227 2908 2297 fuit,
2944 2230 3032 2300 qui
3064 2232 3298 2288 maxime
3325 2231 3536 2290 animos
3558 2234 3664 2290 ho-

1698 2361 2063 2421 VARIORUM
2099 2360 2328 2418 NO‘l'jE.

346 2516 756 2576 componentem,
789 2519 896 2561 non
922 2514 1299 2575 componentes,
1350 2505 1515 2570 lovis,
1549 2516 1654 2576 non
1677 2503 1794 2576 logi
1817 2500 1957 2576 scri-

343 2572 587 2633 bendum
606 2593 729 2632 esse
744 2572 841 2633 res
870 2579 982 2647 ipsa
1008 2572 1224 2636 clamat:
1251 2591 1356 2631 non
1378 2576 1522 2631 enim
1552 2572 1955 2647 voluitSallus-

345 2650 459 2705 tius
506 2665 534 2704 a
590 2642 1250 2705 Curetibus'vetuSIatetn
1278 2691 1291 2713 ,
1337 2647 1432 2701 sed
1488 2646 1665 2717 potius
1694 2642 1952 2717 Curetum

340 2720 486 2777 illud
529 2730 582 2775 et
626 2721 864 2776 iuventte
894 2729 948 2774 et
974 2719 1265 2774 intellecta:
1304 2714 1582 2788 religionis
1619 2717 1854 2788 factum,
1883 2714 1952 2769 ab

340 2793 462 2863 ipsa
495 2801 761 2849 vetustate
790 2792 842 2846 in
866 2790 1039 2859 majus
1057 2790 1218 2863 fuisse
1231 2786 1611 2863 compositum;
1639 2803 1740 2857 qua
1760 2786 1948 2863 eadem

342 2858 517 2940 prope
545 2863 800 2940 loquendi
834 2858 1047 2940 ratione
1070 2861 1199 2916 alibi
1222 2861 1562 2940 Sallustius,
1591 2872 1822 2940 cumque
1844 2858 1946 2940 ..ιιὶ

341 2931 528 2999 fallor,
554 2937 789 2989 imitatus
816 2934 1005 2988 doctus
1036 2944 1188 3002 poeta
1213 2932 1556 3002 Claudianus,
1578 2932 1679 2996 usi,
1702 2931 1756 2983 iu
1778 2931 1945 3002 mqjus

337 3006 597 3060 celebrare
622 3007 895 3061 dixerunt.
925 3001 1146 3061 Sallust.
1175 3003 1448 3076 Jugurth.,
1472 3001 1798 3058 Claudianus
1842 3001 1945 3054 Pa-

339 3093 463 3149 gyr.
499 3076 586 3132 Ea:
603 3078 763 3133 Ιειεο.

416 3169 641 3225 Curetes.
688 3170 816 3225 Mss.
845 3170 881 3224 2
934 3169 1093 3239 Reg,
1142 3170 1166 3223 1
1218 3166 1371 3225 Colb.
1400 3169 1641 3224 etBrun.
1670 3210 1684 3229 .
1709 3165 1941 3239 Curetas.

415 3241 687 3311 Principes
717 3241 872 3313 fuisse
898 3238 1057 3295 divini
1088 3257 1190 3313 non
1220 3240 1560 3313 intelligendi.
1572 3311 1580 3313 _
1612 3238 1744 3313 Dicti
1790 3238 1943 3313 codi-

334 3328 433 3367 ces
454 3310 646 3368 iterum
684 3310 738 3366 h.
765 3313 827 3377 1.,
860 3313 1021 3366 divini
1041 3353 1056 3376 ,
1090 3312 1140 3366 id
1168 3322 1251 3367 est
1277 3353 1290 3375 ,
1318 3310 1424 3366 non
1461 3310 1676 3366 dedisse
1701 3310 1942 3365 intellec-

335 3394 477 3449 tum,
512 3385 857 3454 notitiamque
890 3384 983 3439 Dei
1008 3384 1295 3454 cultusque
1321 3382 1519 3451 divini,
1553 3382 1647 3438 sed
1695 3395 1938 3438 errorem

334 3455 638 3511 induxisse.
667 3456 942 3511 Bessum.

411 3545 545 3601 Illos
581 3548 714 3602 dico.
759 3547 883 3601 Mss.
940 3548 964 3601 l
1007 3544 1196 3615 Colb.,
1241 3546 1484 3601 Brun.et
1511 3544 1638 3600 edit.
1674 3543 1934 3610 Tornes.,

332 3617 563 3682 Cellar.,
586 3619 805 3685 Soubr.,
835 3618 1069 3680 Waleh.,
1099 3619 1308 3673 illorum
1330 3619 1463 3671 dico.

412 3688 619 3745 Saltatu
650 3689 948 3760 tripudiant.
980 3690 1151 3745 Salios
1173 3691 1340 3743 innuit
1388 3688 1574 3742 Martis
1622 3685 1931 3740 sacerdotes.

331 3760 506 3815 [satus
533 3760 587 3814 in
617 3760 804 3825 60th.,
823 3761 976 3815 saltu.
1011 3762 1290 3817 Bessum.

331 3830 592 3958 rbNudi,
646 3843 749 3889 etc.
801 3832 838 3887 li
886 3842 1010 3887 sunt
1054 3833 1323 3904 Luperci,
1369 3832 1517 3903 juxta
1551 3827 1681 3885 illud
1703 3828 1931 3898 Virgilii,

358 3922 369 3956 ι
415 3920 477 3958 ro
496 3919 586 3958 vnt
618 3923 629 3958 :

358 3919 477 3959 ιι)Γο
496 3919 586 3959 VIII
618 3923 629 3958 ε

458 4016 588 4083 ῌὶιω
611 4017 893 4069 exultantes
906 4018 1082 4079 Salios,
1106 4021 1360 4083 nudosque
1383 4017 1650 4081 Lupercos,

459 4080 836 4144 lanigerosque
857 4084 1040 4145 apices,
1065 4091 1118 4133 et
1134 4083 1267 4147 lapsa
1279 4080 1468 4132 ancilia
1483 4082 1628 4133 caelo.

405 4188 509 4239 Aut
536 4187 644 4240 luto
676 4186 839 4240 obliti.
869 4187 996 4241 Mss.
1031 4188 1065 4242 4
1092 4202 1202 4242 rec.
1232 4228 1246 4252 ,
1275 4187 1493 4242 obliniti.
1526 4187 1702 4243 Salios
1732 4197 1786 4245 et
1825 4189 1931 4245 Ltt-

325 4271 523 4327 percos
548 4256 633 4311 hic
652 4258 913 4329 designat.
939 4259 1224 4314 BUNEIAI.

402 4348 542 4414 Quid
561 4352 624 4402 de
649 4352 835 4421 scutis.
860 4360 962 4407 etc.
1013 4350 1139 4407 ibeo
1166 4361 1319 4407 erant
1356 4352 1606 4418 Anoplia.
1652 4351 1837 4421 Virgil.
1873 4353 1924 4407 in

329 4421 438 4475 fine
488 4436 581 4474 vttt
630 4419 850 4477 Aineid.
906 4424 1065 4478 Erant
1111 4423 1197 4477 illa
1242 4434 1388 4479 scuta
1431 4423 1499 4479 ad
1530 4419 1923 4478 formam‘scuti

327 4491 549 4556 brevis,
604 4508 699 4547 seu
748 4494 935 4548 ancilis
980 4495 1119 4550 illius
1146 4512 1176 4549 c
1206 4495 1378 4561 caelo,
1411 4505 1468 4550 ut
1509 4495 1707 4562 fertur,
1739 4494 1923 4549 Numae

326 4563 664 4635 tempqribns
693 4564 920 4635 delapsi,
954 4567 1021 4619 ab
1047 4581 1220 4635 eoque
1250 4566 1586 4631 consecrati,
1613 4564 1915 4621 eﬂ'ormata.

328 4632 465 4689 Vide
495 4633 708 4688 Festum
740 4644 794 4688 et
819 4632 1169 4693 Plutarchum
1201 4639 1252 4692 in
1280 4639 1469 4693 Numa.

407 4705 538 4777 Deos
561 4707 701 4772 ipsos
726 4723 779 4760 se
804 4718 1001 4777 gestare
1023 4710 1244 4763 humeris
1269 4712 1373 4764 suis
1401 4709 1728 4763 arbitrantur.
1770 4707 1921 4763 Sicut

320 4776 499 4832 Judzri
547 4778 740 4832 Arcam
789 4776 1004 4834 finderis
1028 4790 1239 4849 gestare
1271 4782 1546 4847 solebant,
1578 4780 1648 4834 ita
1680 4778 1918 4835 Gentiles

322 4863 515 4903 Corum
548 4864 697 4903 sai-ra
721 4865 840 4919 qua:
864 4861 1123 4905 noverant
1147 4861 1273 4906 sunt
1292 4853 1503 4917 imitati,
1520 4860 1679 4921 atque
1693 4852 1915 4906 deorum

319 4934 550 4992 suorum
611 4921 866 4991 insignia,
917 4938 1100 4987 arma,
1146 4926 1227 4977 vel
1270 4925 1533 4992 praecipua
1566 4923 1917 4976 instrumenta

320 4990 457 5043 olim
491 4989 738 5063 ferebant
761 4993 812 5045 in
846 4993 1055 5062 pompis
1077 5002 1130 5047 et
1157 4989 1634 5063 supplicationibus
1654 5036 1667 5056 ,
1698 5008 1913 5048 eornm-

320 5077 432 5130 qttc
464 5062 746 5133 simulacra
777 5065 1014 5119 humeris
1046 5062 1385 5133 hajulaliant,
1416 5080 1535 5118 cum
1570 5066 1915 5130 lustratione,

319 5132 652 5202 quandoque
679 5149 798 5206 cum
828 5135 1049 5199 litaniis,
1074 5132 1278 5206 jejunio
1307 5137 1392 5192 vel
1419 5136 1763 5200 abstinentia,
1784 5151 1919 5206 non-

323 5219 604 5273 nunquam
634 5222 754 5259 t-nm
775 5205 976 5260 latione
997 5205 1408 5261 simulacrorum
1436 5210 1484 5260 in
1509 5206 1648 5268 lacu,
1668 5205 1919 5261 omnibus

2061 2516 2200 2576 mum
2226 2500 2322 2576 ,_in
2343 2515 2442 2570 qua
2472 2501 2961 2576 prmibanLillorum
2989 2503 3087 2572 ﬁlii
3124 2506 3377 2574 pubertati
3416 2509 3658 2576 proximi.

2058 2571 2126 2647 Et
2172 2571 2328 2647 infra,
2357 2587 2489 2647 pag._
2507 2572 2615 2647 478
2649 2592 2662 2628 :
2699 2571 2997 2647 Extremum
3022 2571 3227 2647 pompa:
3246 2571 3427 2647 agmen
3450 2580 3660 2635 claude-

2057 2642 2177 2718 bant
2206 2641 2416 2696 deorum
2435 2641 2723 2718 simulacra
2745 2685 2761 2709 ,
2813 2661 2926 2713 qua:
2971 2641 3194 2702 [alitteris
3241 2641 3602 2718 bajulabantur
3626 2668 3660 2705 a

2054 2714 2209 2791 uiris;
2236 2729 2446 2784 eamque
2463 2715 2806 2791 praeferebant
2829 2718 3068 2791 formam,
3102 2734 3201 2791 qua
3232 2714 3497 2787 ﬁnguntur
3515 2724 3658 2791 apud

2056 2784 2259 2837 Graecos
2284 2784 2553 2862 ,_eumdem
2583 2786 2988 2862 etiam__ltabitum
3010 2828 3026 2851 ,
3080 2784 3355 2862 eademque
3397 2784 3653 2862 insignia,

2051 2872 2265 2908 munera
2304 2856 2421 2927 item
2447 2870 2560 2921 qua:
2580 2857 2771 2927 singuli
2799 2858 3049 2912 invenisse
3077 2868 3224 2927 atque
3254 2856 3540 2916 hominibus
3560 2856 3653 2918 doé

2052 2943 2200 3001 nasse
2226 2925 2590 3001 traduntur....
2623 2926 2843 3001 Peracta
2874 2944 3061 3001 pompa
3081 2925 3347 3001 confestim
3391 2936 3655 3000 sacriﬁca-

2051 2996 2174 3052 bant
2201 2997 2433 3069 cousules
2460 2996 3135 3069 sacerdotesque.Ettstath.
3161 2996 3224 3055 ad
3249 3002 3469 3059 Homeri
3494 2996 3647 3061 Iliad.

2050 3084 2089 3134 ι,
2118 3085 2169 3121 v.
2197 3069 2322 3123 422.
2352 3067 2642 3123 Christiani
2677 3067 2906 3137 pariter,
2961 3071 3027 3126 ad
3082 3071 3432 3128 Hebraeorum
3459 3091 3650 3131 exem-

1973 3132 2017 3196 C
2054 3132 2217 3208 plum,
2249 3147 2304 3194 et
2332 3132 2751 3209 supplicationes
2781 3150 2835 3196 et
2863 3132 2964 3196 alia
2997 3156 3148 3197 sacra
3193 3145 3454 3200 fecerunt.
3485 3145 3648 3203 Multa

2051 3210 2524 3287 i_nltune‘modurn
2560 3211 2679 3287 lege
2710 3213 2761 3266 in
2797 3212 3025 3287 epistola
3074 3215 3107 3269 5
3152 3214 3330 3284 Vigilii
3352 3257 3377 3287 ,ί
3401 3217 3641 3287 episcopi

2046 3280 2378 3359 Tridentini,
2399 3282 2473 3359 ad
2493 3280 3327 3359 S_._.loam_t_eniChrysostomum,
3351 3286 3417 3359 de
3436 3280 3642 3359 Mart)"-

2045 3355 2126 3407 rio
2151 3356 2245 3409 SS.
2275 3353 2499 3421 Sisinni,
2520 3353 2778 3425 Martyrii,
2805 3363 2855 3410 et
2878 3352 3189 3421 Alexandri,
3214 3352 3638 3428 Anagniensiuin

2045 3435 2363 3480 tnartvrum.

2117 3484 2452 3550 Numeratur.
2503 3495 2689 3551 Mss.i
2748 3496 2908 3550 Colb.
2968 3504 3023 3552 et
3071 3496 3261 3561 Brun.,
3308 3508 3638 3553 memoratur.

2115 3566 2309 3620 Ancile.
2340 3565 2593 3637 Figuram
2618 3567 2865 3637 ancilium
2894 3566 3003 3620 vid.
3036 3567 3087 3621 in
3116 3568 3310 3623 Grmvii
3343 3568 3506 3624 Floro
3536 3570 3575 3624 l.
3601 3587 3641 3634 ι,

2039 3651 2090 3692 c.
2119 3638 2175 3701 2,
2204 3653 2254 3707 p.
2289 3638 2378 3696 16.
2403 3636 2491 3692 ed.
2524 3636 2794 3693 Wetsten.
2824 3636 2978 3693 Conf.
3004 3638 3186 3695 Pitisci
3212 3639 3275 3693 L.
3302 3638 3367 3694 A.
3403 3641 3467 3694 Β.
3503 3649 3636 3695 tom.

2036 3724 2075 3774 ι,
2109 3707 2203 3764 fol.
2233 3709 2323 3764 92.
2348 3709 2628 3763 Buunuau.

2112 3777 2469 3851 Magistratui.
2517 3780 2575 3853 Id
2625 3791 2739 3844 est,
2783 3791 3068 3851 praeturae;
3094 3798 3161 3837 ne
3187 3782 3329 3853 quis,
3359 3792 3637 3840 ntnostraa

2038 3849 2223 3906 aetatis
2256 3867 2373 3907 mos
2394 3861 2480 3906 est
2500 3893 2514 3915 ,
2537 3849 2606 3906 de
2627 3849 2856 3920 collegio
2887 3863 3107 3908 senatus
3128 3849 3322 3921 capiat.
3351 3853 3632 3910 Bonnam.

2108 3923 2217 3995 Ille
2259 3921 2575 3990 Furius,sed
2595 3923 2747 3993 plane
2774 3923 3022 3995 furiosus.
3047 3925 3300 3982 Alludere
3331 3925 3544 3981 videtur
3567 3926 3635 3982 ad

2035 3994 2162 4050 illttd
2188 3994 2359 4050 Ovidii
2391 4012 2405 4050 :

2220 4108 2315 4161 Cur
2339 4122 2436 4172 ego
2457 4122 2554 4159 non
2577 4109 2737 4160 dicam
2765 4122 2776 4157 :
2796 4108 2964 4172 Furia,
2992 4113 3046 4160 te
3063 4108 3240 4159 furiam
3255 4108 3280 4159 τ
3312 4109 3570 4161 Fasncms.

2033 4222 2106 4233 --
2152 4193 2227 4248 De
2257 4194 2422 4249 Furio
2446 4194 2699 4249 Bibaculo
2724 4194 2984 4265 legendus
3027 4194 3206 4250 Valcr.
3237 4193 3502 4249 Maximus
3530 4195 3622 4252 lib.

2032 4279 2071 4332 ι,
2100 4279 2216 4334 cap.
2239 4269 2290 4329 l,
2319 4267 2553 4334 exempl.
2578 4266 2665 4320 11.

2103 4336 2369 4391 Lucretius
2396 4337 2665 4391 exclamat.
2699 4336 2816 4391 Lib.
2852 4353 2910 4394 ιι.
2936 4352 2985 4389 v.
3025 4336 3110 4390 14.
3145 4334 3308 4391 CsLL.

2107 4407 2152 4460 Ο
2179 4408 2359 4461 stultas
2386 4408 2649 4461 hominum
2671 4417 2859 4462 mentes
2877 4408 2898 4461 .'
2931 4408 3003 4461 Ita
3036 4422 3156 4461 cum
3184 4406 3433 4462 omnibus
3459 4406 3623 4463 editis

2032 4479 2208 4532 cuncti
2257 4478 2423 4531 ferme
2452 4493 2583 4532 mss.
2621 4477 2679 4533 ln
2710 4480 2735 4531 1
2772 4478 2904 4548 Reg.
2938 4478 3324 4543 vetustissimo,
3351 4479 3480 4532 etin
3505 4494 3620 4534 rec.

1948 4534 2003 4595 D
2029 4550 2063 4621 ig
2098 4548 2253 4603 Colb.
2286 4557 2340 4603 et
2368 4550 2393 4605 1
2424 4548 2590 4604 Brun.
2642 4559 2805 4620 atque
2851 4534 2992 4619 apud
3037 4534 3343 4603 Lucretium
3372 4548 3615 4621 legitur.,

2028 4618 2073 4674 0
2097 4622 2321 4675 miseras.

2097 4712 2349 4781 Qualibus
2378 4713 2433 4767 in
2461 4712 2695 4768 tenebris.
2724 4713 2815 4771 Sic
2840 4712 3250 4768 emendavimus
3278 4728 3343 4768 ex
3366 4713 3619 4770 omnibus

2023 4799 2160 4856 pene
2183 4798 2314 4838 mss.
2350 4793 2405 4838 et
2425 4786 2644 4856 optimis
2672 4784 2836 4841 editis
2864 4825 2877 4845 ,
2911 4785 3137 4854 ipsoque
3168 4785 3437 4840 Lucretio.
3486 4784 3546 4839 In
3586 4787 3622 4840 5

2022 4855 2180 4928 Colb.
2200 4864 2257 4928 et
2284 4856 2445 4928 editis
2465 4855 2674 4928 septem
2707 4866 2810 4919 est,
2838 4857 3152 4925 Quamlibet;
3185 4858 3242 4911 in
3269 4856 3428 4912 editis
3449 4856 3618 4928 Thys.

2023 4939 2075 4983 et
2096 4925 2259 4991 Gall.,
2290 4925 2578 4992 Quamlibet
2604 4929 2656 4981 in
2683 4931 2885 4992 teneris,
2914 4938 3186 4996 corrupte.

2094 4997 2303 5053 Rideat.
2339 4998 2820 5069 Mannscriptorum
2853 5009 2936 5055 est
2965 5010 3018 5054 et
3040 5000 3169 5055 edit.
3201 4998 3431 5055 Tornes.
3464 4996 3621 5053 Deri-

2023 5069 2140 5122 deat
2167 5081 2245 5122 est
2273 5069 2559 5125 editorum.

2098 5139 2297 5211 (labent
2322 5141 2539 5206 aliquid.
2567 5140 2759 5197 Cicero
2787 5156 2882 5211 pro
2910 5141 3180 5206 Marcello,
3207 5140 3306 5193 sub
3336 5142 3428 5195 lin.

2097 5210 2268 5265 Nimis
2298 5212 2537 5267 lascivus.
2585 5211 2661 5266 Ita
2703 5210 2892 5267 omnes
2941 5213 3068 5266 editi
3100 5227 3164 5265 ex
3199 5225 3329 5264 mss.
3364 5218 3561 5279 praeter
3591 5212 3615 5265 1

2023 5282 2231 5337 Bonon.
2264 5284 2433 5352 antiq.
2465 5294 2517 5335 et
2545 5284 2676 5338 edit.
2708 5283 2775 5336 Is.
2809 5286 2859 5337 in
2890 5282 3083 5351 quibus
3111 5291 3215 5341 est,
3247 5282 3617 5352 minussantts.

2022 5354 2264 5409 Carrioni
2312 5364 2366 5408 et
2399 5351 2636 5408 ’Francio
2665 5355 2899 5423 placeret
2922 5395 2936 5414 ,
2968 5354 3134 5405 minus
3168 5351 3405 5423 lascivus;
3428 5351 3621 5407 horum

2022 5426 2165 5479 cnim
2216 5425 2455 5479 actiones
2490 5425 2645 5480 valde
2673 5424 3071 5479 erantluhricm
3122 5430 3177 5476 et
3227 5422 3465 5478 lascivaa.
3513 5425 3624 5481 Sed

2022 5511 2137 5551 rem
2186 5496 2236 5550 in
2271 5497 2449 5549 medio
2482 5497 2763 5565 relinquo:
2797 5496 3024 5563 quisque
3053 5493 3194 5563 quod
3225 5494 3489 5565 placuerit
3521 5497 3625 5551 eli-

2021 5579 2128 5639 gat.
2151 5598 2221 5607 —
2251 5566 2423 5620 Nimis
2464 5568 2703 5620 lascivus.
2736 5566 2811 5620 Ex
2860 5567 3076 5635 ingenio
3102 5566 3291 5639 Carrio
3317 5567 3351 5618 l.
3382 5583 3418 5621 ιι
3470 5566 3622 5622 Lect.

2022 5637 2226 5707 Antiq,
2251 5654 2299 5692 c.
2333 5639 2385 5701 7,
2439 5639 2620 5691 mimus
2650 5639 2864 5693 lascivus
2921 5639 3173 5692 restituit.
3196 5637 3403 5692 Bosnu.

2095 5706 2318 5764 Sabinus
2339 5710 2427 5764 ille
2451 5725 2543 5764 rex
2571 5711 2686 5779 fuit.
2722 5711 2888 5763 Numa
2920 5709 3218 5778 Pompilius
3245 5751 3257 5772 ,
3292 5709 3511 5779 dequo
3542 5706 3628 5779 hic

1957 5778 1967 5789 ’
2022 5780 2187 5835 habes
2217 5783 2380 5835 multa
2414 5798 2475 5839 ex
2514 5775 2790 5847 l.ivio,lib.
2820 5799 2884 5847 ιι,
2917 5797 2967 5834 tv
2995 5775 3222 5845 Decad.;
3250 5788 3305 5834 et
3330 5775 3624 5831 Plutarcho

2024 5851 2076 5907 iit
2110 5851 2301 5906 Nuntti.

318 5275 620 5347 coronatis,
644 5285 698 5331 et
730 5277 963 5332 lauream
998 5279 1047 5332 itt
1078 5295 1235 5332 tnann
1266 5278 1618 5347 gestantibus.
1653 5277 1920 5333 llornntce

318 5345 664 5417 ethnicorum
691 5348 912 5407 rituum.
945 5360 1136 5417 praeter
1164 5345 1525 5413 Lactauthm,
1558 5358 1720 5403 testes
1745 5356 1868 5403 sunt
1901 5368 1913 5404 :

318 5415 545 5471 Ovidius
594 5417 803 5473 Faster.
851 5415 954 5475 lib.
976 5436 1025 5474 tv
1046 5463 1060 5485 ,
1094 5437 1124 5476 a
1150 5437 1205 5475 v.
1230 5420 1337 5476 ⁸292
1356 5420 1423 5476 ad
1450 5421 1588 5482 555;
1620 5419 1723 5473 Tit.
1756 5420 1869 5474 Liv.
1900 5461 1915 5483 ,

321 5489 522 5543 Decad.
552 5505 586 5547 ι.
618 5490 709 5544 lib.
742 5506 905 5556 x,an.
926 5492 1054 5559 458;
1079 5509 1155 5555 ιιι,
1191 5492 1280 5545 lib.
1304 5508 1465 5558 tt,an.
1496 5492 1716 5555 557;tv,
1742 5492 1832 5546 lib.
1857 5507 1914 5557 ιι,

319 5575 446 5635 Dii!-
505 5560 641 5635 359:
702 5562 960 5635 Lucium,
996 5580 1115 5635 pag.
1149 5564 1323 5628 1074;
1354 5564 1589 5618 Trclicll.
1624 5563 1792 5617 Pollio
1815 5605 1829 5627 ,
1863 5580 1913 5631 p.

318 5630 810 5705 i78;_ctl)iouys.
849 5630 1145 5699 llalieart't.,
1180 5636 1269 5689 lih.
1325 5653 1362 5690 ιι
1404 5651 1522 5705 pag.
1551 5635 1639 5695 91.
1697 5630 1917 5705 111).νιίιι

315 5716 444 5771 pag.
478 5702 816 5776 4510,_lih.'tx
846 5721 965 5775 pag.
998 5706 1124 5773 .597,
1185 5707 1312 5772 599,
1354 5702 1527 5764 61⁷111).
1551 5723 1619 5759 vu
1641 5721 1760 5776 pag.
1784 5704 1914 5774 475,

317 5776 408 5847 tibi
444 5774 492 5825 ai
503 5784 561 5847 [με
602 5773 706 5828 Viri
727 5773 880 5847 penes
907 5773 1033 5847 quos
1062 5788 1167 5831 erat
1190 5795 1385 5831 summa
1415 5773 1656 5844 potestas,
1680 5773 1917 5846 pompam

317 5793 408 5843 nm
444 5793 515 5825 an
547 5793 561 5829 :
604 5793 705 5828 rm
727 5793 880 5847 penes
943 5794 1033 5830 uos
1062 5793 1167 5831 erat
1190 5795 1385 5831 summa
1415 5793 1656 5844 potestas,
1680 5793 1917 5846 pompam

316 5844 416 5898 iliis
443 5862 475 5899 α
504 5844 759 5916 Capitolio
782 5864 871 5917 per
900 5793 1071 5916 Forum
1106 5848 1419 5904 deducebant
1443 5849 1497 5903 iu
1525 5849 1724 5903 Circum
1754 5850 1917 5902 num"
