4174 6200
454 201 555 258 ΞΠ

1499 201 1685 256 FIRM.
1730 199 2096 256 LACTANTII
2137 198 2339 255 DIVlN.
2382 197 2629 257 INS'I‘IT.

3652 195 3761 253 248

447 319 612 376 Poeta
641 321 856 392 quidem
882 322 1073 376 stultos
1092 321 1336 377 homines
1362 321 1657 378 infantibus
1677 321 2032 393 comparavit.
2062 375 2064 380 .

2166 320 2332 389 lymus
2359 320 2411 373 in
2435 318 2587 374 libris
2605 322 2869 394 ἐξηγήσεος
2890 317 3185 396 Πινδαρικῆς
3207 319 3302 384 ait,
3331 318 3580 374 Melissea
3603 315 3757 371 Creo

451 417 519 468 At
551 429 650 483 ego
678 413 847 469 multo
876 413 1332 481 imprudentiores
1360 429 1482 471 esse
1514 414 1656 470 dico.
1687 414 1768 469 Illi
1797 413 1938 468 enim
1970 413 2047 468 sio

455 507 690 560 mulacra
722 504 969 560 homines
998 515 1186 576 putant
1214 521 1356 573 esse,
1389 506 1442 561 hi
1470 505 1622 561 deos.
1654 505 1778 560 Illos
1807 514 1934 559 tetas
1972 502 2052 558 fa-

455 601 524 655 cit
556 612 743 670 putare
770 600 911 670 quod
931 616 1038 655 non
1063 613 1163 667 est,
1196 600 1295 656 hos
1320 600 1564 656 stultitia.
1592 600 1670 654 llli
1700 600 1880 670 utique
1902 598 2050 654 brevi

453 691 710 747 desinunt
748 691 892 757 falli,
942 692 1130 747 horum
1179 676 1385 748 vanitas
1426 701 1482 746 et
1517 691 1694 759 durat,
1746 702 1800 747 et
1838 705 2051 761 semper

452 784 667 838 crescit.
700 782 861 839 Sacra
894 784 1073 839 Liberi
1113 784 1289 839 Patris
1330 788 1533 855 primus
1563 784 1811 855 Orpheus
1847 782 2054 837 induxit.

450 874 504 929 in
533 874 819 940 Graeciam,
852 875 1166 946 primusque
1200 876 1496 931 celebravit
1529 876 1581 930 in
1620 885 1804 930 monte
1831 875 2054 930 Boeotiae

450 967 670 1034 Thebis,
708 969 798 1025 ubi
823 969 986 1026 Liber
1015 979 1173 1024 natus
1200 980 1300 1037 est,
1348 970 1615 1041 proximo,
1651 970 1739 1039 qui
1780 984 1901 1023 cum
1942 967 2053 1023 ire”

452 1072 683 1131 quenter
708 1061 931 1116 cithara:
956 1071 1118 1117 cantu
1150 1073 1487 1132 personaret,
1516 1063 1735 1118 Citeron
1758 1062 2056 1133 appellatus

449 1161 552 1207 est.
588 1152 662 1208 Ea
691 1168 843 1207 sacra
877 1153 1185 1209 etiamnunc
1204 1153 1435 1225 Orphica
1471 1156 1838 1221 nominantur,
1862 1155 1914 1209 in
1937 1154 2057 1225 qni-

451 1245 551 1301 bus
583 1246 697 1316 ipse
725 1257 908 1317 postea
940 1248 1285 1316 dilaceratus,
1316 1260 1369 1304 et
1390 1258 1609 1319 carptus
1637 1259 1740 1315 eSI,
1765 1261 1818 1303 et
1841 1248 1941 1303 fuit
1963 1264 2059 1318 per

455 1342 644 1398 eadem
687 1344 800 1399 fere
833 1354 1098 1415 tempora,
1130 1346 1321 1416 quibus
1349 1344 1587 1399 Faunus.
1619 1344 1725 1399 Sed
1752 1345 1871 1415 quis
1899 1353 2057 1400 :etate

453 1438 813 1506 praecesserit,
861 1438 1092 1494 dubitari
1139 1448 1318 1510 potest
1350 1459 1361 1492 ;
1393 1439 1658 1510 siquidem
1703 1455 1799 1511 per
1834 1438 2054 1494 eosdem

453 1544 626 1586 annos
657 1530 881 1586 Latinus
910 1533 1262 1602 Priamusque
1295 1542 1687 1604 regnaverunt;
1721 1532 1848 1586 item
1882 1539 2059 1600 patres

456 1638 643 1679 eorum
673 1624 891 1679 Faunus
917 1635 970 1679 et
1006 1625 1339 1690 Laomedon,
1363 1640 1468 1694 quo
1498 1633 1777 1694 regnante,
1809 1622 2057 1692 Orpheus

456 1730 580 1770 cum
610 1716 935 1786 Argonautis
961 1716 1029 1771 ad
1052 1716 1326 1772 Iliensium
1355 1717 1503 1771 littus
1534 1719 1783 1771 accessit.

528 1808 893 1864 Procedamus
922 1810 1079 1880 igitur
1103 1809 1344 1877 ulterius,
1369 1819 1422 1865 et
1442 1826 1769 1880 qumramus,
1798 1810 1918 1881 quis
1943 1824 2057 1863 om-

456 1900 587 1957 niuo
614 1901 964 1958 colendorum
991 1901 1217 1958 deorum
1243 1904 1448 1973 primus
1475 1913 1662 1958 auctor
1687 1903 1944 1959 extiterit.
1968 1900 2057 1957 Di-

2154 413 2383 469 tensium
2411 428 2593 484 regem
2622 413 2855 484 primum
2885 411 2987 466 diis
3016 411 3376 477 sacriﬁcasse,
3410 425 3473 465 ac
3499 409 3637 465 ritus
3666 423 3765 464 no-

2153 522 2249 561 vos
2276 521 2664 577 sacrorumque
2704 520 2927 576 pompas
2968 504 3359 561 introduxisse.
3404 502 3575 574 Hujus
3615 500 3758 557 duas

2154 597 2320 654 fuisse
2348 596 2515 663 tilias,
2566 596 2918 652 Amaltlneam
2962 607 3017 652 et
3055 595 3360 660 Melissam,
3404 609 3525 666 qua:
3569 592 3761 649 Jovem

2154 707 2380 764 puerum
2410 691 2633 761 caprino
2654 690 2792 746 lacte
2817 706 2882 746 ac
2907 691 3069 746 melle
3096 690 3421 745 nutrierunt.
3452 686 3604 744 Unde
3625 701 3761 759 poe-

2157 786 2259 841 tica
2287 785 2373 839 illa
2402 784 2577 840 fabula
2605 784 2871 855 originem
2898 784 3150 851 sumpsit,
3184 782 3468 838 advolasse
3496 795 3649 852 apes,
3680 786 3763 835 at-

2156 894 2261 950 que
2286 894 2347 933 os
2379 877 2529 948 pueri
2562 876 2722 933 melle
2745 878 3071 947 complesse.
3104 876 3376 931 Melissam
3401 888 3532 930 vero
3557 889 3586 928 a
3609 881 3762 946 patre

2159 973 2384 1043 primam
2414 971 2754 1027 sacerdotem
2788 970 2946 1026 Matri
2974 985 3181 1042 magnas
3212 969 3587 1036 constitutam,
3619 965 3764 1023 unde

2158 1065 2334 1120 adhuc
2356 1065 2597 1135 ejusdem
2619 1064 2803 1120 Matris
2823 1065 3093 1120 antistites
3114 1064 3344 1119 Melissa:
3362 1070 3760 1133 nuncupantur.

2162 1158 2395 1214 Historia
2425 1173 2555 1212 vero
2582 1172 2735 1213 sacra
2764 1167 2993 1213 testatur
3038 1159 3213 1228 ipsum
3241 1156 3456 1222 Jovem,
3478 1164 3761 1225 postquam

2158 1265 2342 1306 rerum
2370 1250 2569 1320 potitus
2598 1261 2702 1317 est,
2736 1251 2789 1305 in
2821 1258 3024 1305 tantam
3056 1249 3397 1305 insolentiam
3432 1248 3676 1313 venisse,
3709 1253 3768 1302 ut

2161 1343 2277 1414 ipse
2300 1343 2399 1398 sibi
2430 1341 2550 1397 fana
2582 1344 2762 1399 multis
2793 1344 2845 1399 in
2878 1343 3012 1398 locis
3054 1344 3429 1399 constitueret.
3467 1341 3601 1397 Nam
3641 1357 3764 1397 cum

2164 1443 2336 1491 terras
2351 1435 2625 1503 circuiret,
2647 1448 2706 1491 ut
2724 1436 2775 1490 in
2802 1449 3199 1507 quamcumque
3221 1436 3494 1506 regionem
3512 1443 3763 1503 venerat,

2164 1542 2316 1596 reges
2342 1526 2683 1598 principcsve
2714 1527 3032 1599 populorum
3064 1526 3301 1597 hospitio
3342 1522 3447 1581 sibi
3490 1535 3543 1582 et
3572 1527 3765 1581 amici-

2164 1619 2231 1673 tia
2255 1618 2560 1690 copulabztt,
2590 1630 2645 1675 et
2672 1634 2792 1674 cum
2820 1634 2850 1674 a
2879 1633 3093 1690 quoque
3120 1617 3514 1688 digrederetur,
3543 1616 3768 1686 iubebat

2089 1723 2136 1783 Β
2164 1711 2265 1767 sibi
2291 1709 2470 1766 fanum
2499 1712 2671 1766 creari
2700 1711 2930 1782 hospitis
2960 1711 3040 1766 sui
3074 1712 3316 1778 nomine,
3348 1710 3503 1781 quasi
3533 1711 3602 1765 ita
3637 1724 3765 1780 pos-

2162 1814 2247 1859 set
2274 1804 2522 1859 amicitite
2547 1814 2600 1859 et
2619 1803 2839 1860 foederis
2868 1805 3129 1859 memoria
3155 1804 3488 1860 conservari.
3522 1805 3612 1859 Sic
3635 1817 3769 1858 cou-

2167 1899 2350 1955 stituta
2399 1910 2523 1954 sunt
2551 1899 2748 1971 templa
2790 1898 2909 1955 .lovi
2959 1898 3237 1971 Atabyrio,
3291 1897 3765 1955 JoviLabrandio.

1712 2039 2074 2099 VABIORUM
2111 2036 2343 2095 ΝΟΤᾹΞ.

531 2188 695 2244 Sacra
732 2186 899 2242 Liberi
929 2186 1122 2241 Patris.
1167 2182 1343 2239 Valer.
1394 2182 1620 2238 Flaccus
1662 2180 1756 2237 lib.
1806 2196 1844 2235 ιι
1884 2180 2059 2249 Argo-

458 2261 660 2315 nautic.
693 2258 1094 2329 elegantissime
1121 2256 1380 2311 describit
1409 2255 1526 2309 hmc
1553 2268 1735 2329 sacra.
1763 2252 1837 2307 De
1855 2251 2060 2329 quibus

457 2332 620 2385 etiam
653 2323 896 2385 videatur
938 2329 1116 2383 Livius
1165 2329 1301 2381 libro
1348 2341 1494 2389 χειν.
1534 2324 1805 2381 Arnobius
1855 2323 1947 2377 lib.
1991 2337 2058 2388 v,

460 2401 518 2457 S.
549 2401 833 2470 Augustin.
864 2401 932 2457 de
955 2398 1070 2455 Civ.
1103 2400 1194 2455 Dei
1224 2398 1316 2452 lib.
1358 2413 1435 2463 vr,
1467 2411 1587 2467 cap.
1620 2397 1674 2461 9,
1705 2404 1760 2450 et
1784 2396 1875 2449 lib.
1906 2410 2058 2459 xvm,

458 2487 578 2527 can.
614 2474 699 2527 15.

527 2487 795 2597 3.11113an
823 2542 1032 2597 Boeotia:
1057 2541 1284 2596 Thebis”
1318 2540 1570 2610 proximo.
1605 2539 1674 2595 Ut
1709 2537 1906 2591 Strabo
1931 2536 2057 2610 des-

459 2616 621 2670 cribit
663 2615 752 2668 lib.
785 2630 865 2677 1x,
914 2629 1032 2683 pag.
1062 2614 1189 2676 279,
1233 2608 1386 2683 mons
1414 2610 1687 2666 Cithaeron
1732 2610 1807 2683 in_
1830 2608 2055 2663 occidua

458 2697 612 2757 parte
643 2686 863 2741 Bmotite
890 2680 1005 2746 e'St,‘
1028 2700 1188 2756 supra
1217 2682 1501 2757 Crissrcum
1528 2683 1729 2757 sinum.
1777 2680 1909 2757 βιῳ.

536 2756 775 2829 Citlteron
807 2752 1477 2829 appellatus'esIZVideiv,
1504 2752 1743 2829 :Eueid._.
1776 2752 1901 2829 505.

535 2824 918 2897 0rpltica.Qu§e
936 2829 1186 2899 mysteria
1205 2827 1362 2895 Orgia
1377 2827 1628 2899 dicuntur
1641 2824 1742 2880 ἀπὸ
1762 2832 1862 2899 τῆξ
1876 2825 2050 2899 ὀργῇςν

462 2899 532 2955 de
559 2902 751 2968 quibus
776 2894 1026 2955 Clemens
1057 2899 1318 2955 Alexand.
1348 2898 1553 2953 scribit.
1581 2896 1800 2965 Signum
1827 2894 2055 2968 Bacchi-

462 2966 650 3025 corum
694 2971 977 3041 Orgiorum
1033 2982 1148 3033 est,
1194 2984 1418 3041 serpens
1464 2966 2050 3041 tnysteriis__initiatus.

462 3042 716 3097 Nazianz.
763 3036 812 3096 iit
843 3051 980 3097 orat.
1024 3041 1091 3095 de
1120 3036 1455 3104 Luminibus,
1485 3039 1706 3108 Epiph.,
1729 3036 2056 3108 Theodoret.

467 3114 563 3169 lib.
593 3132 632 3181 ι,
657 3116 708 3167 in
728 3114 987 3182 Therap.;
1010 3111 1297 3167 Macrob.l.
1320 3126 1358 3177 ι,
1382 3113 1430 3164 in
1458 3107 1605 3166 Som.
1634 3107 1833 3178 Scipio.
1859 3108 2062 3161 BETUL.

541 3207 759 3277 Carptus
784 3216 874 3260 est.
907 3206 997 3261 Sic
1028 3220 1157 3259 mss.
1192 3215 1245 3261 et
1282 3205 1410 3277 editi
1450 3217 1656 3258 omnes.
1690 3202 1930 3277 Simplex
1968 3215 2064 3277 pro

467 3273 770 3349 composito
788 3280 1069 3348 discerptus
1093 3287 1198 3341 est;
1218 3275 1361 3346 quod
1382 3277 1632 3330 usitatum
1656 3286 1739 3328 est
1760 3273 2059 3327 Lactantio.

545 3372 757 3427 Faunus
783 3383 830 3428 et
857 3372 1168 3426 Laomedon.
1203 3371 1277 3426 Ita
1311 3371 1509 3425 habent
1538 3384 1667 3424 mss.
1696 3369 1732 3424 2
1765 3369 1996 3433 Βοηοη.,
2031 3369 2065 3423 4

466 3444 602 3515 Reg.
633 3460 860 3513 quorum
886 3446 995 3515 duo
1025 3456 1150 3515 sunt
1175 3442 1281 3498 900
1318 3458 1506 3515 amtor.
1540 3441 1695 3515 Ta_x.,
1727 3441 1888 3515 Ultr._,
1917 3441 2062 3515 Cro-

467 3511 621 3580 novi,
650 3511 796 3580 Etn.,
816 3517 850 3571 5
869 3514 1049 3578 Colb.,
1074 3514 1220 3579 Gat.,
1241 3525 1293 3570 et
1318 3514 1446 3568 edit.
1474 3513 1567 3579 ls.,
1592 3512 1810 3580 Spark..
1834 3511 2060 3577 Cellar.,

470 3587 683 3643 Walch.
720 3587 771 3641 iu
805 3588 1016 3642 ueteris
1058 3586 1216 3640 editis
1258 3584 1565 3653 specialiter
1612 3584 1663 3637 in
1708 3584 1948 3648 Sublac.,
2002 3599 2066 3637 ac

470 3661 780 3714 recentibus
813 3673 940 3711 mss.
991 3657 1059 3710 16
1109 3671 1207 3724 pro
1249 3657 1461 3710 Faunus
1514 3665 1598 3710 est
1643 3654 1828 3718 Picus,
1879 3668 2058 3722 prave.

473 3729 692 3785 Faunus
721 3731 863 3782 enim
898 3728 996 3781 fuit
1024 3739 1175 3796 pater
1197 3728 1389 3788 Latini,
1421 3738 1476 3780 ut
1503 3725 1810 3781 Laomedon
1844 3725 2060 3779 Priami.

480 3800 612 3856 Vide
633 3798 935 3869 Virgilium,
970 3799 1063 3852 lib.
1098 3814 1172 3852 vn
1193 3797 1429 3869 [Eiicith
1466 3813 1514 3849 ν.
1544 3796 1616 3850 45
1642 3806 1697 3869 e_t
1728 3811 1876 3865 seq.;
1905 3804 2068 3866 atque

474 3870 598 3925 ideo
618 3865 841 3924 dubium
870 3880 971 3930 est,
996 3870 1136 3939 quis,
1169 3884 1234 3922 an
1265 3868 1539 3939 Orpheus,
1560 3881 1627 3920 an
1657 3865 1900 3932 Faunus,
1932 3865 2068 3935 pra!-

471 3939 894 3997 cesserat.-~Nam
932 3940 996 4004 si,
1043 3939 1170 3994 Pico
1197 3948 1472 4007 regnante,
1509 3938 1757 4007 Orpheus
1796 3953 1918 3993 cum
1963 3938 2067 3991 Ar-

475 4013 725 4083 gonautis
778 4012 846 4065 ad
890 4011 1058 4083 littus
1088 4011 1359 4083 Iliensium
1417 4010 1597 4083 venit,
1669 4018 1777 4062 tttm
1849 4010 2071 4083 minime

476 4080 698 4139 dubium
730 4092 814 4138 est
862 4082 989 4153 quin
1026 4081 1272 4152 Orpheus
1304 4080 1462 4136 fuerit
1484 4080 1670 4135 Fauno
1692 4080 1971 4150 vetustior.

550 4175 676 4241 Quis
703 4174 1030 4228 colendorum
1056 4173 1264 4226 deorum
1289 4172 1483 4241 primus
1510 4180 1688 4224 auctor
1708 4172 1943 4225 extiterit.
1970 4171 2075 4227 lui-

474 4247 609 4303 tium
637 4246 984 4301 euleudorntn
1016 4244 1240 4299 deorum
1274 4242 1622 4313 repetendum
1655 4251 1734 4296 est
1765 4259 1871 4297 non
1898 4245 2074 4299 solum

475 4330 620 4389 post,
650 4333 835 4372 verum
864 4318 1023 4371 etiam
1046 4316 1214 4369 multo
1236 4326 1361 4389 ante
1386 4313 1647 4389 diluvium
1672 4325 1932 4389 tetttpore,
1965 4332 2075 4370 uno

2165 2185 2266 2230 tus.
2298 2173 2368 2230 Et
2411 2174 2659 2245 confregit
2694 2184 2874 2231 ventus
2916 2173 3058 2228 idola
3088 2174 3284 2238 onmia,
3320 2183 3365 2227 et
3393 2172 3551 2245 diruit
3579 2176 3771 2243 templa

2162 2248 2444 2311 idolorum,
2486 2244 2767 2315 usquedum
2806 2247 2862 2300 in
2907 2245 3130 2299 tumulos
3170 2245 3395 2315 pulveris
3432 2244 3626 2299 redacti
3659 2247 3773 2315 fue-

2164 2319 2303 2384 rint;
2329 2329 2375 2372 et
2404 2319 2588 2372 tumuli
2625 2317 2704 2371 illi
2730 2317 3007 2372 etiamnum
3044 2326 3323 2371 remanent.
3358 2316 3431 2370 Ex
3463 2316 3694 2372 Seldeno
3719 2329 3772 2373 et

2166 2388 2419 2445 Schedio.
2459 2388 2719 2455 Extiterit,
2752 2387 3237 2456 manuscriptorum
3268 2397 3385 2451 est;
3433 2389 3618 2453 extitit,
3648 2389 3771 2444 vul-

2164 2469 2429 2531 gatorum.
2466 2462 2532 2514 At
2568 2459 2633 2513 de
2672 2458 2993 2513 Idololatrite
3029 2459 3238 2528 origine
3282 2458 3402 2514 vide
3430 2458 3625 2514 librum
3671 2460 3770 2517 Sac

2167 2533 2379 2602 pientiae
2406 2532 2580 2597 capite
2605 2546 2724 2602 itm,
2759 2540 2866 2585 etc.

2240 2602 2490 2674 Didymus
2517 2602 2569 2655 in
2593 2600 2756 2655 libris.
2790 2602 2974 2674 Plures
3003 2599 3214 2674 Didymi
3240 2617 3253 2651 :
3288 2598 3478 2674 Vossio
3503 2600 3590 2658 hic
3613 2601 3771 2657 Chal-

2164 2670 2393 2728 centerus
2434 2675 2788 2742 cognomine,
2835 2672 2910 2726 uti
2950 2672 3089 2740 apud
3131 2670 3474 2725 Atnmianum
3506 2684 3589 2727 est
3631 2690 3770 2738 χχιι,

2164 2760 2284 2814 cap.
2312 2743 2404 2811 4‘2,
2434 2746 2583 2812 quasi
2613 2745 2776 2799 :eneis
2812 2743 3077 2797 intestinis
3116 2744 3367 2814 robustus
3397 2745 3463 2796 ad
3513 2745 3687 2799 studia
3718 2754 3774 2800 et

2166 2811 2394 2871 labores.
2446 2811 2721 2871 Floruisse
2764 2814 2961 2870 dicitur
3007 2814 3108 2869 sub
3141 2811 3357 2869 Caesare
3403 2814 3668 2871 dictatore
3717 2825 3772 2872 et

2165 2887 2480 2942 triumviris.
2503 2886 2668 2941 CELL.

2239 2956 2552 3012 Cretensium
2586 2974 2775 3029 regem.
2802 2956 2946 3029 illinc
2976 2955 3196 3012 Servius
3233 2956 3330 3021 ait,
3359 2954 3651 3013 Cretenses
3680 2972 3772 3013 re-

2088 3001 2133 3065 C
2168 3029 2426 3100 ligionum
2453 3001 2763 3100 inventiires
2793 3028 2978 3082 fuisse.

2240 3100 2576 3155 Amalthazam
2601 3110 2647 3154 et
2673 3098 2957 3154 Melissam.
2989 3098 3108 3153 Lib.
3143 3114 3184 3163 ι,
3213 3114 3330 3167 cap.
3355 3098 3445 3153 21.
3475 3100 3638 3156 Docet
3668 3100 3771 3154 Bo-

2168 3170 2343 3226 chart.
2366 3172 2431 3241 in
2463 3171 2673 3226 llieroz.
2708 3186 2825 3241 pag.
2867 3170 2954 3241 ll,
2989 3184 3108 3239 cap.
3142 3171 3231 3234 51,
3271 3171 3366 3225 fol.
3413 3171 3537 3237 650,
3570 3188 3635 3227 ex
3666 3170 3771 3227 Gao

2169 3242 2313 3303 leno,
2344 3239 2882 3309 Callimacho,'Aliis,
2911 3239 3046 3295 duas
3074 3240 3171 3296 bas
3193 3241 3430 3296 nutrices
3451 3242 3568 3296 Jovi
3591 3244 3765 3309 datas,

2168 3314 2290 3384 quia
2323 3312 2407 3368 lac
2437 3328 2723 3382 caprarum
2768 3327 2873 3368 non
2908 3320 3036 3384 tuto
3063 3312 3185 3384 sine
3230 3313 3389 3367 melle
3422 3313 3526 3367 bibi
3579 3315 3769 3383 possit,

2168 3382 2331 3454 idque
2360 3384 2524 3439 fuisse
2551 3385 2690 3454 apud
2717 3394 2926 3438 veteres
2956 3382 3112 3439 valde
3137 3384 3411 3438 usitatum.
3446 3384 3583 3441 BDN.

2293 3465 2310 3508 t
2353 3456 2408 3508 in
2448 3470 2817 3525 quamcumque
2863 3454 3119 3524 regionem
3161 3465 3381 3509 venerat.
3429 3455 3550 3510 Mss.
3596 3455 3662 3511 10
3703 3465 3758 3511 et

2166 3528 2343 3582 cuncti
2376 3524 2489 3581 fere
2516 3526 2667 3592 editi,
2698 3524 2752 3579 ut
2780 3527 2833 3579 in
2860 3541 3141 3592 quantque;
3172 3541 3187 3579 ι
3220 3541 3320 3580 ms.
3355 3526 3587 3581 Clarom.
3629 3536 3683 3582 et
3720 3528 3754 3581 4

2166 3597 2816 3670 vulgatiLvenirethale.
2845 3597 2932 3663 Ut,
2970 3611 3086 3667 pro,
3117 3598 3288 3652 statim
3325 3608 3494 3669 atque,
3527 3598 3610 3651 ubi
3648 3599 3756 3670 pri-

2169 3667 2325 3722 mum.
2368 3667 2584 3724 Terent.
2620 3669 2811 3739 Hecyr.

2325 3783 2390 3835 Ut
2411 3785 2623 3848 quisque
2646 3790 2869 3849 venerat,
2898 3784 3212 3836 accedebam.

2249 3889 2608 3962 Principesve.
2636 3891 2710 3945 lta
2742 3905 2871 3945 mss.
2905 3892 3261 3962 antiquissimi
3293 3901 3347 3948 et
3388 3891 3608 3962 optimi,
3641 3906 3760 3948 cum

2171 3962 2356 4033 multis
2384 3961 2563 4033 editis.
2591 3961 2790 4032 Scripti
2817 3963 2848 4017 5
2873 3978 3010 4027 rec.,
3031 3961 3399 4033 principesque.

2244 4031 2357 4105 Joui
2383 4031 2647 4102 Atabyrio.
2693 4031 2751 4088 In
2782 4048 2910 4105 mss.
2941 4034 3161 4105 689g”
3192 4031 3208 4088 t
3254 4031 3458 4088 Bouon.
3487 4035 3685 4105 antiq.,
3719 4045 3775 4089 et

2174 4102 2211 4157 2
2238 4103 2388 4157 Colb.
2424 4106 2681 4174 scriptum
2716 4113 2819 4169 est,
2870 4102 3147 4170 Alaburio,
3199 4120 3260 4161 ea
3305 4105 3554 4160 videlicet
3596 4102 3775 4174 prola-

2176 4176 2342 4246 tione,
2374 4188 2477 4244 qua
2515 4173 2687 4229 Latini
2721 4175 2847 4229 olim
2890 4192 3120 4244 grmcum
3165 4188 3204 4232 Υ
3236 4192 3331 4246 per
3360 4194 3389 4228 u
3422 4173 3779 4246 reprarSenta.

2178 4245 2339 4310 bant;
2371 4261 2387 4299 ι
2418 4246 2573 4316 lieg..
2606 4262 2620 4299 ι
2651 4247 2885 4301 Colbert.
2917 4257 2973 4301 et
2997 4247 3187 4313 Brun.,
3234 4245 3495 4310 Atavirio,
3531 4264 3563 4300 u
3597 4263 3693 4313 pro
3723 4248 3771 4301 b.

2178 4316 2461 4389 'l‘etnplunt
2491 4317 2673 4389 habuit
2705 4319 2755 4373 in
2783 4326 2963 4371 monte
2996 4318 3258 4389 Atabyrio,
3294 4334 3321 4371 a
3353 4334 3461 4387 quo
3490 4320 3779 4389 Atahyrius

476 4384 594 4471 fere
624 4401 713 4471 aut
734 4389 903 4471 altero
924 4398 1039 4471 post
1064 4401 1243 4471 rerth
1264 4384 1903 4471 primordialsazct'tloﬁic
1924 4389 2070 4471 enim
2097 4393 2150 4454 Ι)
2178 4385 2277 4441 fuit
2300 4386 2482 4471 dictus
2506 4387 2732 4471 Jupiter.
2755 4384 3147 4471 Diodor..lib._v
3167 4409 3179 4471 ξ
3204 4384 3345 4471 ἐπῇ
3375 4384 3525 4471 ἔρρυς
3552 4384 3776 4471 agasq-

478 4461 820 4529 accipiendus
850 4454 932 4513 est
963 4460 1130 4512 locus.
1165 4456 1299 4513 Gen.
1335 4472 1409 4524 IV,
1447 4471 1496 4529 γ.
1518 4456 1627 4529 ΔιιΙι.
1657 4473 1670 4509 :
1696 4454 1842 4529 Tunc
1889 4461 2069 4527 prora-

478 4525 657 4586 natum
686 4539 756 4584 est
786 4531 839 4582 in
882 4528 1163 4582 invocanda
1209 4544 1391 4582 nomen
1440 4526 1666 4580 Jehovw.
1702 4525 1855 4590 Nam,
1901 4525 2074 4582 cltalal

478 4601 670 4729 itinde
700 4602 752 4654 in
784 4597 1015 4671 lwphul)
1047 4600 1343 4667 smpissime
1374 4597 1658 4665 profanare
1701 4598 1970 4659 redditttr.
2016 4608 2073 4655 ut

528 4673 655 4728 erit.
689 4688 801 4729 xu.
833 4687 883 4725 c.
915 4671 999 4725 12.
1033 4670 1121 4726 Sic
1141 4674 1300 4725 etiam
1330 4670 1504 4724 locum
1540 4670 1679 4723 hunc
1704 4670 1949 4729 intelligit
1974 4669 2073 4723 Pa-

528 4673 655 4728 evit.
689 4688 801 4736 Xix,
833 4669 883 4725 α.
915 4669 1005 4725 12.
1033 4670 1121 4726 Sic
1141 4674 1300 4725 etiam
1330 4670 1504 4724 locum
1540 4670 1679 4723 hunc
1704 4670 1949 4738 intelligit
1974 4669 2075 4723 Pa-

480 4743 754 4813 raphrasis
781 4742 1088 4796 Chaldaica.
1121 4741 1186 4795 11.
1216 4740 1469 4813 Salomon
1500 4739 1679 4813 Jarchi
1721 4740 1836 4793 lucc
1866 4740 2026 4813 habet
2056 4759 2071 4795 :

484 4810 627 4870 Tunc
654 4816 981 4886 profanatum
1026 4824 1099 4886 est
1132 4813 1191 4886 in
1215 4812 1495 4866 invocanda
1524 4810 1714 4886 scilicet
1748 4812 2074 4886 nomina/to-

483 4881 699 4950 minum,
733 4881 777 4938 et
805 4887 1011 4939 nomina
1035 4884 1333 4953 imaginum,
1365 4899 1478 4937 cum
1501 4883 1703 4935 nomine
1718 4882 1890 4953 sancti
1908 4881 2072 4949 illius,

482 4959 571 5030 qui
599 4956 890 5030 benedictus
904 4958 976 5030 sit
1006 4952 1296 5030 Dei,iade_o
1328 4965 1391 5030 u_t_
1421 4958 1644 5030 facerent
1670 4952 1831 5030 idem,
1860 4965 1908 5006 et
1929 4958 2074 5030 face-

480 5022 591 5085 rent
619 5046 677 5083 ea
700 5029 840 5081 deos.
858 5028 947 5083 Sic
971 5027 1131 5082 etiam
1155 5026 1324 5079 Arabs
1350 5022 1689 5091 Er'penianus
1715 5042 1728 5077 :
1755 5022 1897 5077 Tunc
1922 5026 2077 5080 inca:-

484 5111 664 5168 perunt
692 5101 918 5153 homines
939 5099 1154 5166 deﬁcere
1174 5113 1204 5149 a
1228 5097 1369 5149 cultu
1402 5095 1512 5150 Dei.
1533 5095 1720 5168 Quare
1741 5095 1880 5149 idem
1907 5107 1989 5150 est
2014 5111 2078 5168 ac

483 5166 531 5225 si
560 5173 730 5226 Moses
773 5170 1028 5231 dixisset,
1063 5179 1464 5223 sacrosanctum
1509 5166 1638 5220 illud
1686 5180 1900 5236 nomen,
1935 5167 2077 5236 quod

485 5244 649 5297 totius
674 5241 909 5297 universi
943 5250 1243 5296 creatorem
1272 5248 1327 5293 et
1356 5238 1639 5293 Dominum
1671 5235 1964 5307 designat,
1995 5252 2079 5292 re~

484 5315 585 5366 bus
628 5314 824 5366 creatis
855 5314 1018 5381 impie
1050 5311 1327 5365 tributum.
1361 5309 1583 5378 Jnseplt.
1633 5309 1724 5381 lib.
1769 5324 1806 5375 ι,
1854 5323 1972 5377 cap.
2018 5309 2072 5381 4,

486 5392 732 5449 testatur,
765 5380 1072 5452 longo’ante
1099 5381 1375 5437 Noachum
1404 5390 1643 5451 tempore
1674 5380 1932 5434 idolorum
1964 5380 2080 5435 cul-

487 5462 601 5508 tum
633 5454 684 5506 in
715 5469 810 5506 usu
843 5453 1004 5508 fuisse
1036 5469 1204 5523 usque
1230 5454 1295 5507 ad
1323 5453 1608 5522 septimam
1649 5452 2076 5522 generationem,

488 5527 745 5579 Continuo
786 5532 963 5577 autem
992 5525 1078 5577 vix
1118 5522 1211 5578 ιιιιί
1255 5524 1512 5578 diluvium
1556 5532 1724 5578 terras
1770 5522 2076 5591 reliquerat,

443 5629 453 5639 -
488 5594 719 5651 nefanda
753 5593 1048 5649 idololatria
1090 5594 1371 5649 exordium
1412 5609 1566 5648 suum
1598 5594 1844 5662 sumpsit.
1880 5594 1943 5648 Et
1978 5595 2078 5647 im-

488 5668 748 5722 molabant
788 5665 923 5734 ﬁlios
965 5682 1084 5720 suos
1122 5674 1168 5719 et
1208 5664 1341 5733 filias
1367 5681 1488 5719 suas
1531 5665 1816 5721 dsentoniis.
1856 5663 2079 5720 Immisit

488 5736 629 5796 Deus
657 5741 711 5795 in
738 5738 856 5796 illos
885 5746 1087 5795 ventum
1116 5736 1491 5810 procellosum;
1512 5746 1559 5795 st
1587 5738 1685 5809 fuit
1712 5734 1931 5809 Typhon
1952 5752 2074 5794 ven-

2174 4479 2265 4533 ρον
2295 4458 2396 4530 (sic
2413 4459 2730 4542 legendum,
2760 4476 2864 4514 non
2893 4469 2949 4513 ttt
2977 4461 3026 4512 itt
3051 4460 3210 4543 editis
3236 4458 3423 4517 vitiose
3443 4458 3774 4535 Ἀταϐύρου).

2178 4527 2261 4602 Ea:
2288 4530 2571 4602 Βοοιιᾼιιτο
2598 4540 2790 4602 partim
2829 4560 2902 4571 —
2928 4531 3192 4602 Atabyrto.
3221 4534 3292 4587 De
3324 4534 3425 4588 hoc
3455 4533 3615 4586 multa
3647 4532 3774 4585 doc-

2179 4600 2385 4654 tissime
2427 4601 2675 4656 Bochart.
2710 4600 2905 4670 Geogr.
2940 4602 2996 4656 S.
3046 4600 3082 4657 1⁷.
3118 4619 3157 4671 ι,
3203 4620 3321 4668 cap.
3357 4606 3411 4669 7,
3453 4604 3489 4656 Γ.
3537 4617 3610 4656 m.
3648 4602 3776 4658 569.

2176 4671 2404 4746 Meursii
2420 4672 2592 4726 Rhod.
2627 4672 2744 4746 Lib.
2761 4688 2816 4746 _l,
2848 4673 3048 4746 (ξιιμ-8.
3085 4690 3204 4742 pag.
3248 4675 3353 4738 25;
3387 4673 3606 4746 Gyrald.
3632 4672 3775 4728 Hist.

2178 4741 2339 4813 Deor.
2373 4742 2526 4813 Synt.
2557 4759 2616 4809 ιι,
2646 4743 2732 4798 ed.
2761 4743 2928 4813 Lugd.
2963 4741 3107 4808 Bat.,
3139 4741 3233 4801 fel.
3264 4746 3354 4801 98.
3411 4741 3545 4801 lium.

2247 4811 2367 4886 Jovi
2393 4812 2708 4886 Labrandio.
2749 4811 2939 4886 Mirum
2978 4829 3175 4886 quanta
3208 4819 3279 4872 sit
3310 4819 3395 4872 hic
3426 4818 3527 4871 loci
3558 4817 3609 4871 in
3640 4830 3773 4871 mss.

2178 4884 2424 4958 varietas
2445 4885 2732 4958 lectioiuun
2760 4904 2773 4939 :
2806 4902 2870 4940 ex
2903 4884 3251 4958 liis—conjicio
3273 4904 3452 4943 veram
3488 4888 3777 4943 lectionem

2178 4970 2300 5010 esse
2330 4953 2641 5011 Labrandio.
2674 4956 2730 5012 In
2759 4974 2777 5012 ι
2808 4958 2938 5027 Iteg.
2968 4953 3162 5028 legitur
3184 4958 3440 5013 Labradio
3458 4974 3477 5023 ;
3509 4960 3561 5013 in
3586 4961 3620 5014 ὅ
3640 4960 3774 5028 Reg.

2177 5041 2405 5097 quorum
2454 5042 2592 5082 unus
2630 5038 2714 5084 est
2753 5028 2860 5084 900
2903 5044 3116 5095 annon,
3166 5031 3200 5086 5
3245 5029 3421 5097 Colb.,
3470 5048 3487 5085 1
3529 5030 3713 5093 Sorb.,
3758 5045 3775 5084 ι

2178 5099 2413 5172 Clarum.
2439 5099 2577 5172 lego,
2605 5098 2726 5172 {cui
2746 5098 3040 5172 Labrandio
3057 5117 3078 5166 ;
3098 5102 3149 5172 ιιι
3180 5099 3774 5172 Regio-Puteanoaliis-

2178 5184 2282 5237 que
2308 5170 2341 5222 5
2366 5167 2523 5239 Regi,
2551 5170 2588 5224 2
2612 5167 2765 5225 Colb.
2799 5169 2920 5226 Gal.
2953 5171 3068 5226 Em.
3098 5167 3350 5236 Cantab,
3373 5181 3428 5228 et
3448 5173 3579 5227 edit.
3608 5171 3766 5226 Rom.

2179 5239 2338 5302 M68,
2372 5241 2531 5305 1470,
2573 5241 2900 5306 Labriando;
2948 5243 2997 5296 in
3027 5242 3064 5296 2
3103 5243 3312 5299 Bouou.
3357 5252 3411 5298 et
3452 5259 3469 5297 ι
3507 5241 3774 5308 Clarom..

2178 5309 2510 5377 Labiandro;
2552 5313 2605 5367 in
2634 5329 2653 5367 1
2686 5313 2840 5382 Reg.,
2889 5313 3114 5379 tColb.,
3164 5313 3302 5369 Vict.
3334 5325 3387 5369 et
3430 5315 3619 5381 Brun.,
3666 5313 3775 5369 La-

2180 5382 2504 5452 brianderio;
2544 5384 2597 5438 in
2638 5383 2825 5439 Martn.
2877 5382 3249 5452 Labriandrio;
3295 5387 3346 5439 in
3387 5386 3518 5441 edit.
3572 5385 3773 5441 Cellar.

2179 5451 2510 5525 Labrandreo
2530 5470 2549 5519 ,°
2572 5455 2627 5510 in
2657 5456 2864 5511 cunctis
2886 5471 3023 5525 pene
3043 5456 3203 5512 editis
3228 5456 3511 5511 Labradeo.
3541 5456 3776 5511 Vocatur

2179 5522 2547 5598 I_.at_:randenus
2575 5525 2734 5598 apud,
2758 5522 3077 5583 Strabonem
3097 5569 3114 5593 ,
3157 5544 3280 5598 ixrv,
3317 5543 3435 5598 pag.
3474 5528 3612 5593 450,
3643 5528 3772 5584 455.

2179 5595 2479 5669 Labranda,
2513 5595 2661 5652 vicus
2686 5596 3027 5669 Mylasiorum
3062 5600 3114 5653 in
3139 5595 3329 5663 Caria,
3363 5595 3511 5654 Iovis
3539 5599 3777 5655 Labron-

2181 5667 2263 5741 dei
2292 5668 2491 5738 templo
2517 5667 2840 5741 celebratus.
2874 5671 3039 5741 Hujus
3066 5669 3216 5727 Jovis
3243 5672 3591 5741 simulacrum
3620 5685 3775 5726 secu-

2179 5739 2283 5800 rim
2311 5754 2473 5798 manu
2500 5740 2765 5812 gestabat,
2796 5739 2962 5812 quam
2981 5739 3175 5814 Gyges,
3210 5750 3493 5814 postquam
3523 5740 3776 5799 Candaua
