4174 6200
432 284 533 347 251

1638 278 1976 353 ANALYSIS
2012 278 2194 343 LIBRI
2234 278 2558 341 SECUNDI.

2564 92 2593 121 /

3634 284 3744 341 9.52

433 404 589 477 annis
622 422 636 460 :
683 405 871 473 Boium
920 384 1100 467 autem
1149 402 1381 465 Saturno
1425 400 1688 473 aqualem
1738 399 1939 466 luisse,
1973 406 2031 456 et
2056 406 2112 468 Α
2134 399 2283 455 nium
2309 398 2537 455 deorum
2565 398 2682 454 fuit.
2718 398 2834 455 Non
2865 412 2997 471 ergo
3022 398 3110 454 isti
3141 397 3443 470 glorientur
3464 412 3744 454 sacrorum

434 506 721 569 utrumque
770 511 878 569 uno
926 506 1171 569 tempore
1215 495 1541 559 adolevisse.
1587 493 1740 563 Quod
1779 493 1917 548 adeo
1946 507 2040 548 ve—

433 602 554 643 rum
583 597 685 659 est,
726 596 783 645 ut
815 589 1023 654 ratione
1052 590 1166 663 ipsa
1204 588 1386 661 colligi
1420 588 1611 659 possit.
1645 587 1774 642 Nam
1818 595 1875 642 et
1901 587 2041 657 Aga—

435 696 714 749 memnon,
747 680 837 753 qui
880 683 1052 755 gessit
1081 682 1284 747 bellum
1311 681 1587 749 Troicum,
1620 681 1771 738 Jovis
1796 680 2040 750 abnepos

436 776 554 857 fuit,
590 785 644 830 et
675 774 917 840 Achilles
948 776 1195 848 Aiaxque
1236 786 1586 849 pronepotes,
1616 785 1671 831 et
1698 775 1921 857 Ulvsses
1948 790 2038 831 eo-

437 866 559 939 dem
602 868 770 943 gradu
821 872 1100 941 proximus
1150 870 1282 938 fuit;
1330 871 1576 927 Priamus
1619 870 1837 940 quidem
1880 870 2039 939 longa

438 959 602 1016 serie.
628 960 732 1016 Sed
755 973 1007 1019 auctores
1030 963 1245 1033 quidam
1278 964 1518 1030 tradunt,
1544 964 1853 1019 Dardanum
1873 973 1926 1018 et
1945 963 2038 1019 Ja-

438 1053 577 1108 sium
603 1052 771 1109 Coriti
803 1054 944 1110 ﬁlios
984 1055 1178 1122 fuisse,
1213 1071 1319 1119 non
1348 1057 1519 1115 Jovis.
1552 1056 1661 1111 Nec
1691 1057 1861 1122 enim,
1892 1056 1937 1110 si
1967 1057 2037 1110 ita

440 1145 651 1209 fuisset,
682 1147 752 1201 ad
782 1162 911 1202 usus
952 1147 1252 1217 impudicos
1289 1147 1658 1220 Ganymedem
1692 1157 2042 1218 pronepotem

438 1252 596 1293 suum
644 1238 845 1294 habere
890 1240 1169 1309 potuisset.
1214 1238 1399 1310 Itaque
1441 1240 1757 1310 parentibus
1805 1239 2041 1305 illorum,

440 1344 577 1400 quos
616 1345 780 1400 supra
809 1330 1104 1399 nominavi,
1136 1331 1181 1386 si
1218 1340 1580 1403 congruentes
1611 1346 1784 1386 annos
1811 1330 2038 1396 dividas,

440 1439 701 1497 ntnnerus
727 1426 1049 1485 consentiet.
1085 1425 1169 1487 Ab
1199 1426 1412 1483 excidio
1434 1437 1617 1491 autem
1655 1426 1906 1499 Troiana:
1945 1441 2040 1481 ur-

437 1515 523 1571 bis
574 1516 903 1589 colliguntur
947 1518 1074 1577 anni
1123 1533 1420 1577 lccccux.
1464 1518 1545 1575 Ex
1591 1518 1692 1575 hac
1739 1526 2043 1589 temporum

438 1608 651 1679 ratione
707 1609 1052 1669 manifestum
1102 1619 1215 1680 est,
1266 1621 1391 1667 ante
1440 1626 1611 1667 annos
1650 1626 1757 1667 non
1810 1610 2044 1681 amplius

438 1716 600 1775 quam
633 1716 804 1787 nnccc
837 1712 1022 1759 natum
1046 1718 1167 1769 esse
1194 1703 1503 1773 Saturnum,
1535 1704 1624 1776 qui
1650 1713 1705 1760 et
1736 1714 1886 1761 sator
1921 1718 2040 1759 om-

2143 500 2431 560 vetustate,
2462 509 2691 564 quorum
2720 502 2776 549 et
2804 493 2987 564 origo,
3020 500 3075 548 et
3103 492 3261 562 ratio,
3290 501 3346 549 et
3376 503 3620 564 tempora
3649 493 3745 549 de~

2146 585 2408 653 prehensa
2440 596 2585 641 sunt.
2610 586 2835 643 Restant
2858 585 3037 641 adhuc
3058 586 3259 657 aliqua,
3283 603 3403 658 qua:
3423 587 3490 642 ad
3518 601 3749 657 arguen-

2143 674 2241 733 das
2269 677 2557 748 religiones
2587 676 2750 734 falsas
2782 678 3075 749 plurimum
3097 678 3299 733 valent.
3322 678 3427 735 Sed
3446 679 3558 749 jam
3587 679 3749 735 finem

2142 770 2322 828 facere
2353 773 2490 827 libro
2520 772 2759 840 decrevi,
2806 788 2876 833 ne
2923 774 3143 827 modum
3188 774 3434 829 excedat.
3478 774 3554 829 Ea
3598 775 3749 831 enim

2146 865 2358 935 plenius
2404 876 2529 920 sunt
2572 865 2911 937 exequenda,
2945 875 3004 920 ut
3043 866 3299 921 omnibus
3328 867 3596 934 refutatis,
3629 883 3751 938 qua:

2145 961 2357 1017 veritati
2410 961 2663 1015 videntur
2711 962 2965 1025 obstare,
3001 959 3290 1025 homines,
3339 963 3430 1031 qui
3481 962 3750 1018 bonorum

2143 1055 2444 1125 ignorantia
2490 1063 2751 1125 vagantur
2799 1056 3026 1121 incerti,
3075 1055 3142 1109 ad
3194 1055 3514 1126 religioiietn
3566 1071 3749 1112 veram

2149 1146 2419 1216 possimus
2463 1146 2727 1202 imbuere.
2761 1146 2977 1202 Primus
3017 1155 3196 1201 autem
3237 1147 3518 1217 sapientiae
3547 1147 3749 1217 gradus

2146 1250 2259 1305 est,
2306 1239 2436 1296 falsa
2489 1240 2832 1311 intelligere;
2884 1239 3176 1305 secundus,
3221 1255 3347 1295 vera
3400 1255 3751 1306 cognoscere.

2144 1332 2288 1404 Ergo
2314 1333 2455 1403 apud
2483 1350 2644 1404 quem
2686 1334 2803 1389 haec
2830 1335 3003 1404 prima
3033 1333 3307 1389 institutio
3336 1341 3524 1388 nostra
3562 1333 3749 1406 profe-

2143 1426 2298 1491 cerit,
2329 1442 2433 1496 qua
2465 1425 2595 1481 falsa
2620 1426 2949 1493 deteximus,
2977 1427 3306 1481 excitabitur
3336 1426 3402 1481 ad
3429 1428 3542 1481 veri
3570 1429 3758 1497 cogni-

2146 1518 2369 1587 tionem,
2402 1535 2507 1591 qua
2536 1521 2681 1575 nulla
2713 1529 2798 1574 est
2836 1519 3043 1574 homini
3068 1518 3360 1590 jucundior
3386 1519 3668 1589 voluptas;
3701 1527 3758 1575 et

2144 1611 2247 1666 erit
2281 1612 2391 1681 jam
2417 1613 2681 1683 sapientia
2712 1613 2954 1669 caelestis
2991 1612 3292 1683 disciplime
3320 1611 3537 1683 dignus,
3570 1613 3660 1681 qui
3687 1613 3757 1668 ad

2145 1706 2522 1776 cognoscenda
2548 1714 2746 1763 caetera
2775 1705 2950 1763 libens
2981 1721 3044 1762 ac
3078 1715 3301 1777 paratus
3332 1708 3644 1763 accesserit.

1760 1835 2125 1893 VAHIORUM
2166 1836 2399 1895 NOTAE.

513 1970 771 2027 Trecentis
792 1972 966 2042 viginti
987 1971 1186 2043 duobus
1213 1972 1381 2033 anuis.
1412 1970 1591 2043 Thalli
1620 1970 1851 2043 lapsum,
1878 1986 2037 2041 quem
2068 1975 2116 2035 B
2145 1982 2387 2028 veterum
2419 1974 2452 2029 9
2478 1973 2772 2029 editorum.
2807 1973 2895 2029 Ita
2918 1988 3031 2029 rec.
3055 1973 3323 2029 editiones
3350 1973 3576 2029 habent.

438 2053 657 2100 secutus
686 2054 768 2098 est
790 2041 1150 2113 Theophilus,
1183 2052 1238 2098 et
1266 2041 1464 2097 deinde
1496 2041 1825 2107 Lactantius,
1856 2054 2042 2097 osum-

438 2116 519 2171 dit
550 2115 854 2170 luculenter
880 2115 1134 2169 Pererius
1162 2114 1216 2169 in
1243 2130 1441 2169 comm.
1466 2114 1532 2168 ad
1567 2116 1770 2178 Daniel,
1803 2115 1893 2168 lib.
1923 2130 2037 2178 xvr,

438 2203 485 2241 c.
520 2187 606 2249 14,
630 2197 675 2241 et
702 2187 789 2240 lib.
823 2202 862 2240 ιι
914 2185 1064 2256 Disp.
1095 2185 1158 2240 de
1179 2202 1281 2241 Lxx
1307 2188 1534 2255 septim.,
1560 2195 1696 2255 part.
1721 2201 1761 2249 ι,
1781 2193 1961 2254 quiest.
1984 2186 2041 2239 2.

439 2258 698 2327 Quamvis
742 2266 923 2312 autem
972 2258 1026 2311 in
1076 2256 1177 2311 hac
1224 2257 1605 2325 supputatione
1653 2257 1788 2313 mire
1828 2257 2042 2327 varient

441 2326 780 2398 c’hronologi,
810 2328 1049 2382 omnium
1083 2336 1262 2383 tamen
1287 2327 1543 2397 eXpensis
1570 2327 1875 2393 sententiis,
1900 2326 2043 2381 haud

443 2400 642 2462 minus.
667 2414 827 2470 quam
858 2399 1183 2470 octingentis
1216 2398 1299 2453 vel
1332 2399 1623 2470 nongentis?
1644 2399 1862 2454 circiter
1889 2398 2046 2454 annis

442 2470 633 2525 Belum
665 2469 902 2536 Trojano
944 2469 1161 2526 excidio
1204 2471 1565 2538 antiquiorem
1608 2469 1773 2525 fuisse
1811 2479 2045 2527 constat.

442 2540 835 2614 lseus.—-Nil
883 2542 1181 2614 tamende
1236 2543 1339 2611 hoc
1388 2541 1522 2614 certi
1571 2540 1780 2614 definiri
1833 2551 2046 2614 pntest,

444 2623 666 2683 propter
705 2613 884 2669 varios
926 2612 1347 2684 Babyloniorum
1396 2622 1451 2668 et
1487 2610 2047 2684 Assyriorum'Belos,

444 2684 534 2755 qui
566 2685 651 2739 his
681 2684 989 2740 nationibus
1017 2685 1246 2740 diversis
1276 2684 1610 2754 imperarunt
1650 2684 2010 2755 temporibus.

518 2755 718 2829 Itaque.
755 2756 880 2811 iitec
916 2772 1022 2812 vox
1063 2756 1555 2829 manuscriptorum
1584 2755 1830 2811 codicum
1860 2764 1964 2822 est,
1997 2762 2054 2817 et

2224 2044 2284 2099 Si
2313 2055 2648 2115 congruentes
2698 2062 2861 2100 annos
2910 2045 3131 2100 dividas.
3186 2045 3531 2116 Manuscripti
3573 2044 3761 2102 decem

2149 2117 2482 2187 recentiores
2524 2132 2644 2170 cum
2675 2117 2834 2171 editis
2867 2116 3089 2181 habent,
3124 2128 3479 2187 congruenter.
3513 2119 3763 2172 Chrono-

2150 2185 2257 2255 logi
2298 2189 2654 2243 vehementer
2697 2189 2931 2254 variant,
2963 2204 3139 2258 neque
3187 2185 3240 2243 in
3281 2189 3759 2257 supputationibus

2154 2265 2456 2328 temporum
2485 2259 2799 2328 scrupulose
2823 2260 3014 2330 sategit
3031 2259 3361 2315 Lactantius.
3395 2260 3581 2315 lsasns.

2226 2330 2353 2391 Ante
2377 2346 2541 2402 annos
2571 2348 2673 2402 non
2703 2330 2942 2402 amplius,
2971 2340 3074 2385 etc.
3102 2330 3291 2402 Falsus
3320 2339 3545 2401 apparet
3572 2332 3751 2402 calcue

2152 2399 2255 2472 lus.
2290 2401 2562 2461 Arnobius
2590 2401 2750 2461 aliam
2779 2399 2933 2472 inirit
2955 2401 3277 2472 supputandi
3304 2399 3592 2470 rationem,
3618 2414 3672 2457 et
3692 2401 3761 2459 ad

2153 2470 2260 2546 duo
2288 2472 2457 2546 millia
2486 2488 2749 2546 annorum
2792 2474 2859 2527 ab
2888 2470 3040 2546 Jove,
3062 2470 3151 2546 ad
3167 2473 3265 2546 illa
3304 2488 3472 2546 usque
3508 2482 3751 2546 tempora

2156 2544 2532 2600 intercessisse
2555 2544 2742 2599 scribit
2764 2560 2930 2670 prum
2950 2542 3108 2599 ﬁnem
3140 2544 3234 2599 lib.
3268 2560 3326 2600 ιι.
3352 2542 3539 2605 Isi-2m.

2229 2614 2313 2670 Ne
2340 2617 2546 2670 modum
2570 2619 2799 2670 excedat.
2827 2657 2841 2670 .
2880 2631 2957 2670 ss.
2993 2632 3102 2670 rec.
3126 2615 3162 2669 2
3192 2615 3518 2670 Rea..Vict..

2229 2614 2313 2675 Ne
2340 2617 2546 2673 modum
2570 2619 2807 2687 excedat.
2827 2614 2957 2671 Mss.
2993 2632 3102 2670 rec.
3126 2615 3162 2669 2
3192 2615 3518 2687 Reg.,Vict.,
3552 2614 3704 2684 Nam,
3738 2632 3756 2674 ι

2155 2686 2337 2753 Colb.,
2368 2687 2517 2754 Gat.,
2549 2687 2717 2749 Brun.
2749 2686 2955 2744 addunt
2982 2687 3181 2754 oratio;
3210 2686 3304 2743 sed
3345 2702 3651 2760 perperam.

454 2894 3718 2921 Μ

786 2984 1340 3081 ANALYSIS
1397 2986 1710 3083 LIBRI
1763 2983 2322 3081 SECUNDI,
2382 2987 2601 3098 QUI
2658 2985 3425 3072 INSCRIBITUR

1462 3188 1606 3273 DE
1665 3185 2142 3262 ORIGINE
2218 3183 2706 3261 EBBOBIS
2723 3232 2747 3256 .

520 3525 710 3582 Partes
733 3524 853 3581 libri
878 3523 999 3580 duae
1020 3532 1145 3579 sunt
1170 3540 1185 3596 ξ
1212 3523 1384 3592 prima
1412 3523 1479 3581 de
1504 3523 1752 3581 Vanitate
1774 3523 2051 3594 religionis
2078 3522 2122 3585 C
2158 3522 2291 3596 tales
2313 3521 2723 3596 contempsisse,
2742 3520 3023 3596 spoliasse,
3051 3519 3306 3596 illusisse,
3324 3521 3494 3596 idque
3513 3524 3758 3596 impune;

452 3598 715 3669 deorum;
749 3598 913 3651 altera
946 3596 1013 3653 de
1043 3595 1260 3669 Origine
1291 3597 1512 3669 erroris.

532 3668 704 3723 Vanus
730 3686 836 3724 esse
856 3669 1124 3737 religiones
1146 3666 1354 3721 deorum
1386 3668 1564 3739 probat
1589 3687 1602 3723 :
1637 3667 1692 3721 i"
1714 3666 1835 3739 quia
1866 3675 2053 3739 contra

453 3741 836 3797 conscientiam
865 3736 1249 3808 suscipiantur,
1281 3736 1401 3808 cum
1430 3736 1589 3793 etiam
1629 3739 1700 3792 illi
1732 3736 1793 3792 in
1836 3738 2052 3795 calami-

455 3813 650 3868 tatibus
679 3812 744 3865 ad
775 3812 940 3864 Deum
971 3806 1133 3867 unum
1165 3806 1495 3880 confugiant,
1527 3811 1616 3880 qui
1653 3810 1814 3864 rebus
1841 3825 1906 3863 ex
1933 3823 2056 3863 seu-

457 3884 620 3938 tentia
644 3881 937 3935 ﬂuentibus
968 3879 1258 3951 alacresgad
1284 3880 1509 3935 (letarum
1534 3880 1730 3951 templa
1762 3889 2005 3933 currunt,

525 3953 584 4008 2°
612 3953 747 4020 Quia
794 3968 897 4006 non
940 3960 1069 4005 sunt
1097 3949 1320 4005 rationis
1353 3951 1621 4017 humanm,
1650 3949 1789 4020 Vnam
1832 3959 2059 4006 currant

456 4019 678 4081 caeleste
706 4023 906 4077 animal
936 4023 1000 4077 ad
1035 4021 1340 4076 veneranda
1392 4030 1625 4077 terrena.
1660 4019 1844 4079 Status
1875 4033 2059 4077 rectus

458 4096 663 4153 homini
692 4104 745 4149 et
774 4094 952 4149 vultus
981 4093 1227 4164 sublimis
1256 4093 1415 4164 datus
1443 4103 1546 4162 est,
1579 4102 1636 4148 ut
1660 4108 1879 4148 sursum
1915 4095 2060 4164 aspi-

457 4167 583 4230 ciat,
615 4183 720 4222 non
744 4166 996 4221 deorsum
1021 4166 1038 4233 (
1063 4162 1191 4235 Cap.
1228 4163 1301 4236 1).

530 4239 586 4295 5ο
614 4239 748 4307 Quia
781 4238 1070 4292 simulacra
1097 4238 1303 4305 colunt,
1331 4250 1449 4306 qua:
1478 4244 1570 4290 aut
1598 4247 1724 4292 sunt
1750 4238 1901 4305 signa
1932 4236 2062 4291 deo-

458 4327 577 4366 rum
611 4318 971 4371 mortuorum,
1003 4316 1097 4362 aut
1125 4308 1453 4372 absentium,
1487 4317 1579 4361 aut
1606 4310 1971 4379 prtesentium.
2002 4308 2059 4366 Si

459 4390 818 4445 mortuorum,
852 4380 1016 4435 stulte
1060 4379 1280 4445 colunt;
1318 4380 1363 4433 si
1393 4379 1715 4447 absentium,
1746 4379 1957 4435 colendi
1986 4379 2060 4433 dii

462 4468 567 4508 non
613 4461 758 4516 sunt,
792 4453 834 4507 si
867 4466 967 4506 nec
1010 4451 1194 4505 vident
1233 4466 1353 4520 quae
1403 4449 1643 4513 iacimus,
1696 4468 1795 4506 nec
1838 4451 2063 4505 audiunt

461 4540 582 4594 qua:
608 4538 911 4599 precamur.
938 4524 993 4578 Si
1020 4524 1384 4591 praesentium,
1414 4522 1536 4599 quia
1560 4524 1631 4599 dii
1658 4526 1912 4599 absentes
1942 4538 2062 4577 esse

463 4593 572 4651 non
608 4593 870 4665 possunt,
906 4608 1237 4663 snpervacna
1269 4604 1391 4648 sunt
1437 4593 1745 4651 simularra.
1793 4596 2062 4650 Prmterea

464 4667 560 4723 Dei
586 4664 636 4721 in
664 4674 925 4726 internum
954 4664 1181 4721 viventis
1205 4666 1380 4723 vivum
1410 4674 1461 4718 ct
1485 4668 1741 4725 sensibile
1766 4667 1923 4731 debet
1943 4680 2063 4721 esse

464 4737 830 4803 simulacrum.
860 4739 923 4790 At
948 4736 1158 4791 illorum
1189 4736 1476 4791 simulacra
1500 4739 1644 4794 omni
1671 4753 1832 4797 sensu
1854 4746 2060 4793 carent.

464 4810 641 4864 Ποπιιο
669 4820 750 4863 est
780 4808 1189 4862 simulacrorum
1222 4809 1371 4876 quasi
1415 4823 1627 4876 parcus.
1662 4808 1849 4876 Itaque
1876 4806 2066 4864 melior

466 4882 554 4951 qui
580 4880 725 4943 facit,
758 4895 916 4951 quam
950 4880 1035 4933 illa
1066 4895 1185 4946 qum
1213 4877 1347 4933 facta
1374 4889 1518 4934 sunt.
1550 4879 1605 4934 In
1636 4880 1927 4933 simulacro
1958 4895 2064 4933 non

2157 3593 2219 3649 C.
2243 3593 2467 3668 Yerrem
2491 3594 2710 3668 impune
2744 3592 3119 3668 tot_sacrili-gia
3139 3592 3476 3668 commisisse
3498 3592 3653 3668 (Cap.
3677 3599 3759 3668 4).

2230 3665 2287 3719 4°
2318 3665 2451 3735 Quia
2482 3665 2776 3736 praeierunt
2808 3665 2919 3718 Deo
2946 3673 3000 3718 et
3038 3666 3241 3736 parenti
3281 3680 3443 3733 opera
3489 3665 3580 3722 Dei

2160 3736 2331 3809 solum
2366 3735 2609 3809 barbari,
2643 3736 2737 3790 sed
2767 3737 2926 3790 etiam
2959 3735 3114 3809 stoici
3150 3736 3487 3809 philosophi,
3523 3739 3610 3809 qui
3642 3755 3761 3793 om-

2161 3808 2245 3862 nia
2275 3808 2537 3869 cmlestia,
2568 3823 2687 3877 qua:
2712 3816 3012 3867 moventur,
3045 3807 3097 3860 in
3132 3807 3354 3861 deorum
3388 3807 3611 3864 numero
3637 3827 3765 3866 cen-

2159 3891 2279 3933 sent
2305 3897 2318 3931 :
2350 3894 2486 3952 quos
2514 3892 2618 3952 non
2640 3888 2852 3952 tantum
2889 3879 3132 3952 veritate,
3159 3878 3253 3933 sed
3283 3881 3445 3935 etiam
3476 3882 3654 3937 verbis
3684 3882 3768 3952 ip-

2160 3966 2340 4005 sorum
2371 3946 2600 4004 revincit
2628 3946 2781 4019 (Cap.
2815 3950 2846 4003 5
2871 3957 2925 4003 et.
2950 3948 3028 4014 6).

2234 4021 2290 4076 5°
2318 4021 2451 4088 Quia
2497 4020 2647 4085 solis,
2681 4021 2858 4092 iuriae,
2904 4020 3065 4089 ignis,
3097 4035 3272 4092 aquae,
3323 4031 3426 4077 etc.
3474 4023 3767 4082 simulacra

2162 4092 2455 4165 humanum
2487 4092 2540 4146 in
2572 4090 2788 4165 modum
2820 4090 3528 4165 formant,‘consecrantque
3556 4096 3620 4150 iis
3651 4110 3766 4151 ma-

2164 4163 2457 4237 nubiasget
2488 4163 2702 4237 rapinas
2743 4178 2889 4237 suas,
2933 4163 3307 4237 existimantes
3350 4163 3518 4221 Deum
3558 4181 3766 4237 amare,

2161 4234 2417 4307 quidquid
2446 4235 2546 4303 ipsi
2575 4236 2960 4307 concupiscunt
2996 4232 3148 4307 (Cap.
3180 4235 3257 4307 7).

2234 4304 2496 4361 OBJECTIO
2521 4322 2538 4380 :_
2560 4305 2623 4358 At
2644 4307 2681 4358 ii
2707 4306 2805 4377 ipsi
2832 4304 3237 4380 diinmjestateni
3267 4323 3414 4380 suam
3434 4323 3569 4380 saepe
3598 4318 3769 4369 osten-

2164 4378 2287 4431 dunt
2337 4376 2619 4447 prodigiis,
2654 4388 2702 4431 et
2751 4376 2998 4439 somniis,
3045 4387 3092 4430 et
3137 4378 3407 4446 auguriis,
3451 4376 3768 4435 et'oraculis

2165 4447 2293 4520 (Hic
2323 4460 2685 4503 enumerantur
2706 4452 2867 4520 multa
2890 4448 3141 4501 miracula
3167 4450 3424 4520 deorum).
3446 4480 3517 4490 —
3540 4450 3607 4506 Ut
3639 4467 3770 4505 cau-

2165 4519 2279 4575 Sam
2315 4522 2503 4574 horum
2548 4519 2929 4575 miraculorum
2970 4530 3225 4588 exponat,
3255 4523 3419 4575 altius
3453 4521 3770 4583 Lactantius

2167 4591 2769 4663 narrationemorditur
2791 4590 2858 4644 ab
2883 4590 2995 4659 ipsn
3024 4590 3230 4663 scilicet
3257 4594 3531 4647 creatione
3556 4609 3767 4663 rerum,

2166 4662 2234 4719 de
2261 4677 2363 4733 qua
2394 4662 2576 4733 incipit
2608 4661 2901 4733 disserere,
2917 4675 3036 4733 cap.
3068 4661 3122 4728 9,
3153 4662 3205 4717 in
3237 4678 3345 4733 quo
3376 4665 3569 4719 rel'utat
3606 4661 3766 4721 erroé

2167 4749 2253 4789 res
2285 4730 2722 4800 ιιιιὶιοςιηιιιοιτιιιη
2749 4730 2817 4786 de
2840 4731 3040 4787 mundo
3060 4742 3114 4787 et
3136 4730 3599 4801 ejus'labricatore
3626 4736 3756 4792 Deo.

2171 4805 2370 4859 Deinde
2401 4804 2741 4873 persequitur
2769 4803 3045 4859 historiam
3070 4806 3377 4869 creationis,
3400 4823 3516 4874 cap.
3547 4807 3632 4871 lt),
3678 4809 3771 4873 Η,

2172 4876 2261 4934 12.
2296 4876 2385 4939 15,
2434 4875 2741 4931 innniscens
2784 4874 3074 4930 identidem
3119 4875 3602 4944 disputatiunculas
3645 4893 3770 4934 cum

467 4945 549 5007 est
576 4945 787 5022 aliquid
806 4951 1039 5005 hominis
1066 4945 1277 5022 praeter
1293 4950 1573 5022 umbram;
1603 4966 1730 5020 ergo
1773 4951 1942 5007 multo
1970 4951 2062 5005 mi-
2094 4946 2144 5006 Ι)
2170 4945 2507 5022 philosophis
2532 4987 2545 5010 ,
2578 4962 2697 5022 qua:
2747 4946 2823 5022 ad
2860 4945 3212 5022 creationem
3238 4949 3531 5022 pertinent.
3584 4948 3773 5006 Tertio

468 5038 568 5078 nus
590 5018 787 5093 aliquid
816 5023 903 5077 Dei
938 5018 1089 5093 (Cap.
1120 5020 1203 5091 2).
1238 5020 1330 5075 His
1356 5018 1638 5090 subjicitur
1663 5018 1840 5091 gravis
1868 5022 2064 5075 dehor—

469 5096 597 5149 tatio
623 5110 652 5149 a
681 5094 1092 5151 simulacrorum
1133 5093 1302 5154 cultu.
1336 5107 1506 5161 usque
1545 5093 1610 5149 ad
1659 5096 1816 5147 tinem
1846 5107 1965 5163 cap.
2003 5094 2061 5161 ‘3,

470 5176 523 5221 et
566 5166 920 5236 reprehensio
945 5163 1241 5230 Ciceronis,
1273 5164 1363 5233 qui
1410 5178 1531 5219 cum
1578 5165 1903 5221 intellexerit
1942 5165 2065 5220 reli-

468 5238 687 5309 gionum
720 5239 1036 5309 vanitatem,
1070 5246 1244 5288 tamen
1279 5250 1376 5309 nec
1408 5236 1544 5309 alios
1573 5238 1641 5291 ab
1682 5253 1742 5292 ea
1774 5236 2063 5301 abducere,

470 5305 571 5365 nec
597 5311 710 5378 ipse
736 5322 854 5364 eam
894 5305 1201 5378 relinquere
1226 5306 1392 5361 voluit
1418 5306 1567 5375 (Cap.
1601 5309 1674 5373 5).

542 5376 766 5435 Rursum
789 5377 1066 5433 simulacra
1088 5376 1281 5432 nullam
1305 5379 1618 5441 maiestatem
1644 5379 1826 5434 habere
1852 5378 2065 5433 asserit:

471 5452 623 5519 Quod
655 5450 845 5504 fuerint
894 5449 945 5502 in
989 5448 1297 5504 homunculi
1338 5459 1639 5518 potestate;
1686 5450 1825 5520 quod
1869 5450 2060 5517 frangi,

472 5521 737 5583 cremari,
787 5519 962 5591 perire
1011 5520 1253 5589 possint;
1287 5523 1427 5591 quod
1458 5519 1746 5591 semetipsa
1790 5521 1922 5577 tueri
1957 5534 2063 5576 non

472 5592 714 5663 possint;
744 5590 886 5663 quod
930 5606 1049 5645 cum
1095 5591 1382 5657 violantur,
1416 5594 1581 5647 inulla
1612 5590 1755 5657 sint,
1794 5592 1893 5647 nisi
1918 5607 1946 5645 a
1974 5608 2069 5647 co-

475 5660 710 5721 lentibus
741 5660 1113 5719 vindicentur:
1144 5664 1287 5729 quod
1329 5665 1496 5721 oculis
1538 5666 1645 5719 sint
1691 5664 1930 5733 subjecta
1955 5706 1970 5729 ,
2004 5677 2068 5717 ac

475 5737 702 5808 proinde
742 5749 846 5793 non
889 5734 1239 5795 immortalia:
1285 5734 1352 5789 ita
1397 5751 1462 5791 ne
1493 5734 1688 5792 l‘ruslra
1731 5737 1856 5806 ipsis
1884 5733 2069 5791 olierri

478 5822 737 5864 munera:
780 5805 977 5864 merito
1019 5806 1330 5864 Dionvsium
1360 5750 1568 5864 (Sicilia:
1608 5817 1892 5864 tvrannum
1936 5804 2069 5864 deos

478 5804 737 5876 munera;
780 5805 977 5867 merito
1019 5806 1330 5878 Dionysium
1371 5804 1568 5866 Sicilia:
1608 5804 1892 5880 tyrannum
1936 5804 2070 5865 deos

2171 5018 2359 5075 diluvii
2406 5019 2685 5073 historiam
2733 5019 2983 5089 attingit,
3034 5027 3088 5072 et
3134 5019 3396 5089 originem
3442 5036 3689 5076 errorum
3739 5035 3774 5077 a

2171 5089 2361 5147 Cliami
2393 5089 2849 5161 Hebraeorumque
2895 5088 3195 5145 defectione
3228 5088 3478 5153 deducit.
3521 5106 3640 5161 cap.
3673 5093 3768 5147 14.

2172 5163 2415 5226 Quarto,
2449 5172 2728 5217 crescente
2780 5160 3056 5215 hominum
3107 5161 3330 5225 Inalitia,
3376 5163 3545 5218 Deum
3585 5160 3777 5219 scribit

2174 5234 2385 5287 misisse
2426 5233 2648 5302 angelos
2689 5231 2754 5285 ad
2799 5232 3021 5285 tutelam
3064 5233 3280 5300 generis
3324 5234 3545 5289 humani
3579 5234 3630 5288 iu
3664 5247 3775 5289 ter-

2172 5318 2287 5356 ram
2320 5322 2331 5355 :
2364 5318 2499 5372 quos
2532 5319 2651 5365 cum
2679 5302 2984 5371 pellexisset
3011 5302 3255 5361 diabolus
3289 5305 3353 5361 ad
3389 5306 3536 5369 vilia,
3569 5315 3623 5359 et
3654 5320 3775 5361 mu-

2175 5374 2363 5429 lierum
2393 5375 2769 5444 congressibus
2794 5374 3149 5442 inquinasset,
3170 5373 3363 5433 fecisse
3383 5392 3479 5432 eos
3499 5376 3771 5432 diabolum

2170 5461 2297 5501 suos
2328 5446 2604 5519 satellites,
2629 5445 2720 5514 qui
2744 5457 2923 5519 autem
2945 5460 3010 5519 ex
3038 5446 3119 5501 his
3141 5446 3358 5519 fuerunt
3388 5450 3655 5519 prognati,
3677 5463 3775 5504 eos

2171 5533 2347 5587 neque
2385 5518 2625 5587 angelos.
2662 5532 2832 5589 neque
2861 5516 3105 5573 homines
3131 5516 3331 5584 fuiSse;
3366 5516 3526 5589 atque
3567 5520 3637 5572 ita
3666 5519 3774 5573 duo

2174 5590 2309 5645 facta
2336 5604 2455 5644 esse
2485 5603 2679 5659 genera
2698 5587 3038 5659 daemonum,
3072 5605 3233 5647 unum
3271 5587 3516 5656 cmleste,
3543 5592 3772 5645 altermn

2177 5670 2469 5725 terrenum,
2498 5658 2662 5729 atque
2694 5658 2791 5715 hos
2828 5674 2951 5719 esse
2989 5659 3296 5717 immundos
3334 5663 3576 5732 spiritus,
3606 5661 3774 5717 malo-

2175 5746 2318 5797 rum,
2347 5748 2467 5801 quae
2493 5742 2776 5801 geruntur,
2805 5743 3089 5798 auctores;
3119 5733 3208 5802 qui
3241 5732 3468 5797 insidiis,
3496 5732 3658 5795 dolis.
3682 5748 3775 5789 er-

2181 5804 2392 5865 roribus
2422 5802 2601 5861 omnia
2630 5802 2923 5875 complent,
2956 5803 3044 5873 qui
3074 5806 3345 5864 insinuant
3368 5819 3428 5863 se
3456 5802 3778 5877 corporibln
