4174 6200
408 301 520 359 255

1483 305 1692 365 LIBER
1729 307 1790 364 ll.
1835 307 1923 365 DE
1960 306 2240 368 ORIGINE
2283 308 2607 369 ERRORIS.

3617 309 3727 367 ΞΜ

408 422 689 499 hominum
715 421 872 499 (Cap.
899 423 1018 499 15),
1051 438 1249 480 nocere
1288 425 1976 499 tamen‘neminipossunt
1997 469 2013 493 ,
2044 425 2097 490 Α
2120 426 2264 497 quod
2304 426 2511 482 scilicet
2538 428 2872 483 inveteratos
2913 441 3131 483 errores
3161 427 3455 498 depulerit,
3489 426 3727 499 quidque

409 495 515 568 nisi
543 510 704 564 quem
729 494 933 551 habent
966 498 1019 553 in
1057 511 1155 551 sua
1184 504 1446 566 potestate
1477 494 1630 568 (Cap.
1671 494 1781 568 16).
1817 496 2015 556 Eorum

410 567 630 624 inventa
676 580 801 640 esse
848 568 1225 640 astrologiam,
1270 569 1656 638 aruspicinam,
1708 567 2016 640 auguratio-

411 653 539 694 nem
563 636 829 710 ._o_racu_la
848 679 862 704 ,
894 639 1318 695 necromantiam
1346 681 1359 701 ,
1387 636 1557 701 artem
1589 636 1874 710 magicam.
1910 641 2016 694 llos

410 707 601 765 conari
631 708 879 781 homines
909 725 937 763 a
968 711 1177 765 cultura
1212 720 1268 765 et
1313 711 1501 765 notitia
1528 707 2019 781 verte'majestatis

410 789 684 852 avertere.
707 780 836 835 Inde
853 795 972 836 esse
988 781 1266 842 miracula.
1281 797 1401 849 qua:
1423 784 1581 852 cap.7
1599 780 2020 838 commemorata

413 854 545 907 sint.
574 849 709 925 Nam
738 866 860 907 cum
890 852 1276 925 dispositiones
1302 854 1396 910 Dei
1431 849 1814 925 praesentiant,
1847 855 2021 925 inquit

413 938 581 994 porro
623 922 957 994 Lactantius,
980 922 1195 996 'quippe
1229 925 1321 996 qui
1360 924 1591 979 ministri
1633 923 1750 993 ejus
1783 922 2019 991 fuerunt,

414 998 768 1066 interpununt
794 1010 853 1050 se
879 996 929 1048 in
959 994 1040 1051 his
1074 994 1263 1061 rebus,
1285 1005 1343 1049 ut
1367 1011 1719 1066 quascumque
1747 1011 1774 1047 a
1806 996 1916 1050 Deo
1938 996 2022 1051 vel

415 1064 559 1139 facta
600 1077 745 1139 sunt,
777 1067 865 1122 vel
895 1066 1029 1125 ﬁunt
1052 1111 1067 1135 ,
1102 1068 1203 1137 ipsi
1235 1064 1575 1139 potissimum
1598 1064 1794 1122 facere
1823 1078 1915 1122 aut
1944 1066 2026 1123 fe-

417 1138 559 1210 cisse
587 1136 904 1210 videantur;
938 1150 991 1194 et
1022 1136 1427 1210 quotiesalicui
1458 1139 1657 1208 populo
1687 1139 1766 1193 vel
1794 1140 1910 1195 orbi
1939 1153 2024 1210 se:

416 1208 653 1281 cundum
696 1208 787 1281 Dei
836 1208 1057 1281 statum'
1084 1210 1208 1265 boni
1252 1209 1377 1281 quid
1422 1210 1713 1280 impendet,
1757 1210 1835 1264 illi
1877 1225 1935 1269 se
1971 1209 2023 1281 id

420 1279 655 1353 tacturos
684 1279 772 1353 vel
800 1279 1079 1353 prodigiis,
1112 1283 1196 1336 vel
1226 1279 1448 1343 sumniis
1470 1279 1599 1347 ,Vvel
1639 1281 1871 1353 oraculis
1904 1280 2021 1353 pol-

421 1352 668 1478 :cemur,
711 1352 757 1406 si
788 1352 891 1406 sibi
933 1351 1166 1423 templa,
1196 1353 1243 1407 si
1281 1354 1530 1419 honores,
1561 1353 1607 1407 si
1634 1351 1897 1407 sacriﬁcia
1925 1352 2024 1407 tri-

467 1431 675 1477 uantur.

467 1431 675 1477 υὸηΙυΓ.

496 1492 757 1571 Oetaeam
788 1509 803 1548 :
830 1493 943 1571 _Cur
973 1511 1091 1571 ergo
1120 1492 1263 1571 Deus
1291 1494 1387 1549 hoc
1432 1494 1543 1569 ﬁeri
1590 1494 1903 1571 patitur?_-—
1922 1492 2027 1571 Re-

417 1565 884 1640 SponsaUhmala
907 1565 1218 1640 cum'bonis
1252 1565 1525 1640 pugnem;
1550 1565 1610 1621 ut
1643 1566 1769 1640 vitia
1797 1565 2026 1640 sintad-

416 1638 659 1708 versaria
686 1637 1007 1705 virtutibus;
1032 1647 1090 1693 ut
1108 1636 1308 1693 habeat
1332 1636 1470 1693 alios
1491 1652 1626 1708 quos
1645 1638 1855 1708 puniat,
1888 1636 2025 1692 alios

417 1722 557 1778 quos
588 1707 841 1763 honoret.

2129 513 2293 568 porro
2324 508 2648 570 tractaturus
2675 500 2764 566 sit,
2798 500 3047 570 exponit,
3079 514 3199 570 cap.
3233 500 3330 555 ult.
3363 499 3453 557 9.0.

2201 570 2390 643 Altera
2422 569 2541 643 libri
2570 571 2726 641 hujus
2751 569 2884 643 pars
2902 580 2986 633 est
3007 570 3077 635 de
3107 569 3326 642 Origine
3351 571 3575 643 erroris,
3606 586 3731 643 quin

2127 655 2237 695 non
2269 640 2759 710 conjunctim,’sed
2779 643 3008 712 sparsim
3035 643 3137 697 hoc
3160 640 3298 696 libro
3329 642 3578 697 traditur.
3608 640 3731 697 Dis-

2127 712 2264 783 serit
2290 720 2470 767 autem
2504 713 2572 768 de
2614 713 2822 782 origine
2851 728 3099 768 errorum
3135 715 3186 768 in
3239 714 3418 782 specie
3467 713 3727 783 primum,

2128 782 2329 855 deinde
2376 785 2426 838 in
2470 798 2689 853 genere.
2735 784 2795 840 lu
2838 784 3022 855 specie
3050 784 3121 839 de
3158 785 3366 854 origine
3393 782 3639 841 errorum
3674 784 3729 840 in

2130 854 2392 925 religione
2422 854 2793 911 Romanorum
2845 854 2877 911 :'
2910 855 3051 922 quod
3101 856 3332 915 Rmnulo
3364 856 3552 910 urbem
3586 870 3720 911 con-

2126 925 2314 991 dente,
2347 935 2402 987 et
2433 928 2698 996 pessimos
2725 941 2968 998 quosque
3000 928 3051 981 in
3094 927 3281 982 urbem
3332 943 3482 980 suam
3535 926 3733 998 admit-

2129 1007 2274 1053 tente
2301 1040 2315 1063 ,
2350 998 2514 1051 exiis
2542 1000 2593 1052 in
2624 997 3095 1067 senatumlegerit
3127 1013 3239 1064 eos,
3271 1000 3360 1067 qui
3409 1008 3566 1052 aatate
3592 997 3731 1053 alios

2127 1069 2427 1140 anteibant,
2463 1079 2516 1123 et
2545 1080 2724 1138 patres
2752 1070 3056 1139 appellarit,
3086 1082 3141 1125 et
3171 1072 3269 1125 hos
3314 1079 3493 1140 patres
3524 1084 3586 1123 ac
3618 1070 3731 1138 pei-

2125 1138 2250 1212 l_itos
2274 1154 2434 1201 Senes
2463 1141 2677 1199 decreta
2713 1138 2900 1200 llillSSC
2932 1142 3000 1197 de
3032 1138 3325 1212 religione,
3345 1141 3540 1212 quibus
3585 1155 3732 1199 nunc

2130 1210 2361 1265 Romani
2412 1214 2668 1281 serviant.
2727 1212 2990 1266 Hortatur
3034 1210 3184 1281 ergo,
3221 1210 3425 1266 mutent
3464 1215 3728 1281 animum,

2128 1284 2251 1352 quia
2303 1298 2480 1346 nemo,
2532 1280 2652 1339 cum
2710 1283 2978 1348 viverent,
3034 1280 3296 1338 affinitate
3331 1283 3453 1337 illos
3483 1290 3731 1351 pastores

2132 1354 2347 1428 dignos,
2394 1355 2712 1428 judicasSetr
2740 1353 2891 1428 (Cap.
2927 1354 3005 1425 6).
3062 1355 3262 1410 Deinde
3292 1355 3417 1425 quia
3447 1363 3734 1428 opporteat

2132 1425 2187 1480 in
2217 1441 2279 1487 ea
2313 1441 2371 1483 re
2400 1429 2654 1499 maxime,
2704 1425 2758 1483 in
2803 1441 2907 1499 qua
2950 1434 3074 1482 vitae
3109 1428 3265 1499 ratio
3313 1435 3582 1490 versatur,
3627 1426 3733 1499 sibi

2130 1510 2400 1571 quemque
2469 1498 2780 1571 conlidere,
2824 1497 3040 1571 suoque
3101 1497 3306 1571 judicio
3371 1511 3433 1551 ac
3501 1497 3733 1571 pmpriis

2129 1564 2379 1623 sensibus
2430 1564 2528 1623 uiti
2574 1564 2638 1639 ad
2686 1564 3120 1639 investigandum
3167 1586 3231 1625 ac
3286 1564 3729 1640 perpendendam

2127 1644 2413 1694 veritatem
2443 1638 2595 1711 (Cap.
2631 1638 2709 1709 7).

2199 1711 2253 1767 ln
2282 1727 2481 1780 genere
2499 1714 2740 1773 omnium
2760 1728 3009 1777 errorum
3035 1711 3169 1773 duas
3191 1728 3315 1777 esse
3342 1726 3536 1769 causas
3562 1711 3729 1768 dicit:

492 1777 673 1862 Atque
684 1781 954 1862 hactenus
972 1780 1089 1838 haec
1108 1780 1428 1862 disputatio,
1451 1795 1626 1862 quam_
1641 1780 1815 1839 altera
1843 1787 2019 1862 parte,
2050 1772 2100 1835 B
2126 1772 2494 1862 defeciiotiem
2561 1772 2857 1862 Chamihet
2890 1772 3235 1862 posteritatis
3268 1772 3354 1856 pii
3383 1783 3500 1862 Nec
3547 1799 3589 1862 a_
3621 1785 3732 1847 Deo

415 1863 538 1923 cap.
557 1847 660 1923 18,
682 1847 995 1923 Lactantius
1019 1847 1235 1923 repetit,
1259 1851 1357 1909 sed
1382 1847 1686 1923 generatim
1720 1869 1736 1909 ι
1768 1847 1862 1907 cui
1885 1847 2016 1908 sub?

414 1920 594 1995 jungit
622 1937 845 1992 gravem
874 1920 1309 1981 dehortationem
1331 1940 1361 1978 a
1388 1920 1741 1995 religionibus
1768 1925 2016 1995 deorum,

418 1994 854 2066 simulacrisque,
899 2011 1017 2068 cap.
1061 1995 1154 2065 19,
1190 2006 1248 2054 et
1296 1997 1428 2068 quid
1468 1993 1730 2052 hactenus
1756 1993 2018 2063 tractarit,

2129 1851 2297 1982 (Cttpo
2356 1854 2493 1927 14),
2541 1854 2596 1911 et
2642 1853 2873 1935 insidias
2905 1851 3112 1930 'diabuli
3154 1851 3323 1936 (Cap.
3376 1853 3501 1937 16).
3558 1855 3729 1910 SCUL-

2129 1943 2194 1982 TE
2304 1968 2316 1981 .

2127 1943 2316 1982 TETUS.

1331 2256 1816 2364 LIBER
1852 2190 1857 2191 θ
1894 2254 2790 2363 SECUNDUS.

1404 2497 1564 2580 DE
1624 2488 2137 2591 ORIGINE
2188 2496 2747 2601 EBROBIS.

1638 2698 2476 2729 ξπ

922 2828 1159 2886 CAPUT
1226 2826 1519 2886 PRIMUM.

418 2967 577 3034 Quod
620 2967 837 3022 rationis
882 2966 1067 3021 oblivio
1098 2967 1257 3039 faciat
1312 2965 1541 3021 homines
1582 2963 1880 3036 ignorantes
1922 2961 2028 3017 veri

492 3060 622 3128 Dei,
679 3060 765 3129 qui
820 3058 1008 3113 colitur
1060 3034 1113 3113 in
1160 3058 1415 3127 adversis,
1449 3068 1494 3112 et
1522 3059 1576 3111 in
1605 3034 1862 3127 prosperis
1899 3070 2023 3110 con-
2048 3034 2095 3097 C

492 3152 751 3206 temnitur.

487 3284 825 3354 Quamquam
856 3284 1031 3353 primo
1076 3282 1217 3338 libro
1262 3282 1555 3353 religiones
1585 3281 1811 3338 deorum
1865 3281 2024 3336 falsas

408 3393 541 3435 esse
563 3377 1016 3442 monstraverim;
1058 3376 1199 3446 quod
1230 3377 1287 3444 ii,
1314 3392 1541 3445 quorum
1573 3376 1749 3431 varios
1779 3374 2019 3430 dissimi-

409 3474 604 3543 lesque
624 3472 803 3527 cultus
826 3486 922 3541 per
944 3472 1249 3525 universam
1279 3476 1479 3525 terram
1512 3484 1814 3526 consensus
1840 3468 2021 3523 homi-

411 3580 548 3619 num
595 3563 760 3637 stulta
793 3562 1147 3632 persuasione
1195 3562 1454 3631 suscepit,
1504 3560 1763 3616 mortales
1795 3560 2013 3625 fuerint,

408 3659 693 3730 iunctique
711 3658 844 3729 vita,
864 3656 1060 3710 divina:
1083 3656 1392 3711 necessitati
1418 3665 1592 3717 morte
1611 3654 2014 3720 concesserint;

412 3762 599 3807 tamen
649 3766 716 3821 ne
757 3766 859 3822 qua
905 3748 1171 3807 dubitatio
1219 3749 1574 3821 relinquatur,
1612 3748 1698 3803 hic
1748 3747 2017 3815 secundus

408 3844 555 3900 liber
585 3844 788 3901 fontem
838 3844 1012 3914 ipsum
1072 3842 1359 3914 patefaciet
1406 3856 1676 3907 errorum,
1720 3854 2020 3908 causasque

408 3953 608 3994 omnes
637 3938 953 4009 explicabit,
989 3939 1181 4008 quibus
1207 3937 1415 4019 decepti
1445 3937 1712 4004 homines,
1745 3945 1799 3991 et
1835 3933 2019 4004 primi-

2140 2829 2225 2881 tus
2253 2820 2384 2883 deos
2410 2836 2531 2879 esse
2576 2823 2928 2893 crediderint,
2976 2834 3032 2883 et
3061 2824 3402 2896 postmodum
3430 2824 3731 2883 inveterata

2136 2914 2491 2989 persuasione
2546 2916 2600 2983 in
2657 2918 2927 2990 susceptis
2984 2918 3304 2988 pravissime
3357 2917 3731 2989 Religionibus

2137 3009 2618 3077 perseveraverint.
2638 3008 2826 3065 Gestio
2843 3011 3011 3074 enim,
3034 3009 3387 3065 Constantine
3408 3008 3727 3078 Imperator,

2128 3100 2391 3156 convictis
2442 3100 2713 3169 inanibus,
2743 3111 2798 3158 et
2826 3102 3105 3159 hominum
3136 3102 3303 3172 impia
3350 3106 3585 3156 vanitate
3627 3100 3728 3155 de-

2129 3205 2292 3264 tecta,
2322 3197 2615 3268 singularis
2646 3199 2739 3259 Dei
2754 3214 3005 3261 asserere
3032 3200 3392 3269 majestatem,
3422 3198 3727 3268 suscipiens

2126 3289 2313 3344 utilius
2338 3296 2395 3343 et
2420 3289 2592 3360 majus
2621 3290 2856 3344 officium
2888 3290 3182 3365 revocandi
3212 3290 3462 3345 homines
3488 3305 3515 3343 a
3546 3291 3728 3359 pravis

2125 3382 2430 3455 itineribus,
2461 3393 2516 3439 et
2540 3384 2593 3457 in
2625 3384 2850 3455 gratiam
2896 3399 3081 3445 secum
3121 3385 3268 3463 ipsos
3307 3382 3622 3453 reducendi,
3659 3397 3727 3439 ne

2124 3491 2183 3533 se
2216 3477 2307 3545 (ut
2334 3477 2553 3548 quidam
2600 3476 2910 3548 philosophi
2938 3477 3175 3546 faciunt)
3224 3487 3508 3549 tantopere
3534 3476 3721 3546 despi—

2122 3561 2286 3627 ciant,
2321 3577 2456 3617 neve
2484 3578 2543 3617 se
2572 3562 2843 3627 infirmos,
2894 3574 2949 3618 et
2978 3578 3369 3633 supervacuos,
3402 3571 3457 3620 et
3486 3562 3641 3629 nihil,
3672 3569 3726 3618 et

2122 3655 2318 3709 frustra
2354 3656 2572 3709 omnino
2602 3665 2758 3710 natos
2788 3663 2993 3724 putent.
3042 3655 3172 3721 Quae
3199 3654 3382 3724 opinio
3429 3653 3720 3723 plerosque

2122 3746 2188 3799 ad
2238 3746 2365 3800 vitia
2418 3747 2717 3816 compellit.
2771 3747 2902 3802 Nam
2936 3734 3069 3800 dum
3093 3745 3423 3813 existimant,
3457 3745 3586 3801 nulli
3616 3744 3727 3817 Deo

2124 3853 2222 3897 nos
2244 3854 2366 3903 esse
2395 3854 2560 3906 curae,
2589 3850 2681 3896 aut
2714 3851 2834 3911 post
2863 3852 3094 3901 mortem
3127 3840 3259 3897 nihil
3299 3840 3525 3906 futuros,
3581 3848 3725 3903 totos

2124 3949 2183 3989 se
2242 3933 2556 4005 libidinibus
2604 3935 2883 4005 addicunt,
2916 3943 2969 3992 et
2996 3935 3125 3990 dum
3167 3934 3332 3990 licere
3361 3933 3462 3990 sibi
3514 3941 3724 4021 putant,

1751 4065 2111 4123 VARIORUM
2148 4066 2375 4125 NOTAE.

488 4211 663 4268 Gestio
706 4211 869 4274 enim,
900 4209 1230 4265 Constantine
1257 4208 1564 4279 Imperator.
1598 4206 1723 4262 Haec
1752 4206 1860 4263 duo
1888 4222 2011 4279 pos-

415 4293 591 4340 trema
618 4284 782 4338 verba
814 4293 936 4336 sunt
963 4284 1016 4336 in
1046 4282 1423 4348 antiquissimo
1449 4280 1557 4335 900
1598 4294 1867 4334 annorum
1893 4282 2012 4334 'co-

412 4356 542 4411 dice
573 4354 760 4425 Hegio,
792 4355 844 4407 in
870 4354 978 4408 alio
1009 4352 1137 4409 item
1163 4352 1376 4425 Reg.,_7
1394 4351 1689 4425 Vaticanis,
1712 4350 1747 4405 2
1771 4350 2013 4425 Lipsien-

414 4428 591 4487 sihns,
628 4422 864 4488 Balliol.,
894 4426 1081 4480 Marm.
1127 4433 1181 4478 et
1212 4424 1263 4479 in
1285 4423 1441 4477 editis
1468 4423 1765 4485 Snubron.,
1793 4422 2012 4477 Fasitel.

422 4499 585 4563 1545,
619 4496 816 4569 Gymn.
854 4498 1013 4559 1555,
1048 4495 1247 4569 Betul.,
1280 4497 1530 4569 Tot-nes”
1566 4494 1840 4569 λῆψι,
1868 4493 2017 4569 ξιῚιᾳ-

419 4562 585 4637 mas,
630 4562 825 4639 T'Iiys.,
866 4569 1030 4632 Gali,
1079 4565 1297 4636 Spark.,
1338 4564 1569 4639 ACellar._,
1608 4564 1819 4639 Walcli.
1852 4562 1921 4639 At
1953 4564 2019 4639 _in

422 4635 735 4695 Rhoanneo
774 4648 829 4694 et
869 4635 1173 4710 Sangerm’”
1204 4637 1517 4710 rSoubron.,
1542 4635 1799 4710 ﬁtParisL
1816 4636 2017 4700 multis,

422 4713 641 4767 desunt.
698 4705 1170 4781 Regio-Puteanus
1200 4709 1361 4765 habet
1398 4710 1450 4763 iu
1481 4709 1634 4762 titulo
1664 4706 1734 4761 ad
1758 4705 2018 4762 Constan-

424 4788 587 4837 tinum
612 4781 997 4852 Imperatorem.

502 4848 755 4908 Conviclis
782 4854 1038 4908 inanibus.
1086 4854 1160 4908 ita
1203 4850 1418 4924 reposui
1453 4866 1530 4924 es
1579 4865 1710 4924 mss.
1757 4849 1791 4906 6
1861 4848 2019 4924 R_eg.,

427 4941 658 4995 quorum
712 4924 822 4979 duo
865 4936 989 4979 sunt
1017 4920 1311 4988 veterrimi,
1350 4924 1397 4995 *1
1452 4922 1820 4995 Lips.,ﬂ_EmA.,
1874 4920 2020 4995 Gat.,

428 4991 620 5051 Hann.
649 5007 701 5051 et
723 4996 858 5051 Vict.
887 4999 940 5049 in
972 5012 1166 5065 marg.,
1189 4995 1318 5049 edit.
1349 4991 1531 5065 Rom.,
1564 4991 2020 5065 MiOLGymnicq

429 5069 628 5132 Fasit.,
651 5076 840 5135 Torn.,
867 5062 1201 5129 Thom.,'ls.,
1229 5065 1420 5137 Thys.,
1452 5063 1676 5137 Cellary,
1706 5062 1942 5137 Walclt,
1972 5070 2027 5119 et

428 5143 511 5194 sic
541 5140 714 5209 legere
740 5140 880 5192 malo
906 5153 1025 5192 cum
1056 5138 1283 5193 eruditis
1304 5134 1433 5192 viris
1457 5136 1542 5191 Jo.
1575 5135 1873 5209 Cleric9__in
1897 5134 2026 5209 erle

429 5204 621 5266 Critic'.
654 5209 713 5265 Ρ.
763 5225 843 5276 ιιι,
876 5209 932 5264 S.
966 5210 1003 5265 1.
1037 5225 1087 5264 c.
1110 5212 1162 5274 4,
1197 5226 1249 5278 p.
1282 5209 1371 5273 44,
1406 5208 1642 5263 Celiario
1668 5218 1721 5261 et
1752 5204 2021 5263 Walchio.

431 5284 601 5339 Plane
647 5282 790 5338 enim
833 5283 963 5335 mihi
1015 5280 1256 5351 persuasi
1284 5281 1456 5350 proin
1485 5281 1716 5349 positum
1747 5278 2022 5351 luissem;

431 5354 577 5424 quod
599 5348 1026 5408 amanuensibus
1045 5368 1188 5424 szepe
1219 5348 1511 5424 contigisse
1540 5359 1724 5403 notum
1758 5358 1860 5424 est.
1894 5348 2024 5424 Nam

432 5420 717 5497 legendum
756 5424 979 5479 omnino
1028 5420 1241 5497 videtur
1268 5420 1524 5497 inanibus,
1556 5436 1750 5490 nempe
1778 5420 2026 5497 diisuqui

435 5488 635 5553 rectius
654 5507 1001 5567 opponuntur
1028 5496 1280 5565 singulari
1297 5493 1424 5560 Deo,
1447 5509 1605 5565 quam
1630 5488 1822 5567 "ama.
1844 5493 1868 5545 1
1900 5488 2025 5546 Cla-

434 5583 574 5623 rum.
622 5562 804 5631 habet,
858 5562 1224 5622 convictls'diis
1269 5562 1539 5632 inanibus;
1588 5567 1613 5620 1
1654 5562 1809 5619 Colb.
1842 5577 2022 5632 prave,

439 5641 718 5709 conjunctis
745 5640 1016 5703 inanibus;
1047 5641 1097 5694 in
1130 5640 1196 5709 16
1226 5638 1344 5693 aliis
1376 5653 1504 5694 mss.
1538 5644 1739 5709 recent.
1769 5633 1884 5709 e_t_5
1911 5633 2027 5690 edi-

439 5712 509 5763 tis
528 5705 613 5765 est
635 5710 877 5765 convictis
904 5713 1153 5765 manibus.
1178 5706 1312 5766 Vide
1344 5710 1502 5776 infra,
1534 5708 1570 5763 l.
1602 5725 1679 5774 tu,
1710 5720 1759 5762 c.
1792 5705 1862 5761 50
1905 5722 2029 5761 con-

434 5783 580 5843 victis
595 5780 934 5861 philosophia:
952 5782 1257 5855 disciplinis,
1274 5792 1381 5839 etc.

2206 4207 2437 4265 Vnnitate
2449 4211 2787 4268 detecta.Non
2804 4212 2946 4267 male
2958 4210 3350 4267 Goth.vanitate
3363 4211 3721 4276 deiectn.Bou.

2193 4280 2509 4353 suscipiens.
2555 4283 2814 4349 Quaedam
2875 4283 3140 4337 editiones
3185 4282 3384 4336 habent
3429 4282 3719 4351 suspicans,

2121 4352 2259 4420 quod
2293 4352 2432 4405 idem
2464 4362 2564 4407 est.

2193 4421 2415 4486 Quidam
2436 4423 2747 4493 philosophi.
2779 4424 2875 4479 llic
2915 4422 3224 4493 perstringit
3250 4423 3558 4479 Lactantius
3590 4424 3722 4495 Epi-

2122 4506 2336 4547 cureos.

2194 4563 2261 4617 Et
2287 4564 2436 4639 nihil,
2462 4574 2509 4619 et
2538 4565 2751 4635 frustra.
2793 4566 2867 4621 ita
2906 4564 3332 4639 restituimuskex
3363 4582 3492 4620 mss.
3530 4566 3719 4639 ZRrg.

2122 4651 2351 4708 quorum
2387 4636 2496 4690 duo
2535 4647 2661 4692 sunt
2709 4639 3086 4704 vetustissimi,
3138 4638 3171 4691 4
3218 4636 3485 4702 Colbert.,
3528 4636 3719 4708 80th:,

2127 4707 2259 4774 Ult.,
2294 4707 2503 4762 Βοιιοη.
2536 4710 2714 4763 minus
2739 4712 2934 4775 antiq.,
2982 4710 3131 4771 Enn,
3162 4708 3495 4776 Cantabrig.,
3528 4707 3717 4778 Brun.,

2124 4782 2255 4837 edit.
2290 4780 2504 4851 Egnat.,
2554 4781 2729 4837 Paris.
2786 4782 2947 4845 1595,
2976 4781 3170 4845 Fasit.,
3200 4780 3403 4849 Graph.
3436 4781 3493 4836 In
3526 4796 3720 4835 recru-

2128 4850 2451 4924 Iioribust?
2481 4852 2636 4924 Beg.,
2677 4855 2727 4924 ~5
2766 4852 2939 4919 Lips.,
2995 4850 3184 4919 Cauc.,
3238 4853 3392 4914 Peu.,
3435 4852 3717 4918 Rostoch.,

2124 4924 2267 4987 PaL,
2298 4923 2333 4976 2
2360 4921 2627 4986 Claroni.,
2658 4922 2885 4991 Christ.,
2922 4925 2947 4978 1
2981 4924 3157 4991 (;ιι11›.,
3201 4924 3333 4978 edit.
3363 4924 3519 4978 Rom.
3557 4924 3716 4986 1470,

2127 4996 2347 5066 Gymn.,
2385 4995 2580 5057 Betul.,
2614 4997 2867 5059 Tornes.,
2895 4994 3117 5057 Cellar.,
3150 5005 3253 5062 est,
3284 5005 3332 5049 et
3365 4996 3530 5059 nihil;
3575 4995 3718 5066 qHOd

2126 5065 2281 5123 abest
2307 5082 2336 5121 a
2369 5081 2474 5120 ms.
2509 5068 2533 5120 1
2564 5068 2696 5121 Bon.
2726 5071 2894 5137 antiq.
2930 5077 2983 5122 et
3011 5068 3169 5121 editis
3189 5068 3429 5134 quinque
3456 5080 3564 5120 rec.
3598 5065 3655 5121 In
3688 5069 3710 5123 1

2127 5138 2281 5193 Colb.
2305 5149 2351 5192 et
2379 5139 2447 5191 ad
2471 5138 2620 5204 nihil,
2650 5150 2695 5193 et
2726 5136 2936 5209 frustra.
2969 5138 3178 5194 Alicubi
3205 5138 3398 5205 legitur
3428 5136 3577 5209 nihili
3618 5152 3718 5207 pro

2124 5208 2275 5273 nihil,
2311 5210 2360 5263 in
2381 5225 2539 5278 quem
2569 5211 2745 5264 locum
2769 5222 2949 5264 notam
2987 5210 3148 5264 habet
3177 5216 3493 5277 sequentem
3539 5208 3719 5264 Bune-

2129 5296 2379 5337 maunus.
2399 5310 2469 5321 -ο
2490 5280 2554 5335 Et
2578 5282 2744 5335 nihili.
2771 5282 2960 5335 Merito
2981 5280 3245 5334 (lellarius
3272 5296 3337 5350 ex
3367 5279 3513 5350 Lips.
3549 5280 3719 5337 tribus

2128 5364 2182 5409 et
2207 5353 2379 5407 Betui.
2412 5354 2613 5421 recepit
2646 5370 2657 5405 :
2696 5354 2890 5406 habent
2931 5361 2983 5404 et
3028 5365 3155 5405 mss.
3179 5350 3237 5404 C.
3269 5349 3330 5405 Ο.
3361 5350 3423 5406 C.
3460 5351 3715 5419 Reimni.,

2130 5422 2291 5491 Ultr.,
2322 5421 2511 5486 Cauc.,
2540 5424 2651 5477 Pal.
2673 5433 2729 5477 et
2750 5423 2977 5491 'l‘nrnes.
3003 5422 3156 5476 Prius
3172 5423 3435 5477 confirmo
3454 5440 3517 5478 ex
3543 5425 3716 5488 Lact.,

2130 5496 2164 5549 Ι.
2198 5511 2238 5558 1,
2263 5511 2312 5551 c.
2347 5496 2407 5549 11
2442 5511 2454 5547 :
2493 5494 2592 5561 Qui
2621 5495 2683 5547 sit
2712 5503 2759 5547 et
2780 5490 3031 5557 mortalis,
3053 5504 3096 5547 et
3122 5495 3424 5564 imbecillus,
3455 5506 3501 5549 et
3532 5495 3717 5560 nihili;

2130 5576 2184 5621 et
2214 5567 2250 5619 Ι.
2281 5584 2351 5629 v1,
2383 5580 2431 5619 c.
2462 5566 2534 5618 2i
2560 5583 2572 5616 :
2596 5566 2875 5634 (nsipiens.
2898 5574 2943 5619 et
2970 5567 3193 5634 ineptus,
3226 5577 3270 5621 et
3300 5568 3447 5621 nihili
3468 5578 3559 5620 est.
3579 5567 3709 5620 Bun.

2204 5636 2355 5692 Nulli
2402 5635 2527 5690 Deo.
2569 5635 2642 5691 Ub
2681 5636 2782 5692 huc
2810 5639 2970 5691 etiam
3002 5638 3055 5692 in
3090 5639 3357 5707 prioribus
3399 5638 3551 5707 primi
3591 5636 3715 5688 libri

2129 5711 2406 5781 capitibus
2418 5708 2758 5781 dictutn‘est,
2811 5724 2875 5781 ac
2920 5726 3106 5781 rursus
3137 5710 3343 5767 dicetur
3367 5710 3419 5764 in
3451 5721 3614 5781 Opere
3644 5708 3714 5763 de

2132 5776 2213 5847 ira
2237 5781 2349 5836 Dei.
2380 5777 2532 5837 Nulli
2560 5777 2792 5836 refertur
2812 5780 2880 5835 ad
2908 5776 3074 5836 Cum.
