4174 6200
431 311 539 368 255

1506 307 1693 365 FIRM.
1736 305 2106 365 LACTANTII
2147 306 2344 363 DIVIN.
2386 307 2631 367 INSTIT.

2494 152 2511 181 Ι

3619 310 3727 365 256

429 424 743 483 hauriendis
763 424 1123 497 voluptatibus
1140 424 1390 481 sitienter
1407 425 1745 492 incumbunt,
1770 438 1866 495 per
1887 438 2019 493 quas
2048 430 2104 490 Α
2123 432 2350 493 cogente
2382 434 2593 493 natura,
2622 425 2790 481 etiam
2820 425 2888 482 ab
2916 425 3097 483 invitis
3119 426 3428 499 pectoribus
3454 426 3729 496 erumpit;

427 519 796 589 imprudentes
824 519 879 573 in
907 518 1133 590 laqueos
1179 519 1369 575 mortis
1402 517 1728 582 incurrunt;
1772 519 2021 589 ignorant

425 610 569 667 enim
619 626 738 681 quae
768 611 840 666 sit
865 611 1100 666 hominis
1126 612 1286 666 ratio.
1311 610 1484 678 Quam
1516 612 1561 666 si
1588 619 1775 666 tenere
1797 610 2017 678 vellent,

424 702 479 759 in
511 702 698 772 primis
730 703 1012 759 Dominum
1041 719 1198 759 suum
1226 715 1603 776 agnoscerent,
1628 705 1880 760 virtutem
1904 710 2021 775 jus-

424 796 706 867 titiamque
754 807 1143 868 sequerentur,
1207 800 1438 854 terrenis
1489 800 1757 870 ﬁgmentis
1810 800 2021 855 animas

420 901 547 943 suas
573 904 677 942 non
707 890 1138 955 substernerent,
1166 889 1478 946 mortiferas
1507 892 1791 947 libidinum
1841 892 2021 947 suavi-

423 989 562 1037 tates
589 996 696 1037 non
724 993 1041 1054 appeterent
1071 1003 1082 1036 :
1113 984 1349 1056 denique
1393 987 1607 1056 seipsos
1650 986 1830 1058 magni
1875 988 2021 1042 aesti-

422 1085 654 1142 marent,
710 1085 869 1147 atque
916 1075 1286 1147 intelligerent
1338 1076 1461 1148 plus
1505 1092 1628 1134 esse
1673 1079 1726 1133 in
1776 1079 2018 1145 homine,

420 1184 586 1239 quam
609 1169 852 1235 videtur,
884 1170 1039 1240 cujus
1066 1171 1174 1225 vim
1221 1170 1701 1242 conditionemque
1729 1186 1836 1226 non
1866 1170 2022 1227 aliter

419 1270 645 1328 possent
674 1262 935 1330 retinere,
961 1264 1064 1318 nisi
1092 1264 1296 1319 cultum
1324 1265 1433 1321 veri
1457 1266 1700 1335 parentis
1726 1266 1832 1333 sui,
1865 1265 2023 1337 depo-

419 1353 525 1409 sita
551 1355 835 1425 pravitate,
864 1358 1228 1427 susceperint.
1253 1357 1542 1428 Equidem,
1592 1359 1733 1414 sicut
1780 1370 2016 1429 oportet,

420 1446 489 1503 de
537 1462 747 1503 summa
798 1464 979 1504 rerum
1040 1464 1420 1521 saepenumero
1467 1452 1733 1523 cogitans,
1764 1452 2020 1509 admirari

420 1541 573 1597 soleo
603 1541 943 1613 majestatem
976 1543 1073 1600 Dei
1095 1545 1404 1616 singularis,
1439 1561 1561 1616 qua!
1589 1548 1829 1603 continet
1856 1548 2021 1619 regit-

422 1648 528 1703 que
559 1634 765 1699 omnia,
817 1635 871 1689 in
927 1643 1128 1691 tantam
1176 1637 1392 1693 venisse
1430 1637 1782 1704 oblivionem,
1813 1648 1873 1694 ut
1901 1655 2021 1710 qua:

420 1727 541 1783 Sola
573 1728 677 1783 coli
706 1727 922 1793 debeat.
947 1730 1060 1784 sola
1092 1731 1434 1801 potissimum
1463 1732 1797 1803 negligatur;
1842 1733 2019 1787 homi-

2124 513 2267 585 quod
2298 516 2513 585 quidem
2548 532 2653 571 non
2704 516 2901 572 faciunt
2930 518 2982 573 in
3034 520 3310 590 prosperis
3358 518 3540 575 rebus.
3593 518 3727 573 Nam

2125 614 2236 660 tum
2271 609 2502 663 maxime
2547 609 2688 663 Deus
2717 624 2782 664 ex
2833 611 3093 667 memoria
3138 610 3415 665 hominum
3448 610 3683 666 elabitur
3709 651 3724 676 ,

2124 714 2248 754 cum
2287 698 2561 756 beneﬁciis
2588 701 2706 770 ejus
2734 699 2995 770 fruentes,
3042 702 3304 759 honorem
3358 702 3490 759 dare
3530 703 3729 758 divinae

2124 793 2472 864 indulgentite
2501 795 2720 851 debent.
2756 795 2826 850 At
2847 811 2976 851 vero
2997 796 3042 851 si
3073 812 3178 867 qua
3218 796 3517 852 necessitas
3545 797 3730 867 gravis

2123 887 2416 958 presserit,
2476 897 2602 943 tunc
2643 887 2809 943 Deum
2842 888 3214 944 recordentur.
3271 888 3329 945 Si
3378 888 3505 943 belli
3555 899 3730 944 terror

2123 979 2484 1045 infremueril,
2515 981 2558 1036 si
2591 981 2902 1036 morborum
2933 981 3186 1052 pestifera
3222 983 3303 1036 vis
3330 982 3660 1049 incubuerit,
3685 983 3729 1038 si

2123 1072 2384 1129 alimenta
2415 1073 2659 1144 frugibus
2689 1073 2848 1145 longa
2878 1075 3096 1129 siccitas
3116 1074 3487 1146 denegaverit,
3512 1074 3556 1129 si
3587 1089 3730 1129 saeva

2126 1174 2446 1233 tempestas,
2477 1164 2523 1219 si
2539 1165 2749 1236 grando
2777 1166 3056 1235 ingruerit,
3085 1167 3152 1220 ad
3183 1165 3350 1220 Deum
3380 1164 3725 1236 confugitur,

2122 1270 2152 1309 a
2182 1256 2293 1312 Deo
2325 1258 2524 1327 petitur
2558 1257 2842 1325 auxilium,
2878 1258 3053 1325 Deus,
3088 1267 3143 1312 ut
3171 1257 3491 1325 subveniat,
3521 1267 3726 1313 oratur.

2123 1349 2179 1404 Si
2207 1351 2325 1421 quis
2352 1352 2403 1404 in
2433 1351 2590 1417 mari,
2626 1360 2787 1405 vento
2807 1350 3085 1418 saeviente,
3111 1351 3367 1421 jactatur,
3397 1350 3542 1407 hunc
3567 1351 3729 1407 invo-

2124 1453 2228 1499 cat.
2263 1443 2318 1499 Si
2350 1445 2468 1515 quis
2498 1444 2677 1516 aliqua
2705 1446 2753 1500 vi
2784 1444 3107 1509 afﬁictatur,
3139 1447 3281 1500 hunc
3305 1446 3482 1515 potius
3524 1446 3727 1515 implo-

2122 1546 2225 1591 rat.
2260 1535 2317 1592 Si
2348 1537 2470 1608 quis
2511 1537 2578 1592 ad
2626 1548 2925 1594 extremam
2957 1537 3299 1594 mendicandi
3345 1541 3729 1596 necessitatem

2123 1629 2407 1698 deductus,
2439 1632 2637 1687 victum
2667 1631 2918 1701 precibus
2934 1631 3208 1700 exposcit,
3237 1632 3400 1686 Deum
3427 1632 3603 1687 solum
3628 1632 3729 1689 ob-

2125 1732 2373 1792 testatur,
2406 1733 2458 1778 et
2500 1740 2596 1795 per
2623 1726 2742 1794 ejus
2767 1725 3014 1779 divinum
3057 1734 3219 1794 atque
3261 1727 3480 1781 unicum
3525 1741 3724 1782 nomen

421 1833 519 1873 nes
543 1828 722 1875 autem
749 1820 897 1888 ipsos
918 1820 983 1876 ad
1013 1830 1212 1877 tantam
1248 1826 1548 1880 caecitatem
1595 1839 1718 1881 esse
1758 1824 2021 1881 deductos
2048 1824 2098 1886 B
2127 1814 2403 1871 hominum
2435 1816 2535 1871 Sibi
2578 1815 3005 1871 misericordiam
3029 1817 3241 1886 (ἶυίθΐίιο
3284 1817 3587 1887 Numquam
3622 1819 3726 1889 ἱεῖ-

422 1918 481 1964 υι
524 1925 651 1966 vero
695 1925 759 1967 ac
804 1911 928 1967 vivo
976 1913 1088 1969 Deo
1135 1922 1378 1970 mortuos
1412 1914 1723 1986 praeferant,
1774 1925 2022 1974 terrenos

419 2013 602 2059 autem
651 2003 1000 2076 sepultosque
1045 2004 1099 2060 in
1147 2015 1289 2062 terra
1331 2006 1382 2063 ei
1408 2008 1499 2079 qui
1544 2006 1802 2066 fundator
1851 2009 2020 2081 ipsius

420 2106 582 2153 teme
618 2096 736 2153 fuit.

494 2192 561 2247 Et
612 2201 789 2249 tamen
848 2192 974 2249 huic
1002 2194 1262 2267 impietati
1316 2195 1593 2252 hominum
1625 2208 1811 2269 posset
1862 2198 2018 2254 venia

422 2284 685 2350 concedi,
716 2286 761 2341 si
788 2286 1008 2343 omnino
1033 2288 1102 2345 ab
1126 2288 1430 2360 ignorantia
1471 2290 1638 2346 divini
1668 2293 1903 2349 nominis
1929 2309 2020 2349 ve-

422 2376 563 2433 niret
590 2376 677 2433 hic
705 2392 879 2433 error.
896 2376 1031 2434 Cum
1056 2394 1186 2435 vero
1213 2381 1358 2451 ipsos
1375 2380 1598 2437 deorum
1616 2385 1852 2440 cultores
1872 2399 2019 2457 saepe

422 2467 704 2525 videamus
730 2470 896 2526 Deum
923 2486 1192 2527 summum
1223 2482 1280 2528 et
1307 2473 1552 2531 conﬁteri
1577 2486 1633 2531 et
1681 2476 1976 2546 praedicare
2002 2521 2017 2544 ,

424 2578 587 2636 quam
630 2563 734 2620 sibi
784 2564 993 2621 veniam
1035 2581 1257 2637 sperare
1294 2579 1522 2639 possunt
1550 2571 1839 2642 impietatis
1870 2575 2021 2629 sum?

423 2657 516 2727 qui
549 2671 656 2712 non
696 2668 995 2728 agnoscunt
1023 2661 1224 2723 cultum
1250 2661 1389 2732 ejus,
1416 2679 1576 2734 quem
1605 2680 1826 2735 prorsus
1858 2667 2016 2739 igno-

423 2749 532 2823 rari
583 2749 652 2805 ab
679 2750 898 2807 homine
940 2753 1020 2808 fas
1049 2768 1156 2809 non
1187 2763 1289 2809 est.
1321 2754 1454 2811 Nam
1486 2766 1536 2812 et
1566 2771 1686 2814 cum
1716 2759 1901 2828 jurant
1924 2802 1939 2827 ,
1968 2770 2023 2816 et

423 2859 548 2902 cum
595 2855 818 2916 optant,
850 2855 905 2903 et
945 2862 1066 2903 cum
1104 2850 1303 2920 gratias
1347 2861 1535 2920 agunt,
1568 2868 1675 2909 non
1717 2854 1905 2912 Jovem
1933 2867 2026 2914 aut

423 2937 558 2995 deos
587 2937 808 3006 multos,
840 2939 935 2996 sed
958 2940 1127 2996 Deum
1156 2942 1437 2999 nominant
1465 2962 1479 3000 :
1506 2944 1643 3002 adeo
1664 2946 1778 3017 ipsa
1801 2949 2023 3017 veritas,

2125 1917 2211 1963 tur
2240 1908 2336 1964 Dei
2363 1912 2759 1978 meminerunt,
2789 1910 2892 1966 nisi
2937 1910 3064 1965 dum
3110 1911 3162 1965 in
3206 1911 3363 1967 malis
3393 1920 3537 1967 sunt.
3573 1912 3731 1968 Post-

2122 2017 2284 2071 quam
2331 2013 2510 2059 metus
2555 2004 2795 2060 deseruit
2843 2014 2899 2059 et
2928 2002 3168 2073 pericula
3198 2013 3557 2071 recesserunt,
3614 2017 3727 2061 tum

2123 2110 2256 2152 vero
2286 2097 2495 2154 alacres
2540 2098 2608 2153 ad
2643 2098 2870 2155 deorum
2904 2098 3098 2169 templa
3144 2109 3517 2167 concurrunt;
3550 2099 3634 2156 his
3666 2102 3732 2157 li-

2122 2197 2273 2264 bant,
2298 2196 2383 2253 his
2409 2196 2737 2263 sacriﬁcant,
2765 2196 2864 2252 hos
2885 2205 3169 2252 coronant.
3206 2196 3318 2251 Deo
3341 2205 3543 2263 autem,
3566 2212 3728 2268 quem

2124 2291 2179 2345 in
2212 2291 2327 2361 ipsa
2360 2291 2689 2346 necessitate
2735 2289 3179 2362 imploraverant,
3212 2304 3280 2345 ne
3309 2289 3479 2345 verbo
3508 2290 3727 2359 quidem

2118 2384 2321 2454 gratias
2350 2391 2517 2454 agunt
2544 2400 2556 2435 :
2605 2382 2742 2437 adeo
2772 2397 2837 2438 ex
2864 2396 3046 2437 rerum
3075 2381 3437 2452 prosperitate
3475 2383 3683 2438 luxuria
3710 2427 3725 2451 ,

2122 2495 2187 2534 ex
2219 2479 2433 2534 luxuria
2460 2493 2607 2544 vero,
2640 2487 2697 2533 ut
2718 2478 2844 2533 vitia
2872 2479 3072 2541 omnia,
3093 2478 3173 2533 sic
3196 2474 3444 2548 impietas
3470 2478 3729 2536 adversus

2124 2573 2290 2628 Deum
2314 2572 2573 2629 nascitur.

2194 2668 2436 2736 Quanam
2476 2668 2618 2723 istud
2660 2684 2723 2723 ex
2762 2682 2923 2722 causa
2975 2666 3089 2722 ﬁeri
3121 2668 3416 2736 putemus?
3458 2666 3562 2722 nisi
3603 2681 3727 2723 esse

2120 2761 2355 2833 aliquam
2387 2777 2696 2833 perversam
2722 2769 3065 2832 potestatem,
3090 2775 3209 2830 qua:
3232 2761 3471 2815 veritatis
3494 2759 3563 2815 sit
3585 2775 3728 2816 sem-

2128 2870 2225 2925 per
2276 2853 2527 2918 inimica,
2570 2869 2688 2922 quzc
2737 2852 2986 2906 humanis
3029 2851 3306 2906 erroribus
3348 2851 3598 2921 gaudeat,
3643 2854 3727 2908 cui

2130 2950 2350 3005 unicum
2382 2964 2444 3003 ac
2477 2956 2793 3019 perpetuum
2826 2948 2898 3002 sit
2940 2959 3078 3017 opus
3106 2943 3387 3001 effundere
3435 2945 3687 3001 tenebras
3710 2988 3725 3010 ,

1709 3084 2074 3144 VARIORUM
2112 3086 2334 3143 NOTAE.

499 3212 816 3269 Hauriendis
841 3213 1181 3283 voluptatibus
1222 3216 1447 3272 sitienter
1494 3218 1807 3274 incumbunt.
1839 3220 1936 3275 Ms.
1982 3222 2008 3275 1

426 3283 593 3342 Brnn.
621 3297 676 3339 et
705 3285 833 3340 edit.
882 3285 1079 3351 Paris,
1114 3287 1275 3346 1525.
1304 3289 1546 3343 sitientes.
1582 3290 1680 3345 Ms.
1712 3293 1747 3345 2
1775 3290 1930 3348 Colb.
1962 3302 2018 3347 et

429 3357 456 3412 1
483 3354 719 3412 Clarom.
751 3357 985 3427 scienter,
1015 3372 1196 3426 prave.
1228 3357 1472 3415 Genuina
1503 3361 1663 3416 lectio
1689 3364 1936 3427 sitienter,
1964 3364 2015 3418 id

427 3438 532 3494 est,
560 3425 1204 3506 avideLCieeroTnshcnl.
1232 3431 1439 3506 2l7._a.
1470 3431 1582 3488 Nec
1629 3436 1854 3506 sitienter
1897 3425 2022 3506 quid

430 3508 692 3571 appetens.
718 3499 1047 3571 Prudentius
1074 3497 1437 3558 Cathemerin.
1468 3519 1540 3569 ιν,
1579 3520 1628 3558 v.
1661 3505 1751 3571 88,
1783 3497 2026 3561 Sitienter

428 3570 655 3626 haurire.
682 3570 941 3628 Wucu.’

502 3642 779 3719 Dominum
808 3661 976 3719 suum.
1021 3644 1097 3699 Ita
1134 3659 1235 3719 ms.
1268 3645 1475 3700 Rohan.
1524 3655 1580 3702 et
1609 3646 2025 3719 Sangermann.,

430 3713 575 3785 quod
597 3723 682 3786 est
707 3717 927 3783 rectius,
976 3730 1137 3786 quam
1183 3715 1350 3770 Deum
1394 3734 1564 3786 suum,
1597 3728 1654 3774 ut
1683 3713 1883 3776 habent
1909 3721 2028 3774 vulo

432 3793 567 3856 gata:
590 3785 872 3841 editiones.

507 3855 816 3912 Suavitates.
847 3857 938 3913 Sic
964 3858 1305 3926 reposuimus
1329 3873 1395 3913 ex
1426 3873 1523 3912 ms.
1571 3859 1607 3913 2
1635 3859 1842 3915 Βοηοη.
1897 3870 1952 3916 ει
1995 3862 2029 3916 5

434 3926 593 4003 δερ,
624 3943 850 4003 quorum
882 3928 989 4003 duo
1014 3938 1145 4003 sunt
1169 3928 1567 4003 antiquissimi,
1601 3930 1760 4003 Tan,
1792 3931 1828 3985 2
1853 3932 2026 4003 Lips.,

435 3997 620 4063 Goth.,
655 3998 681 4052 1
714 3996 895 4066 Colb.,
925 3998 961 4052 2
1004 3997 1239 4054 Clarum.
1284 3996 1343 4055 l'n
1372 3996 1761 4058 recentioribus
1804 3996 1934 4058 mss:
1977 3996 2032 4059 et

435 4071 490 4123 in
520 4068 679 4139 editis
708 4078 792 4124 est
816 4070 1117 4139 voluptates.

514 4138 642 4196 Plus
667 4157 783 4213 esse
801 4142 856 4195 in
882 4138 1101 4196 homine.
1134 4142 1189 4198 Id
1218 4140 1558 4213 desumptum
1591 4155 1762 4201 estex
1792 4145 2027 4201 Platonis

439 4210 992 4339 Lfiqigvglgtomatylo.
1023 4214 1161 4271 Vide
1203 4226 1257 4270 et
1283 4210 1527 4271 Lactant.
1561 4217 1629 4272 de
1656 4217 1881 4288 Opiﬁcio
1910 4217 2022 4283 Dei,

436 4298 486 4338 c.
517 4294 585 4339 19
606 4294 658 4339 et
678 4294 768 4339 Συ.

512 4353 732 4411 Possent
777 4358 1011 4412 retinere.
1041 4356 1118 4412 Ita
1149 4358 1481 4413 restituimus
1508 4375 1574 4415 ex
1601 4374 1730 4415 mss.
1757 4361 1784 4414 1
1817 4358 2022 4414 Βοηοη.

438 4426 761 4502 antiquiore,
790 4438 844 4482 et
874 4430 897 4484 1
934 4430 1167 4487 Clarum.
1193 4429 1252 4484 ln
1279 4432 1487 4487 caeteris
1508 4440 1614 4500 est,
1639 4448 1784 4502 posse
1820 4431 2025 4486 retineri

440 4496 492 4550 in
524 4499 547 4568 1
581 4497 738 4567 Reg..
770 4511 952 4568 posset.

513 4567 858 4641 Susceperint.
891 4572 1072 4631 Forte.
1103 4573 1433 4641 susciperent.

513 4638 823 4716 frwferant.
853 4643 1109 4697 Rostoch.
1140 4655 1190 4716 et
1221 4638 1379 4700 Ultr..
1413 4649 1717 4716 anteferam.

513 4708 852 4782 Sepultosque
881 4716 932 4767 in
965 4724 1097 4769 terra
1126 4715 1191 4768 ei.
1224 4716 1320 4771 Ms.
1358 4719 1381 4771 1
1416 4708 1649 4772 Clarum.
1698 4728 1751 4773 et
1783 4730 2026 4773 recentes

438 4781 564 4837 edd.
586 4793 791 4859 septem
823 4785 1026 4859 addunt
1048 4798 1347 4855 prteponant
1372 4806 1391 4854 ;
1418 4804 1720 4859 perperam,
1751 4804 1871 4842 cum
1902 4804 2023 4843 mox

442 4855 783 4929 praecesserit
811 4857 1031 4929 verbum
1066 4861 1362 4929 prtvferant.

515 4924 772 4980 Nominis.
810 4924 1152 4984 llenmnnuus
1175 4924 1357 4985 credit
1390 4928 1671 5001 legendum
1711 4945 1830 4984 esse
1860 4930 2028 4984 numi—

439 4998 540 5052 nis.
575 5003 639 5052 Αι
669 5011 773 5052 non
809 5009 1078 5055 mutamus
1104 5002 1388 5057 lectionem
1422 4998 1551 5055 mss.
1583 5012 1637 5054 et
1664 5003 1953 5056 editorum.

424 5094 428 5099 ο
515 5071 674 5134 Quem
704 5087 909 5140 prorsus
930 5074 1157 5143 ignorari
1176 5072 1239 5125 ab
1267 5074 1466 5127 homine
1488 5073 1566 5126 fas
1590 5088 1693 5126 non
1717 5082 1818 5127 est.
1842 5071 1897 5125 Id
1921 5081 2023 5139 est,

439 5145 539 5215 qui
567 5150 621 5194 ut
666 5158 874 5215 prorsus
909 5144 1167 5215 ignoretur
1207 5145 1269 5197 ab
1311 5144 1512 5198 homine
1540 5144 1653 5197 ﬁeri
1680 5159 1786 5197 non
1829 5151 2022 5205 poles!-

442 5211 741 5266 Al'ﬁrmavit
784 5211 1199 5269 enim'crrorem
1244 5215 1312 5269 ab
1358 5215 1689 5284 ignoratione
1736 5215 1899 5269 divini
1932 5229 2029 5268 no-

442 5284 601 5355 minis
632 5299 735 5355 non
766 5288 995 5340 venisse.
1028 5287 1106 5341 Ad
1140 5302 1252 5341 rem
1284 5287 1513 5355 pertinet
1541 5285 1765 5340 Tertull.
1797 5286 2022 5354 Apolog.

442 5366 491 5405 c.
526 5352 589 5404 l7
623 5371 636 5429 ς
673 5353 795 5408 Haec
818 5367 888 5409 est
914 5374 1113 5413 summa
1142 5352 1311 5412 delicti
1338 5358 1618 5411 nolentium
1646 5352 2022 5429 recognoscere,

442 5439 587 5498 quem
613 5424 851 5498 ignorare
878 5443 981 5483 nOn
1014 5439 1256 5498 possunt.
1287 5429 1420 5485 BUN.

516 5493 621 5547 Sed
645 5493 809 5549 Deum
839 5493 1316 5571 nantinant.Cypr.
1354 5503 1482 5556 ldol.
1506 5499 1644 5555 Van.
1672 5515 1792 5570 cap.
1812 5516 1844 5552 v
1872 5515 1883 5551 :
1912 5497 2028 5571 ρίεἱ

442 5564 734 5636 frequenter
757 5568 990 5621 audimus
1016 5587 1034 5624 :
1054 5569 1099 5623 0
1124 5564 1262 5625 nea;
1286 5591 1302 5635 ;
1342 5581 1426 5637 et,
1458 5574 1595 5627 Deus
1616 5564 1752 5625 videi
1768 5587 1782 5634 ;
1815 5578 1890 5635 ει,
1917 5568 2027 5625 Deo

442 5638 736 5690 conmendo
753 5653 773 5701 ;
797 5647 869 5702 et,
908 5637 1042 5694 Deus
1072 5642 1192 5693 mihi
1223 5642 1418 5706 reddet;
1435 5654 1508 5704 et.
1542 5643 1691 5707 Quod
1721 5642 1825 5695 vult
1852 5640 2027 5704 Deus;

442 5717 516 5775 et,
545 5708 606 5763 Si
631 5708 765 5764 Dens
792 5708 1005 5765 dederit.
1038 5711 1203 5782 Atque
1223 5714 1331 5767 hazc
1355 5723 1425 5767 est
1449 5730 1647 5767 summa
1672 5714 1862 5779 delicti,
1895 5713 2029 5768 nolle

443 5796 716 5855 agnoscere
742 5797 889 5852 quem
910 5784 1146 5853 ignorare
1172 5800 1275 5855 non
1297 5786 1477 5855 possis.
1502 5785 1632 5839 Buu.

516 5832 728 5908 hétiéni.
746 5832 1103 5926 sisi-spagit
1120 5832 1477 5914 ausint;
1499 5832 1631 5914 πῖιὲἔξ
1667 5851 1720 5916 ει
1749 5851 1783 5913 4
1809 5840 1930 5914 edd.
1968 5832 2025 5913 in

2119 3223 2183 3276 lli
2213 3223 2490 3292 impressis
2515 3232 2597 3278 est
2620 3223 2895 3289 deberent;
2929 3224 3022 3280 sed
3053 3225 3211 3279 male.

2196 3293 2255 3349 Si
2282 3310 2382 3364 qua
2408 3296 2693 3350 necessitas.
2726 3296 2817 3351 Sic
2846 3294 3063 3352 Lucret.
3099 3297 3135 3351 l.
3162 3298 3236 3352 ὅς

2346 3449 2356 3459 .
2398 3450 2408 3460 .
2448 3447 2459 3460 .
2500 3449 2510 3459 .
2545 3410 2716 3460 Rebus
2740 3412 2787 3459 in
2810 3412 2958 3460 arctis

2317 3473 2489 3524 Acrius
2510 3473 2773 3523 advertunt
2796 3475 2985 3523 animos
3000 3473 3060 3522 ad
3081 3471 3415 3536 relligiouem.

2130 3576 2345 3645 Optime
2375 3577 2607 3639 Rivetus,
2638 3576 2690 3630 in
2723 3577 2866 3630 notis
2888 3576 2999 3630 suis
3026 3590 3156 3630 mss.
3184 3575 3249 3630 ad
3280 3575 3421 3630 hunc
3446 3584 3724 3632 auctorem

2132 3659 2471 3718 compertum
2505 3659 2620 3713 est,
2649 3650 2882 3715 optimos
2915 3661 3034 3702 esse
3062 3661 3160 3701 nos
3187 3646 3312 3700 dum
3341 3646 3468 3715 aegri
3494 3662 3683 3702 sumus
3708 3665 3723 3713 ;

2132 3719 2276 3775 unde
2307 3729 2457 3776 recte
2487 3731 2632 3788 optat
2667 3719 2892 3785 Plinius,
2922 3727 2979 3771 ut
3012 3721 3138 3772 tales
3162 3734 3269 3772 esse
3292 3720 3406 3772 sani
3436 3735 3725 3786 persevere-

2132 3807 2267 3862 mus,
2296 3792 2471 3861 quales
2500 3808 2591 3845 nos
2621 3793 2818 3862 futuros
2847 3806 2953 3845 esse
2973 3790 3271 3862 proﬁtemur
3294 3790 3491 3860 «egroti.

2206 3860 2532 3934 Confugitur.
2586 3860 2773 3916 Melius
2803 3876 2923 3915 cum
2971 3860 3320 3934 sequentibus
3352 3862 3607 3934 uolueret
3659 3877 3728 3916 ex

2133 3930 2340 3988 cunctis
2373 3930 2509 4004 pene
2540 3948 2669 3988 mss.
2691 3948 2848 4001 quam
2876 3932 3197 4003 confugiunt,
3225 3930 3370 3999 quod
3389 3941 3472 3987 est
3496 3933 3725 3989 duorum

2133 4019 2244 4075 rec.
2279 4020 2408 4058 mss.
2434 4006 2567 4075 Reg.
2593 4015 2643 4058 et
2669 4004 2958 4058 editorum.

2210 4074 2412 4130 Potius.
2448 4076 2537 4132 Sic
2566 4075 2794 4129 restituo
2821 4090 2884 4129 ex
2916 4076 3167 4129 omnibus
3194 4088 3323 4129 mss.
3351 4082 3406 4128 et
3432 4083 3535 4129 vet.
3567 4075 3725 4130 editis

2135 4145 2293 4202 Rom.
2338 4146 2395 4201 In
2428 4149 2493 4202 14
2523 4146 2681 4202 editis
2732 4147 3124 4202 recentioribus
3169 4154 3255 4200 est
3288 4146 3540 4216 protinus.
3594 4146 3725 4202 Vide

2135 4219 2511 4289 praecedentia.

2213 4288 2430 4344 Nomen.
2464 4290 2540 4345 Ita
2570 4291 2781 4358 reposui
2828 4305 2893 4345 ex
2923 4291 3131 4344 eunetis
3181 4302 3311 4342 mss.
3342 4301 3398 4342 et
3425 4296 3534 4343 vet.
3567 4288 3725 4342 editis

2135 4359 2294 4414 Rom.
2319 4372 2375 4417 et
2402 4360 2549 4416 Crat.
2581 4377 2644 4418 ac
2664 4362 2865 4431 Graph.
2896 4362 2947 4415 in
2972 4360 3243 4430 margine;
3273 4367 3327 4414 et
3354 4371 3479 4431 apte
3507 4360 3723 4431 quidem

2136 4432 2204 4486 ad
2236 4433 2397 4487 verba
2426 4435 2620 4503 stipem
2653 4430 3073 4488 mendicantium
3095 4433 3148 4486 in
3168 4430 3640 4487 nomine’Domini.
3665 4430 3723 4485 In

2051 4511 2106 4572 D
2132 4504 2380 4560 omnibus
2407 4504 2520 4560 fere
2546 4504 2703 4560 editis
2739 4512 2841 4568 est,
2874 4518 3076 4557 numen.

2205 4574 2361 4629 Malis
2402 4586 2539 4631 sunt.
2572 4577 2629 4629 lu
2676 4576 2838 4630 rebus
2876 4574 3137 4627 adversis.
3171 4572 3289 4629 Lib.
3316 4590 3390 4638 VI,
3421 4573 3561 4642 'cap.
3605 4573 3677 4627 25
3706 4591 3721 4627 :

2134 4642 2303 4717 Etiam
2326 4648 2378 4700 in
2396 4648 2543 4701 malis
2568 4647 2760 4717 gratias
2780 4654 2918 4715 agat.
2936 4642 3050 4698 Cic.
3070 4659 3166 4713 pro
3184 4643 3456 4717 Cluentio,
3485 4659 3603 4715 cap.
3627 4643 3721 4701 6i:

2134 4715 2371 4772 Unum...
2404 4719 2457 4772 in
2490 4715 2637 4772 malis
2666 4716 2952 4787 perfugium
2979 4716 3303 4770 calamitatis.
3335 4716 3468 4770 Buu.

2204 4787 2315 4842 Hos
2363 4799 2627 4842 coronant.
2676 4788 2970 4844 Simulacra
3021 4787 3243 4842 deormn
3284 4787 3535 4857 coronari
3580 4787 3723 4857 apud

2129 4858 2369 4915 Gentiles
2397 4860 2559 4914 moris
2583 4870 2717 4914 erat.
2756 4860 2959 4914 Arnnh.
2987 4857 3079 4912 lih.
3115 4873 3222 4912 vn:
3258 4856 3497 4911 Etiamne
3515 4857 3589 4909 dii
3617 4856 3725 4912 ser-

2130 4931 2214 4989 tis.
2244 4932 2446 4985 coronis
2480 4931 2768 5000 afﬁciuntur
2816 4942 2861 4985 et
2902 4929 3152 5000 ﬂoribus?
3185 4929 3316 4983 Vide
3346 4929 3506 4982 etiam
3546 4927 3719 4983 Clem.

2128 5000 2391 5076 Alexand,
2419 5002 2631 5076 παιδαγ.
2661 5002 2754 5055 lib.
2789 5018 2846 5063 ιι,
2878 5018 2995 5076 cap.
3022 5001 3074 5056 8.
3105 5001 3443 5076 Tertulliun.,
3478 5000 3546 5054 tle
3591 5000 3720 5076 Cor.

2129 5071 2267 5136 Mil.,
2301 5088 2423 5141 cap.
2446 5074 2476 5127 7
2511 5092 2524 5128 :
2558 5071 2838 5129 Saturnum
2872 5072 3189 5142 Pherecydes
3218 5080 3336 5124 ante
3358 5087 3536 5142 onlnes
3566 5072 3721 5142 re[ert

2130 5155 2449 5209 coronatum,
2478 5146 2657 5200 Jovem
2685 5145 2944 5199 Diodorus
2975 5141 3084 5212 post
3111 5143 3330 5196 devictos
3354 5141 3590 5195 Titanas.
3620 5141 3723 5196 Dat

2130 5224 2177 5267 et
2211 5213 2405 5284 Priapo
2448 5219 2624 5272 nenias
2669 5216 2825 5280 idem,
2875 5226 2921 5268 et
2969 5213 3211 5267 Ariadna:
3239 5223 3448 5266 sertum.
3484 5213 3717 5279 Plinius,

2130 5284 2225 5339 lib.
2257 5302 2349 5339 xvn
2372 5330 2387 5353 ,
2415 5302 2534 5357 cap.
2579 5288 2635 5353 4,
2664 5287 2757 5349 ait.
2787 5287 3079 5354 antiquitus
3109 5286 3402 5357 neminem,
3430 5285 3542 5357 nisi
3563 5284 3718 5350 deos,

2132 5357 2350 5412 coronis
2378 5355 2559 5413 ornari
2591 5359 2807 5413 solitum
2832 5374 2846 5417 ;
2879 5367 2932 5411 et
2956 5357 3045 5410 lib.
3075 5372 3163 5411 XXI
3186 5399 3201 5423 ,
3228 5372 3347 5425 cap.
3378 5355 3449 5409 24
3471 5374 3483 5407 :
3506 5355 3721 5409 Corona:

2131 5426 2340 5483 deorum
2370 5429 2530 5484 honos
2556 5440 2717 5497 erant,
2743 5438 2788 5483 et
2813 5427 3022 5481 Larium
3044 5428 3361 5497 publicorum
3381 5428 3723 5494 privatorum-

2129 5515 2244 5569 que.
2281 5500 2608 5555 Artemidor.
2640 5500 2736 5567 lib,
2769 5516 2824 5565 ιι,
2854 5498 3202 5559 Oneirocrit.,
3226 5513 3347 5567 cap.
3372 5499 3465 5552 54.
3487 5497 3590 5552 Sed
3611 5513 3718 5553 non

2129 5570 2304 5625 solum
2333 5570 2407 5627 dii
2434 5572 2698 5639 coronati,
2740 5587 2928 5626 verum
2960 5573 3120 5626 etiam
3164 5571 3237 5624 illi
3269 5570 3357 5639 qui
3389 5571 3557 5623 sacris
3585 5583 3718 5637 ope-

2130 5643 2409 5705 rabantur.
2466 5645 2572 5697 imo
2618 5658 2740 5698 vasa
2769 5644 2927 5697 etiam
2965 5657 3028 5697 ac
3058 5641 3308 5706 victinm,
3341 5655 3568 5709 quarum
3597 5654 3720 5695 cor-

2131 5728 2233 5767 nun
2271 5716 2671 5779 inauralntntur,
2701 5724 2804 5769 etc.
2842 5713 2924 5768 Eat
2951 5714 3209 5768 HERALDO
3234 5721 3278 5765 et
3308 5711 3557 5765 Emesa.

2206 5782 2484 5852 Olfundere
2514 5786 2756 5841 tenebras.
2792 5785 3010 5850 lterum,
3040 5785 3132 5853 libt
3162 5800 3222 5851 ll,
3247 5798 3365 5853 cap.
3387 5784 3453 5853 lli
3481 5801 3499 5853 :7
3522 5780 3719 5853 Ojfunv-

2130 5842 2532 5925 dunt'tenebras,
2563 5842 2819 5913 veritatem
2846 5842 3060 5926 caligine
3085 5842 3359 5909 obducunt.
3394 5842 3526 5908 Ibid.
3555 5842 3714 5907 Erro.
