4174 6200
372 182 475 240 261

1442 187 1649 247 LIBER
1687 187 1752 246 tt.
1797 186 1888 248 ne
1925 186 2211 254 ORIGINE
2253 182 2574 257 annonis.

3567 210 3675 269 262

371 323 527 389 dunt;
547 330 603 379 et
630 336 755 380 eum
772 318 888 380 hare
902 329 1181 398 tantopere
1211 328 1527 399 suspiciant,
1553 329 1754 398 fabros,
1775 332 1864 402 qui
1886 331 1973 389 illa

2081 316 2214 373 teste
2239 319 2436 373 animal
2464 334 2585 375 cum
2620 319 2869 387 terrenis,
2905 317 2959 376 in
2989 326 3301 395 terramque
3330 327 3679 398 vergentibus

370 416 584 483 fecere,
624 426 997 473 contemnunt.
1032 418 1170 489 Quid
1203 422 1341 476 inter
1367 436 1425 477 se
1459 430 1565 477 tam
1596 427 1927 479 contrarium
1956 467 1971 492 ,

368 522 531 577 quam
558 511 874 564 statuarium
899 510 1203 581 despicere,
1238 524 1470 569 statuam
1494 515 1743 583 adorare,
1774 526 1827 573 et
1849 532 1973 573 eum

368 614 441 655 ne
470 600 523 654 in
549 600 855 657 convictum
887 605 1104 675 quidem
1135 607 1447 673 admittere,
1483 608 1573 680 qui
1604 609 1697 665 tibi
1726 610 1857 665 deos
1890 609 1972 666 fa-

367 691 515 746 ciat?
539 690 711 759 Quam
741 708 872 764 ergo
903 696 1032 763 vim,
1074 712 1232 768 quam
1264 709 1587 769 potestatem
1617 701 1814 757 habere
1845 717 1974 772 pos-

369 793 536 851 sunt,
588 800 708 840 cum
738 786 888 854 ipse,
921 789 1012 858 qui
1051 789 1176 845 fecit
1206 791 1328 857 illa,
1364 808 1470 847 non
1503 793 1735 849 habeat?
1765 795 1873 851 Sed
1906 808 1974 853 ne

370 874 491 933 haec
532 878 749 949 quidem
789 879 918 935 dare
947 881 1031 937 his
1060 885 1267 953 potuit,
1296 901 1415 956 quae
1447 886 1715 955 habebat,
1748 889 1971 959 videre,

369 970 591 1037 audire,
625 972 794 1043 loqui,
830 976 1055 1030 moveri.
1088 977 1456 1049 Quisquamne
1487 980 1650 1051 igitur
1680 990 1786 1037 tam
1821 984 1975 1053 inep-

369 1074 455 1120 tus
482 1075 585 1126 est.
611 1076 669 1120 ut
695 1076 848 1136 putet
873 1068 1075 1139 aliquid
1107 1086 1229 1127 esse
1247 1072 1300 1127 in
1327 1073 1618 1129 simulacro
1645 1075 1754 1142 dei,
1786 1076 1837 1131 in
1865 1091 1974 1147 quo

370 1171 439 1211 ne
466 1154 702 1211 hominis
729 1157 944 1228 quidem
985 1160 1275 1231 quidquam
1306 1174 1390 1219 est
1440 1175 1639 1234 praeter
1684 1166 1974 1223 umbram?

371 1249 478 1307 Sed
504 1251 619 1307 hare
649 1264 809 1307 nemo
836 1253 1177 1322 considerat;
1210 1252 1546 1313 infecti'sunt
1585 1261 1725 1313 enim
1752 1275 1975 1329 persua-

369 1344 540 1409 sione,
571 1359 635 1400 ac
656 1353 868 1402 mentes
886 1360 1073 1401 eorum
1102 1349 1312 1418 penitus
1334 1348 1511 1405 fucum
1534 1352 1773 1406 stultitiae
1798 1352 1976 1423 perbi-

369 1435 581 1493 berunt.
614 1436 859 1493 Adorant
888 1453 1019 1511 ergo
1043 1440 1398 1510 insensibilia,
1423 1443 1515 1515 qui
1541 1442 1798 1510 sentiunt;
1832 1445 1974 1501 irra-

371 1526 668 1595 tionabilia,
696 1528 789 1599 qui
828 1530 1064 1602 sapiunt;
1093 1534 1363 1600 exanima,
1393 1536 1485 1606 qui
1504 1536 1707 1602 vivunt;
1733 1547 1969 1603 terrena,

369 1621 455 1692 qui
499 1622 746 1676 oriuntur
770 1637 801 1678 e
833 1622 992 1679 etelo.
1033 1622 1191 1681 Juvat
1219 1640 1368 1697 ergo,
1403 1626 1553 1682 velut
1580 1628 1632 1682 in
1672 1627 1850 1701 aliqua
1880 1643 1975 1684 su-

2080 412 2365 481 coaequat-i.
2423 411 2560 481 Quid
2609 428 2702 468 vos
2752 413 3032 470 beneﬁciis
3079 417 3398 474 caelestibus
3452 420 3675 487 orbatis,

2079 505 2341 575 pronique
2361 506 2413 558 in
2442 505 2666 561 humum
2698 517 2874 562 vestra
2897 516 3093 578 sponte
3116 511 3505 581 procumbitis?
3524 512 3683 568 Humi

2079 599 2223 653 enim
2278 600 2459 656 miseri
2513 600 2865 669 volutamini,
2916 618 3041 658 cum
3122 603 3374 660 deorsum
3427 607 3675 677 quaeritis

2080 693 2223 763 quod
2261 692 2314 747 in
2346 694 2563 749 sublimi
2592 709 2839 766 qurerere
2870 694 3153 751 debuistis.
3183 695 3317 752 Nam
3350 699 3449 754 ista
3479 708 3682 755 morta-

2080 783 2210 838 lium
2244 784 2529 856 digitorum
2566 786 2775 843 ludicra
2803 795 2858 844 et
2889 788 3096 859 fragilia
3127 789 3400 860 figmenta,
3443 807 3510 849 ex
3549 807 3685 862 quo-

2079 876 2209 933 libet
2237 880 2477 935 ntateria:
2502 895 2704 951 genere
2752 879 3002 950 formata,
3033 881 3161 953 quid
3200 884 3347 940 aliud
3398 894 3544 952 sunt,
3578 886 3684 941 nisi

2082 980 2247 1039 terra,
2277 988 2343 1027 ex
2373 987 2478 1044 qua
2509 981 2632 1027 nata
2672 974 2839 1028 sunt?
2865 974 3005 1040 Quid
3036 990 3167 1045 ergo
3210 976 3373 1033 rebus
3407 976 3680 1034 interiori-

2079 1063 2183 1119 bus
2214 1065 2543 1134 subjacetis?
2574 1063 2699 1135 quid
2733 1066 2998 1135 capitibus
3040 1068 3234 1124 vestris
3259 1078 3457 1124 terram
3487 1084 3681 1140 super-

2081 1156 2314 1225 ponitis?
2352 1153 2487 1210 Cum
2528 1157 2675 1211 enim
2706 1170 2802 1211 vos
2842 1163 3000 1213 terrae
3046 1159 3386 1223 subtnittitis,
3421 1159 3683 1216 humilio-

2080 1263 2273 1317 resque
2299 1247 2495 1315 facitis,
2533 1251 2634 1319 ipsi
2677 1264 2773 1305 vos
2804 1250 2950 1307 ultro
2983 1252 3051 1307 ad
3081 1252 3284 1309 inferos
3313 1255 3578 1325 mergitis,
3612 1255 3682 1312 ad

2084 1352 2425 1413 mortemque
2471 1343 2762 1411 damnatis,
2807 1345 2931 1416 quia
2980 1344 3115 1400 nihil
3169 1355 3313 1402 terra
3358 1347 3583 1402 inferius
3627 1355 3683 1404 et

2087 1433 2367 1501 humilius,
2403 1435 2505 1490 nisi
2533 1448 2681 1491 mors
2712 1445 2764 1491 et
2793 1435 2976 1492 inferi.
3008 1438 3139 1505 Quae
3178 1440 3223 1494 si
3253 1424 3495 1510 eﬂ'ugere
3516 1439 3683 1495 velle-

2081 1527 2170 1594 tis,
2205 1526 2502 1598 subjectam
2536 1528 2763 1599 pedibus
2792 1531 2991 1586 vestris
3017 1540 3216 1586 terram
3237 1533 3680 1600 contemneretis,

2085 1621 2326 1690 corporis
2368 1629 2512 1676 statu
2548 1621 2700 1676 salvo
2732 1640 2745 1677 :
2786 1624 2930 1694 quod
2962 1624 3165 1680 idcirco
3192 1635 3401 1682 rectum
3436 1628 3681 1698 accepis-

368 1711 514 1770 blimi
556 1714 775 1785 specula
815 1717 1189 1785 constitutum,
1239 1717 1379 1774 unde
1428 1721 1666 1777 universi
1715 1722 1974 1779 exaudire

2084 1712 2168 1780 tis,
2196 1728 2302 1783 quo
2330 1713 2518 1769 oculos
2541 1726 2703 1786 atque
2727 1726 2963 1773 mentem
2991 1733 3113 1773 cum
3137 1732 3226 1786 eo,
3257 1722 3347 1790 qui
3379 1720 3525 1787 fecit,
3551 1736 3683 1777 con-

370 1809 594 1880 possint,
630 1809 945 1865 Persianum
976 1810 1105 1867 illud
1131 1814 1471 1884 proclamare
1492 1858 1508 1884 ,

461 1919 503 1972 Ο
529 1932 695 1972 curva:
712 1924 759 1972 iu
782 1931 941 1973 terras
964 1925 1159 1990 animae,
1186 1934 1239 1976 et
1261 1924 1538 1977 ctelestium
1558 1927 1758 1977 inanes!

370 2026 575 2086 Caelum
606 2030 784 2100 potius
816 2032 1116 2099 intuemini,
1160 2032 1226 2088 ad
1272 2034 1425 2105 cujus
1469 2036 1836 2105 spectaculum
1868 2050 1967 2092 vos

372 2122 621 2177 excitavit
648 2123 735 2178 ille
764 2123 954 2179 artifex
983 2135 1164 2181 vester
1194 2126 1359 2183 Deus.
1384 2127 1479 2184 llle
1506 2128 1661 2184 vobis
1686 2128 1972 2184 sublimem

377 2215 577 2269 vultum
623 2214 787 2282 dedit;
835 2231 933 2272 vos
978 2217 1033 2273 in
1076 2226 1271 2274 terram
1318 2222 1617 2275 curvamiui
1650 2238 1665 2276 :
1700 2236 1796 2277 vos
1834 2221 1972 2276 altas

376 2316 599 2375 mentes,
636 2316 690 2363 et
714 2308 780 2363 ad
814 2319 1092 2378 parentem
1141 2325 1296 2366 suum
1342 2328 1464 2368 cum
1508 2313 1830 2383 corporibus
1857 2313 1974 2369 suis

375 2408 604 2466 erectas,
644 2399 711 2455 ad
738 2398 994 2456 inferiora
1017 2402 1339 2473 deprimitis,
1374 2413 1644 2476 tamquam
1680 2421 1774 2463 vos
1799 2406 1975 2477 patui-

380 2500 488 2550 teat
538 2509 646 2551 non
690 2494 1069 2568 quadrupedes
1126 2511 1250 2555 esse
1280 2506 1454 2555 natos.
1487 2497 1594 2565 Fas
1623 2516 1728 2555 non
1756 2511 1838 2556 est
1865 2513 1980 2555 οω-

2083 1804 2226 1861 ferre
2255 1808 2494 1877 possitis.
2526 1807 2893 1868 Contemnere
2921 1823 3100 1868 autem
3128 1823 3183 1868 et
3208 1814 3420 1870 calcare
3456 1824 3679 1886 terram,

2082 1897 2219 1954 nihil
2246 1899 2391 1955 aliud
2420 1910 2503 1956 est
2529 1908 2691 1972 quam
2739 1904 3028 1960 simulacra
3052 1921 3159 1960 non
3181 1906 3434 1974 adorare,
3463 1908 3590 1977 quia
3614 1908 3682 1965 de

2082 2001 2221 2047 terra
2253 1994 2373 2050 ficta
2416 2006 2574 2063 sunt,
2609 1998 2735 2052 item
2766 1996 2979 2053 divitias
3001 2015 3107 2054 non
3140 2001 3551 2070 concupiscere,
3579 2016 3681 2058 vo-

2079 2084 2311 2156 luptates
2349 2089 2591 2158 corporis
2616 2102 2895 2158 Spernere,
2929 2094 3051 2161 quia
3083 2107 3216 2163 opes
3265 2102 3321 2148 et
3357 2109 3553 2165 corpus
3591 2096 3680 2167 ip-

2081 2192 2223 2245 sum,
2261 2179 2412 2249 cujus
2442 2180 2675 2250 hospitio
2701 2183 2923 2251 utimur,
2953 2192 3098 2240 terra
3128 2196 3232 2241 est.
3263 2185 3457 2243 Vivum
3494 2188 3679 2257 colite,

2084 2278 2141 2324 ut
2160 2269 2389 2337 vivatis;
2446 2273 2711 2328 moriatur
2739 2277 2885 2329 enim
2919 2291 3142 2334 necesse
3171 2287 3275 2348 est,
3299 2279 3391 2352 qui
3416 2294 3476 2337 se
3500 2295 3684 2338 snam-

2083 2380 2188 2435 que
2219 2364 2455 2419 animam
2488 2367 2719 2422 mortuis
2745 2366 3092 2440 adjudicavit.

1692 2646 2053 2716 VARIORUM
2090 2651 2318 2709 NOTAE.

446 2802 565 2857 Illis
590 2802 773 2871 stipem
782 2802 1005 2872 jaciunt.
1033 2801 1227 2871 Stipes,
1253 2801 1415 2858 Festo
1432 2810 1590 2866 teste,
1618 2811 1701 2857 cst
1726 2815 1980 2856 nummus

376 2874 654 2945 signatus:
684 2875 838 2945 cujus
867 2876 943 2929 rei
980 2876 1141 2929 etiam
1172 2874 1369 2929 indicio
1395 2884 1500 2936 est,
1539 2873 1681 2944 quod
1710 2874 1933 2945 pecunia
1953 2911 1967 2936 ,

376 2943 495 3015 qua:
516 2943 780 3000 militibus
807 2944 987 3011 datur,
1031 2946 1359 3014 stipendium
1390 2943 1609 3014 dicitur;
1657 2943 1718 3001 et
1749 2946 1971 3016 sponsio

374 3018 740 3087 pecuniarum,
773 3017 1070 3085 stipulatio.
1102 3017 1472 3073 Hosrmmtus.
1817 3031 1826 3041 ’

442 3086 648 3142 Fucum
671 3087 905 3143 stultitia
931 3089 1270 3157 perbiberunt.
1316 3089 1406 3145 Sic
1434 3091 1616 3159 legunt
1647 3097 1758 3144 tres
1784 3095 1969 3159 vetus-

374 3159 566 3230 tissimi
596 3167 651 3213 et
668 3160 857 3229 optimi
876 3175 1003 3214 mss.
1034 3160 1163 3230 Reg.
1184 3161 1372 3227 Cauc.,
1394 3158 1809 3226 Oxonicnsesd
1836 3158 1969 3230 Col-

373 3228 537 3297 hert.,
571 3231 596 3284 1
623 3228 875 3294 Scribam,
918 3231 946 3285 1
976 3228 1240 3295 ϐιιιτόιιιη
1269 3231 1416 3298 Gat.,
1446 3241 1501 3288 et
1528 3232 1650 3287 edd.
1686 3233 1838 3294 Ald.,
1865 3229 1971 3284 Fa-

376 3302 545 3368 sitel.,
579 3301 801 3370 Thom,
832 3302 928 3367 ls.,
956 3302 1150 3371 Spark.
1180 3314 1232 3357 et
1260 3302 1497 3367 Walch.,
1527 3319 1739 3359 necnon
1761 3302 1967 3357 Bonon.

373 3378 540 3444 antiq.
593 3372 646 3427 in
688 3389 826 3444 quo,
874 3375 1240 3445 perviderunt;
1277 3375 1330 3429 in
1371 3375 1587 3441 κει-ιιι,
1622 3374 1969 3445 perbiberunt,

374 3444 563 3515 vitiose
592 3444 625 3497 It
656 3460 753 3515 pro
783 3446 832 3499 b.
865 3444 923 3499 In
958 3446 1022 3500 18
1050 3460 1181 3499 mss.
1213 3447 1603 3501 recentioribus
1625 3444 1716 3501 est
1743 3461 1970 3511 succum,

375 3514 468 3586 Sed
499 3516 553 3570 in
586 3514 709 3571 octo
736 3518 1082 3584 perbiberunt.
1117 3518 1295 3572 Prima
1324 3518 1486 3572 lectio
1517 3518 1738 3573 retineri
1768 3526 1968 3586 potest,

376 3585 545 3657 inquit
578 3587 832 3650 Gallmns,
864 3598 920 3641 ιιι
951 3588 1231 3642 translatio
1275 3604 1305 3643 a
1339 3588 1616 3645 cuioribus
1661 3590 1732 3642 sit
1772 3585 1970 3657 petita;

378 3659 537 3729 panni
568 3660 714 3714 enim
746 3658 868 3713 fuco
908 3659 1050 3713 inlici
1084 3669 1229 3715 recte
1258 3660 1543 3725 dicuntur,
1580 3671 1639 3714 ut
1666 3668 1883 3715 constat
1906 3673 1975 3714 ex

381 3730 628 3786 versibus
654 3730 762 3784 illis
786 3730 929 3800 apud
958 3731 1213 3798 Gellium,
1245 3731 1337 3787 lib.
1369 3747 1471 3796 xx,
1497 3745 1617 3801 cap.
1653 3744 1717 3786 δι

626 3845 733 3894 1am
755 3845 968 3895 sensiles
991 3851 1186 3909 tapetes
1203 3845 1329 3895 ebrii
1355 3846 1484 3909 nico,

533 3910 668 3969 Quos
691 3909 873 3959 concha
892 3922 1106 3972 purpura
1128 3910 1357 3959 imbuens
1379 3911 1672 3972 venenavit;

382 4024 495 4096 qua:
522 4014 888 4099 lectiolnagis
918 4012 1161 4099 placebat
1195 4012 1433 4099 Antonio
1460 4014 1760 4099 Augustino
1780 4008 1977 4099 Ilerdae

381 4083 656 4157 episcopo.
693 4083 858 4155 Magis
919 4092 1095 4139 tamen
1136 4083 1432 4157 probarem
1481 4083 1639 4139 aliam
1688 4086 1975 4141 lectionem

381 4155 583 4211 saccum
642 4157 910 4221 stultitim;
964 4168 1086 4225 qum
1131 4155 1295 4210 lectio
1336 4156 1525 4210 melius
1568 4160 1821 4212 convenit
1852 4173 1975 4213 cum

381 4230 541 4283 verbo
566 4229 907 4298 perbiberunt.
934 4227 1127 4283 Verum
1154 4226 1271 4280 haec
1304 4228 1569 4293 posterior
1596 4228 1856 4297 probatur
1881 4228 1979 4282 Mi-

379 4300 548 4354 cltacli
592 4300 887 4354 Tltomasio
914 4299 967 4353 in
996 4299 1137 4353 notis
1159 4298 1225 4353 ad
1259 4299 1403 4353 hunc
1435 4300 1630 4352 locum.
1657 4329 1727 4340 —
1750 4299 1978 4355 Succum

378 4372 607 4427 stultitim
622 4369 962 4440 perbiberunt.
997 4370 1207 4425 Habent
1237 4384 1444 4440 succum
1468 4371 1607 4424 alter
1637 4370 1798 4437 Bon.,
1835 4387 1974 4425 non-

378 4418 1452 4508 atii:'vaiaai,"r;.:j‘r'a;(ita;
1469 4418 1798 4509 "satagit;
1835 4418 1973 4497 "vsa.
2003 4418 2058 4479 D

379 4515 536 4579 1495,
557 4514 651 4584 97,
682 4512 880 4577 Paris.
910 4511 1132 4584 Gymn.,
1154 4511 1369 4584 Parrh.,
1386 4512 1558 4584 Orat"
1584 4513 1784 4579 Betttl.,
1806 4513 1971 4568 Torn.

375 4596 427 4640 et
451 4583 752 4656 prmt‘erunt
780 4581 1000 4656 Themi,
1032 4583 1199 4647 Gall.,
1232 4581 1393 4648 Cell.,
1424 4581 1663 4656 Walclt.,
1698 4586 1821 4655 quia
1846 4600 1977 4639 con-

374 4655 518 4711 venit
550 4671 678 4711 cum
702 4655 997 4726 perbibendi
1010 4659 1196 4710 verbo.
1218 4655 1361 4710 Sane
1387 4655 1465 4709 sic
1492 4670 1637 4726 srepe
1665 4655 1821 4711 Ovid.
1853 4656 1886 4710 Ι.
1912 4657 1977 4713 15

373 4724 759 4795 Metamorplt.,
783 4726 887 4799 945
917 4744 929 4781 :
960 4724 1057 4799 Via:
1102 4725 1226 4781 bene
1256 4724 1599 4780 combiberant
1627 4729 1826 4798 ignotos
1854 4737 1976 4799 gut-

375 4807 488 4853 tura
536 4814 739 4853 succos.
777 4798 839 4853 L.
880 4814 933 4854 tv
962 4798 1118 4853 Punt.
1152 4798 1209 4863 4,
1241 4799 1278 4861 i,
1312 4799 1421 4852 bibe
1446 4814 1642 4853 succos.
1701 4800 1773 4853 Do
1805 4798 1936 4855 Arte
1960 4839 1974 4864 ,

373 4886 523 4937 xxxi,
559 4869 664 4925 187
697 4886 709 4923 :
742 4869 890 4925 Lana
937 4879 1007 4924 tot
1038 4879 1124 4923 aut
1151 4868 1323 4939 plures
1351 4886 1529 4923 succos
1583 4871 1727 4925 bibit.
1767 4872 1839 4925 De
1871 4870 1978 4925 Re-

375 4944 520 4998 med.
567 4940 695 5007 257,
746 4940 899 5010 Saepe
929 4942 1030 4995 bibi
1068 4957 1248 4995 succos
1279 4956 1298 5005 ;
1347 4956 1396 4994 v.
1432 4941 1570 5007 508,
1604 4959 1780 4996 succos
1811 4942 1971 4996 bibas.

372 5012 499 5071 Mss.
528 5013 1063 5083 Bonnn.antiquiss.,
1095 5012 1350 5083 lteitnm.,
1382 5012 1975 5082 Lips.,Gotb.,Cauc.,

372 5085 560 5149 Cant.,
587 5083 728 5156 _Ald.
759 5082 965 5156 Gryph.
995 5082 1481 5156 fucumiexhibent.
1520 5101 1640 5153 qua:
1669 5101 1773 5139 vox
1805 5087 1981 5153 placet

373 5159 508 5213 Ant.
558 5153 853 5226 Augustino
879 5153 1059 5211 ΗΘΜ.
1101 5155 1270 5226 episc.
1315 5154 1385 5209 l8.
1426 5153 1778 5223 Hetttnattno,
1822 5165 1874 5207 ut
1911 5156 1981 5211 sit

374 5226 652 5282 translatio
678 5244 710 5279 a
737 5228 1013 5285 coloribus.
1041 5227 1225 5296 quibus
1248 5227 1408 5297 panni
1433 5227 1756 5295 inﬁciuntnr.
1791 5227 1977 5281 Diver-

375 5300 455 5354 sis
486 5299 622 5353 Iocis
649 5297 901 5370 Heinsius
928 5300 992 5352 ad
1020 5297 1176 5354 Ovid.
1207 5299 1436 5365 monuit,
1468 5313 1649 5352 succus
1675 5311 1720 5353 et
1744 5301 1893 5370 fucus
1925 5299 1978 5353 in

377 5384 515 5428 mss.
544 5368 804 5424 confundi
831 5371 1027 5425 solere.
1059 5370 1190 5425 Bon.

450 5439 588 5496 In...
638 5442 842 5513 sublimi
890 5440 1097 5511 specula
1154 5441 1502 5513 constitutum.
1557 5441 1837 5509 Expressit
1874 5440 1981 5513 Cy-

380 5513 559 5583 prian.
588 5513 656 5565 ad
690 5512 977 5579 Donatum,
1009 5513 1099 5568 ed.
1141 5511 1319 5568 Oxon.
1355 5512 1448 5568 fol.
1472 5513 1507 5567 6
1537 5530 1551 5567 :
1581 5512 1626 5566 0
1656 5514 1699 5567 si
1728 5514 1893 5583 possis
1923 5511 1983 5568 in

381 5584 475 5638 illa
501 5583 710 5638 sublimi
746 5585 954 5655 specula
988 5585 1164 5654 (male
1191 5584 1354 5639 Basil.
1399 5584 1642 5655 speculo)
1675 5586 1983 5640 constitutus

388 5655 560 5709 oculos
576 5666 689 5709 tuos
715 5656 935 5711 inserere
959 5658 1183 5712 secretis.
1201 5655 1334 5710 Bon.

462 5723 786 5782 Persianum.
848 5727 1065 5785 Scilicet
1103 5727 1294 5799 Satyra
1342 5743 1399 5783 ιι.
1440 5727 1620 5785 Utitur
1670 5726 1980 5785 Lactantius

2084 2794 2377 2852 Gentilium
2411 2792 2735 2865 scriptorum
2770 2794 3091 2851 testimoniis
3122 2806 3310 2855 contra
3338 2799 3687 2860 Gentes.-'Sic

2085 2879 2137 2941 et
2171 2868 2227 2923 S.
2264 2866 2615 2941 Augustinus,
2644 2865 2807 2941 lib._t_v
2822 2866 3215 2941 degivit.:Dei,
3248 2882 3366 2941 cap.
3398 2872 3487 2938 ὅθ,
3522 2876 3690 2932 utitur

2076 2937 2338 3017 Varronis
2368 2939 2711 3017 auctoritate.
2739 2935 2872 3017 Vide
2902 2935 3390 3017 Tertullianuntjin
3410 2935 3685 3017 Apoluge-

2081 3013 2204 3075 tico,
2235 3024 2357 3088 cap.
2415 3008 2505 3088 ll;
2536 3017 2591 3061 et
2620 3008 2918 3088 Arnubittm
2967 3010 3061 3064 lib.
3100 3026 3173 3088 vt.
3221 3013 3329 3088 Sed
3377 3008 3499 3088 loco
3529 3008 3688 3088 hti'jus

2080 3077 2355 3156 carminis,
2407 3077 2451 3133 0
2490 3095 2690 3156 curate,
2719 3089 2850 3149 elc.,
2885 3083 3076 3152 legitur
3111 3085 3165 3139 in
3211 3084 3532 3156 quibusdam
3572 3077 3682 3146 ma-

2082 3151 2378 3222 nuscriptis
2401 3159 2455 3206 et
2480 3151 2639 3206 editis
2654 3192 2669 3217 ,

2174 3265 2217 3317 Ο
2234 3278 2376 3317 curas
2391 3265 2641 3315 hominum
2658 3265 2670 3314 !
2692 3278 2723 3315 ο
2739 3272 2978 3329 quantum
3002 3274 3079 3318 est
3104 3270 3154 3318 in
3178 3270 3330 3322 rebus
3348 3272 3497 3325 tuane
3517 3273 3531 3324 l

2082 3364 2197 3444 Hoc
2224 3381 2406 3427 tamen
2438 3371 2490 3425 in
2523 3370 2712 3444 Persio
2743 3387 3008 3441 nusquam
3040 3373 3253 3444 legitur.

2153 3436 2539 3518 Artifexuester
2559 3438 2720 3518 Deus.
2744 3443 2833 3498 Sic
2856 3436 3035 3518 legunt
3055 3436 3339 3515 aﬁtiquiss.
3362 3461 3494 3504 mss.
3520 3449 3683 3518 Bon.,

2080 3512 2429 3587 Lips.,‘Pal.,
2463 3513 2628 3587 Ultr._,
2672 3512 2798 3569 Jun.
2824 3554 2840 3580 ,
2881 3512 2927 3568 Ξ
2961 3515 3126 3569 Bruti.
3182 3512 3237 3571 et
3277 3529 3385 3574 tres
3420 3512 3683 3579 Vaticani.

2081 3583 2259 3643 Probo
2289 3588 2556 3662 rationem
2580 3583 2882 3662 Tttomasii,
2906 3587 3002 3662 qui
3028 3587 3417 3662 sic_legendutu
3451 3594 3685 3662 asserit,

2079 3675 2146 3715 eu
2169 3656 2819 3734 quod-primum‘locutus
2845 3656 3037 3734 luisset
3086 3657 3156 3713 de
3185 3656 3524 3734 Simulacris,
3552 3656 3689 3734 quo;

2082 3724 2200 3798 ωιιὶ
2230 3724 2426 3783 artifex
2456 3734 2541 3782 est
2586 3724 2771 3790 homo;
2802 3743 2945 3785 nunc
2987 3729 3216 3798 loquens
3242 3732 3307 3786 ad
3340 3724 3588 3791 homines
3618 3735 3688 3792 de

2085 3794 2233 3873 Deo,
2254 3811 2401 3855 recte
2426 3816 2548 3853 eutn
2578 3810 2817 3873 vestrum
2842 3794 3105 3856 artificem
3134 3803 3393 3873 appellat.

2153 3862 2235 3925 Ait
2276 3880 2539 3941 parentem
2589 3886 2758 3925 suum.
2792 3862 2869 3926 Ita
2900 3873 3114 3942 reposui
3136 3862 3327 3930 εἶναι.
3359 3875 3491 3931 edit.
3525 3877 3686 3934 Rom.

2082 3952 2150 4019 ct_
2166 3940 2417 3998 omnibus
2452 3957 2618 4013 prope
2645 3958 2774 4019 mss.
2795 3941 2865 4019 ‘In
2898 3940 2933 3995 4
2966 3940 2978 3942 ἡ
2999 3959 3109 4000 rec.
3142 3955 3198 4000 et
3228 3947 3280 4001 in
3322 3949 3553 4019 vulgatis
3580 3960 3685 4019 est,

2081 4015 2150 4089 ad
2191 4024 2386 4089 patrem
2430 4014 2804 4089 suumn—3M
2832 4024 3091 4089 parentem
3140 4033 3318 4089 suum.
3382 4014 3473 4076 Sic
3514 4014 3679 4089 Bon.,

2082 4084 2243 4162 Τέω,
2283 4085 2441 4162 Pcw,
2494 4084 2674 4162 Λυδὲ,
2705 4084 3296 4162 Ηοςιηωγςιιημη,
3335 4089 3425 4153 72,
3459 4084 3687 4162 utraque

2083 4157 2172 4224 78,
2195 4168 2250 4212 et
2284 4158 2350 4229 in
2396 4172 2569 4229 tttarg.
2598 4154 2827 4211 Tornes.
2875 4157 3036 4223 1587,
3087 4159 3247 4226 1615,
3274 4154 3443 4214 recte.
3472 4154 3683 4229 Libftt,

2086 4243 2206 4298 cap.
2250 4228 2312 4281 17
2344 4226 2691 4283 :Colamus...
2723 4230 2881 4283 solius
2913 4230 3135 4283 artificis
3179 4233 3526 4299 parentisque
3556 4226 3685 4288 nos;

2084 4301 2151 4355 tri
2175 4300 2378 4354 unicum
2416 4315 2639 4363 numen;
2669 4300 2762 4353 lib.
2800 4314 2855 4367 ιι,
2903 4313 3023 4369 cap.
3057 4300 3143 4354 18.
3180 4302 3337 4367 Quem
3351 4310 3473 4355 suns
3502 4319 3686 4369 parens

2085 4386 2187 4425 non
2226 4371 2537 4423 humilem...
2576 4370 2733 4423 sed...
2781 4382 3046 4424 rectum...
3081 4372 3361 4440 agnouerit.
3399 4371 3684 4430 Bunnuan.

2158 4442 2223 4496 In
2257 4451 2541 4514 terramque
2583 4441 2900 4514 vergentibus
2942 4444 3219 4514 coteAquari.
3264 4440 3356 4514 Sic
3399 4442 3519 4514 [Ego
3562 4458 3687 4501 cum

2082 4528 2213 4569 mss.
2265 4512 2625 4583 veterrimis!
2670 4512 2904 4583 Bonum,
2950 4513 2985 4566 4
3042 4512 3198 4583 Reg,
3249 4512 3528 4579 Causa—5
3578 4515 3688 4571 Va-

2081 4585 2196 4658 ιιι),ε
2278 4584 2338 4658 11
2406 4582 2564 4658 a_l_iis,
2615 4593 2671 4637 et
2723 4581 2882 4658 editis
2935 4581 3192 4658 quinque.
3241 4587 3310 4639 At
3351 4585 3389 4640 Ξ
3433 4586 3606 4658 lteg.,
3654 4588 3682 4644 1

2080 4655 2264 4721 Colb.,
2318 4655 2342 4709 1
2410 4653 2675 4717 Clarom.,
2723 4653 3022 4724 adaquari;
3072 4653 3258 4712 caeteri
3312 4653 3539 4726 vuigati'
3564 4653 3687 4713 cum

2081 4742 2213 4782 mss.
2274 4742 2386 4782 ree.
2436 4737 2578 4791 octo,
2638 4726 2849 4780 versari.
2905 4728 3078 4792 Quam
3128 4727 3417 4784 laetionetn
3461 4743 3568 4784 non
3616 4731 3687 4786 ita

2082 4800 2274 4869 probo,
2307 4812 2373 4853 eo
2399 4797 2542 4869 qugd
2591 4798 2766 4853 nullus
2811 4812 2919 4869 non
2948 4808 3195 4853 versetur
3235 4816 3358 4854 cum
3400 4801 3638 4855 terrenis
3671 4819 3685 4856 :

2082 4867 2248 4937 recte,
2294 4868 2425 4923 dicit
2480 4867 2828 4935 Thomasius,
2892 4868 2972 4924 illi
3023 4871 3280 4926 dicuntur
3327 4886 3448 4927 cum
3497 4872 3687 4928 bestiis

2082 4941 2374 5011 comqttari,
2414 4941 2503 5010 qui
2539 4940 2707 4995 Deum
2758 4942 3029 5011 ignorant,
3077 4951 3132 4997 et
3160 4951 3401 4997 terrenas
3432 4956 3519 4996 res
3565 4952 3685 4997 tan-

2084 5022 2194 5066 tum
2237 5020 2515 5084 appetunt.
2548 5042 2619 5051 —
2644 5012 2770 5065 Cum
2795 5014 3082 5084 terrenis...
3105 5015 3379 5084 coaequari.
3408 5013 3687 5069 Contirmo

2082 5098 2153 5139 ex
2205 5084 2298 5137 lib.
2341 5084 2407 5137 de
2435 5083 2684 5153 lra,cap.
2727 5084 2757 5137 7
2807 5083 3007 5152 :Nec.,
3040 5083 3296 5138 rationale
3337 5084 3532 5138 animal
3560 5098 3685 5140 cum

2082 5155 2236 5208 mutis
2264 5164 2312 5207 et
2336 5154 2777 5210 irrationabilibtts
2822 5158 3125 5224 coaequavit.
3157 5155 3311 5211 Gonf.
3346 5156 3439 5210 lib.
3474 5170 3529 5221 v,
3560 5170 3683 5227 cap.

2084 5225 2172 5280 14.
2206 5226 2489 5280 Bunuusn.

2084 5227 2172 5280 14.
2206 5227 2489 5281 Βυιιιςιιλη.

2154 5297 2383 5351 Orbatis.
2418 5298 2493 5352 Ita
2543 5297 2753 5352 restitui
2796 5308 2861 5352 ex
2911 5296 3304 5367 antiquissimis
3333 5310 3469 5354 mss.
3499 5300 3526 5354 1
3583 5300 3687 5357 Bo-

2081 5385 2214 5424 non.
2247 5380 2300 5423 ct
2328 5370 2363 5421 2
2414 5369 2546 5439 lteg.
2577 5368 2814 5439 itemque
2840 5382 2907 5422 ex
2936 5368 3003 5423 15
3058 5368 3178 5423 aliis
3208 5379 3263 5425 et
3307 5370 3396 5426 ed.
3427 5370 3500 5427 le.-
3532 5372 3602 5430 At
3622 5374 3688 5429 12

2082 5440 2268 5508 scripti
2295 5454 2406 5496 rec.
2430 5454 2485 5495 et
2508 5438 2715 5506 vulgati
2734 5438 2959 5503 habent,
2991 5440 3177 5494 orbati.
3304 5486 3311 5489 .

2155 5510 2395 5586 Possitis.
2430 5511 2523 5586 Sic
2542 5511 2759 5578 reposui
2789 5512 3353 5586 ex_vetust_iorilrus4et
3385 5515 3687 5586 potioribus

2081 5582 2561 5658 Hegio~PtrL
2594 5576 2826 5658 utroque
2868 5583 3220 5658 Bononiensi,
3266 5576 3404 5641 τειιέ
3432 5587 3681 5658 aliisque.

2084 5657 2141 5712 In
2174 5656 2242 5711 12
2290 5670 2402 5710 rec.
2432 5664 2488 5726 et
2513 5655 2566 5726 in
2592 5653 2828 5724 vulgatis
2855 5662 2961 5721 est,
2986 5656 3217 5726 possetis.

2160 5726 2400 5782 Mortuis.
2428 5725 2645 5784 Scilicet
2666 5726 2988 5783 simulacris.
