4174 6200
412 140 521 200 263

1058 251 1289 313 CAPUT
1323 253 1415 312 111.

421 389 575 458 Quod
630 390 806 447 Cicero
835 388 1025 459 aliique
1066 389 1316 446 doctiores
1356 401 1705 461 peccaverunt,
1740 407 1841 445 non
1877 404 2019 444 aver-

860 461 1011 516 tendo
1041 462 1261 532 papulas
1287 462 1351 517 ab
1370 479 1564 518 errore.

491 594 600 652 Sed
626 593 753 666 quid
783 593 1005 666 prodest
1025 596 1092 651 ad
1123 596 1314 666 vulgus
1341 606 1396 653 et
1423 596 1491 652 ad
1523 596 1769 654 homines
1798 597 2016 666 imperi-

419 700 505 747 tos
543 692 645 746 hoc
676 688 837 747 modo
859 691 1210 747 concionari?
1240 707 1364 747 cum
1405 691 1681 748 videamus
1708 692 1868 747 etiam
1890 691 2021 746 doe-

424 794 506 838 tos
530 793 583 838 et
598 782 895 855 prudentes
909 785 1076 851 viros,
1093 799 1217 839 cum
1240 784 1559 855 religionum
1601 784 1903 856 intelligant
1929 799 2022 837 va-

422 877 668 943 nitatem,
704 877 1059 933 nihilominus
1103 885 1285 933 tamen
1334 877 1388 932 in
1440 878 1502 932 iis
1530 878 1682 948 ipsis,
1723 892 1843 947 quae
1872 875 2021 931 dam-

421 978 574 1035 nant,
606 970 852 1026 colendis
881 971 1069 1026 nescio
1098 985 1203 1041 qua
1231 972 1498 1041 pravitate
1524 979 1787 1041 perstare.
1821 969 2022 1025 Intelli-

422 1065 582 1136 geth
620 1064 809 1121 Cicero
860 1063 994 1121 falsa
1033 1080 1175 1133 esse,
1226 1081 1349 1137 quae
1401 1067 1649 1121 homines
1705 1066 2018 1121 adorarent.

424 1157 559 1213 Nam
581 1173 702 1213 cum
735 1158 897 1213 multa
925 1156 1149 1213 dixisset
1193 1173 1317 1229 quae
1340 1157 1409 1213 ad
1437 1158 1778 1214 eversionem
1802 1157 2023 1229 religio-

426 1265 554 1305 num
584 1250 849 1316 valerent,
875 1250 952 1304 ait
994 1260 1173 1304 tamen
1209 1265 1319 1305 non
1357 1265 1479 1306 esse
1517 1251 1605 1305 illa
1645 1250 1804 1321 vulgo
1835 1249 2021 1321 dispu-

429 1346 625 1411 tamla,
674 1361 743 1401 ne
789 1354 1070 1416 susceptas
1117 1345 1333 1416 publice
1381 1345 1676 1416 religiones
1732 1322 2026 1416 disputatio

430 1441 551 1496 talis
579 1440 875 1511 extinguat.
908 1439 1046 1509 Quid
1095 1439 1163 1496 de
1210 1455 1278 1496 eo
1303 1439 1493 1508 facias,
1523 1440 1637 1511 qui,
1675 1454 1800 1495 cum
1839 1454 2026 1495 errare

426 1550 489 1591 se
516 1534 732 1601 sentiat,
759 1534 902 1589 ultro
932 1533 1047 1602 ipse
1074 1533 1128 1588 in
1162 1532 1366 1604 lapides
1402 1532 1683 1604 impingat,
1714 1542 1772 1587 ut
1798 1532 2026 1604 populus

1561 139 1748 198 FIRM.
1789 133 2164 198 LACTANTll
2201 135 2405 195 DlVIN.
2447 135 2688 195 INSTIT.

2046 258 2097 318 Α
2129 254 2223 318 ιῖο,
2253 254 2344 325 qui
2368 269 2513 326 saepe
2539 254 2703 310 etiam
2728 251 2898 311 malas
2926 252 3147 325 cepiose
3189 268 3254 311 ac
3282 252 3497 312 fortiter
3533 253 3726 313 defen-

3618 131 3725 194 264

2120 346 2266 402 disti.
2300 346 2407 403 Sed
2436 348 2692 403 nimirum
2712 347 2951 404 Socratis
2974 363 3247 404 carcerem
3279 349 3458 415 times,
3485 348 3721 420 ideoque

2120 442 2477 513 patrocinium
2508 443 2750 499 veritatis
2781 443 3062 515 suscipere
3105 460 3211 498 non
3248 444 3437 500 audes.
3470 447 3540 498 At
3569 459 3722 501 mor-

2120 542 2231 591 tem
2260 544 2319 590 nt
2344 537 2560 603 sapiens
2590 546 2939 594 contemnere
2971 537 3230 594 debuisti.
3266 539 3332 593 Et
3354 547 3471 593 erat
3500 538 3718 609 quidem

2122 627 2294 682 multo
2324 627 2622 697 pulchrius,
2670 640 2727 683 ut
2754 629 2825 683 ob
2872 629 3010 686 bene
3054 630 3196 685 dicta
3224 630 3423 701 potius,
3452 646 3612 702 quam
3655 630 3727 686 ob

2131 718 2412 775 maledicta
2438 720 2747 775 morereris.
2783 720 2893 776 Nec
2915 722 3034 792 plus
3068 721 3163 776 tibi
3193 721 3379 777 laudes
3411 721 3727 793 Philippicae

2122 813 2318 869 aﬂ'erre
2347 823 2660 885 potuerunt,
2694 830 2854 884 quam
2883 815 3159 870 discussus
3177 830 3333 871 error
3374 815 3593 870 humani
3627 831 3727 886 ge-

2123 908 2293 972 neris,
2325 918 2380 961 et
2401 916 2606 963 mentes
2630 906 2906 963 hominum
2933 906 3002 962 ad
3026 908 3314 966 sanitatem
3336 915 3426 964 tua
3465 906 3714 978 disputa-

2125 1003 2269 1057 tione
2290 1014 2576 1058 revocata2.

2127 1166 2145 1224 ξ
2200 1160 2306 1216 Sed
2337 1160 2697 1216 concedamus
2733 1161 3005 1218 timiditati
3026 1203 3040 1227 ,
3093 1176 3216 1232 qua;
3248 1161 3300 1216 in
3329 1161 3575 1231 sapiente
3603 1177 3729 1219 esse

2127 1267 2235 1308 non
2261 1252 2443 1308 debet.
2479 1253 2620 1322 Quid
2648 1268 2779 1326 ergo
2810 1255 2926 1324 ipse
2956 1252 3009 1308 in
3037 1253 3229 1309 eodem
3252 1254 3489 1309 versaris
3513 1255 3728 1312 errore?

2128 1345 2301 1401 Video
2335 1354 2386 1401 te
2428 1355 2642 1401 terrena
2677 1357 2731 1401 et
2758 1346 3067 1402 manufaeta
3115 1346 3363 1402 venerari
3391 1363 3405 1402 :
3437 1361 3573 1402 vana
3601 1362 3726 1404 esse

2129 1435 2402 1507 intelligis,
2453 1447 2506 1492 et
2554 1448 2732 1493 tamen
2778 1437 2966 1493 eadem
3010 1438 3142 1495 facis
3207 1454 3331 1509 quae
3369 1438 3572 1495 faciunt
3600 1439 3723 1509 ipsi,

2129 1547 2266 1602 quos
2293 1531 2407 1602 ipse
2441 1532 2790 1588 stultissimos
2838 1532 3136 1590 conﬁteris.
3165 1533 3303 1601 Quid
3334 1533 3496 1604 igitur
3532 1534 3733 1606 profuit

392 1672 397 1677 .
429 1627 608 1682 omnis
647 1624 930 1681 offendat?
974 1625 1090 1695 ipse
1136 1625 1238 1679 sibi
1268 1624 1456 1680 oculos
1508 1635 1684 1689 eruat,
1736 1635 1795 1679 ut
1838 1639 2029 1679 omnes
2061 1645 2108 1705 Β
2135 1622 2335 1678 vidisse
2367 1631 2418 1678 te
2445 1624 2924 1695 veritatem,quam
2953 1639 3053 1681 nec
3081 1623 3402 1681 defensurus
3431 1640 3602 1692 esses,
3631 1641 3732 1682 nec

430 1718 558 1774 ctrci
609 1716 752 1773 sint?
798 1718 1016 1787 quinec
1067 1716 1136 1772 de
1181 1716 1301 1771 aliis
1355 1717 1493 1773 bene
1546 1726 1839 1782 mereatur,
1890 1730 2024 1785 quos

431 1809 630 1881 patitur
666 1823 882 1873 errare;
941 1822 1042 1863 nec
1082 1808 1149 1863 de
1197 1822 1257 1863 se
1304 1808 1441 1877 ipso,
1469 1808 1559 1878 qui
1586 1808 1776 1863 alienis
1820 1806 2030 1863 accedit

432 1900 735 1967 erroribus,
776 1915 877 1957 nec
927 1901 1092 1955 utitur
1137 1899 1353 1955 tandem
1401 1900 1679 1970 sapientia:
1722 1916 1832 1955 suae
1861 1900 2027 1965 bono,

435 2001 493 2050 ut
518 1992 673 2048 factis
695 1992 933 2063 impleat,
959 1990 1104 2063 quod
1148 2001 1330 2047 mente
1359 1993 1622 2062 percepit,
1655 1993 1749 2048 sed
1791 1992 2031 2062 prudens

432 2098 489 2146 et
505 2088 680 2144 sciens
706 2088 893 2158 pedem
927 2088 1120 2158 laqueo
1143 2086 1352 2153 inserit,
1386 2095 1442 2142 ut
1467 2086 1627 2141 simul
1649 2102 1768 2141 cum
1792 2086 2028 2153 caeteris,

433 2203 572 2259 quos
598 2187 831 2243 liberare
864 2198 920 2240 ut
952 2185 1270 2256 prudentior
1296 2185 1500 2251 debuit,
1529 2194 1583 2240 et
1614 2185 1729 2255 ipse
1752 2182 2034 2255 capiatur?

433 2281 574 2351 Quin
608 2280 807 2351 potius,
838 2280 881 2335 si
911 2277 1036 2350 quid
1082 2277 1195 2341 tibi,
1239 2275 1453 2343 Cicero,
1485 2277 1702 2332 virtutis
1732 2285 1835 2343 est,
1866 2292 2035 2346 expe-

434 2374 545 2430 rire
594 2371 848 2442 pepulum
896 2371 1079 2427 facere
1111 2369 1409 2441 sapientem
1444 2387 1456 2423 :
1485 2369 1644 2441 digna
1690 2385 1777 2425 res
1806 2379 1910 2433 est,
1946 2369 2036 2425 ubi

434 2479 626 2521 omnes
668 2462 992 2534 eloquentia:
1025 2474 1128 2519 tuae
1156 2463 1299 2518 vires
1326 2477 1598 2519 exerceas.
1624 2461 1742 2518 Non
1772 2462 1915 2518 enim
1944 2477 2038 2517 ve-

435 2557 663 2616 rendum
703 2566 880 2615 estne
929 2566 982 2613 te
1029 2558 1080 2612 in
1132 2565 1242 2612 tam
1275 2555 1415 2613 bona
1460 2570 1622 2613 causa
1670 2554 1885 2612 deficiat
1914 2570 2037 2609 ora-

2135 1714 2455 1771 secutnrus?
2478 1714 2537 1771 Si
2577 1715 2808 1771 libenter
2835 1726 3021 1772 errant
3049 1717 3210 1773 etiam
3246 1717 3279 1772 ii
3311 1718 3401 1789 qui
3467 1733 3652 1774 errare
3672 1735 3736 1776 se

2135 1813 2398 1878 sentiunt,
2429 1821 2630 1882 quanto
2658 1812 2828 1884 magis
2856 1812 3045 1883 vulgus
3072 1811 3369 1874 indoctum,
3402 1813 3546 1882 quod
3568 1830 3723 1885 pom-

2138 1905 2221 1976 pis
2263 1903 2513 1959 inanibus
2562 1904 2779 1975 gaudet,
2832 1904 3136 1975 animisque
3180 1904 3476 1974 puerilibus
3526 1915 3739 1976 Spectat

2137 1995 2360 2051 omnia?
2389 1996 2690 2051 oblectatur
2730 1995 2959 2064 frivolis,
2996 2006 3051 2051 et
3091 1996 3273 2067 specie
3319 1996 3735 2053 simulacrorum

2142 2088 2371 2160 capitur,
2420 2104 2520 2144 nec
2564 2087 2863 2159 ponderare
2909 2102 3095 2143 secum
3148 2103 3582 2161 unamquamque
3615 2105 3735 2145 rem

2144 2191 2339 2254 potest,
2374 2192 2431 2237 ut
2464 2182 2727 2254 intelligat
2758 2182 2891 2238 nihil
2917 2182 3204 2238 colendum
3227 2197 3350 2239 esse
3402 2183 3545 2254 quod
3566 2185 3739 2239 oculis

2144 2274 2462 2331 mortalibus
2491 2276 2749 2342 cernitur,
2797 2275 2919 2346 quia
2975 2274 3203 2331 mortale
3253 2274 3324 2330 sit
3369 2291 3593 2332 necesse
3631 2286 3736 2333 est.

2142 2366 2254 2423 Nec
2283 2367 2587 2422 mirandum
2619 2370 2720 2433 est,
2750 2368 2796 2422 si
2841 2368 3006 2422 Deum
3048 2382 3156 2424 non
3201 2366 3439 2431 videant,
3488 2384 3610 2425 cum
3642 2366 3742 2440 ipsi

2144 2478 2212 2516 ne
2238 2461 2511 2516 hominem
2555 2461 2771 2534 quidem
2819 2461 3055 2527 videant,
3088 2476 3250 2533 quem
3295 2460 3482 2518 videre
3512 2476 3573 2519 se
3615 2477 3741 2519 cre-

2144 2553 2296 2610 dunt.
2349 2553 2466 2610 Hoc
2518 2553 2661 2609 enim
2710 2553 2853 2625 quod
2906 2552 3079 2609 oculis
3133 2554 3434 2625 subjectum
3481 2564 3585 2623 est,
3634 2570 3744 2611 non

1751 2693 2114 2752 VARIORUM
2149 2652 2381 2751 None.

508 2814 703 2870 Cicero.
732 2812 953 2870 Scilicet
982 2813 1036 2868 in
1080 2811 1295 2869 eximiis
1334 2808 1405 2867 de
1443 2809 1644 2866 Natura
1693 2807 1925 2864 deorum
1967 2807 2033 2862 li-
2064 2806 2111 2870 C
2221 2808 2327 2864 Sed
2369 2808 2611 2863 nimirum
2642 2806 2876 2863 Socratis
2922 2824 3179 2863 carcerem
3214 2809 3378 2864 times.
3413 2809 3511 2866 Hic
3532 2809 3748 2867 Cicero-

435 2884 569 2944 bris.

511 2980 597 3036 Ait
625 2991 792 3036 tamen
847 2995 948 3035 non
967 2995 1076 3034 esse
1109 2977 1221 3033 illa.
1279 2976 1369 3031 Ait
1398 2975 1450 3030 in
1483 2975 1623 3031 libro
1665 2973 1898 3044 quodam
1940 2973 2039 3029 de-

438 3053 669 3125 perdita.
705 3052 762 3107 In
789 3051 1158 3107 Ciceronianis
1186 3049 1330 3105 enim
1361 3047 1522 3103 hodie
1551 3062 1656 3100 non
1677 3056 1843 3101 extat.
1868 3046 2036 3101 Ceu.

515 3145 652 3214 Quid
679 3146 743 3199 de
770 3160 831 3200 eo
856 3144 1041 3213 facias.
1071 3142 1146 3198 Ita
1177 3141 1299 3212 lego
1313 3138 1791 3214 enminelioribns
1813 3148 1869 3194 et
1900 3138 2040 3214 anti-

439 3210 718 3284 qttioribns
772 3210 902 3271 mss.
951 3214 984 3269 6
1070 3215 1204 3285 Reg.
1223 3210 1255 3280 ,“
1297 3213 1332 3267 4
1378 3210 1531 3285 Colb.
1557 3251 1570 3275 ,
1601 3282 1611 3285 _
1646 3210 2038 3285 Lipsiensibus,

440 3281 629 3352 60th.,
657 3286 800 3347 Em..
833 3288 992 3342 Brun.
1020 3285 1077 3340 ln
1105 3281 1174 3341 8'
1197 3298 1330 3348 rec.,
1362 3292 1417 3338 et
1447 3283 1498 3336 in
1529 3282 1754 3353 vulgatis
1778 3292 1882 3353 est.
1906 3281 2043 3350 Quid

440 3364 488 3416 ei
511 3351 909 3432 faciest—Quit!
931 3359 1001 3432 _d_c
1019 3373 1078 3411 eo
1093 3356 1270 3432 facies.
1302 3355 1547 3432 Praestat,
1571 3351 1744 3432 inquit
1764 3351 2045 3432 Cell._vul-

440 3424 585 3503 gato,
600 3431 667 3485 ei.
686 3430 787 3503 Est
795 3432 841 3485 ei
862 3432 913 3484 in
928 3424 1102 3503 Lips,
1118 3428 1290 3503 Bon,
1307 3425 1538 3503 Reimm.
1554 3467 1568 3491 ,
1619 3425 1834 3503 Sublae.
1847 3466 1861 3490 ,
1882 3424 2038 3503 Ven.

440 3496 605 3568 547i,
639 3503 731 3567 97,
762 3501 941 3566 Rost.,
964 3496 1163 3567 P'aris.,
1196 3498 1438 3567 reliquis,
1469 3512 1567 3568 nec
1588 3508 1775 3551 contra
1803 3496 2040 3568 indolem

441 3574 551 3630 Cie.
584 3567 639 3630 et
668 3574 951 3628 Lactantii.
988 3571 1084 3627 Hic
1113 3571 1206 3627 lib.
1231 3586 1312 3633 ιιι,
1335 3584 1453 3639 cap.
1491 3567 1558 3623 18
1593 3585 1606 3622 :
1644 3568 1782 3635 Quid
1810 3567 2045 3624 Ciceroni

444 3645 730 3717 faciemus?
766 3645 910 3717 Cap.
934 3642 1048 3717 eo:
1083 3642 1219 3708 Quid
1276 3640 1588 3717 hisufaciﬁas,
1612 3640 1708 3717 qui
1749 3640 2044 3717 inconcessa

441 3710 664 3771 scrutari
693 3710 867 3770 volunt
891 3716 916 3768 ?
945 3714 1059 3769 Lib.
1091 3728 1148 3776 v,
1188 3728 1307 3783 cap.
1343 3711 1410 3765 12
1438 3730 1452 3766 :
1484 3710 1621 3783 Quid
1653 3711 1715 3765 iis
1745 3712 1929 3782 facias,
1957 3712 2044 3781 qni

434 3787 529 3858 jus
559 3797 754 3858 vocant
782 3786 1112 3858 carnificinas
1127 3782 1386 3858 ΡᾼίζίᾁςξιὈΔ
1410 3796 1510 3858 pro
1539 3782 1777 3852 Caecina,
1804 3798 1922 3852 cap.
1951 3782 2040 3850 11,

443 3854 527 3929 pr.
571 3857 708 3926 Quid
736 3857 855 3911 huic
885 3867 939 3910 tu
969 3856 1163 3910 homini
1190 3854 1390 3926 facias?
1408 3854 1689 3909 Bessum.

522 3951 671 4007 Ultro
697 3967 750 4006 se
787 3951 897 4021 ipse
918 3950 970 4002 in
1002 3948 1214 4021 lapides
1257 3948 1529 4021 impingat.
1561 3947 1727 4002 Recte
1754 3945 1862 4021 duo
1890 3944 2037 4021 Lips.

445 4022 577 4080 illud
600 4038 673 4086 se,
705 4017 867 4093 vulgo
894 4017 1224 4093 negleétum,
1254 4017 1625 4093 interponunt,
1658 4017 1799 4089 quod
1831 4018 2043 4074 indoles

444 4094 595 4152 verbi
622 4090 945 4166 imping'endi
974 4090 1227 4166 reposcit.
1258 4090 1536 4166 Βυιιειιλιι.

522 4158 714 4221 Oculos
741 4158 903 4220 er'uat.
938 4166 1011 4219 De
1032 4158 1175 4234 Opif.
1201 4178 1320 4231 cap.
1346 4164 1378 4217 8
1408 4160 1588 4216 Erutis
1621 4169 1669 4216 et
1693 4158 1893 4234 cll'ossis
1916 4176 2042 4215 ocu-

446 4239 529 4295 tis.
585 4239 815 4295 Probata
846 4229 1306 4292 locutiofSeneé.
1341 4248 1461 4302 cap.
1502 4234 1553 4287 7.
1595 4234 1752 4290 Suas.
1790 4229 2047 4287 Eruentur

2145 2896 2269 2937 nem
2308 2881 2545 2951 exagitat
2572 2879 2909 2946 Lactantius,
2939 2880 3083 2950 quod
3122 2882 3426 2948 veritatem,
3458 2899 3527 2939 ne
3558 2885 3748 2939 mortis

2181 2951 2443 3007 ericulnm
2490 2951 2681 3015 adiret,
2733 2952 2969 3006 uoluerit
3013 2951 3274 3007 Romanis
3301 2954 3597 3009 declarare.
3628 2954 3743 3010 Val.

2198 3040 2310 3089 ξιιμ,
2341 3022 2642 3095 Xenophon
2669 3032 2725 3078 et
2748 3024 3012 3095 Diogenes
3033 3023 3279 3079 Laertius
3300 3024 3564 3089 referunt,
3589 3043 3747 3095 quam

2146 3095 2271 3150 forti
2310 3096 2493 3150 animo
2542 3094 2798 3150 Socrates
2848 3094 2915 3148 ab
2969 3095 3390 3150 Atheniensibus
3441 3094 3747 3164 damnatus,

2148 3167 2419 3235 potionem
2474 3166 2727 3238 veneni‘e
2758 3164 3220 3238 manuicarnilieis
3272 3169 3564 3238 acceperit.
3599 3168 3751 3226 llanc

2146 3238 2427 3293 historiam
2464 3236 2633 3292 refert
2661 3236 2815 3293 Plato
2839 3238 2893 3291 in
2923 3236 3111 3293 Phaid.

2220 3330 2287 3385 Et
2315 3341 2424 3385 erat
2463 3330 2666 3403 quidem
2711 3331 2870 3403 multo
2902 3331 3186 3400 pulchrius.
3221 3332 3314 3387 Sic
3339 3332 3621 3403 legendum
3669 3345 3751 3392 est

2145 3417 2212 3457 ex
2235 3401 2673 3475 antiqnoeodiee
2721 3401 2932 3475 Bonan.
2971 3418 3092 3459 cum
3130 3418 3238 3474 quo
3267 3404 3301 3458 6
3330 3401 3483 3475 Reg,
3509 3408 3540 3460 6
3569 3406 3749 3475 Colb.,

2144 3474 2382 3544 quinque
2437 3473 2700 3539 Vaticani,
2760 3472 2795 3526 2
2835 3471 3071 3529 Clarum.
3105 3471 3163 3530 et
3198 3474 3365 3530 Brttn.
3397 3471 3749 3533 concordant.

2146 3545 2214 3600 Et
2262 3560 2393 3600 sane
2439 3545 2540 3600 nisi
2568 3544 2911 3616 copulavilla,
2964 3554 3039 3609 et,
3087 3546 3333 3612 addatur,
3384 3549 3527 3603 nulla
3578 3558 3756 3616 potest

2145 3626 2400 3673 constare
2444 3618 2733 3673 sententia.
2767 3615 3098 3673 Tnoussws.
3125 3647 3196 3658 -—
3230 3617 3321 3673 Sic
3347 3620 3509 3673 etiam
3554 3615 3757 3676 habent

2144 3686 2336 3763 Cauc.,
2365 3687 2715 3763 Lips.,APal.,
2748 3687 2884 3763 Jun.
2906 3688 2999 3763 Sic
3032 3688 3285 3763 legit_ls.,
3312 3688 3591 3763 fl‘ltysiana
3629 3693 3753 3746 edi-

2148 3762 2243 3826 tio,
2276 3760 2641 3885 ehantliqniss.
2668 3775 2756 3814 an.
2790 3759 2953 3828 1490,
2988 3770 3044 3815 ut
3080 3759 3134 3817 et
3171 3759 3509 3819 Betuleiana.
3573 3763 3631 3817 ln
3685 3764 3755 3818 12

2148 3846 2278 3885 mss.
2353 3846 2442 3885 ees
2494 3848 2579 3885 aut
2620 3847 2721 3884 em.

2145 3846 2278 3886 mss.
2313 3846 2467 3886 aeeSt
2494 3846 2721 3901 quidem.

2217 3921 2551 4007 Philippicas:
2580 3922 2866 4007 Noyemnin
2904 3922 3319 4007 M.‘Antoni.um
3376 3923 3571 4007 Cicero
3614 3929 3757 4007 seri-

2146 4003 2330 4067 pserat
2357 3995 2680 4067 invectivas,’
2703 3995 2918 4067 quibus,
2942 3995 3009 4067 ad
3040 3997 3397 4053 imitationem
3431 3999 3757 4055 Demosthe-

2147 4065 2251 4133 nis,
2288 4065 2706 4137 Philippicarum
2730 4066 2942 4122 titulum
2970 4066 3119 4123 feeit.
3153 4068 3331 4133 Atque
3366 4068 3451 4123 ha:
3477 4072 3758 4126 orationes

2146 4140 2200 4210 in
2223 4152 2394 4210 causa
2428 4137 2667 4205 fuerunt,
2694 4153 2792 4193 cur
2830 4138 2901 4195 ab
2931 4140 3179 4210 Augusto
3217 4141 3491 4197 Antonius
3521 4151 3755 4198 mortem

2153 4208 2431 4265 Ciceronis
2453 4210 2784 4265 exoraverit.

446 4290 1090 4365 oculi'tu'ijFititts'Sen.
1122 4307 1191 4363 de
1232 4290 1449 4361 Provid.
1503 4305 1556 4362 5.
1612 4303 1811 4361 Justin.
1862 4304 1955 4359 lib.
1992 4319 2043 4357 v.
2071 4290 2127 4352 D
2224 4303 2511 4359 Revocatat.
2546 4303 2636 4361 Sic
2658 4303 2880 4360 omnino
2910 4314 3058 4361 recte
3090 4319 3232 4359 mss.
3263 4314 3319 4360 et
3348 4303 3757 4372 Parrh.,'~Ald.,

445 4396 566 4453 cap.
599 4381 652 4436 8.
683 4380 961 4436 Bonnam.

521 4473 760 4528 Prudens
790 4482 835 4528 et
864 4473 1030 4528 sciens
1062 4470 1455 4544 pedemilaqueo
1477 4469 1676 4544 inserit.
1695 4468 1850 4544 __Ven.
1884 4467 2046 4523 H97.

448 4545 667 4611 vitiose,
699 4546 926 4614 prudens
952 4553 1000 4598 et
1025 4541 1208 4599 sciens.
1246 4542 1367 4596 Pari
1397 4542 1664 4612 elegantia
1695 4541 1893 4614 lib._vt,
1925 4554 2046 4614 cap.

454 4617 524 4672 12
555 4635 568 4671 :
606 4610 842 4670 Prudens
867 4631 928 4669 ac
957 4615 1121 4668 sciens
1166 4614 1220 4666 in
1257 4614 1351 4667 hos
1376 4629 1428 4666 se
1470 4610 1681 4683 laqueos
1712 4610 1898 4665 induit.
1931 4610 2047 4683 Cie.

450 4703 550 4760 pro
582 4686 838 4760 Marcello
865 4685 900 4742 5
925 4702 942 4760 :_
971 4683 1040 4740 Ut
1075 4684 1300 4760 prudens
1329 4694 1376 4738 et
1406 4680 1570 4760 sciens
1586 4694 1849 4760 tamquam
1875 4680 1944 4734 ad
1970 4681 2052 4735 in-

452 4753 657 4814 ieritum
685 4756 1047 4812 voluntarium.
1076 4753 1184 4811 'Ubi
1217 4753 1487 4808 Abramus
1515 4755 1685 4823 plura.
1706 4754 1984 4808 Bunsuan.

535 4828 677 4885 Vires
706 4844 962 4884 exerceas.
999 4826 1161 4882 Goth.
1191 4824 1428 4879 Reimtn.
1469 4838 1593 4879 cum
1624 4823 1843 4878 Snblac.
1893 4824 2047 4878 Rost.

452 4901 589 4958 Ven.
624 4901 786 4967 “7|,
814 4898 903 4963 72,
935 4908 1163 4968 utraque
1189 4894 1277 4957 78,
1296 4903 1351 4949 et
1381 4894 1627 4968 reliquis,
1652 4910 1848 4968 exeras,
1869 4894 1921 4949 id
1945 4904 2048 4964 est,

452 4990 679 5039 exseras,
713 4965 780 5028 ut
819 4970 1025 5027 Arnob.
1061 4965 1156 5023 lib.
1206 4983 1246 5029 ι.
1284 4982 1406 5039 pag.
1433 4967 1493 5021 11
1529 4985 1541 5020 :
1574 4965 1853 5021 lntestinas
1903 4982 2051 5021 exse-

453 5055 571 5101 rant
621 5044 1053 5115 experiamurque
1103 5039 1332 5115 virtutes.
1364 5038 1481 5115 _At_
1508 5047 1747 5115 prastat,
1792 5053 2047 5115 exerceas,

454 5117 598 5186 quod
650 5106 863 5189 quoque
898 5106 1191 5189 express'tt_
1218 5108 1307 5189 ed;
1364 5106 1533 5189 Paris.
1587 5109 1748 5165 1515.
1792 5106 1879 5189 _lta
1910 5108 2055 5163 solet

456 5179 642 5243 noster
667 5179 791 5244 'lib.
818 5200 901 5254 ιιι,
944 5179 1065 5257 cap.
1124 5181 1194 5238 l6
1228 5179 1561 5257 asapientia,
1610 5196 1708 5251 quo
1740 5180 1860 5257 sint
1906 5195 2053 5234 suam

458 5268 749 5322 exerceat;
792 5251 895 5313 lib.
917 5251 1025 5325 vn,
1063 5269 1183 5326 cap.
1229 5254 1265 5309 4
1294 5269 1307 5306 :
1340 5252 1460 5309 Vim
1496 5267 1603 5307 sua:
1653 5251 1867 5307 rationis
1892 5266 2052 5307 exer-

460 5341 600 5384 eeat.
626 5328 903 5384 Bessum.

535 5396 620 5454 Ne
642 5409 691 5454 te
710 5402 764 5454 in
787 5411 890 5454 tam
920 5400 1053 5455 bona
1084 5414 1243 5454 causa
1269 5396 1476 5466 deﬁciat
1503 5395 1689 5450 oratio.
1720 5394 1943 5466 Locutio
1967 5392 2055 5449 Ci-

460 5471 772 5537 ceroniana,
825 5485 946 5538 qua:
987 5480 1069 5526 est
1124 5470 1450 5538 optimorum
1506 5481 1639 5523 mss.
1685 5475 1740 5522 et
1785 5465 2054 5538 editorum

460 5485 772 5537 cerontana,
866 5486 946 5526 “18
987 5485 1069 5526 ES!
1124 5485 1450 5538 optimorum
1506 5485 1639 5523 IlISS.
1685 5485 1740 5522 Cl
1785 5485 2054 5521 euttorutn

459 5542 783 5682 ἰξέιιζιέιῗξῶιιι.
825 5485 1032 5613 ἓοιὶριί
1061 5541 1116 5598 8.
1144 5555 1258 5629 rec.
1305 5549 1362 5596 et
1399 5540 1637 5612 quinque
1675 5537 1923 5611 impressi
1955 5537 2054 5593 ha-

499 5624 594 5673 ent
618 5624 726 5671 (ibi.
1182 5626 1187 5629 '

2153 4376 2300 4448 grat.
2323 4418 2338 4441 ,
2383 4376 2607 4448 Gymn.,
2638 4375 2871 4447 Grypb.,
2903 4376 3106 4448 Betnl.,
3150 4376 3342 4445 prima:
3373 4376 3757 4443 Tornesianm,

2153 4446 2480 4503 Thomasius
2509 4457 2565 4502 et
2594 4446 2907 4518 sequentes,
2939 4459 2995 4501 ut
3024 4446 3365 4514 cohaereant,
3397 4448 3755 4502 discussus....

2154 4527 2276 4574 et...
2300 4529 2563 4575 reuocatas.
2592 4519 2874 4589 Eleganter
2924 4532 3053 4573 vero
3095 4518 3300 4573 dictum
3345 4529 3537 4574 mentes
3576 4518 3645 4572 ad
3670 4536 3757 4573 sa-

2154 4590 2365 4645 nitatem
2414 4600 2685 4652 reuocattc,
2720 4589 2771 4643 id
2815 4599 2918 4654 est,
2963 4589 3203 4655 saniora,
3250 4591 3482 4645 rectiora
3509 4590 3759 4645 consilia.

2154 4659 2245 4716 Sic
2290 4661 2499 4716 Hirtius
2524 4661 2584 4715 Β.
2616 4658 2772 4716 Alex.
2817 4675 2938 4732 cap.
2968 4658 3041 4714 24
3066 4678 3079 4714 ;
3106 4658 3249 4715 Cives
3278 4661 3348 4715 ad
3369 4662 3644 4717 sanitatem
3682 4677 3764 4716 re-

2153 4747 2351 4787 vocare.
2384 4733 2670 4788 BUNEIAN.

2231 4822 2344 4879 Hoc
2392 4824 2524 4877 enim
2564 4823 2700 4895 quod
2738 4822 2899 4879 oculis
2927 4824 3209 4895 subjectum
3239 4831 3334 4888 est,
3376 4833 3481 4878 etc.
3513 4822 3613 4879 llic
3637 4825 3763 4879 Pla-

2154 4903 2335 4951 tonem
2369 4895 2612 4964 sequitur
2640 4895 2986 4951 Lactantius:
3019 4896 3172 4950 Plato
3202 4895 3492 4966 siquidem,
3523 4897 3575 4949 in
3614 4896 3765 4951 Alci-

2152 4966 2572 5037 biadehominis
2619 4969 2910 5022 essentiam
2952 4970 3130 5037 posuit
3181 4966 3232 5020 in
3281 4968 3459 5020 anima
3515 4968 3759 5022 intellec-

2156 5042 2281 5093 tiva.
2312 5035 2566 5092 Attamen
2596 5052 2792 5108 corpus
2823 5053 2933 5092 non
2955 5035 3039 5092 est
3068 5048 3271 5091 tantum
3313 5038 3761 5102 instrumentum;

2153 5123 2343 5164 verum
2387 5118 2471 5164 est
2514 5109 2583 5164 de
2638 5109 2876 5164 essentia
2922 5110 3088 5179 ipsius
3119 5108 3377 5173 hominis,
3419 5110 3509 5178 qui
3553 5108 3766 5166 duabus

2154 5189 2369 5236 constat
2397 5181 2659 5250 partibus,
2701 5195 2929 5249 corpore
2959 5181 3169 5235 scilicet
3192 5191 3356 5250 atque
3394 5182 3573 5233 anima
3602 5183 3764 5238 intel-

2154 5251 2345 5322 lectiva
2378 5249 2517 5306 {sed
2548 5251 2860 5307 Lactantius
2884 5249 3374 5322 denominationem
3406 5251 3533 5305 facit
3582 5266 3611 5305 a
3668 5268 3768 5322 po-

2154 5319 2280 5378 tiori
2328 5330 2383 5376 et
2425 5322 2654 5393 digniori
2706 5333 2884 5392 parte;
2926 5321 3104 5376 anima
3143 5324 3289 5377 enim
3342 5332 3421 5377 est
3484 5319 3766 5391 potissima

2156 5409 2282 5465 pars
2333 5393 2587 5460 hominis,
2618 5403 2674 5450 et
2722 5409 2785 5449 ex
2822 5393 2911 5448 illa
2943 5395 3158 5448 elucent
3202 5394 3485 5465 praicipua:
3532 5393 3770 5465 hominis

2155 5464 2465 5537 dignitates.
2503 5465 2603 5534 Qui
2633 5465 2786 5537 plura
2822 5468 2992 5537 volet,
3025 5465 3273 5537 consulat
3296 5464 3486 5519 lsamm
3529 5464 3581 5518 in
3622 5467 3771 5521 notis

2157 5535 2606 5619 ad'Lactantium.
2632 5535 2743 5594 llas
2782 5536 3085 5592 addidimus
3114 5536 3183 5593 ad
3214 5536 3373 5592 tinem
3415 5537 3573 5607 hujus
3604 5537 3769 5594 volua

2159 5622 2340 5666 mtnts.
