4174 6200
542 267 646 323 267

1609 257 1796 315 FIRM.
1836 254 2201 315 LACTANTII
2238 255 2444 313 DlVlN.
2474 255 2718 315 INSTIT.

3733 251 3842 310 268

535 394 604 433 an
632 391 728 434 eos
748 374 840 446 qui
865 374 1086 429 nullam.
1114 370 1220 427 Sed
1252 370 1343 442 (ut
1361 367 1511 439 dixi)
1536 368 1694 425 venia
1715 369 1937 428 concedi
1958 376 2136 442 potest
2159 370 2215 430 A
2239 384 2508 426 summum
2558 370 2655 426 fuit
2697 368 2948 425 humana:
2990 365 3271 438 sapientia
3318 365 3553 422 assecuti
3591 374 3751 434 sunt,
3782 376 3845 425 ut

541 466 825 537 imperitis,
854 472 909 520 et
941 462 1030 533 qui
1063 475 1124 518 se
1149 460 1423 532 sapientes
1471 473 1579 516 non
1601 474 1723 517 esse
1742 459 2143 518 fateanturzhis

550 576 678 615 vero
709 573 813 614 non
846 564 1024 628 potest
1047 556 1137 626 qui
1161 596 1176 620 ,
1210 554 1526 626 sapientiam
1565 552 1827 625 professi,
1859 554 2142 611 stultitiam

549 650 724 722 potius
749 647 1036 704 exhibent.
1063 646 1181 703 Non
1229 661 1349 703 sum
1380 645 1628 717 equidem
1659 655 1766 702 tam
1813 644 2057 718 iniquus,
2084 655 2145 703 ut

546 760 642 802 eos
669 753 850 816 putem
874 742 1117 799 divinare
1138 741 1379 814 potuisse
1395 784 1411 809 ,
1438 748 1496 796 ut
1520 740 1801 797 veritatem
1820 755 1916 810 per
1935 740 2143 811 seipsos

546 840 888 907 invenirent;
914 836 1060 910 quod
1089 837 1207 893 fieri
1235 850 1337 907 ego
1387 849 1495 891 non
1538 849 1698 904 posse
1721 832 2004 891 confiteor.
2032 833 2142 890 Sed

542 932 647 987 hoc
671 932 739 988 ab
769 930 852 986 his
883 930 1057 1001 exigo,
1107 927 1248 999 quod
1280 927 1495 982 ratione
1523 926 1640 997 ipsa
1661 934 1923 998 praestare
1954 937 2144 996 potue-

544 1031 688 1081 runt.
730 1021 997 1078 Faeerent
1047 1020 1189 1076 enim
1212 1018 1573 1091 prudentius.|
1596 1019 1644 1075 si
1678 1029 1733 1073 et
1783 1017 2145 1088 intelligerent

543 1135 664 1178 esse
684 1119 917 1191 aliquam
945 1131 1131 1174 veram
1151 1114 1496 1187 religionem,
1527 1124 1583 1171 et
1614 1113 1765 1171 falsis
1791 1112 2141 1184 impugnatis,

541 1222 727 1287 aperte
766 1210 1201 1285 pronuntiarent,
1232 1224 1525 1280 eam,quae
1553 1224 1682 1266 vera
1724 1217 1899 1276 esset,
1947 1207 2017 1264 ab
2046 1206 2142 1265 ho-

542 1307 775 1364 minibus
800 1321 909 1362 non
936 1304 1130 1361 teneri.

614 1398 722 1456 Sed
769 1396 1000 1453 moverit
1025 1409 1121 1451 eos
1148 1394 1378 1451 fortasse
1407 1392 1576 1461 illud,
1603 1392 1747 1466 quod
1791 1392 1838 1449 si
1864 1406 1970 1464 qua
2012 1405 2141 1448 vera

539 1498 683 1548 esset
719 1488 908 1561 religio
929 1529 946 1557 ,
975 1493 1223 1544 exereret
1246 1501 1306 1543 se
1333 1500 1399 1542 ac
1424 1484 1762 1555 vindicaret,
1794 1498 1898 1541 nec
1923 1492 2140 1554 patere-

538 1591 626 1639 tur
649 1596 772 1639 esse
813 1579 959 1636 aliud
998 1578 1313 1652 quidquam.
1341 1576 1541 1634 Videre
1584 1577 1731 1633 enim
1775 1575 1928 1633 nullo
1976 1574 2140 1631 modo

536 1681 803 1748 poterant,
835 1686 1024 1745 quare,
1039 1679 1134 1726 aut
1152 1684 1181 1725 a
1208 1685 1337 1741 quo,
1369 1678 1424 1725 et
1448 1668 1902 1739 quemadmodum
1929 1666 2140 1741 Religio

2241 462 2606 535 intelligerent
2634 460 2764 533 quid
2789 475 2900 518 non
2920 458 2992 516 sit
3021 475 3036 514 :
3067 457 3198 515 illud
3216 458 3432 531 assequi
3459 459 3843 531 nequiverunt,

2243 562 2301 609 ut
2327 552 2572 611 dicerent
2598 552 2726 625 quid
2773 552 2863 609 sit.
2891 550 3027 608 Nota
3056 549 3334 607 Ciceronis
3376 565 3485 607 vox
3523 559 3609 608 est
3653 551 3844 624 (Lib.t'

2244 645 2309 703 de
2361 646 2566 703 Natura
2593 644 2883 719 deorum):
2916 663 2936 699 ι
2976 644 3189 701 Utinam
3222 653 3332 700 tam
3383 642 3542 702 facile
3584 660 3711 702 vera
3760 647 3845 704 in-

2242 742 2429 819 venire
2476 756 2714 813 possem,
2742 754 2905 813 quam
2938 737 3072 795 falsa
3099 736 3443 794 convincere.
3486 757 3505 791 ι
3531 737 3687 809 Quod
3716 740 3846 812 quia

2244 833 2387 890 vires
2415 833 2664 890 humanae
2691 831 3017 889 conditionis
3045 830 3277 899 excedit,
3302 831 3419 901 ejus
3462 829 3629 887 ofﬁcii
3671 830 3846 888 facul-

2244 935 2326 983 tas
2353 925 2509 982 nobis
2533 934 2616 982 est
2656 926 2933 994 attributa,
2972 924 3169 996 quibus
3204 921 3426 979 tradidit
3469 921 3613 980 Deus
3665 925 3845 981 scien-

2245 1020 2372 1075 tiam
2417 1017 2695 1085 veritatis;
2746 1017 2833 1073 cui
2883 1014 3216 1089 explicanda:
3236 1024 3468 1086 quatuor
3510 1017 3844 1086 posteriores

2243 1112 2366 1168 libri
2407 1111 2664 1170 servient.
2691 1111 2842 1169 Nunc
2886 1112 3103 1168 interim
3132 1110 3288 1179 falsa,
3319 1119 3379 1168 ut
3426 1111 3716 1184 coepimus,
3746 1111 3844 1171 de-

2246 1215 2507 1278 tegamus.

2841 1295 3091 1355 CAPUT.
3144 1296 3235 1354 IV.

2244 1390 2322 1447 De
2360 1390 2688 1460 Simulacris,
2727 1391 3138 1463 ornamentisque
3194 1390 3535 1461 templorum,
3582 1401 3634 1449 et
3667 1408 3844 1450 eorum

2512 1493 2824 1557 contemptu,
2847 1485 3002 1541 etiam
3021 1484 3086 1539 ab
3106 1483 3234 1555 ipsis
3247 1482 3551 1542 Gentilibus.

2313 1578 2454 1648 Quid
2479 1578 2642 1651 igitur
2668 1579 2967 1651 maiestatis
3011 1586 3239 1650 possunt
3282 1577 3485 1637 habere
3524 1580 3841 1651 simulacra,

2243 1687 2363 1743 quae
2396 1670 2615 1728 fuerunt
2674 1671 2730 1727 in
2769 1668 3088 1727 homunculi
3146 1678 3437 1743 potestate,
3480 1671 3567 1727 vel
3610 1680 3670 1728 ut
3694 1670 3843 1728 aliud

538 1782 665 1824 vera
720 1764 1149 1837 opprimeretur;
1179 1761 1323 1834 quod
1350 1770 1435 1818 est
1474 1761 1642 1818 divini
1687 1761 2036 1829 sacramenti,
2085 1760 2221 1821 etB
2249 1765 2458 1832 ﬁerent,
2491 1764 2578 1820 vel
2624 1772 2684 1820 ut
2725 1764 2947 1821 omnino
3004 1779 3111 1821 non
3162 1763 3392 1821 fierent?
3433 1761 3643 1822 Idcirco
3699 1765 3845 1837 apud

540 1858 778 1917 ctelestis
808 1855 1012 1913 arcani.
1043 1854 1101 1911 Id
1125 1870 1283 1922 vero,
1313 1854 1414 1910 nisi
1440 1854 1728 1923 doceatur,
1774 1854 1970 1926 aliquis
1998 1853 2141 1911 scire

530 1952 679 2007 nullo
706 1959 862 2020 pacto
895 1955 1091 2020 potest.
1136 1946 1359 2002 Summa
1407 1946 1487 2002 rei
1510 1945 1626 2002 haec
1655 1954 1740 2003 est
1769 1964 1782 2000 :
1812 1945 2049 2018 imperiti
2085 1955 2142 2003 et

535 2042 852 2112 insipientes
896 2038 1060 2095 falsas
1089 2037 1381 2110 religiones
1411 2052 1509 2108 pro
1544 2044 1687 2094 veris
1728 2037 1969 2108 habent,
2015 2038 2141 2109 quia

537 2149 713 2203 neque
743 2146 925 2187 veram
958 2130 1159 2198 sciunt,
1194 2145 1371 2200 neque
1414 2129 1604 2185 falsam
1650 2129 1972 2203 intelligunt.
2005 2131 2140 2186 Pru-

532 2224 807 2280 dentiores
833 2237 984 2292 vero,
1015 2223 1140 2292 quia
1166 2237 1348 2277 veram
1376 2222 1625 2277 nesciunt
1650 2263 1666 2288 ,
1697 2233 1790 2278 aut
1817 2225 1868 2278 in
1892 2223 1976 2289 iis,
2006 2238 2140 2295 quas

532 2316 697 2373 falsas
723 2331 846 2373 esse
897 2314 1236 2386 intelligunt,
1290 2324 1671 2385 perseverant,
1712 2326 1773 2371 ut
1818 2316 2138 2388 aliquidgte-

531 2425 662 2467 nere
692 2410 997 2475 videantur,
1027 2417 1118 2463 aut
1137 2409 1358 2465 omnino
1384 2408 1515 2464 nihil
1540 2409 1750 2478 colunt,
1783 2425 1854 2467 ne
1892 2410 2138 2468 incidant

535 2504 590 2561 in
623 2518 886 2568 errorem,
910 2517 1032 2558 cum
1077 2501 1131 2558 id
1161 2503 1333 2571 ipsum
1363 2502 1591 2557 maximi
1628 2502 1697 2558 sit
1719 2504 1921 2559 erroris
1971 2504 2135 2560 vitam

528 2595 793 2669 pecudum
820 2596 919 2651 sub
949 2595 1116 2666 figura
1146 2594 1383 2651 hominis
1410 2596 1864 2654 imitari.Falsum
1892 2614 2021 2655 vero
2048 2600 2134 2655 in-

530 2689 793 2760 telligere,
826 2697 910 2743 est
939 2687 1156 2758 quidem
1187 2687 1485 2758 sapientiae,
1537 2688 1634 2744 sed
1679 2688 1951 2745 humanm.
1981 2689 2135 2748 Ultra

530 2782 674 2840 hunc
702 2782 928 2854 gradum
956 2780 1177 2853 procedi
1204 2781 1273 2836 ab
1300 2780 1522 2838 homine
1564 2797 1672 2838 non
1701 2794 1915 2854 potest;
1950 2786 2132 2857 itaque

529 2873 683 2930 multi
704 2872 1151 2945 philosophorum
1198 2871 1490 2943 religiones
1519 2873 1612 2944 (ut
1641 2872 1836 2946 docui)
1893 2874 2132 2933 sustule-

522 2974 652 3021 runt
682 2982 698 3021 :
726 2980 919 3021 verum
947 2974 1127 3021 autem
1156 2963 1298 3020 scire
1345 2964 1543 3021 divinas
1564 2975 1650 3021 est
1686 2968 1983 3035 sapientiae.
2018 2968 2129 3025 lio-

522 3074 614 3116 mo
639 3068 818 3114 autem
852 3073 949 3129 per
973 3057 1211 3128 seipsum
1241 3057 1526 3128 pervenire
1552 3059 1621 3115 ad
1667 3059 1809 3116 hanc
1837 3062 2119 3119 scientiam

2243 1861 2521 1918 Horatium
2555 1859 2777 1931 Priapus
2816 1860 2889 1915 ita
2914 1859 3180 1932 loquitur:

2366 1950 2495 2016 Qlim
2513 1958 2723 2016 truncus
2741 1964 2877 2002 eram
2899 1950 3126 2016 ficulnus,
3148 1951 3324 2016 inutile
3346 1950 3564 2016 lignum;

2363 2014 2485 2088 Qum
2499 2014 2639 2088 faber
2663 2014 3169 2088 incertum-scamnum
3188 2014 3445 2088 faceretne
3464 2015 3718 2088 Priapum,

2364 2077 2536 2142 Maluit
2563 2090 2675 2142 esse
2698 2079 2868 2142 deum.
2894 2077 3032 2128 Deus
3047 2077 3162 2128 inde
3187 2090 3305 2142 ego,
3327 2077 3490 2128 furum
3514 2077 3779 2142 aviumque

2365 2139 2578 2192 Maxima
2600 2140 2826 2191 formido.

2240 2225 2370 2294 Quis
2398 2240 2504 2280 non
2532 2224 2601 2279 sit
2629 2232 2778 2278 tanto
2810 2223 2913 2279 hoc
2934 2221 3161 2279 custode
3188 2223 3455 2280 securus?
3480 2222 3655 2280 Fures
3680 2225 3833 2281 enim

2242 2329 2350 2375 tam
2370 2318 2522 2376 stulti
2543 2325 2691 2386 sunt,
2719 2326 2778 2374 ut
2814 2316 2991 2388 Priapi
3035 2316 3355 2388 tentiginem
3390 2316 3651 2385 timeant;
3701 2332 3832 2374 cum

2239 2427 2369 2469 aves
2396 2413 2548 2484 ipsae,
2578 2424 2712 2483 quas
2734 2420 2943 2467 terrore
2967 2408 3121 2466 falcis
3142 2417 3236 2466 aut
3260 2408 3496 2481 inguinis
3526 2410 3671 2483 abigi
3698 2412 3846 2468 exis-

2240 2506 2465 2572 timant,
2525 2503 2830 2561 simulacris
2881 2502 3228 2570 fabrefactis,
3282 2502 3337 2559 id
3377 2512 3501 2573 est,
3557 2505 3843 2564 hominum

2236 2598 2398 2668 plane
2425 2594 2710 2663 similibus,
2746 2595 3001 2660 insidant,
3033 2594 3333 2662 nidificent,
3370 2595 3676 2666 inquinent.
3719 2595 3831 2653 Sed

2235 2690 2477 2755 Flaccus,
2521 2697 2581 2745 ut
2609 2687 2833 2759 satyrici
2860 2688 3120 2744 carminis
3149 2688 3404 2758 scriptor,
3434 2688 3627 2745 derisit
3657 2689 3839 2745 homi-

2236 2799 2363 2840 num
2390 2782 2700 2838 vanitatem.
2732 2779 2934 2835 Verum
2974 2779 3012 2835 ii
3049 2780 3142 2850 qui
3184 2779 3409 2847 faciunt,
3440 2781 3641 2837 seriam
3663 2796 3725 2838 se
3752 2779 3840 2837 fa-

2232 2890 2361 2933 cere
2398 2889 2514 2931 rem
2542 2874 2848 2945 Opinantur.
2880 2871 3124 2942 Denique
3161 2881 3316 2942 poeta
3347 2872 3635 2943 maximus,
3663 2872 3832 2930 homo

2231 2969 2287 3024 in
2306 2966 2519 3024 caeteris
2545 2965 2802 3037 prudens,
2836 2965 2887 3019 in
2922 2964 3026 3020 hoc
3048 2964 3168 3022 solo
3193 2980 3303 3021 non
3331 2966 3564 3037 poetice,
3591 2966 3691 3025 sed
3711 2968 3832 3024 ani-

2234 3063 2357 3119 liter
2410 3060 2684 3132 desipuit;
2728 3074 2853 3115 cum
2910 3058 2962 3114 in
3006 3058 3113 3115 illis
3159 3059 3622 3118 emendatissimis
3676 3061 3834 3121 libris

520 3169 629 3210 non
654 3161 851 3225 potest,
885 3151 989 3207 nisi
1019 3151 1280 3209 doceatur
1305 3166 1337 3207 a
1368 3151 1499 3208 Deo.
1540 3151 1616 3209 Ita
1643 3153 1950 3229 pltilOSOphi
1980 3155 2127 3229 quod
2149 3146 2196 3211 C
2229 3156 2392 3214 etiam
2416 3156 2533 3213 fieri
2575 3154 2678 3211 hoc
2700 3153 2893 3226 jubet:

1901 3292 2260 3361 VARIORUM
2297 3293 2525 3352 NOTAE.

516 3432 651 3489 odor
673 3431 762 3487 ille
780 3427 1043 3500 sapientia:
1065 3425 1411 3500 Atam_suavis,
1463 3436 1569 3481 tam
1596 3426 1862 3499 jucundus
1889 3427 2122 3499 afﬂaret,

522 3505 667 3559 nullo
708 3496 859 3557 modo
886 3498 1152 3555 senserint.
1194 3496 1478 3553 BUNEIAN.

594 3574 814 3631 ϐοηθεάὶ
840 3580 1023 3645 potest.
1070 3570 1158 3645 Ita
1191 3570 1530 3645 reposuimus
1561 3585 1627 3645 e_x
1669 3572 1920 3645 omnibus
1958 3588 2129 3645 prope

524 3663 651 3703 mss.
697 3656 749 3701 et
774 3638 1047 3700 nonnullis
1076 3638 1269 3697 editis;
1298 3638 1495 3697 Cccteri
1520 3642 1719 3714 vulgati
1750 3653 1805 3699 et
1845 3638 2118 3702 duo'ms‘s.

521 3734 630 3775 rec.
643 3760 656 3784 ,
686 3726 874 3787 posset.

596 3810 663 3864 Et
687 3809 776 3880 qui
804 3823 857 3863 se
868 3806 1134 3880 sapientes
1159 3820 1261 3880 non
1268 3809 1696 3880 esse-fateantur.
1727 3807 1817 3880 Sic
1838 3807 2120 3879 legendum

520 3897 587 3937 ex
610 3874 838 3950 utroque
865 3874 1216 3950 Bononiensi,
1266 3874 1472 3950 Regiis,
1514 3877 1706 3950 (lane,
1748 3874 1915 3950 Tum:
1940 3880 2114 3950 Lips.,

522 3952 636 4006 Pal.
667 3959 721 4005 et
747 3945 907 4005 editis
950 3948 1095 4011 1:33.,
1141 3945 1335 4018 Thys.,
1355 3945 1523 4015 Gall.,
1554 3947 1774 4018 Spark.,
1803 3945 2027 4016 Cellae,
2054 3945 2119 4006 ac

519 4022 731 4092 negatio
782 4017 1027 4092 ponenda
1061 4027 1145 4073 est
1164 4017 1291 4092 ante
1319 4034 1451 4085 esse,
1503 4017 1609 4073 non
1632 4020 1951 4092 immediate
1995 4031 2122 4079 ante

520 4088 799 4167 fatigantur,
816 4091 952 4145 sicut
970 4089 1025 4145 in
1055 4088 1325 4144 nonnullis
1347 4105 1477 4146 mss.
1507 4099 1562 4145 et
1582 4089 1760 4146 editis.

591 4182 845 4239 Potuisse.
865 4180 943 4236 Ita
974 4179 1183 4235 restitui
1206 4194 1274 4251 ex
1298 4183 1507 4237 cunctis
1526 4197 1664 4251 pene
1691 4196 1821 4239 mss.
1846 4194 1901 4241 et
1928 4187 2123 4242 veteri-

515 4255 617 4312 bus
643 4254 802 4380 ediitgs
820 4254 958 4336 bene
976 4251 1178 4307 multis.
1204 4250 1265 4306 ln
1292 4252 1323 4306 7
1351 4250 1568 4324 scriptis
1599 4254 1934 4327 totidemque
1959 4257 2119 4314 editis

518 4341 656 4383 rec..
725 4343 749 4378 e
787 4340 942 4379 uisse.

618 4368 631 4382 ι
642 4366 656 4391 ’
688 4364 778 4380 νυν
787 4364 942 4379 wo'vvo

587 4398 827 4451 Ratione.
859 4392 1375 4481 ldemnet’i‘a‘m’docet
1392 4394 1664 4466 Apostol.,
1695 4398 1865 4470 Epist.
1902 4398 1971 4455 ad
1998 4399 2107 4456 Ro-
2134 4420 2192 4481 Β

517 4484 688 4531 man.,
716 4483 767 4522 c.
800 4484 839 4527 ι,
874 4483 925 4520 v.
960 4466 1050 4532 19,
1077 4465 1171 4531 20,
1201 4466 1293 4531 2!,
1324 4474 1432 4522 etc.

590 4539 716 4593 Esse
742 4538 967 4613 aliquant
996 4554 1168 4592 veram
1208 4538 1523 4613 religionem.
1563 4538 1750 4613 veram
1778 4543 1997 4613 reposui
2044 4558 2111 4600 ex

515 4609 745 4682 finies:
777 4608 1370 4682 veteribusqueeditis,
1397 4611 1571 4666 tribus
1599 4608 1880 4682 Romanis,
1911 4613 2107 4673 Venet.

519 4679 682 4745 M90,
713 4678 911 4743 Betul.,
932 4679 1119 4747 'l‘orn.,
1141 4679 1448 4756 _Soubron.,
1470 4683 1682 4756 quibus
1704 4678 1874 4756 deest'
1904 4686 2113 4756 religio-

518 4767 676 4806 nem:
703 4766 861 4823 quam
896 4764 1081 4823 vocem
1134 4749 1623 4823 (absqueyefam)
1668 4752 1871 4810 habent
1914 4749 2046 4813 mss.
2075 4756 2111 4811 2

516 4823 778 4895 Bonon.,_
803 4820 994 4895 flaui},
1053 4821 1341 4895 lios_t_oclt.,
1384 4820 1694 4895 Jun.,iedit.
1744 4824 1963 4894 Thom.,
2010 4828 2109 4895 Is.,

516 4893 707 4961 Thys.,
739 4891 902 4958 Gall.,
927 4889 1121 4959 Spark.
1148 4890 1447 4961 Utramque
1470 4892 1671 4951 habent
1695 4911 1827 4951 mss.
1864 4889 2107 4955 Vaticani

514 4975 571 5042 et
595 4961 900 5042 Umbrum
923 4961 1081 5042 editis
1101 4961 1253 5042 aldi,
1278 4961 1468 5042 _Fasit.,
1491 4963 1721 5042 G_raph.,
1747 4965 1918 5042 Crat.,
1944 4969 2112 5042 Gym-

516 5039 649 5101 nitu,
690 5034 914 5097 Cell:tr.,
943 5032 1155 5090 Waleh.
1188 5032 1256 5088 Et
1279 5032 1634 5093 inducendam
1665 5032 1788 5095 esse
1815 5032 2106 5098 dictionem

514 5126 684 5164 veram
732 5105 1008 5163 contendit
1055 5104 1407 5171 Thomasius;
1463 5108 1586 5177 quia
1612 5109 1714 5165 etsi
1757 5126 1937 5167 veram
1984 5113 2111 5168 reli-

513 5181 727 5253 gionem
779 5179 1112 5248 ignorarent,
1138 5187 1314 5253 tamen
1358 5179 1593 5253 aliquam
1622 5194 1745 5253 esse
1790 5184 2108 5253 religionum

517 5246 822 5322 intelligere
843 5255 1131 5322 potuerunt
1154 5262 1174 5301 :
1204 5247 1270 5302 ad
1297 5246 1401 5322 hoc
1435 5246 1579 5305 enim
1625 5246 2107 5311 demonstrandum

512 5321 668 5389 longa
692 5319 953 5387 deinceps
974 5319 1221 5375 oratione
1246 5319 1414 5375 utitur
1453 5321 1783 5379 Lactantius.

588 5390 1013 5465 Sacrantemi._ld
1040 5399 1124 5465 est
1154 5392 1414 5465 mysterii.
1466 5393 1573 5465 Aut
1623 5395 1871 5465 intelligit
1920 5411 2108 5454 sacras

510 5463 820 5516 christiana:
867 5462 1144 5530 religionis
1199 5463 1559 5530 cmrimonias,
1612 5475 1705 5521 aut
1754 5462 1971 5521 :eierna:
2012 5483 2104 5524 sa-

512 5534 725 5603 pientiae
775 5534 1111 5607 mysterium,
1140 5531 1211 5588 de
1260 5548 1366 5604 qua
1414 5534 1614 5593 Paulus
1654 5536 1676 5591 Ι
1716 5536 1784 5593 ad
1828 5537 2103 5607 Corinth.,

502 5601 623 5676 cap.
655 5620 715 5672 ιι,
747 5601 975 5676 vers].

2227 3431 2470 3589 affini?
2496 3432 2888 3589 iié‘éraaum.
2934 3503 3071 3589 Quia
3102 3516 3457 3589 ηεροδ-οξτο,
3491 3518 3669 3589 neque
3693 3519 3830 3562 san-

2223 3576 2344 3701 guis
2375 3583 2550 3646 potest
2575 3573 2846 3631 Chi-istum
2894 3575 3138 3631 revelare
3156 3616 3171 3642 ,
3197 3573 3301 3631 sed
3329 3574 3493 3633 Pater
3510 3573 3683 3648 quiin
3704 3591 3825 3634 caa-

2248 3664 2291 3703 lS
2312 3657 2414 3703 est.

2300 3740 2439 3809 Quid
2463 3758 2565 3796 non
2602 3742 2736 3797 sit...
2760 3757 2916 3812 quam
2938 3740 3063 3812 quid
3091 3740 3176 3795 sit.
3213 3739 3291 3796 Ex
3321 3738 3458 3808 Cie,
3488 3740 3566 3798 lib
3604 3741 3675 3799 de
3697 3742 3827 3800 Nat.

2224 3810 2406 3887 deor._,_
2429 3827 2549 3887 cap.
2583 3812 2676 3887 “21.
2708 3854 2723 3877 ,
2756 3810 2849 3867 tiu.
2886 3810 3026 3880 Quid
3073 3828 3175 3867 non
3225 3813 3293 3867 sit
3318 3812 3491 3882 citius,
3519 3831 3676 3885 quam
3698 3815 3830 3887 quid

2223 3884 2320 3946 sit,
2353 3882 2587 3938 dixerim.
2616 3883 2897 3939 ΒυιιειιΑκ.

2297 3973 2436 4041 Quid
2462 3975 2620 4045 igitur
2645 3976 2926 4046 majestatis
2956 3984 3185 4046 possunt,
3217 3985 3324 4032 etc.
3347 3974 3483 4032 Vide
3504 3976 3576 4032 de
3602 3976 3686 4032 his
3708 3977 3829 4034 dis-

2223 4055 2494 4117 serentem
2530 4047 2583 4100 in
2626 4048 2768 4101 notis
2798 4046 3013 4109 lsaaum,
3042 4057 3099 4102 et
3137 4048 3428 4117 ipsummet
3456 4046 3827 4116 Lactantium,

2226 4116 2319 4171 lib.
2341 4116 2413 4190 de
2436 4115 2521 4190 Ira
2542 4118 2658 4185 Dei,
2682 4132 2800 4190 cap.
2822 4118 2913 4190 16,
2942 4118 3031 4173 ιιϋί
3052 4118 3126 4173 ait
3155 4115 3273 4184 eos,
3297 4120 3491 4189 quibus
3504 4115 3831 4190 persuasum

2224 4196 2309 4262 est
2340 4189 2449 4262 Deo
2474 4189 2987 4262 placerejustitiam,
3015 4189 3265 4262 venerari
3289 4205 3415 4246 eum
3446 4189 3699 4262 precibus
3725 4207 3828 4248 as-

2227 4258 2418 4324 siduis,
2441 4269 2496 4316 et
2518 4258 2888 4328 frequentibus
2919 4262 3079 4328 votis,
3108 4262 3161 4317 ei
3205 4261 3347 4316 dona
3370 4270 3425 4317 et
3442 4258 3711 4319 sacriﬁcia
3734 4264 3829 4320 of-

2222 4328 2385 4403 ferre,
2410 4331 2570 4401 justis
2598 4328 2831 4403 denique
2862 4333 3115 4402 operibus
3142 4346 3265 4395 etim
3292 4332 3582 4389 demereri.

2290 4401 2558 4475 Firminus.
2588 4401 2845 4459 Ficulnus
2879 4401 3202 4473 proverbiali
3228 4404 3395 4474 ﬁgura
3422 4405 3694 4475 signiﬁcat
3721 4405 3818 4463 in-

2218 4474 2347 4548 utile
2374 4482 2428 4529 et
2456 4473 3178 4548 fragile._Ficulnuslignum
3215 4473 3436 4548 omnino
3473 4473 3812 4548 contempti-

2215 4546 2329 4619 bile
2348 4556 2403 4601 et
2429 4548 2633 4619 fragile.
2661 4546 2932 4603 Caeterum
2948 4546 3254 4619 hujusmodi
3272 4547 3469 4617 figuras
3495 4546 3821 4619 Priaporum

2214 4616 2269 4690 in
2293 4617 2689 4690 Gawphylacia
2719 4632 2817 4672 sua
2842 4617 3162 4690 retulerunt,
3190 4618 3412 4685 eruditi,
3466 4635 3603 4690 quas
3621 4616 3822 4679 etiam

2213 4687 2501 4761 irriserunt
2520 4687 2706 4759 poeta:
2735 4697 2968 4761 veteres,
2993 4699 3057 4761 ut
3079 4689 3268 4744 videre
3295 4698 3381 4761 est
3406 4690 3461 4744 in
3487 4687 3715 4761 antiquo
3740 4692 3822 4746 li-

2214 4760 2380 4821 bello,
2412 4760 2495 4836 cui
2512 4761 2717 4836 titulus
2740 4769 2827 4836 est
2852 4760 3094 4831 Priapeia
3116 4802 3133 4829 ,
3161 4762 3276 4817 sive
3301 4759 3644 4818 diversorum
3674 4777 3818 4836 poe-

2213 4840 2387 4885 tarum
2417 4831 2473 4885 in
2503 4828 2758 4903 Priapum
2796 4828 2987 4887 Lusus;

2286 4923 2414 4992 Quis
2440 4940 2541 4979 non
2557 4925 2641 4988 sit,
2666 4933 2772 4981 etc.
2796 4925 2911 4981 Non
2929 4935 3011 4982 est
3025 4924 3425 4982 hemistichium
3445 4925 3812 4992 horatianum.

2212 5003 2270 5051 ut
2300 4997 2351 5050 in
2380 4995 2699 5069 quibusdam
2726 4997 3004 5068 impressis
3038 4997 3404 5053 existimatum
3422 5008 3681 5069 apparet,
3708 4999 3814 5057 sed

2212 5081 2370 5136 prosa
2397 5067 2565 5139 ipsius
2592 5067 2853 5125 Lactantii
2879 5069 3082 5125 ironice
3101 5069 3393 5141 loquentis.
3418 5067 3607 5127 istos.

2280 5157 2619 5234 Tentiginem.
2643 5161 2877 5234 Prurigo
2896 5162 3114 5218 veneris
3139 5170 3243 5228 est,
3272 5176 3381 5234 quo
3408 5161 3578 5219 verbo
3604 5169 3659 5220 et
3686 5161 3813 5219 Vir-

2208 5229 2365 5302 gilius
2390 5229 2448 5287 ei
2473 5231 2723 5288 Horatius
2754 5229 2994 5290 utuntur.

2282 5325 2540 5399 insidant.
2576 5328 2667 5399 Sic
2691 5328 2813 5399 lego
2846 5342 2971 5399 cum
2999 5326 3394 5398 antiquioribus
3419 5336 3477 5384 et
3504 5328 3810 5398 potioribus

2206 5412 2338 5471 mss.
2373 5398 2529 5468 Reg.,
2577 5397 2811 5464 Honori,
2837 5400 2872 5455 4
2899 5397 3052 5455 Colb.
3082 5397 3357 5471 aliisque;
3390 5401 3444 5454 in
3490 5397 3527 5456 4
3561 5400 3721 5471 Reg.,
3772 5402 3803 5456 1

2206 5469 2383 5536 Colb.,
2434 5470 2458 5522 1
2502 5471 2738 5526 Clarom.
2784 5479 2840 5526 et
2878 5471 3131 5527 omnibus
3159 5470 3275 5527 fere
3293 5470 3477 5537 editis,
3506 5469 3811 5535 insidéant;

2206 5539 2260 5595 in
2286 5541 2409 5613 aliis
2430 5542 2466 5597 ὅ
2491 5540 2649 5613 Reg.,
2680 5542 2708 5613 1
2737 5540 2919 5610 Colb.,
2949 5542 2979 5597 1
3009 5541 3274 5610 Claram,
3302 5544 3575 5609 insidiant,
3606 5557 3801 5613 prave.

2277 5610 2344 5667 In
2390 5612 2486 5669 hoc
2519 5610 2649 5669 solo.
2684 5611 2761 5670 Ita
2810 5615 3021 5671 restitui
3049 5630 3120 5672 ex
3162 5614 3417 5671 cautibus
3444 5629 3577 5671 mss.
3608 5610 3667 5669 et
3688 5622 3801 5669 vet.

577 5672 647 5758 id
693 5690 831 5758 vero,
858 5672 1278 5758 ηἰείρίιομςειιιιηπΔ
1320 5684 1422 5730 etc.
1447 5676 1747 5758 ‘Adversus
1786 5681 2104 5758 Sucinia‘nos
2201 5683 2333 5758 edit.
2365 5684 2521 5742 Rom.
2553 5683 2768 5758 Vulgati
2796 5684 2997 5743 habent
3017 5687 3219 5750 solum;
3246 5686 3273 5741 1
3300 5681 3570 5753 Clarom.,
3599 5684 3806 5742 saluam

506 5749 701 5807 militat
730 5746 845 5804 haec
869 5746 1131 5803 sententia
1154 5785 1169 5813 ,
1202 5753 1389 5819 estque
1433 5747 1696 5821 Aposwlo
1745 5752 2043 5815 conformis
2081 5756 2103 5813 l
2200 5755 2374 5813 modo.
