4174 6200
388 260 495 315 9.69

510 375 577 447 Et
591 378 759 447 custos
774 374 937 447 furum
959 385 1109 443 atque
1131 379 1592 447 aviuni,_cum_falce
1617 380 1828 447 saligna,

511 438 903 504 Hellespontiaci
926 438 1098 494 servet
1116 443 1279 494 tutela
1300 438 1484 507 Priapi.
1648 438 1651 439 ⁷
1704 438 1719 452 ³

1463 259 1669 325 LIBER
1709 260 1774 323 ll.
1817 258 1907 321 DE
1947 256 2230 323 ORIGINE
2264 256 2592 325 ERBOPJS-

2017 382 2070 441 Α
2096 377 2469 441 vindicentur?
2502 376 2601 434 Ubi
2634 390 2768 453 ergo
2797 375 2995 432 veritas
3021 376 3146 431 est?
3188 375 3278 433 ubi
3317 377 3462 433 nulla
3489 378 3571 434 vis
3602 378 3700 434 ad-

3591 260 3699 319 270

2096 471 2267 527 hiberi
2290 480 2465 542 potest
2506 468 2812 542 Religioni;
2852 467 2944 523 ubi
2976 467 3133 536 nihil,
3164 468 3307 543 quod
3348 468 3538 527 violari
3562 487 3695 545 pos-

384 567 628 622 Aderant
658 583 790 641 ergo
811 571 1080 639 mortalia,
1106 579 1168 627 ut
1193 587 1222 626 a
1249 571 1573 633 mortalibus
1597 572 1761 630 facta.
1789 571 1990 647 Frangi
2093 566 2183 634 sit,
2214 573 2469 636 apparet;
2504 564 2595 621 ubi
2621 560 2965 636 sacrilegium
2994 561 3106 619 ﬁeri
3143 580 3249 620 non
3279 575 3476 643 potest.

382 664 551 732 enim,
575 665 837 734 cremari,
878 667 1056 737 perire
1075 679 1325 745 possunt.
1357 668 1494 726 Nam
1525 678 1581 728 et
1621 670 1779 733 tectis
1804 679 1989 729 vetus—

382 764 496 812 tate
526 756 830 814 labentibus
860 772 1007 831 smpe
1036 761 1332 823 comminui
1358 762 1553 833 solent,
1592 770 1646 821 et
1665 772 1988 835 consumpta

379 847 635 904 incendio
662 848 975 907 dilabuntur
1020 854 1073 908 in
1104 854 1369 925 cinerem,
1402 865 1457 913 et
1484 856 1803 931 plerumque
1830 858 1851 928 (
1879 858 1982 919 nisi

377 957 479 999 sua
503 942 611 999 illis
635 946 953 1018 magnitudo
984 948 1315 1016 subvenerit,
1354 961 1446 1009 aut
1473 952 1719 1009 custodia
1750 952 1980 1033 diligens

376 1037 656 1113 sepserit)
689 1040 741 1095 in
773 1041 1015 1113 przedam
1042 1042 1250 1102 furibus
1279 1045 1499 1105 cedunt.
1540 1045 1672 1115 Quae
1707 1045 1871 1118 igitur
1898 1046 1981 1103 in-

376 1133 530 1188 sania
562 1141 666 1205 est,
696 1150 759 1192 ea
794 1136 1005 1206 timere,
1030 1152 1130 1209 pro
1147 1139 1340 1213 quibus
1356 1149 1451 1203 aut
1465 1140 1655 1209 ruinae,
1686 1151 1778 1197 aut
1802 1142 1976 1214 ignes,

372 1236 472 1282 aut
512 1226 648 1283 furta
683 1229 1017 1287 timeantur?
1061 1231 1192 1303 Quae
1245 1233 1479 1300 vanitas,
1507 1233 1744 1305 aliquam
1784 1234 1852 1290 ab
1895 1233 1982 1292 bis

373 1335 602 1391 sperare
636 1323 880 1393 tutelam,
926 1340 1049 1399 qua:
1080 1326 1219 1383 tueri
1259 1326 1551 1401 semetipsa
1582 1341 1692 1389 non
1716 1325 1979 1398 possunt?

372 1412 512 1482 Quae
550 1416 898 1487 perversitas,
927 1418 995 1475 ad
1022 1434 1210 1479 eorum
1242 1420 1494 1497 praesidia
1508 1420 1827 1486 decurrere,
1850 1436 1978 1499 qua:

370 1505 514 1577 ipsa,
548 1523 669 1565 cum
711 1510 1010 1581 violantur,
1060 1511 1234 1570 inulta
1280 1520 1429 1583 sunt,
1479 1512 1586 1569 nisi
1612 1527 1644 1569 a
1670 1511 1975 1573 colentibus

2165 679 2435 752 Quidquid
2463 686 2645 735 autem
2676 677 2854 740 oculis
2882 678 3243 750 manibusque
3264 679 3567 753 subjectum
3587 690 3693 753 est,

2090 772 2146 829 id
2172 788 2321 841 vero,
2353 773 2475 845 quia
2503 771 2699 843 fragile
2727 779 2833 839 est,
2867 771 2936 828 ab
2975 771 3123 829 omni
3152 772 3361 829 ratione
3409 774 3693 835 ἱιιιιυοιτιεν.

2088 864 2254 918 litatis
2285 873 2367 918 est
2394 863 2652 918 alienum.
2674 861 2897 917 Frustra
2931 861 3095 932 igitur
3112 860 3363 919 homines
3383 880 3538 931 auro,
3558 865 3693 921 ebo-

2088 970 2169 1021 re,
2200 954 2410 1025 gemnis
2437 954 2572 1015 deos
2598 952 2857 1015 excolunt
2875 961 2932 1013 et
2956 964 3263 1021 exornant;
3287 956 3440 1026 quasi
3469 971 3599 1013 vero
3626 973 3695 1013 ex

2087 1046 2173 1103 his
2195 1046 2356 1104 rebus
2385 1047 2548 1103 ullam
2568 1046 2779 1118 possint
2805 1060 3004 1117 capere
3031 1046 3386 1119 voluptatem.
3412 1049 3542 1116 Quis
3564 1064 3694 1109 usus

2087 1151 2169 1197 eSt
2207 1141 2564 1211 pretiosorum
2591 1154 2877 1196 munerum
2910 1138 3046 1195 nihil
3074 1140 3481 1203 sentientibus?
3507 1157 3574 1197 an
3599 1142 3693 1201 ille

2088 1234 2181 1305 qui
2213 1231 2486 1289 mortuis?
2517 1232 2640 1287 Pari
2672 1232 2816 1288 enim
2848 1231 3060 1286 ratione
3088 1230 3464 1288 defunctorum
3495 1248 3693 1303 corpo-

2081 1340 2161 1391 ra,
2183 1324 2445 1380 odoribus
2469 1338 2535 1380 ac
2567 1322 2824 1394 pretiosis
2852 1320 3096 1377 vestibus
3134 1322 3267 1379 illita
3294 1331 3349 1379 et
3377 1325 3689 1392 convoluta,

2083 1418 2235 1476 humi
2280 1418 2541 1486 condunt,
2591 1432 2695 1490 qua
2739 1416 2871 1473 deos
2919 1414 3212 1486 honorant,
3244 1417 3335 1488 qui
3360 1432 3538 1490 neque
3567 1432 3690 1475 cum

2080 1512 2295 1582 ﬁerent,
2322 1511 2657 1581 sentiebant,
2690 1526 2868 1584 neque
2891 1524 3017 1568 cum
3045 1510 3319 1584 coluntur,
3343 1513 3555 1583 sciunt;
3590 1530 3691 1574 nec

1740 1647 2106 1711 γιιιιοιιυιι
2140 1648 2370 1709 NOTAE.

445 1787 513 1862 fit
537 1797 727 1862 _custos.
753 1788 1004 1862 Carmina
1030 1789 1384 1861 suntVirgilii
1421 1790 1475 1847 in
1500 1806 1553 1846 ιν
1582 1790 1900 1862 Georgioor.
2005 1793 2056 1856 Β
2080 1800 2323 1862 paganos
2348 1794 2497 1857 patet
2520 1801 2589 1843 ex
2616 1786 2794 1862 _Plinio
2847 1785 3083 1862 secund.
3142 1786 3238 1844 lib.
3283 1803 3336 1855 v,
3381 1788 3551 1860 Epist.
3586 1793 3688 1850 16:

446 1859 871 1931 Hellespontiaci.
893 1860 1122 1930 Priapus
1139 1859 1415 1917 colebatur
1435 1862 1571 1931 apud
1598 1859 1975 1931 Lampsacum,

364 1946 490 2004 gnte
534 1931 788 2004 Straboni
836 1932 963 1988 urbs
1007 1932 1235 2004 insignis
1274 1942 1363 1993 est
1412 1933 1785 2001 Hellesponti;
1830 1933 1976 1991 unde

364 2001 595 2073 Priapus
636 2011 693 2058 et
736 2001 1155 2074 Lampsacenus.
1189 2014 1243 2067 et
1282 2004 1751 2074 Hellespontiacas
1795 2005 1976 2062 dictus

361 2083 468 2133 est.
504 2075 580 2130 De
612 2088 722 2144 quo
744 2074 866 2130 vide
905 2073 1156 2137 Ovidium
1198 2075 1293 2137 lib.
1327 2092 1382 2135 vs
1427 2073 1733 2144 Fastorum,
1762 2087 1818 2134 et
1840 2078 1977 2134 Lac-

363 2145 598 2203 tantium
618 2161 739 2217 cap.
762 2146 826 2201 2i
855 2145 979 2202 libri
1004 2162 1043 2201 ι.

442 2238 644 2294 Tutela.
714 2238 1091 2311 Emmenessio
1159 2239 1227 2295 ad
1297 2240 1354 2295 b.
1425 2239 1461 2294 l.
1543 2240 1761 2311 Virgilii
1793 2282 1808 2306 ,
1888 2252 1969 2296 tu-

362 2310 470 2366 tela
511 2320 597 2367 est
642 2311 833 2381 imago.
898 2310 1003 2368 Sed
1052 2326 1181 2366 num
1232 2326 1298 2368 ea
1353 2326 1460 2365 vox
1521 2310 1721 2381 praeter
1761 2312 1974 2381 insigne

360 2383 577 2447 navale,
610 2391 670 2437 ut
733 2382 883 2439 Lact.
944 2383 1035 2441 lib.
1064 2399 1109 2449 ι,
1157 2397 1208 2438 c.
1266 2382 1355 2449 ll,
1409 2382 1632 2450 dictum,
1692 2383 1747 2439 id
1798 2382 1977 2440 ualeat

360 2452 575 2509 dubito.
604 2453 699 2509 Est
730 2453 891 2525 igitur
917 2453 1003 2510 bic
1020 2452 1238 2524 proprie
1258 2450 1508 2524 defensio,
1532 2463 1596 2511 ut
1621 2470 1689 2510 ex
1713 2454 1852 2513 infra
1875 2455 1967 2510 hic

358 2534 611 2595 apparet,
647 2525 768 2580 ubi:
803 2526 932 2591 Quis
954 2528 1150 2580 uanitas
1172 2525 1233 2579 ab
1255 2526 1334 2580 his
1359 2541 1566 2596 sperare
1585 2525 1831 2595 tutelam,
1861 2541 1975 2594 quis

359 2597 499 2651 tueri
526 2598 801 2668 semetipsa
828 2614 928 2653 non
958 2598 1208 2668 possunt?
1242 2597 1450 2657 Arnob.
1478 2596 1522 2668 l.
1558 2613 1617 2661 ιι,
1648 2614 1706 2667 p.
1741 2598 1850 2655 89:
1885 2597 1977 2653 Dii

357 2668 491 2793 ferri
529 2670 865 2795 lc‘ertltstsapnd
895 2667 983 2725 vos
1010 2667 1196 2725 habent
1216 2668 1420 2737 tutelas,
1452 2667 1711 2739 licentius,
1742 2678 1974 2741 nemo

380 2756 465 2795 es.
492 2755 524 2795 e
587 2780 598 2795 .
668 2756 759 2795 un.

359 2746 465 2804 tes,
492 2749 598 2797 etc.
624 2746 759 2796 Bon.

439 2829 690 2898 Cremari,
724 2833 894 2903 perire
923 2840 1158 2903 possunt.
1215 2830 1305 2889 Sic
1342 2847 1466 2888 cum
1517 2831 1676 2889 editis
1692 2832 1974 2902 Gymnic.,

357 2901 624 2972 Tornes.,
677 2901 1181 2968 Soubr.,'Cellar.,
1238 2918 1428 2959 omnes
1477 2920 1609 2961 mss.
1666 2901 1970 2971 rotundius,

357 2990 527 3044 quam
556 2974 664 3029 duo
687 2990 799 3031 rec.

2083 1857 2209 1913 Non
2239 1875 2449 1928 possum
2479 1857 2973 1928 exprimerewverbis
3032 1869 3281 1927 quantum
3320 1857 3481 1916 animi
3508 1866 3693 1920 vulnus

2082 1927 2391 2005 acceperint,
2414 1946 2533 1985 cum
2547 1927 2734 1984 ’audivi
2749 1927 3066 2005 _Fundiuum
3093 1930 3262 2005 ipsust
3285 1934 3685 2005 praecipientem,

2080 2000 2218 2071 quod
2235 2002 2294 2078 _in
2320 2011 2503 2078 uestes,
2528 2000 2862 2070 margaritas,
2904 2010 2954 2059 et
2980 2016 3206 2078 gemmas
3227 2000 3398 2078 fuerat
3426 2000 3690 2078 irroga“;

2079 2089 2191 2139 rus,
2224 2073 2320 2127 hoe
2344 2074 2401 2127 in
2429 2073 2603 2140 thura,
2634 2081 2684 2127 et
2706 2080 2989 2144 unguenta,
3009 2080 3058 2128 et
3081 2073 3265 2131 odores
3281 2073 3686 2147 impenderetur,

2080 2143 2163 2203 Ex
2189 2142 2344 2203 Ovid.
2374 2158 2431 2199 tv
2459 2143 2606 2201 Fast.
2641 2161 2654 2198 :

2130 2161 2163 2203 tt
2189 2145 2344 2203 Ovid.
2374 2158 2431 2199 tv
2459 2145 2606 2201 Fast.
2641 2161 2654 2198 :

2204 2256 2741 2329 Osculaqueapplicuit
2761 2259 2922 2329 posito
2934 2270 3167 2329 suprema
3188 2257 3404 2329 feretro,

2262 2319 2429 2384 Atque
2449 2321 2519 2371 alt
2533 2319 2741 2370 “:‘invito
2762 2319 2918 2387 frater
2940 2319 3194 2387 adempte,
3213 2320 3342 2376 vale.

2204 2382 2517 2447 Arsurosque
2538 2389 2676 2433 artus
2710 2384 2873 2433 unxit.

2075 2497 2133 2544 et
2155 2487 2384 2559 Apuleio
2415 2485 2613 2569 Apula
2644 2483 2716 2541 Et
2742 2486 2789 2569 si
2808 2487 2948 2569 thus,
2981 2496 3029 2543 et
3055 2488 3268 2569 casiam,
3312 2501 3362 2546 et
3399 2500 3685 2569 myrrham,

2078 2556 2385 2637 eceterosque
2410 2556 2879 2637 id’genushodores
2918 2560 3088 2630 funeri
3124 2556 3324 2616 tantum
3361 2556 3558 2637 emptos
3595 2556 3686 2626 ανζ

2076 2630 2301 2698 bitreris,
2321 2648 2441 2706 cunt
2469 2630 2525 2706 et
2548 2630 2917 2706 medicamento
2937 2639 3189 2706 parentur
3214 2644 3261 2687 et
3587 2643 3690 2703 Hic

2079 2649 2301 2698 ourerts,
2321 2649 2441 2689 cum
2469 2649 2518 2685 et
2548 2649 2917 2685 meatcamento
2979 2649 3189 2687 urentur
3214 2649 3261 2687 et
3288 2649 3563 2706 sacri/icio,
3587 2649 3689 2703 uie

2079 2717 2210 2783 mos
2225 2712 2310 2783 est
2324 2701 2892 2783 anitiquissituu§,etab
2912 2649 3182 2783 £g¥plii§
3210 2706 3689 2783 originemtraxis-

2081 2786 2142 2830 se
2163 2774 2392 2855 videtur.
2419 2770 2677 2857 Sic‘enim
2696 2770 2895 2857 Cenes.
2918 2770 3065 2857 cauit
3093 2791 3104 2825 :
3136 2770 3389 2857 Pra'eepit
3433 2780 3685 2857 (Josepb)

2077 2845 2234 2923 seruis
2266 2846 2373 2923 suis
2414 2844 2646 2911 medicis,
2690 2853 2747 2923 ut
2792 2842 3104 2923 arom_ati_bus
3146 2842 3683 2923 condiremjpatrém',

2080 2914 2212 2971 Vide
2228 2917 2395 2989 etiam
2418 2931 2633 2989 versum
2654 2914 2899 2973 ultimum
2927 2913 3151 2989 hujusce
3172 2919 3382 2989 capitis.
3402 2913 3688 2989 Quomodo

1109 2976 1293 3030 caeteri
1340 2975 1491 3059 editi,
1521 2976 1738 3059 cremari
1757 2985 1968 3049 possunt

2076 2997 2255 3060 autem
2282 2988 2427 3060 Δλιιεεςι
2479 2986 2695 3060 fierent,
2747 2994 2967 3060 narrant
2998 2974 3323 3060 'ﬂerodoius
3364 2974 3689 3060 ίὶιῖίῖιῖ-ὲῖ

357 3048 653 3170 acgerire;
681 3046 736 3101 in
759 3046 889 3102 edit.
910 3046 1085 3129 Betul.
1119 3056 1222 3112 est,
1252 3047 1489 3131 cremari,
1525 3049 1690 3129 perire
1742 3046 1966 3117 possent.
1998 3048 2043 3113 C
2076 3057 2235 3113 Diod,
2272 3057 2442 3115 Sicut,
2478 3057 2597 3114 Βίι),
2632 3046 2769 3113 nisi,
2800 3056 2892 3113 ιη),
2926 3072 2989 3122 η,
3023 3072 3146 3125 cap,
3188 3058 3241 3113 5,
3274 3046 3687 3130 Αρυδδυᾙωδέ

491 3134 523 3170 a
563 3128 760 3170 timere.
793 3134 886 3170 uro
916 3118 1117 3170 auibus.
1164 3125 1270 3170 etc.
1302 3118 1418 3170 Non
1463 3134 1788 3170 inconcmne
1818 3127 1973 3170 notat
2075 3129 2237 3170 ριίςηη
2259 3129 2400 3170 Imm-
2420 3144 2622 3170 mnrpm
2646 3127 2945 3170 ηιιιῐιιιιίςςρ
2965 3137 3253 3170 ρηιιςιειιρπ
3277 3130 3510 3170 Manum;
3531 3154 3661 3170 νη.

491 3134 523 3171 a
563 3120 760 3182 timere,
793 3134 886 3186 pro
916 3118 1118 3187 quibus,
1164 3125 1270 3172 etc.
1302 3118 1418 3173 Non
1463 3118 1788 3174 inconcinne
1818 3127 1973 3175 notat

359 3188 605 3246 Gallreus
633 3199 757 3260 post
781 3189 1136 3256 Gronovium,
1156 3194 1358 3245 rectius
1381 3192 1497 3246 lore
1524 3191 1568 3245 si
1597 3189 1848 3246 deleatur
1878 3204 1974 3244 vo-

358 3260 486 3316 cula
514 3277 629 3331 pro,
661 3270 717 3317 et
757 3262 980 3333 legatur,
1013 3277 1073 3315 ea
1114 3261 1288 3333 timere
1325 3262 1507 3333 quibus
1547 3271 1638 3315 aut
1662 3262 1850 3328 ruinae,
1880 3270 1973 3315 aut

358 3332 529 3404 ignes,
558 3343 649 3387 aut
686 3332 824 3403 furta
872 3333 1165 3386 timeantur.
1208 3332 1301 3390 Sic
1342 3332 1496 3403 apud
1528 3333 1723 3391 Silium
1748 3334 1869 3391 ltal.
1899 3362 1972 3375 —-

494 3443 733 3495 Extrema
755 3444 897 3494 simul
920 3444 1162 3511 gentique
1187 3446 1403 3509 urbique
1429 3446 1686 3497 timebant.

442 3553 639 3621 Quibus
846 3553 1136 3613 timeantur.
1206 3549 1403 3611 Castori
1451 3551 1638 3623 scripti
1686 3560 1743 3609 et
1790 3552 1919 3609 editi
1948 3594 1964 3620 ,

360 3642 464 3692 pro
505 3624 703 3694 quibus,
761 3627 835 3678 liti
885 3622 1076 3680 Celsus
1112 3623 1150 3680 ι.
1191 3639 1275 3691 ιιι,
1299 3638 1350 3680 c.
1390 3624 1481 3692 11,
1515 3622 1610 3695 pro
1650 3624 1832 3695 quibus
1859 3641 1966 3679 ute-

360 3697 580 3753 tuimus.
614 3695 891 3757 Bonam.

439 3777 684 3844 Sperare.
710 3775 788 3832 ita
815 3790 938 3831 cum
962 3774 1195 3831 Cellario
1222 3783 1279 3831 et
1305 3773 1555 3830 Walchio
1594 3775 1716 3846 lego
1749 3791 1819 3831 ex
1840 3789 1964 3830 om-

358 3848 528 3905 nibus
568 3862 698 3918 mss.
755 3856 811 3903 et
842 3846 975 3918 edit.
1035 3847 1202 3918 Paris.
1256 3846 1417 3918 {525,
1463 3846 1636 3918 Crat.
1687 3846 1961 3918 Gymnic.,

359 3918 561 3985 Torn.,
588 3917 810 3986 Soubr.,
838 3916 1064 3981 Cellar.,
1095 3917 1308 3974 Walelt.
1340 3917 1401 3972 In
1440 3917 1571 3974 edit.
1606 3916 1764 3975 Rom}
1797 3918 1958 3986 1470.

358 3989 614 4055 Fasitcl.,
639 3990 853 4062 Egnat..
872 3988 1091 4056 Thom,
1120 3989 1215 4053 Is.,
1237 3989 1434 4062 Thys.,
1455 3989 1674 4060 Spark.,
1700 4000 1955 4061 spectare;

357 4076 471 4117 nec
512 4062 672 4118 male.
725 4062 991 4132 Spectas,
1047 4077 1144 4130 pro
1165 4072 1455 4131 enpeotare,
1500 4064 1681 4117 forsan
1726 4063 1960 4132 genuina

360 4133 635 4189 Lactantii
672 4131 856 4197 lectio,
899 4134 995 4203 qui
1038 4135 1353 4203 [requenter
1397 4133 1578 4190 verbis
1624 4131 1959 4202 simplicibus

358 4205 537 4260 utitur
575 4219 673 4274 pro
698 4206 1035 4288 compositis,
1085 4213 1143 4286 ut
1186 4204 1416 4267 observo
1456 4203 1609 4260 alias.
1638 4235 1708 4288 -τ
1737 4204 1961 4273 Sperare

360 4280 599 4347 tutelae}.
659 4275 903 4335 Imitatur
962 4274 1293 4347 Cyprianum
1349 4274 1416 4330 ad
1468 4277 1803 4332 Demetrian.
1856 4275 1953 4330 fol.

358 4346 476 4403 3‘28
503 4365 517 4401 :
546 4345 744 4403 Pudeat
787 4357 856 4419 te,
899 4345 1181 4415 eoseolere,
1235 4362 1362 4416 quos
1387 4348 1499 4418 ipse
1543 4347 1777 4419 defendis
1803 4388 1827 4419 ,ν
1855 4364 1955 4416 pu-

2075 3129 2239 3189 etiam
2258 3129 2402 3208 [tunc
2417 3144 2625 3208 morem
2646 3127 2945 3208 obtinuisse
2965 3137 3254 3208 cori-states
3275 3127 3512 3208 Manlian
3531 3154 3681 3208 κχνι,

2076 3216 2221 3256 vers.
2257 3202 2347 3266 10,
2379 3211 2511 3266 etc.,
2541 3199 2740 3271 deinde
2768 3197 3209 3271 adCbristianos
3247 3207 3511 3271 pervenit.
3545 3197 3683 3267 Ter;

2077 3273 2194 3327 tuli.
2219 3273 2287 3329 de
2306 3272 2585 3345 Idololatr.
2609 3289 2623 3325 :
2644 3270 2814 3345 Etiam
2832 3270 3121 3345 hominibus
3146 3272 3216 3345 ad
3240 3270 3498 3345 pigmenta
3514 3282 3681 3337 medi-

2072 3344 2283 3410 cinalia,
2314 3343 2458 3398 nobis
2480 3342 2909 3415 quoqueginsuper
2939 3342 3021 3415 ad_
3035 3342 3223 3397 solatia
3242 3342 3530 3415 sepultura?
3564 3355 3686 3411 usui

2071 3425 2214 3479 sinu;
2238 3416 2365 3469 item
2403 3410 2637 3485 Apolsc.
2670 3411 2760 3469 42.
2800 3410 2912 3466 Nec
2945 3412 3286 3471 solummodo
3305 3410 3463 3485 ungi,
3492 3410 3681 3479 verum

2071 3486 2424 3613 etliaTElavairi
2451 3483 2702 3541 Solebant
2726 3497 2957 3553 corpora
2982 3493 3325 3543 mortuorum
3350 3502 3366 3543 :
3389 3483 3521 3548 bino
3551 3492 3679 3551 Vir-

2071 3572 2121 3613 m
2148 3598 2162 3612 .
2263 3573 2351 3613 net
2396 3596 2407 3609 .
2440 3572 2526 3611 vi:

2069 3572 2162 3628 gu.
2192 3572 2407 3613 nancta.
2440 3572 2491 3611 vi
2512 3573 2526 3610 :

2193 3669 2479 3733 Corpusque
2493 3666 2657 3720 lavant
2677 3664 2911 3730 frigentis
2930 3673 2983 3717 et
3005 3675 3216 3731 ungunt.

2069 3776 2170 3832 llic
2198 3776 2454 3833 abluendi
2486 3776 2623 3832 ritus
2648 3775 2815 3831 etiam
2861 3774 2915 3829 in
2960 3773 3227 3843 primitiva
3263 3778 3501 3839 Ecclesia
3528 3784 3677 3841 obti.

2068 3848 2203 3926 Quit,
2230 3858 2291 3926 _nt
2317 3857 2530 3926 constat
2545 3863 2622 3926 _ex
2641 3850 2897 3907 Actorum
2922 3859 3141 3926 cap._tx,
3161 3864 3217 3926 _v.
3237 3849 3327 3919 57,
3347 3852 3437 3926 ubi
3456 3854 3674 3926 legitur,

2066 3918 2349 3981 Tabitham
2400 3920 2505 3973 vita
2543 3919 2778 3973 iunctam
2825 3915 3115 3973 confestim
3161 3915 3324 3978 lotam
3360 3915 3543 3984 fuisse".
3589 3915 3678 3985 Ea}

2066 3989 2580 4063 macularum—Et
2608 3989 2697 4063 hic
2724 4003 2844 4044 mos
2872 3988 3169 4063 etiamnum
3197 4007 3530 4063 perseverat,
3562 4015 3673 4056 non

2066 4063 2228 4118 modo
2277 4064 2329 4118 in
2381 4062 2634 4118 omnibus
2676 4059 2788 4115 lere
2836 4059 3225 4121 monachorum
3253 4080 3317 4121 ac
3357 4059 3671 4126 ωοιιίάιῑυω

2064 4135 2345 4197 caniobiis,
2376 4135 2470 4189 sed
2491 4140 2545 4188 et
2566 4132 2723 4201 vulgo
2747 4134 2798 4185 in
2824 4131 3099 4186 nonnullis
3117 4136 3415 4201 provinciis
3443 4154 3507 4193 ac
3532 4141 3670 4199 dias-

2062 4205 2300 4275 cesibus,
2333 4214 2391 4261 ut
2416 4206 2467 4259 in
2491 4202 2810 4275 Abrincensi
2845 4242 2860 4267 ,
2920 4202 2974 4275 in
3029 4201 3332 4275 Yascitania
3362 4218 3421 4263 et
3456 4210 3513 4265 in
3560 4212 3667 4268 Be-

2061 4290 2268 4330 nearno
2288 4272 2418 4345 erga
2450 4284 2693 4329 mortuos
2711 4274 2897 4345 laicus.
2931 4274 3006 4329 De
3037 4272 3121 4329 bis
3145 4276 3292 4342 plura
3306 4276 3668 4339 disseruimus

2061 4346 2114 4400 in
2141 4343 2421 4401 [tinet-ario
2468 4354 2651 4400 nostro
2687 4343 2955 4415 liturgico,
3004 4345 3198 4413 gallice
3236 4346 3403 4415 edito,
3444 4348 3667 4409 Parisiis

357 4419 486 4474 deat
513 4420 732 4475 tutelam
761 4418 825 4501 tle
847 4419 910 4472 iis
948 4414 1188 4501 sperare,
1216 4414 1346 4501 quos
1371 4414 1428 4472 tu
1453 4419 1562 4488 ipse
1596 4414 1771 4501 ςυενξς.
1798 4414 1955 4501 Saepe
1980 4438 2033 4499 D
2058 4432 2201 4501 anno
2234 4417 2392 4498 1718:
2427 4418 2503 4499 ita
2532 4415 2767 4501 Joannes
2790 4431 2867 4501 ιιξ
2894 4414 3062 4501 Snus.

353 4506 593 4560 sperare,
634 4500 881 4560 spectare,
929 4498 1193 4559 expectare
1234 4489 1289 4543 in
1333 4504 1461 4544 mss.
1494 4489 1748 4544 confundi
1796 4489 1955 4543 docui

355 4559 444 4632 ad
457 4559 713 4632 Epitom.,
728 4576 850 4631 cap.
870 4560 959 4616 6t:
978 4560 1054 4632 Ab
1072 4560 1152 4615 his
1169 4559 1380 4632 aliquod
1389 4575 1616 4632 sperare
1637 4560 1956 4630 praesidium.

354 4631 452 4688 Ad
491 4646 604 4687 rem
630 4630 977 4687 Couf.’l.act.
1010 4631 1072 4685 L.
1112 4648 1166 4685 v.
1196 4630 1314 4701 cap.
1341 4630 1441 4686 20f
1478 4642 1535 4687 et
1575 4630 1772 4687 Justiti.
1800 4632 1956 4686 Mart.

352 4702 526 4774 Apol.
556 4703 587 4757 1
611 4713 744 4759 sect.
775 4704 830 4770 9,
859 4702 949 4757 ﬁn.
974 4713 1032 4759 et
1050 4711 1163 4757 not.
1192 4701 1396 4758 Grabii.
1446 4703 1578 4759 BDN.

444 4774 575 4839 ρυω
608 4777 748 4829 tueri
789 4775 1060 4843 semetipsa
1103 4790 1207 4831 non
1260 4783 1495 4843 possunt.
1539 4776 1628 4831 Sic
1657 4790 1783 4829 mss.
1821 4773 1960 4829 anti-

351 4846 587 4917 quiores
607 4856 661 4902 et
680 4846 929 4917 meliores
950 4861 1073 4901 cum
1094 4844 1344 4917 omnibus
1364 4845 1540 4917 editis.
1558 4846 1757 4916 Soripti
1773 4860 1962 4901 recen-

352 4915 537 4989 tiores
568 4917 603 4971 2
627 4917 798 4989 Regii,
827 4919 860 4973 4
889 4915 1152 4985 Colbert.,
1180 4916 1334 4985 Eu,
1360 4916 1553 4987 Brun.,
1591 4915 1706 4989 quis
1746 4917 1878 4972 tueri
1907 4932 1961 4973 se

351 4988 694 5061 stultorum
721 4999 955 5061 possunt.

442 5060 527 5112 Ad
705 5059 947 5131 praesidia
1016 5059 1301 5116 decurrere.
1355 5059 1427 5116 Ut
1491 5076 1786 5116 succurrere
1816 5102 1832 5127 ,
1876 5068 1962 5116 est

352 5145 529 5202 Opem
584 5130 746 5198 ferre,
797 5132 879 5187 sic
926 5131 1193 5186 decurrere
1242 5130 1313 5186 ad
1372 5132 1633 5201 prasidia,
1664 5142 1748 5187 est
1776 5146 1958 5201 opem,

352 5202 626 5259 auxilium
660 5204 963 5273 implorare.
991 5202 1053 5257 L.
1086 5218 1145 5271 ιι,
1174 5218 1225 5259 c.
1256 5205 1346 5269 M,
1371 5204 1406 5257 l.
1435 5219 1514 5269 γι,
1545 5216 1595 5258 c.
1624 5203 1713 5266 10,
1752 5202 1955 5273 jungit:

353 5274 439 5330 ad
459 5274 607 5346 _alios
641 5274 943 5342 decurrisse,
982 5275 1280 5346 praesidium
1320 5275 1641 5346 implorasse.
1675 5275 1806 5330 Bon.

450 5342 703 5400 Eurotam
758 5356 807 5401 et
1162 5339 1340 5403 Unum
1396 5339 1644 5408 alterum
1696 5345 1955 5416 eitplicat.

352 5415 496 5471 για.
564 5425 675 5488 not.
735 5417 790 5473 6.
859 5432 979 5488 cap.
1024 5418 1115 5484 15,
1162 5418 1255 5474 ubi
1302 5418 1385 5473 bis
1416 5459 1431 5483 ,
1480 5416 1760 5473 simulacra
1808 5433 1962 5472 exco-

356 5490 494 5560 lere.
565 5487 655 5544 Sic
700 5488 1003 5560 Cyprianus
1072 5490 1110 5544 l.
1172 5505 1231 5554 ιι,
1289 5504 1376 5559 ep.
1419 5490 1455 5543 2
1502 5488 1570 5544 ad
1634 5489 1956 5543 Donatum:

354 5558 543 5684 guunt
550 5558 804 5683 1fet-iste
817 5576 926 5614 esse
947 5560 1298 5616 excolendum
1316 5558 1501 5632 magis,
1521 5569 1570 5615 te
1583 5562 1750 5630 potius
1769 5575 1961 5613 ornan-

400 5645 517 5684 um.
596 5646 683 5684 un.

400 5645 517 5684 um.
551 5645 683 5685 DUN.

444 5697 575 5774 Pari
609 5702 742 5756 enim
778 5703 977 5758 ratione
1022 5704 1377 5774 defunctorum
1423 5719 1643 5774 corpora
1691 5702 1955 5774 odoribus,

358 5781 476 5832 etc.
516 5770 811 5830 Uncturam
839 5770 1172 5831 mortuorum
1201 5775 1255 5831 in
1287 5788 1386 5831 usu
1417 5770 1578 5832 fuisse
1614 5776 1776 5832 etiam
1818 5772 1960 5846 apud

2132 4488 2205 4541 Ae
2257 4487 2490 4555 pretiosis
2532 4487 2767 4540 vestibus.
2831 4484 3076 4539 Vesubus
3118 4487 3279 4541 etiam
3330 4499 3665 4550 mortuorum

2061 4573 2292 4628 corpora
2314 4557 2606 4614 induebant
2637 4556 2845 4628 pagani.
2864 4556 3035 4628 Quem
3056 4571 3261 4613 morem
3288 4561 3434 4618 salse
3455 4562 3668 4622 deridet

2059 4626 2333 4686 Lucianus
2346 4629 2415 4702 de
2432 4630 2593 4694 luctu,
2612 4627 2858 4702 alludens
2872 4626 2937 4702 ad
2962 4636 3206 4702 veterum
3220 4635 3664 4702 superstitionem

2062 4700 2484 4775 existimantium
2511 4709 2751 4775 mortuos
2770 4698 2824 4755 in
2849 4698 3035 4775 inferis
3058 4715 3248 4775 rigere
3261 4698 3468 4775 absque
3499 4710 3671 4764 vesti-

2060 4774 2182 4837 bus,
2216 4785 2270 4827 et
2306 4773 2501 4841 frigore
2538 4769 2768 4837 confici;
2818 4770 2915 4826 sed
2967 4780 3020 4825 et
3075 4769 3393 4831 Herodotus
3422 4778 3577 4834 Musa
3606 4796 3661 4836 v.

2061 4844 2189 4900 Haec
2216 4853 2370 4915 erant
2396 4842 2766 4915 Graeculorum
2794 4841 3004 4897 deliria.
3051 4841 3185 4898 Nam
3212 4845 3465 4915 Romani,
3500 4860 3557 4905 ut
3595 4867 3664 4907 ex

2062 4914 2412 4985 sequentibus
2445 4913 2668 4983 patebit,
2699 4912 3026 4968 aliovorsum
3073 4912 3458 4986 respexerunt,
3495 4923 3665 4977 vestio

2059 4987 2163 5043 bus
2203 4986 2541 5062 involventes
2582 4992 3117 5062 mortuos,‘qt_io_rum
3169 5002 3514 5062 communem
3563 5007 3661 5062 per

2062 5067 2229 5130 totam
2257 5058 2395 5130 adeo
2422 5056 2627 5130 italiam
2649 5053 3096 5113 amictum'l‘uisse
3125 5067 3328 5130 togam,
3356 5060 3539 5116 docuit
3560 5053 3659 5118 nos

2060 5129 2335 5185 Iuvenalis
2360 5128 2550 5199 Satyra
2575 5127 2610 5181 ’5
2636 5145 2649 5180 :

2154 5244 2279 5309 pars
2297 5256 2473 5307 magna
2490 5241 2668 5309 Italiae,
2692 5242 2735 5309 si
2757 5253 2931 5309 verum
2954 5235 3282 5308 admittimus,
3309 5245 3358 5295 in
3374 5258 3473 5309 qua

2153 5305 2311 5358 Nemo
2336 5305 2498 5368 togam
2522 5305 2670 5359 sumit
2688 5305 2782 5355 nisi
2806 5311 3045 5354 mortuus.

2061 5411 2133 5468 Et
2161 5410 2436 5474 Martialis,
2472 5409 2564 5464 lib.
2599 5426 2675 5475 ix,
2704 5408 2982 5479 Epigram.
3017 5408 3120 5475 58,

2185 5523 2249 5575 Et
2271 5521 2461 5587 pallens
2484 5530 2598 5586 toga
2614 5523 2793 5571 mortui
2819 5521 3035 5573 tribulis.

2060 5629 2343 5703 Apuleius,
2377 5627 2473 5703 lib.
2503 5643 2521 5681 ι
2557 5625 2788 5703 Florid.:
2822 5624 2963 5703 Nam
2994 5626 3102 5683 illic
3116 5646 3317 5703 quoque
3340 5634 3535 5689 viderat
3566 5643 3661 5694 ho-

2062 5702 2250 5783 minem
2276 5699 2580 5790 praesidere,
2623 5698 2877 5784 hominem
2917 5698 3239 5790 depugnare,
3268 5714 3439 5776 togam
3468 5723 3661 5790 quoque

2064 5772 2241 5843 parari
2266 5781 2313 5826 et
2340 5779 2454 5825 uoto
2484 5780 2531 5825 et
2555 5770 2756 5841 funeri;
2784 5771 2904 5826 item
2929 5770 3088 5841 pallio
3118 5770 3368 5830 cadavera
3398 5770 3587 5845 operiri
3616 5790 3663 5838 et
