4174 6200
495 316 599 373 271

1573 301 1767 362 FIRM.
1799 293 2172 359 LACTANTII
2208 299 2414 359 DlVlN.
2451 295 2696 360 INSTIT.

3697 297 3803 336 0‘20

3699 313 3805 356 27:5

492 434 637 492 enim
663 444 880 488 sensum
907 421 1322 484 consecratione
1350 430 1721 492 sumpserunt.
1755 420 1874 475 Non
1904 417 2086 489 place-
2114 425 2169 486 Α
2192 435 2298 476 non
2343 435 2373 475 a
2400 420 2717 489 virginibus,
2770 433 3001 491 quarum
3031 415 3242 473 lusibus
3274 415 3430 473 venia
3460 414 3577 471 dari
3604 422 3805 484 potest,

495 527 586 582 bat
610 526 814 584 Persio.
863 521 1004 593 quod
1028 535 1189 575 aurea
1219 533 1346 574 vasa
1397 516 1614 586 templis
1645 513 1966 578 inferantur,
2004 527 2093 567 su-

497 631 823 690 pervacuum
853 613 1058 683 putanti
1109 626 1234 667 esse
1269 611 1410 665 inter
1451 607 1768 678 religiones,
1801 604 1949 674 quod
1981 620 2090 657 non

497 709 820 777 sanctitatis,
853 707 950 763 sed
977 707 1220 762 avaritiae
1241 705 1312 760 sit
1338 704 1778 758 instrumentum.
1825 699 1923 754 Illa
1953 698 2098 753 enim

498 803 667 860 satius
683 813 764 859 est
784 802 917 869 Deo,
943 815 1102 872 quem
1122 807 1270 855 recte
1291 797 1461 863 colas,
1479 795 1680 851 inferre
1722 807 1820 864 pro
1851 805 2096 847 munere.

590 918 923 981 Compositum
942 915 1043 978 jus,
1067 914 1240 976 fasque
1266 913 1435 976 animi,
1453 917 1747 981 sanctosque
1776 918 2007 981 recessus

594 972 796 1044 Meulis,
823 985 876 1028 et
899 972 1142 1028 incoctum
1159 972 1411 1040 generoso
1422 972 1607 1037 pectus
1629 972 1856 1020 honesto.

497 1089 749 1162 Egregie,
799 1085 1176 1155 sapienterque
1222 1081 1412 1137 sensit.
1467 1079 1671 1134 Verum
1716 1075 1847 1130 illud
1877 1071 2107 1128 ridicule

501 1180 772 1238 subdidit:
803 1177 910 1233 hoc
931 1191 1054 1233 esse
1082 1189 1272 1230 aurum
1301 1173 1355 1226 in
1388 1171 1628 1240 templis,
1656 1167 1800 1240 quod
1828 1165 1959 1232 sint,

1001 1292 1192 1344 Veneri
1215 1291 1410 1340 donatae
1432 1300 1461 1337 a
1485 1287 1680 1349 virgine
1702 1297 1845 1348 pupae.
1869 1297 1883 1335 :

503 1417 638 1474 quas
658 1401 750 1455 ille
777 1399 847 1454 ob
870 1396 1151 1453 minutiem
1182 1394 1411 1448 fortasse
1433 1387 1842 1460 contempserit.
1877 1384 1995 1440 Non
2025 1383 2107 1437 vi-

509 1494 681 1549 debat
711 1492 879 1556 enim,
905 1487 1190 1543 simulacra
1219 1486 1332 1554 ipsa
1354 1493 1410 1538 et
1435 1481 1644 1552 efﬁgies
1671 1479 1918 1542 deorum,
1951 1474 2108 1544 Poly-

501 1588 647 1650 cleti,
680 1595 734 1641 ct
761 1582 1150 1654 Euphranoris,
1190 1591 1244 1634 et
1271 1577 1478 1633 Phidia:
1509 1591 1671 1630 manu
1699 1590 1763 1629 ex
1788 1586 1923 1626 auro
1944 1582 2108 1639 atque

504 1681 672 1737 ebore
700 1677 983 1750 perfectas,
1002 1673 1136 1730 nihil
1159 1669 1302 1728 aliud
1323 1684 1443 1726 esse
1464 1682 1626 1740 quam
1648 1664 1882 1738 grandes
1912 1675 2106 1734 papas,

2199 513 2293 570 sed
2323 531 2351 568 a
2379 513 2620 568 barbatis
2648 511 2957 567 hominibus
2994 519 3360 566 consecratas.
3397 508 3592 564 Merito
3644 509 3809 577 igitur

2200 605 2363 660 etiam
2390 619 2583 660 senum
2613 603 2893 660 stultitiam
2919 602 3125 658 Seneca
3155 599 3385 655 deridet.
3437 597 3579 661 Non,
3610 597 3808 667 inquit,

2201 698 2285 754 bis
2326 699 2477 769 pueri
2505 714 2692 754 sumus
2715 698 2792 772 (ut
2817 698 2976 768 vulgo
3001 695 3219 766 dicitur)
3255 711 3270 761 ;
3302 694 3397 750 sed
3429 709 3666 763 semper.
3697 692 3811 747 Ve-

2203 808 2322 847 rum
2365 792 2468 846 hoc
2497 792 2743 857 interest,
2789 791 2932 860 quod
2977 789 3180 860 majora
3214 802 3313 844 nos
3371 786 3627 841 ludimus.
3671 784 3814 855 Ergo

2205 885 2293 942 his
2345 886 2587 951 ludicris,
2646 894 2702 940 et
2748 885 2976 951 ornatis,
3005 892 3061 939 et
3111 882 3403 953 grandibus
3437 881 3591 951 pupis
3636 890 3816 934 clun-

2207 987 2427 1048 gttenta,
2462 988 2517 1033 et
2547 980 2726 1044 thura,
2759 986 2814 1032 et
2841 975 3038 1031 odores
3077 973 3353 1029 inferunt:
3389 971 3472 1028 his
3522 971 3730 1041 opimas
3759 980 3817 1026 et

2208 1072 2437 1143 pingues
2466 1070 2668 1124 hostias
2693 1069 2994 1135 immolant,
3029 1067 3222 1138 quibus
3252 1074 3335 1121 est
3361 1065 3577 1135 quidem
3609 1079 3690 1128 os,
3719 1063 3816 1118 sed

2209 1179 2402 1219 carens
2423 1161 2604 1217 ofﬁcio
2631 1161 2875 1217 dentium
2900 1179 2914 1214 :
2947 1159 3031 1214 his
3059 1160 3248 1231 peplos
3271 1167 3325 1212 et
3353 1156 3672 1212 indumenta
3701 1171 3820 1226 pre-

2212 1257 2370 1322 tiosa,
2404 1254 2597 1325 quibus
2621 1269 2746 1308 usus
2771 1250 3055 1308 velaminis
3083 1251 3262 1304 nullus
3286 1257 3400 1304 est:
3431 1248 3515 1302 his
3545 1263 3738 1303 aurum
3764 1257 3820 1303 et

2212 1359 2493 1421 argentum
2523 1357 2863 1413 consecrant,
2891 1362 3011 1418 quae
3039 1354 3146 1401 tam
3176 1359 3283 1400 non
3313 1344 3516 1400 habent
3546 1343 3637 1414 qui
3671 1344 3818 1399 acci-

2215 1444 2389 1516 piunt,
2412 1457 2572 1514 quam
2600 1441 2690 1512 qui
2721 1440 2811 1495 illa
2838 1439 3129 1494 donarunt.

2288 1558 2400 1614 Nec
2425 1556 2694 1612 immerito
2717 1553 3024 1626 Dionysius,
3047 1551 3242 1609 Siciliae
3257 1561 3537 1624 tyrannus,
3565 1560 3685 1622 post
3707 1550 3823 1606 vic-

2218 1651 2410 1708 toriam
2442 1647 2650 1707 Griecia
2681 1646 2904 1718 potitus,
2929 1645 3063 1703 deos
3091 1645 3226 1703 tales
3247 1646 3596 1717 contempsit,
3622 1644 3820 1716 spolia-

1857 1791 2225 1856 VARIORUM
2254 1789 2488 1848 NOTIE.

503 1953 855 2028 philosophos.
905 1949 1172 2028 Ceterum
1205 1943 1583 2028 togaﬂilla‘fui‘t'
1611 1940 1756 2022 varia
1789 1935 2094 2028 pro'condi.
2122 1939 2172 2000 Β
2197 1930 2563 2028 tit-plerisque;
2577 1929 2758 2028 editis.
2789 1928 3009 2028 ln‘edit'.
3042 1928 3304 1984 Thomas.
3337 1935 3393 1984 et
3423 1927 3618 2000 Tbysii
3673 1927 3822 1985 haud

499 2008 663 2082 triane
685 2008 883 2080 eorum
915 2022 1109 2092 quibus
1137 2008 1503 2092 funusﬁebat.
1539 2012 1672 2068 Nam
1717 2012 1772 2065 in
1813 2009 1969 2080 vulgo
2007 2008 2095 2092 1(ξὶ-

501 2078 651 2154 i'i'u'ni
680 2078 736 2151 et
775 2078 946 2148 tacito.
982 2090 1186 2151 funere,
1238 2087 1511 2154 vulgarem
1547 2094 1746 2154 togam,
1801 2078 1923 2154 qtae
1965 2078 2094 2154 alba

503 2151 642 2232 erat,
673 2173 988 2236 usurpatam
1017 2161 1288 2236 existimo.
1314 2151 1383 2211 Et
1413 2157 1486 2236 de
1496 2151 1625 2236 .hac'
1639 2153 1933 2222 capiendus
1965 2151 2091 2236 Plu-

502 2220 728 2295 tarchus
753 2220 1106 2290 in'Problem.
1135 2232 1223 2298 qui
1272 2231 1412 2282 inter
1439 2227 1571 2280 alias
1609 2220 1848 2298 causas,‘
1870 2238 1966 2276 cur
1998 2220 2098 2276 lo:-

504 2294 668 2366 ntince
700 2310 751 2361 in
783 2307 927 2360 luctu
958 2294 1174 2358 utantur
1203 2301 1338 2354 albis
1362 2298 1618 2357 vestibus,
1643 2295 1804 2349 etiam
1837 2294 1976 2366 hanc
1999 2307 2096 2359 po-

507 2363 608 2441 iiit,
634 2363 773 2447 quod
803 2379 917 2446 ipse
935 2385 1178 2447 mortuus
1196 2373 1266 2426 sit
1288 2366 1658 2447 hujuscemodi
1681 2375 1830 2447 veste
1855 2363 2094 2447 inclutus.

507 2432 680 2518 liuius
706 2432 862 2514 ritui,
886 2448 974 2517 qui
1004 2443 1271 2518 hodieque
1307 2432 1449 2511 apud
1472 2439 1694 2518 Graecos
1723 2437 1886 2518 etiam
1915 2432 2102 2518 Chris-

509 2503 918 2588 lialtosivige't:
964 2503 1214 2588 meminit
1260 2503 1476 2582 quoque
1524 2506 2008 2588 l-lmnerus_lliad.,
2037 2503 2106 2559 de

509 2591 742 2648 Patrocli
763 2577 970 2644 limere.
991 2577 1492 2654 Pattperes'tamen,
1518 2579 1849 2654 ettennioris
1872 2577 2104 2654 fortuna:

512 2664 781 2727 homines,
811 2674 917 2715 non
949 2649 1199 2712 videntur
1223 2654 1365 2727 elati
1392 2655 1445 2706 in
1475 2650 1633 2727 albis,
1668 2660 1922 2727 monente
1946 2649 2108 2727 arte-

512 2736 742 2795 midnro,
769 2718 870 2787 lib.
904 2747 964 2796 ll,
998 2745 1116 2798 cap.
1151 2727 1207 2782 5.
1244 2728 1325 2798 νΑι
1357 2722 1686 2798 hos_vilibns
1717 2721 1909 2798 parmis
1943 2718 2108 2798 fuisse

510 2791 786 2860 involutos
813 2791 1081 2865 existimo,
1108 2797 1345 2854 monitus
1367 2795 1435 2848 ab
1458 2793 1696 2865 Eusebio
1719 2795 1773 2845 in
1800 2791 2105 2865 chronicis:

514 2876 721 2931 Cassius
755 2874 996 2939 Severus,
1028 2861 1204 2925 orator
1233 2866 1489 2939 egregius,
1530 2864 1771 2939 vigesimo
1799 2863 1976 2934 quinto
2005 2861 2112 2939 easi-

513 2949 572 3003 lii
596 2948 677 3000 sui
703 2963 837 2999 anno
863 2931 1060 2997 sumina
1100 2931 1282 3007 inapia
1301 2931 1535 2998 mor-itur,
1570 2931 1654 2989 uix
1684 2931 1855 3007 panno
1895 2931 2113 2986 uerenda

513 3027 790 3075 contectus.
823 3014 959 3070 Nam
989 3014 1119 3066 alias
1148 3005 1409 3066 cadavera
1439 3009 1492 3061 in
1538 3005 1918 3060 honestissima
1961 3013 2113 3075 veste

514 3071 694 3146 ellerri
723 3103 841 3142 mos
872 3093 1007 3140 erat.
1038 3083 1219 3137 Valer.
1261 3079 1522 3134 Maximus
1552 3077 1644 3130 lib.
1674 3091 1747 3140 iv,
1780 3090 1900 3143 cap.
1945 3075 2011 3128 5:
2047 3071 2116 3128 Ut
2146 3072 2194 3137 C

519 3165 730 3233 fratrem
750 3171 1048 3233 germanum
1074 3169 1181 3233 esse
1207 3151 1460 3233 cognovit,
1491 3151 1706 3230 multum
1734 3162 1795 3200 ac
1822 3147 1912 3199 ditt
1942 3147 2114 3199 convi-

518 3219 598 3286 ὶὶο
644 3219 773 3282 deos
811 3226 871 3281 ob
917 3226 1108 3279 donum
1138 3219 1310 3291 impia:
1360 3220 1583 3273 victoria:
1611 3219 1910 3283 insectatus,
1953 3233 2117 3291 prope

519 3313 693 3356 castra
717 3296 997 3361 transtulit,
1028 3305 1073 3348 et
1103 3289 1323 3364 pretiosa
1346 3301 1481 3364 veste
1503 3300 1737 3364 opertum
1777 3304 1904 3358 rcgo
1947 3289 2118 3356 impo-

517 3375 643 3428 suit.
671 3359 1028 3438 Hieronymus
1056 3359 1112 3419 in
1144 3365 1261 3438 Vita
1285 3362 1517 3438 Paulae;
1547 3359 1652 3438 Cur
1669 3371 1906 3438 mortuos
1928 3369 2121 3413 vestros

521 3445 714 3499 auratis
739 3430 1000 3496 obvolvitis
1017 3436 1261 3491 vestibus?
1279 3431 1574 3490 Suetonius
1597 3434 1648 3486 in
1669 3430 1882 3486 Nerone
1908 3448 1920 3484 :
1941 3445 2121 3498 cap.r.:

523 3516 818 3570 Funeratus
847 3521 919 3564 est
967 3510 1198 3578 impensa
1220 3502 1838 3578 ducentorummillium,
1880 3501 2124 3578 stragulis

525 3587 655 3641 albis
681 3600 809 3639 auro
849 3573 1074 3644 intextis,
1107 3580 1290 3649 quibus
1319 3593 1440 3631 usus
1472 3573 1700 3628 Kalend.
1741 3574 1993 3649 Januarii
2014 3574 2126 3649 [ue-

523 3667 627 3712 ral.
648 3657 781 3710 llinc
804 3655 892 3723 qui
916 3645 1128 3721 publice
1154 3649 1521 3723 magistratum
1548 3646 1956 3723 gesseranttvel
1985 3645 2126 3697 bello

527 3728 789 3783 honorem
813 3715 1313 3789 sibi'qumsiverant,
1341 3717 1703 3789 induebamur
1725 3715 1982 3789 vestibus,
2001 3730 2130 3789 qua:

531 3800 724 3854 harum
752 3811 932 3850 rerum
957 3787 1162 3845 indices
1187 3797 1370 3845 essent
1392 3787 1687 3858 (Polybius,
1713 3787 1859 3858 LVI).
1877 3796 1982 3858 etc.
2000 3787 2132 3858 Tes-

525 3877 709 3924 tantur
736 3866 789 3920 id
817 3867 989 3930 ipsum
1013 3862 1197 3916 Livius
1229 3861 1264 3914 l.
1291 3856 1471 3918 xxxiv,
1501 3856 1555 3912 et
1585 3858 1765 3930 Valeri.
1793 3857 1936 3930 Max.
1959 3856 2050 3909 lib.
2073 3872 2128 3921 v,

531 3955 654 4008 cap.
685 3940 738 3994 1.
770 3927 884 3990 Non
905 3944 1082 4008 autem
1107 3933 1292 4008 Romae
1309 3931 1508 4008 solum.
1530 3930 1632 4008 sed
1649 3938 1704 3982 et
1743 3927 2134 4008 Lacedaemone

533 3999 876 4065 honestiores
905 4006 1078 4058 elatos
1113 4006 1358 4072 legimus.
1395 4000 1548 4069 Apud
1598 4001 1871 4054 Romanos
1901 3999 2132 4072 vestium

533 4082 845 4140 discrimen,
885 4091 989 4130 non
1023 4077 1074 4129 in
1103 4068 1232 4128 viris
1266 4068 1470 4127 tantum
1500 4072 1600 4124 fuit
1640 4073 2006 4132 observatum,
2039 4068 2135 4122 sed

476 4196 487 4202 -
534 4153 662 4208 etin
696 4148 977 4205 matronis.
1009 4147 1248 4214 Quarum
1280 4144 1421 4198 enim
1467 4143 1556 4196 lilii
1591 4144 1931 4214 magistratus
1975 4155 2137 4194 curu-

535 4224 618 4279 les
657 4213 1098 4293 gessissent._eas
1133 4215 1566 4293 in_honoratiore
1613 4223 1763 4268 veste
1791 4213 1962 4267 elatas
1992 4219 2139 4281 patet

535 4311 603 4352 ex
630 4285 914 4364 Pvropertio
941 4289 1036 4345 lib.
1071 4304 1143 4355 tv,
1174 4288 1326 4357 Eleg.
1357 4285 1453 4340 ult.
1483 4301 1495 4337 :

663 4428 728 4482 Et
748 4434 918 4479 tamen
942 4426 1132 4477 emerui
1157 4433 1434 4488 generosos
1454 4423 1610 4472 vestis
1624 4421 1857 4472 honores.

615 4581 673 4636 In
694 4578 918 4634 Oriente
946 4577 1237 4630 etiamnum
1268 4581 1580 4644 perseverat
1609 4587 1728 4627 mos
1753 4569 2035 4626 deferendi
2071 4568 2140 4625 ad

545 4650 898 4722 sepulcrum,
951 4645 1376 4722 ittbumandique
1402 4716 1411 4722 _
1433 4644 1860 4722 christianorum
1887 4657 2142 4722 _cnrpora

543 4713 962 4796 pretiosioribus
991 4718 1102 4770 suis
1123 4717 1373 4796 _veStibus
1402 4714 1584 4794 induta
1605 4717 1701 4796 ;_.in
1724 4713 2032 4796 .Occidettte
2056 4729 2144 4768 sa-

544 4785 825 4850 cerdotum
853 4800 907 4844 et
928 4786 1182 4844 monach.
1209 4797 1411 4840 tantum
1441 4785 1789 4854 quotidianis.

617 4885 938 5012 Ilriferantur.
973 4881 1068 4936 Ms.
1100 4880 1267 4934 Brun.
1302 4888 1356 4934 et
1382 4878 1624 4946 Latinus,
1666 4878 2001 4950 inferrentur,
2037 4894 2146 4935 non

617 4975 640 5012 a
664 4973 716 5012 e.

550 4973 716 5016 male.

623 5051 987 5122 Compositum.
1025 5046 1161 5122 V’ide
1208 5046 1359 5122 Pers.
1406 5044 1588 5116 Satyr.
1635 5044 1691 5122 2,
1725 5044 1824 5100 sub
1855 5044 2038 5100 ﬁnem.
2081 5045 2152 5100 At

549 5117 1015 5196 composituntjus,
1043 5130 1120 5174 eSI
1145 5119 1234 5189 jus
1264 5117 1556 5196 humanum
1585 5117 1848 5187 scriptum
1862 5127 1917 5172 et
1947 5128 2147 5183 ratum;

551 5188 689 5254 sicut
714 5199 791 5266 [as
811 5188 1004 5266 est'jus
1031 5188 1242 5266 sacrum
1271 5198 1326 5243 et
1350 5188 1680 5266 religiosum.

625 5256 1054 5321 Incertum—Ms.
1105 5263 1129 5314 ’1
1188 5261 1390 5316 Bonon.
1443 5256 1636 5328 antiq.,
1664 5260 1717 5313 in
1747 5269 1895 5313 coetu.
1936 5289 2009 5298 -—-
2052 5256 2150 5311 In-

555 5350 773 5392 coctum.
806 5337 964 5390 Plura
993 5343 1120 5386 noto
1141 5335 1207 5386 ad
1244 5333 1335 5385 lib.
1367 5332 1434 5385 de
1464 5329 1544 5383 Ira
1577 5346 1696 5399 cap.
1720 5331 1804 5396 l5,
1833 5328 1901 5383 In
1927 5329 2153 5384 humidis

550 5410 760 5464 incocta
785 5423 797 5457 :
830 5406 970 5459 male
1002 5404 1191 5470 Goth.,
1219 5405 1485 5458 intactum.
1510 5401 1787 5455 Bassum.

631 5477 884 5532 Ridicule.
909 5476 984 5529 lta
1016 5477 1228 5544 reposui
1258 5490 1326 5529 ex
1363 5489 1496 5544 mss.
1520 5473 1822 5544 veterrimis
1852 5481 1907 5525 et
1927 5472 2150 5544 optimis

554 5550 788 5611 Bonum,
820 5548 976 5614 Reg,
1007 5547 1041 5600 5
1082 5542 1353 5611 Colbert.,
1391 5545 1415 5598 1
1460 5542 1722 5608 Clarom.,
1783 5542 1947 5614 Brun.
1999 5543 2058 5598 In
2118 5543 2144 5597 1

553 5620 708 5677 Colb.
741 5613 922 5672 rec.el
943 5619 993 5669 in
1017 5616 1195 5676 editis,
1219 5613 1950 5684 ridiculum.Utraquelecuo
1983 5615 2146 5669 bona.

553 5693 657 5751 lui
689 5691 759 5744 al.
789 5689 1049 5751 Clarom.,
1070 5685 1363 5738 ridiculose.

624 5765 823 5819 Aurum
848 5761 900 5813 in
918 5758 1134 5827 templis.
1154 5756 1226 5810 lta
1256 5753 1679 5827 legendumesse
1699 5770 1896 5811 censeo
1914 5772 1986 5812 ex
2011 5771 2142 5812 mss.

553 5837 731 5910 Rosa,
749 5832 939 5905 Pal.,2
958 5825 1148 5904 Brun.,
1166 5825 1649 5901 Caucl,Juu.,Vet.
1683 5827 1914 5902 aliisque
1937 5829 2148 5903 multis,

2199 2004 2338 2060 bene
2370 2003 2563 2071 legitur
2589 2018 2822 2056 aureum.
2855 2001 3148 2056 GALLEUS.

2271 2073 2494 2128 Donata
2524 2091 2556 2127 a
2584 2074 2780 2142 virgine
2800 2087 2976 2144 pupae.
3003 2072 3120 2144 Hoc
3150 2072 3355 2144 pariter
3392 2086 3460 2127 ex
3513 2071 3702 2128 Persio
3730 2071 3832 2127 de-

2199 2155 2477 2229 sumptum
2524 2154 2640 2212 est,
2673 2143 2878 2218 Satyra’
2904 2143 2962 2213 2,
3008 2143 3167 2213 cujus
3199 2143 3256 2199 hi
3283 2153 3412 2199 sunt
3467 2158 3656 2200 verSus
3685 2146 3827 2199 inte-

2200 2233 2285 2290 ενι
2309 2234 2322 2273 :

2356 2394 2544 2458 Dicite,
2571 2391 2827 2505 pontiﬁces
2871 2393 2926 2441 in
2954 2405 3093 2464 sacro
3113 2391 3230 2456 quid
3255 2392 3374 2442 facit
3397 2331 3606 2442 ﬁrmi?

2358 2457 2551 2505 Nempe
2609 2469 2687 2505 oc.
2711 2432 2848 2505 quod,
2862 2455 3055 2505 Veneri
3074 2455 3266 2505 donatae
3289 2457 3531 2505 aviralne
3561 2470 3606 2505 nt

2358 2434 2551 2519 Nempé
2573 2432 2688 2519 Βῶζ
2711 2432 2848 2520 (ιῖιοῖί
2862 2432 3725 2518 Veiiéit‘éidtiaiaéa'viirgih‘é"impec.

2208 2603 2372 2674 Pupae
2403 2604 2565 2676 igitur
2593 2620 2624 2659 a
2655 2606 2954 2676 virginibus
3003 2606 3349 2676 pubertatem
3381 2607 3692 2662 consecutis
3738 2613 3833 2662 aut

2209 2676 2461 2759 nupturis
2485 2675 2683 2758 Veneri
2709 2675 2883 2760 solitae
2922 2675 3320 2760 dic’a_ri,'ut_ab
3362 2678 3589 2760 ephebis
3631 2678 3828 2733 bullae:

2215 2752 2339 2817 quia
2371 2751 2421 2801 in
2455 2751 2601 2802 omni
2662 2751 2982 2813 mutatione,
3043 2751 3276 2819 insignia
3323 2755 3408 2804 vel
3463 2751 3827 2804 inStrtnnenta

2217 2820 2342 2875 vitae
2363 2829 2626 2876 anteactae
2653 2821 2756 2875 diis
2791 2835 3118 2876 consecrare
3151 2821 3318 2875 moris
3363 2830 3503 2876 erat.
3538 2821 3830 2878 Horatius:

3143 2955 3408 3019 Veianius,
3435 2958 3586 3007 armis

2342 3015 2576 3068 Herculis
2599 3017 2659 3067 ad
2680 3025 2874 3080 postem
2899 3017 3029 3082 ﬁxis,
3065 3017 3191 3070 latet
3215 3015 3409 3070 abditus
3433 3031 3574 3082 agro.

2219 3145 2370 3204 Idem
2396 3147 2524 3202 alibi
2570 3165 2582 3201 :

2729 3281 2977 3334 Donasset
2998 3284 3166 3346 jamne
3185 3291 3410 3335 catenam

2345 3345 2420 3397 Ex
2443 3353 2556 3397 voto
2580 3344 2790 3396 Laribus
2812 3344 3091 3409 quaerebat.

2223 3470 2315 3528 Sic
2363 3487 2553 3527 zonam
2612 3472 2926 3543 virginalem
2981 3473 3384 3543 suspendebant
3436 3483 3725 3544 nupturae,
3781 3482 3839 3529 et

2227 3545 2392 3620 multa
2426 3545 2752 3620 testimonia.
2783 3544 2926 3620 Pupa
2949 3555 3059 3620 est.
3092 3547 3353 3620 πλαγγών,
3384 3545 3529 3600 unde
3576 3545 3839 3617 plangun-

2228 3615 2349 3670 cula
2375 3615 2515 3684 apud
2543 3615 2722 3670 Cicer.
2755 3617 2820 3669 ad
2851 3617 3111 3670 Atticum.

2308 3685 2583 3757 Polycleti,
2616 3696 2721 3759 etc.
2749 3687 2816 3759 lli
2857 3698 3011 3742 erant
3059 3688 3241 3743 eximii
3273 3687 3537 3742 statuarii.
3571 3687 3836 3759 Polycleti

2233 3759 2436 3813 mentio
2458 3767 2541 3812 est
2564 3757 2706 3828 apud
2747 3758 2978 3812 Plinium
3011 3759 3148 3813 libro
3178 3773 3350 3813 xxxrv
3379 3800 3394 3824 ,
3443 3757 3834 3826 Quintilianum

2233 3838 2289 3901 et
2320 3827 2693 3901 .lElianum’de
2722 3829 2864 3883 varia
2890 3830 3146 3884 Historia.
3187 3830 3330 3884 Vixit
3355 3829 3664 3901 Polycletus
3690 3832 3838 3886 circa

2233 3898 2606 3971 Olympiadem
2639 3915 2874 3954 Lxxxvu.
2902 3901 3224 3970 Euphranor
3253 3898 3534 3955 Praxitelis
3585 3901 3833 3971 :Pqualis,

2237 3970 2337 4023 fuit
2366 3981 2420 4024 et
2470 3973 2644 4040 pictor
2673 3981 2729 4025 et
2777 3973 3072 4026 statuarius
3113 3972 3358 4040 insignis,
3408 3970 3665 4040 vixitque
3692 3973 3836 4028 circa

2237 4041 2608 4112 Olympiadem
2639 4057 2726 4096 etv
2750 4059 2764 4107 ;
2793 4042 2862 4097 de
2885 4058 2951 4098 eo
2976 4041 3036 4096 ﬁt
3064 4044 3264 4099 mentio
3287 4045 3341 4096 in
3372 4043 3560 4098 eodem
3593 4042 3746 4097 Plinii
3777 4045 3842 4098 li-

2239 4113 2358 4168 bro.
2385 4112 2603 4166 Phidias
2627 4128 2756 4168 vero
2805 4130 2908 4185 non
2942 4115 3119 4168 minus
3163 4123 3447 4185 pnestans,
3493 4115 3842 4170 Atheniensis

2239 4193 2377 4246 erat,
2395 4186 2632 4256 vixitque
2657 4186 2797 4256 circa
2824 4183 3128 4256 Olympiad.
3163 4183 3369 4240 Lxxxn.
3397 4186 3471 4239 De
3497 4201 3603 4254 quo
3629 4187 3834 4240 mentio

2241 4267 2325 4309 eSt
2349 4254 2489 4327 apud
2521 4255 2751 4327 Plinium
2779 4255 2872 4310 lib.
2895 4254 3073 4327 ‘xxxv.
3121 4257 3194 4312 De
3220 4256 3323 4310 hoc
3371 4265 3688 4327 argumento
3717 4257 3846 4312 vide

2243 4326 2407 4382 etiam
2437 4326 2720 4380 Tatianum
2747 4327 2798 4380 in
2822 4326 3078 4382 Oratione
3101 4327 3360 4382 adversus
3381 4327 3620 4383 Graecos.

2246 4396 2546 4524 Erl‘Vso'quq‘iIs
2575 4399 2738 4468 pueri.
2773 4398 2938 4454 Vetus
2976 4398 3320 4469 proverbium
3348 4409 3452 4467 est,
3486 4398 3555 4454 de
3583 4413 3690 4469 quo
3718 4398 3846 4456 vide

2325 4489 2334 4520 ἔ
2387 4488 2398 4522 Ι
2539 4509 2553 4523 ο

2325 4488 2553 4523 asmum.

2163 4511 2218 4573 D
2648 4540 2850 4597 Alludit
2873 4541 2941 4596 ad
2961 4539 3093 4596 illud
3114 4540 3456 4598 Davidicum:
3479 4540 3552 4596 Os
3581 4540 3765 4597 habent
3792 4553 3844 4599 et

2245 4629 2345 4668 non
2369 4612 2652 4676 loquentur.

2322 4683 2421 4737 His
2444 4685 2618 4752 peplos
2639 4693 2687 4739 et
2706 4683 3006 4738 indumenta
3047 4684 3287 4754 pretiosa.
3317 4683 3397 4738 Dii
3429 4682 3697 4739 habebant
3741 4699 3840 4740 sua

2247 4756 2551 4810 velamenta
2577 4763 2737 4823 atque
2767 4755 3019 4822 amicula,
3047 4755 3240 4826 quibus
3260 4755 3629 4810 vestiebantur
3679 4765 3843 4826 atque

2249 4827 2598 4881 ornabantur.
2627 4827 2853 4881 Suelon.
2879 4828 2932 4881 in
2959 4826 3161 4895 Calig.:
3187 4825 3255 4879 In
3293 4826 3480 4895 templo
3501 4825 3842 4881 simulacrum

2251 4899 2414 4951 stabat
2440 4914 2652 4952 aureum
2679 4899 2922 4959 iconium,
2965 4898 3396 4966 amiciebaturque
3441 4898 3665 4966 quotidie
3710 4907 3844 4952 veste

2251 4971 2391 5039 quali
2421 4971 2532 5039 ipse
2560 4980 2802 5023 uteretur.
2852 4969 3140 5037 Eleganter
3170 4967 3318 5022 Philo
3347 4968 3400 5022 in
3430 4967 3702 5038 Explicat.
3741 4969 3844 5024 De-

2253 5041 2426 5110 calogi
2481 5042 2755 5104 observat,
2788 5041 3200 5094 simulacrorum
3247 5039 3488 5094 artiﬁces
3542 5039 3844 5108 saepissime

2255 5114 2504 5166 omnibus
2533 5113 2765 5168 miseriis
2813 5111 3132 5178 conﬂictari,
3163 5126 3284 5166 cum
3337 5110 3626 5165 simulacra
3657 5113 3722 5162 ab
3775 5111 3843 5164 iis

2255 5185 2377 5237 ﬁcta
2401 5195 2454 5239 et
2481 5183 2730 5250 formata,
2781 5198 3015 5253 purpura
3043 5199 3174 5236 auro
3222 5183 3550 5253 cmterisque
3585 5181 3844 5253 pretiosis

2254 5256 2586 5310 ornamentis
2602 5251 2940 5310 decorentur.
2967 5251 3401 5309 HEBALDUS.—”
3410 5254 3520 5306 is...
3539 5252 3843 5305 indumenta

2255 5329 2522 5395 pretiosa.
2562 5328 2707 5380 his...
2737 5337 3004 5396 argentum
3047 5333 3364 5379 consecrant.
3406 5322 3607 5396 Parum
3662 5323 3836 5391 abest,

2257 5399 2380 5466 quin
2401 5399 2655 5467 recipiam
2675 5395 2956 5451 lectionem
2981 5397 3211 5463 Bonon.,
3231 5397 3376 5450 Itis...
3397 5395 3698 5448 indumenta
3719 5411 3842 5464 pre-

2256 5471 2386 5521 tiosa
2422 5477 2760 5532 consecrant,
2809 5468 2953 5521 his...
3003 5477 3270 5538 argentum
3320 5467 3602 5538 conferunt
3647 5481 3841 5538 :Jnam

2255 5541 2682 5607 praecedentibus
2739 5538 2960 5608 singulis
3005 5535 3167 5595 verba
3213 5553 3308 5592 sua
3363 5536 3627 5606 adjunxit.
3678 5535 3837 5592 Conf.

2251 5610 2425 5681 Epist.
2458 5626 2510 5666 c.
2537 5611 2630 5666 25.
2662 5611 2940 5665 Bonum.

2325 5681 2453 5748 Quae
2478 5694 2581 5736 tam
2609 5698 2711 5736 non
2757 5680 2960 5736 habent.
3011 5680 3209 5736 lterum
3242 5690 3296 5735 et
3323 5679 3601 5750 eleganter
3632 5677 3843 5747 plenius

2249 5754 2410 5824 Bon.,
2455 5769 2569 5824 qua:
2597 5764 2702 5808 tam
2752 5753 2806 5807 in
2837 5767 2988 5824 usum
3039 5769 3139 5806 non
3189 5751 3722 5824 liabeut._BUNmu.v.

2323 5817 2479 5882 Post:
2541 5827 2805 5884 uictoriam
2871 5823 3070 5880 Gracia
3129 5824 3334 5895 potitus.
3397 5822 3663 5880 Graeciam
3727 5817 3844 5877 illa-
