4174 6200
376 250 487 312 975

1469 252 1669 310 LIBER
1697 252 1760 308 ll.
1807 252 1893 308 DF.
1933 252 2210 310 OlllGlNlﬁ
2252 253 2567 312 EllRORlS.

3575 258 3679 318 ΞΜ

382 373 482 438 vit,
511 371 681 427 illusit
702 389 716 426 :
741 369 1003 442 siquidem
1022 369 1308 443 sacrilegia
1334 386 1428 428 sua
1451 372 1782 442 jocularibus
1817 373 1981 426 etiam
2008 375 2064 436 Α
2089 374 2425 444 potissimum
2458 390 2563 428 non
2595 375 2903 446 relinquant
2955 374 3248 431 ulciscendi
3299 377 3380 431 sui
3413 375 3613 443 locum,
3639 379 3687 432 si

377 465 538 520 dictis
569 466 1019 535 prosequebatur.
1043 464 1177 520 Nam
1199 481 1320 521 cum
1349 465 1465 521 Jovi
1489 465 1735 538 Olympio
1757 481 1979 520 aureum

377 561 678 616 amiculum
711 560 1058 626 detraxisset,
1087 560 1302 615 laneum
1332 559 1492 630 jussit
1521 561 1742 630 imponi,
1772 559 1978 626 dicens,

377 663 567 708 testate
593 667 758 723 grave
791 667 912 706 esse
937 669 1181 718 aureum,
1228 653 1421 725 hyeme
1462 651 1734 722 lrigidttm,
1766 652 1980 705 laneum

383 761 513 802 vero
541 746 754 814 utrique
806 747 1034 816 tempori
1081 757 1284 816 aptum.
1321 745 1465 800 Idem
1507 760 1726 800 auream
1758 743 1980 798 barbam

378 839 675 894 detrahens
729 837 1064 908 IEsculapio,
1101 839 1462 910 ine0ngruens
1504 847 1559 892 et
1591 838 1829 907 iniquum
1861 850 1983 891 esse

378 933 473 999 ait,
500 947 620 986 cum
652 930 848 1000 Apollo
893 941 1045 1002 pater
1072 931 1189 1002 ejus
1215 931 1475 987 imberbis
1509 940 1653 986 esset
1697 928 1894 994 adhuc,
1920 941 1984 983 ac

379 1024 552 1089 lmvis,
583 1024 819 1095 priorem
853 1022 1020 1078 ﬁlium
1050 1039 1208 1094 quam
1252 1036 1459 1095 patrem
1483 1023 1764 1077 barbatum
1788 1020 1980 1076 videri.

379 1117 514 1172 Item
545 1126 779 1187 pateras,
808 1125 863 1171 et
916 1117 1163 1182 exuvias,
1215 1126 1270 1171 et
1302 1131 1461 1187 parva
1490 1115 1739 1186 quaedam
1785 1113 1983 1184 sigilla,

379 1230 503 1286 quae
552 1213 971 1268 simulacrorum
1023 1213 1293 1282 protentis
1339 1213 1589 1268 manibus
1637 1212 1981 1277 tenebantur,

378 1305 734 1362 detrahebat:
759 1314 814 1360 et
836 1308 1086 1376 accipere
1115 1321 1175 1362 se
1205 1306 1320 1371 illa,
1363 1321 1471 1360 non
1495 1306 1708 1360 auferre
1737 1303 1982 1369 dicebat;

378 1412 637 1468 perquam
666 1399 808 1454 enim
832 1400 1054 1454 stultum
1083 1415 1205 1455 esse
1247 1410 1302 1456 et
1327 1400 1619 1472 ingratum,
1671 1398 1813 1454 nolle
1843 1399 1987 1453 acci-

381 1504 517 1560 pere
543 1492 609 1546 ab
636 1491 720 1548 his
743 1492 885 1547 ultro
912 1493 1333 1564 porrigentibus,
1383 1509 1414 1548 a
1445 1493 1642 1564 quibus
1693 1492 1833 1548 bona
1883 1492 1986 1548 sibi

377 1581 626 1640 homines
655 1595 1026 1654 precarentur.
1061 1586 1187 1641 Haec
1214 1587 1303 1641 ille
1318 1587 1443 1643 fecit
1466 1587 1706 1657 impune,
1735 1587 1862 1657 quia
1883 1601 1983 1640 rex

376 1685 435 1732 et
464 1679 636 1732 victor
661 1677 778 1732 fuit.
803 1677 942 1746 Quin
973 1678 1136 1734 etiam
1165 1689 1350 1736 secuta
1381 1688 1467 1736 est
1515 1693 1638 1734 eum
1667 1678 1825 1734 solita
1876 1677 1987 1733 teli-

2086 480 2179 520 eos
2212 481 2369 535 posse
2395 467 2591 537 aliquid
2614 469 3133 535 arbitrantur?Quin
3164 469 3324 522 etiam
3361 477 3549 538 putant
3573 471 3686 524 illo-

2086 576 2201 613 rum
2231 561 2448 615 numine
2491 561 2768 626 accidisse,
2804 570 2858 615 ut
2887 562 3168 631 praedones
3197 577 3375 616 rerum
3405 577 3678 616 sacrarum

2085 651 2405 720 deprehensi
2436 654 3096 718 tenerentur;ets-.cviuut
3127 669 3232 709 non
3263 656 3491 721 tamira,
3518 671 3683 726 quam

2087 754 2256 807 metu,
2289 761 2354 800 ne
2382 745 2428 799 si
2457 746 2680 801 deorum
2713 747 2961 815 injuriam
3015 763 3120 801 non
3150 747 3560 809 vindicaverint,
3594 749 3678 817 ip-

2086 854 2176 894 sos
2197 848 2450 908 expetant
2481 855 2688 908 poenze;
2725 841 3023 895 incredibili
3056 839 3266 896 scilicet
3294 841 3552 905 vanitate,
3583 841 3679 912 qui

2088 931 2362 986 nocituros
2383 932 2483 986 sibi
2514 931 2646 986 deos
2674 933 2944 1002 putentob
2970 934 3145 988 aliena
3171 934 3398 998 scelera,
3418 933 3507 1002 qui
3530 933 3685 1004 ipsis,

2087 1037 2117 1076 a
2146 1023 2337 1092 quibus
2369 1023 2550 1077 violati
2601 1025 2924 1094 spoliatique
2968 1035 3117 1091 sunt,
3171 1040 3268 1094 per
3293 1025 3503 1095 seipsos
3553 1024 3691 1078 nihil

2091 1131 2286 1171 nocere
2313 1125 2623 1186 potuerunt.
2652 1118 2721 1171 At
2746 1119 2888 1171 enim
2919 1132 3064 1187 saepe
3090 1117 3191 1187 ipsi
3214 1117 3497 1186 quoquein
3527 1116 3691 1171 sacri-

2090 1211 2240 1281 legos
2267 1211 2708 1266 vindicaverunt:
2767 1220 2945 1281 potest
2986 1211 3038 1266 id
3084 1212 3169 1267 vel
3219 1226 3350 1266 casu
3403 1212 3688 1278 accidisse,

2089 1303 2230 1376 quod
2263 1304 2574 1374 aliquando,
2599 1320 2705 1358 non
2737 1319 2974 1373 semper.
3008 1303 3114 1360 Sed
3149 1313 3326 1358 tamen
3356 1305 3514 1372 paulo
3545 1311 3687 1374 post,

2092 1395 2364 1465 quomodo
2397 1394 2450 1448 id
2472 1394 2756 1459 acciderit,
2785 1393 3088 1448 ostendam.
3117 1393 3274 1448 Nunc
3300 1393 3513 1448 interim
3545 1408 3697 1462 quae-

2091 1502 2173 1554 ro,
2197 1503 2293 1543 cur
2314 1487 2391 1542 illi
2421 1495 2500 1540 tot
2525 1496 2581 1542 et
2610 1495 2754 1540 tanta
2780 1486 3061 1557 sacrilegia
3085 1486 3136 1539 in
3165 1484 3426 1556 Dionysio
3447 1497 3554 1538 non
3577 1483 3695 1537 vin-

2091 1587 2424 1652 dicaverunt,
2461 1586 2552 1657 qui
2600 1600 2706 1640 non
2737 1584 2943 1650 furtim,
2975 1583 3069 1639 sed
3097 1583 3270 1652 palam
3295 1582 3428 1636 deos
3457 1579 3692 1635 ludibrio

2091 1679 2316 1734 habuit?
2343 1680 2454 1733 Cur
2480 1679 2620 1733 hunc
2649 1687 2756 1732 tam
2792 1685 3066 1747 potentem
3115 1674 3436 1744 sacrilegum
3484 1688 3515 1727 a
3548 1681 3688 1728 tem-

375 1769 549 1824 citas:
605 1771 736 1826 vixit
778 1772 922 1826 enim
953 1787 1121 1843 usque
1145 1773 1234 1828 ad-
1259 1782 1615 1839 senectutem,
1647 1787 1983 1844 regnumque
2011 1768 2062 1829 B
2089 1772 2212 1844 plis,
2243 1789 2272 1826 a
2301 1772 2644 1839 ceremoniis,
2669 1773 2736 1826 ab
2756 1770 3072 1842 imaginibus
3088 1770 3200 1823 suis
3218 1783 3324 1823 non
3351 1769 3689 1822 arcuerunt?

378 1876 476 1932 per
507 1878 700 1917 manus
723 1863 832 1918 lilio
865 1864 1102 1920 tradidit.
1129 1865 1189 1920 ln
1228 1879 1294 1920 eo
1346 1867 1528 1935 igitur,
1559 1867 1685 1937 quia
1733 1867 1983 1923 homines

379 1955 664 2026 sacrilegia
693 1956 969 2013 vindicare
995 1973 1100 2012 non
1125 1967 1398 2028 poterant,
1423 1959 1660 2029 oportuit
1683 1959 1815 2014 deos
1837 1959 1984 2029 ipsos

377 2048 461 2104 sui
489 2049 733 2104 vindices
759 2064 901 2105 esse.
929 2053 996 2104 At
1027 2051 1072 2104 si
1118 2051 1338 2106 humilis
1378 2051 1644 2121 quiSpiam
1703 2053 1808 2108 tale
1851 2051 1984 2123 quid

376 2141 735 2208 commiserit,
762 2140 885 2196 huic
912 2151 1112 2212 praesto
1137 2151 1264 2198 sunt
1282 2143 1512 2214 ﬂagella,
1537 2145 1710 2214 ignes,
1735 2145 1975 2216 equulei,

378 2248 594 2302 cruces,
622 2243 676 2289 et
710 2234 968 2305 quidquid
995 2237 1312 2307 excogitare
1333 2237 1484 2294 iratis
1507 2247 1564 2294 et
1591 2237 1893 2295 furentibus
1921 2239 1986 2294 li-

381 2335 490 2382 cet.
519 2326 624 2382 Sed
640 2343 776 2407 ‘cum
807 2329 1031 2398 puniunt
1072 2329 1440 2400 deprehensos
1469 2334 1522 2386 in
1548 2333 1852 2403 sacrilegio,
1883 2334 1984 2403 ipsi

383 2419 455 2476 de
483 2419 708 2476 deorum
736 2434 958 2476 suorum
992 2430 1261 2492 potestate
1287 2422 1558 2480 difﬁdunt.
1582 2421 1692 2480 Cur
1712 2424 1857 2480 enim
1882 2425 1986 2481 illis

2087 1869 2196 1923 Cur
2225 1869 2386 1923 etiam
2416 1867 2585 1921 sacris
2616 1865 2778 1920 rebus
2808 1865 3023 1929 ablatis,
3069 1877 3328 1933 prospere
3378 1860 3687 1931 navigavit?

2088 1960 2231 2031 quod
2258 1960 2380 2030 joco
2411 1960 2528 2028 ipse
2558 1965 2782 2013 testatus
2807 1965 2891 2012 est
2937 1957 2954 2026 (
2984 1965 3041 2010 ut
3081 1954 3293 2010 solebat
3322 1952 3362 2026 ).
3418 1951 3694 2007 Videtisne

2090 2051 2594 2124 (inquitcomitibus
2638 2050 2750 2103 suis
2781 2049 3113 2118 naufragium
3163 2043 3499 2116 timentibus)
3527 2057 3692 2114 quam

2087 2161 2349 2219 prostiera
2380 2143 2661 2213 sacrilegis
2687 2141 2954 2212 navigatio
2975 2139 3044 2194 ab
3072 2138 3204 2208 ipsis
3229 2137 3333 2192 diis
3365 2136 3687 2192 immortali-

2087 2243 2189 2299 bus
2211 2238 2509 2295 tribuatur?
2535 2236 2638 2292 Sed
2680 2235 2768 2291 hic
2788 2233 3018 2290 fortasse
3059 2247 3089 2288 a
3129 2230 3357 2286 Platone
3403 2229 3693 2294 didicerat,

2088 2333 2221 2390 deos
2245 2330 2376 2388 nihil
2397 2343 2540 2386 esse.

1709 2516 2074 2576 VARIORUM
2109 2511 2341 2571 NOTAE.

386 2645 570 2702 gnam,
600 2629 1040 2702 Italiazupartem,
1084 2645 1115 2685 a
1162 2629 1421 2702 Dionysio
1465 2630 1740 2686 subactam
1792 2630 1976 2696 fuisse,

387 2703 633 2759 Justinus
661 2719 728 2758 ex
770 2701 951 2772 Trogo
979 2702 1218 2764 tradidit,
1247 2701 1341 2758 lib.
1391 2719 1483 2768 xx,
1507 2717 1624 2771 cap.
1654 2703 1680 2756 1
1713 2710 1767 2756 et
1793 2703 1847 2766 5,
1882 2717 1982 2756 nec

389 2775 543 2844 plura
568 2775 831 2829 Diodorus
862 2775 1078 2830 Siculus
1105 2775 1142 2829 l.
1175 2789 1284 2828 xtv.
1315 2777 1386 2829 At
1409 2775 1622 2839 Cicero,
1652 2773 1770 2843 ejus
1814 2773 1983 2844 sacri-

390 2843 589 2916 legium
613 2846 913 2913 scripturus
931 2847 966 2898 l.
987 2861 1046 2900 ιιι
1067 2844 1135 2900 de
1157 2846 1276 2900 Nat.
1292 2845 1485 2916 rdeor.,
1504 2860 1553 2900 c.
1571 2846 1662 2908 54,
1679 2845 1806 2900 dicit
1826 2843 1984 2898 :Cum

388 2919 460 2972 ad
497 2915 872 2988 Peloponesum
903 2918 1114 2988 classem
1135 2915 1440 2988 appulisset,
1475 2926 1519 2970 et
1546 2917 1599 2968 in
1621 2917 1984 2988 fanumvenis-

388 2997 466 3042 set
480 2987 624 3042 lovis
645 2988 894 3058 Olympii.
914 2987 1025 3043 Nec
1045 3004 1170 3043 vero
1187 2997 1366 3043 cessat
1378 2988 1664 3053 dubitatio,
1683 2989 1805 3058 quia
1821 2987 1982 3041 etiam

391 3060 675 3132 Syracusis
708 3064 760 3114 in
788 3070 941 3132 parte
962 3060 1227 3132 Aucradina
1261 3058 1403 3132 lovis
1454 3058 1684 3130 Olympii
1729 3059 1984 3132 templum

390 3128 529 3196 fuit;
561 3130 672 3185 Cic.
710 3133 763 3185 in
793 3128 966 3186 'Verr.
997 3131 1032 3186 l.
1064 3147 1135 3195 v1,
1161 3146 1209 3186 c.
1236 3132 1325 3187 55.
1355 3130 1449 3185 Cui
1481 3128 1700 3199 propius
1725 3137 1828 3192 est,
1863 3128 1987 3182 illa-

392 3215 504 3257 tum
536 3203 664 3257 illud
692 3218 918 3258 aureum
967 3204 1255 3258 amiculum
1284 3203 1367 3257 vel
1395 3217 1425 3255 a
1462 3201 1665 3256 Gelone
1699 3199 1904 3262 Siculo,
1937 3208 1993 3253 ut

388 3273 583 3329 Cicero
610 3274 769 3328 habet
798 3275 853 3328 d.
889 3275 927 3327 l.
952 3275 1036 3329 vel
1064 3276 1131 3328 ab
1160 3274 1395 3328 Hierone
1424 3273 1607 3339 fuisse,
1644 3275 1718 3326 uti
1743 3282 1825 3326 est
1849 3269 1990 3340 apud

390 3345 511 3400 Val.
545 3345 682 3400 Max.
713 3346 804 3399 lib.
836 3361 873 3407 t.
899 3361 948 3399 c.
976 3348 1118 3408 l,et,
1149 3347 1200 3399 in
1232 3359 1338 3414 quo
1377 3355 1602 3409 uterque
1623 3342 1989 3414 consentiunt,

388 3417 683 3472 conﬂatum
712 3433 774 3471 ex
801 3418 1068 3472 manubiis
1094 3413 1641 3486 Carthaginiensium.
1671 3413 1840 3469 CELL.

469 3508 868 3579 Dionysius.....
887 3507 1236 3564 Jocularibus.
1259 3509 1384 3562 l-lmc
1419 3507 1600 3562 omnia
1638 3506 1993 3579 pleniusﬂAr-

391 3581 548 3643 nob.,
579 3576 624 3635 1.’
651 3598 723 3646 vr,
755 3597 808 3651 p.
839 3580 966 3636 205.
1008 3580 1149 3636 Add.
1203 3580 1447 3634 Perizou.
1496 3579 1562 3651 ad
1614 3576 1816 3651 Elian.
1851 3577 1986 3651 Hist.

397 3652 527 3706 V'ar.
571 3669 606 3717 ι,
633 3670 684 3708 c.
717 3649 807 3707 ‘20.
843 3652 1190 3707 SicJustinus
1222 3653 1288 3704 de
1313 3650 1623 3705 Alexandro
1663 3649 1918 3718 quodam,
1949 3650 1987 3703 l.

393 3739 586 3788 xxxix,
617 3739 667 3777 c.
691 3723 757 3777 ἓξ
785 3723 1002 3794 Templa
1027 3724 1169 3778 Jovis
1195 3723 1426 3777 solidum
1440 3737 1509 3794 ex
1530 3737 1655 3794 auro
1673 3721 1896 3794 victoriw
1921 3721 1992 3774 si-

391 3813 556 3862 gnum
578 3795 690 3848 tolli
709 3795 876 3865 jubet,
917 3792 1098 3865 facetis
1135 3797 1268 3864 jocis
1312 3792 1992 3865 sacrilegiumcircumscri-

394 3868 557 3930 bms;
589 3863 1002 3920 nam'vicloriam
1048 3863 1443 3920 commodatam
1469 3863 1569 3917 sibi
1600 3863 1668 3916 ab
1693 3863 1826 3917 Jove
1872 3877 1994 3918 esse

392 3939 612 3992 dicebat.
650 3937 738 3994 Sic
767 3939 1010 3992 Brennus
1040 3938 1257 4008 (.lnstin.
1303 3935 1396 3989 lib.
1453 3950 1597 4008 xxiv,
1648 3949 1703 4008 _c.
1735 3933 1815 4008 6_)_
1849 3951 1995 3986 scur-

390 4011 560 4062 riliter
597 4009 828 4072 locatus,
860 4005 1132 4080 locupletes
1160 4009 1280 4062 deos
1306 4005 1594 4060 hominibus
1639 4005 1815 4076 largiri
1845 4022 1999 4076 opor-

394 4091 524 4146 tere,
555 4090 660 4134 etc.
687 4081 966 4135 Buxeusx.

469 4175 597 4228 Cum
637 4174 752 4228 Jovi
795 4174 1036 4245 Olympio
1088 4189 1299 4227 aureum
1341 4171 1616 4245 amiculum
1653 4171 1993 4245 detraxisset.

394 4246 513 4302 Hoc
545 4247 684 4300 enim
718 4242 1030 4300 ornarat‘ex
1056 4245 1324 4298 manubiis
1353 4242 1882 4311 Carthaginiensium
1910 4251 1994 4312 ty-

393 4333 602 4373 rannus
629 4317 780 4379 Gelo,
816 4327 871 4370 ut
891 4315 966 4370 ait
991 4316 1202 4372 Cicero.
1228 4315 1333 4372 Sed
1357 4315 1423 4368 de
1451 4314 1551 4367 hoc
1576 4313 1804 4383 jomilari
1853 4312 1996 4367 facto

393 4402 446 4443 et
482 4389 671 4443 facetis
711 4389 911 4452 verbis,
945 4389 1066 4442 vide
1109 4387 1379 4442 Valerium
1427 4385 1714 4440 Maximum
1770 4383 1907 4438 libro
1953 4399 1989 4449 ι,

395 4477 520 4529 cap.
549 4460 615 4514 de
643 4459 892 4530 Neglecta
926 4461 1203 4529 religione.
1244 4460 1316 4512 De
1349 4457 1450 4530 hoc
1473 4469 1524 4511 et
1574 4455 1998 4530 aliissitnilibus

396 4525 894 4601 vitleEpiphaniutn
914 4533 966 4584 in
991 4525 1318 4588 Ancborato.
1335 4528 1673 4601 Clementem
1697 4525 1994 4601 Alexandr.

399 4606 451 4658 in
493 4597 849 4672 Protreptico,
882 4603 1176 4658 Arnobium
1219 4601 1356 4656 libro
1387 4616 1463 4672 vt,
1497 4614 1560 4653 ac
1604 4599 1872 4672 Ciceroni
1904 4597 1996 4650 lib.

397 4691 515 4735 vui,
548 4675 612 4729 de
635 4667 752 4729 Nat.
788 4675 938 4729 deor.
975 4705 1039 4714 -—
1062 4673 1350 4728 Amiculum
1374 4671 1580 4725 habent.
1611 4670 1736 4723 Mss.
1770 4667 1805 4720 ἓ
1841 4667 1999 4736 Reg,

401 4747 597 4803 Brun..
623 4747 752 4800 etlit.
788 4747 943 4802 Rom.
995 4746 1152 4807 1470,
1187 4744 1382 4809 Paris.,
1406 4741 1745 4806 Ald.,Cral.,
1771 4738 2000 4808 Grapb.,

405 4819 500 4882 Is.,
531 4817 766 4883 Walch.,
801 4819 1096 4880 Amictum;
1125 4818 1148 4870 l
1176 4815 1434 4878 Clarom.,
1467 4812 1788 4866 amictulum.

481 4909 700 4964 Auream
747 4909 956 4962 barbam
1013 4908 1284 4962 detrahens
1329 4905 1660 4974 ZEsculapio.
1721 4902 1855 4958 Vide
1917 4901 2008 4956 Ci-

406 4996 524 5036 cer.
578 4991 632 5036 et
661 4981 838 5036 Valer.
884 4980 974 5034 dd.
1025 4981 1106 5046 ll.;
1140 4977 1484 5046 IEsculapius
1527 4985 1706 5029 autem
1751 4976 2006 5046 barbatus

410 5052 737 5120 ﬁngebatur,
792 5051 981 5107 senilis
1023 5044 1343 5120 prudentiae,
1371 5044 1604 5120 'medicp
1658 5044 2004 5120 necessariae,

404 5116 774 5195 signiﬁcanda:
825 5116 1312 5179 causabeallicus
1365 5127 1518 5190 poeta
1551 5117 1732 5173 Carm.
1768 5116 1860 5170 56.

568 5236 764 5287 lntonsa
788 5250 988 5300 semper
1009 5234 1285 5298 Esculapio
1310 5233 1461 5284 barba
1488 5236 1583 5281 est.
1679 5228 1818 5280 CELL.

483 5340 805 5396 Imberbis...
835 5342 1019 5395 adhuc.
1065 5342 1139 5395 lta
1195 5338 1334 5394 idem
1391 5336 1588 5406 Apollo
1639 5333 1859 5388 Horatio
1888 5331 1924 5385 l.
1957 5345 2010 5392 ιν

408 5412 616 5474 Camn,
649 5431 700 5469 c.
732 5413 785 5473 6.
843 5412 1040 5467 dicitur
1092 5412 1250 5465 (levis.
1302 5409 1500 5464 Minue.
1544 5406 1775 5461 Felicem
1827 5411 2010 5457 noster

412 5488 658 5554 sequitur
679 5501 727 5538 c.
753 5485 817 5537 21
857 5503 867 5536 :
903 5485 1088 5556 Apollo
1115 5493 1184 5536 tot
1213 5483 1448 5536 aetatibus
1472 5480 1640 5543 heris,
1673 5474 2011 5545 xEsculapius

412 5561 535 5609 bene
561 5557 821 5619 barbatus,
851 5555 954 5610 etc.
990 5555 1265 5609 BUNEMAN.
1429 5595 1438 5604 .

485 5633 668 5690 Laruis.
708 5636 850 5689 Bene
884 5635 1219 5690 t'eSIituimus
1250 5650 1314 5686 ex
1348 5647 1449 5685 ms.
1475 5649 1490 5686 ι
1519 5630 1756 5685 Clarom.
1782 5634 1835 5680 et
1875 5623 2006 5678 edit.

416 5705 611 5772 Fasit.,
641 5706 837 5772 Torn.,
866 5706 1158 5770 Soubron.,
1189 5704 1472 5769 Thomas.,
1515 5703 1739 5764 Cellar.,
1773 5696 2010 5772 Walcb.,

413 5779 521 5835 Sex
541 5770 632 5836 alii
653 5770 842 5848 scripti
885 5793 1005 5834 cum
1028 5779 1061 5832 4
1105 5777 1262 5833 editis
1293 5775 1491 5832 habent
1530 5773 1684 5839 levis;
1719 5772 1750 5826 5
1781 5770 1934 5840 lleg.,
1981 5771 2014 5824 1

2087 2625 2270 2688 Colb.,
2299 2639 2314 2676 ι
2347 2619 2610 2684 Clarom.,
2642 2617 2805 2673 Brun.
2837 2624 2892 2672 et
2913 2617 3046 2672 edit.
3079 2616 3238 2671 Rom.
3270 2615 3431 2683 “70,
3465 2617 3613 2672 lenis.

2159 2695 2396 2757 Poteras,
2427 2701 2473 2746 et
2500 2691 2726 2754 exuvias,
2754 2700 2802 2742 et
2829 2705 3052 2758 parva...
3081 2690 3271 2758 sigilla.
3322 2689 3523 2744 Eadem
3555 2689 3690 2744 Tul-

2087 2769 2192 2824 lius
2229 2769 2265 2820 l.
2319 2780 2377 2818 ιιι
2419 2763 2487 2818 de
2532 2761 2652 2815 Nat.
2701 2761 2878 2824 deor.,
2933 2776 3052 2829 cap.
3099 2761 3187 2825 54,
3230 2776 3387 2828 quem
3442 2760 3686 2815 consule.

2086 2839 2205 2909 Ipse
2250 2835 2569 2899 Victoriolas,
2616 2843 3203 2909 pulcram-coronasque
3238 2841 3570 2909 γοωμένη
3617 2831 3694 2885 si-

2088 2901 2436 2964 mulacrorum
2463 2901 2706 2974 porreglis
2731 2903 2963 2974 manibus
2983 2902 3382 2956 sustinebantur.
3408 2901 3586 2974 Ceu“
3615 2930 3688 2941 —

2091 2980 2330 3035 Parva...
2361 2972 2550 3046 sigilla.
2605 2972 2762 3028 Conf.
2793 2983 2908 3027 not.
2941 2975 3008 3028 ad
3039 2975 3075 3029 l.
3105 2987 3197 3039 vn,
3244 2989 3291 3029 c.
3315 2975 3372 3040 5,
3398 2973 3687 3045 Tamquam

2012 3079 2059 3142 C
2089 3051 2419 3142 ‘igli’anfilfif

2172 3122 2432 3176 Protentis
2483 3116 2734 3171 manibus.
2782 3116 2871 3171 Sic
2918 3125 3066 3171 recte
3117 3115 3346 3172 secunda
3402 3117 3559 3173 M78.
3595 3116 3694 3172 Vi-

2097 3195 2236 3248 tiose
2267 3189 2814 3270 pritna78,_.potentis.
2846 3187 3088 3270 S‘ublacq
3113 3188 3289 3270 llost.,
3317 3187 3450 3270 v99.
3485 3189 3689 3270 95,_§l'l,

2097 3258 2362 3336 portentis.
2395 3261 2508 3316 Cic.
2549 3258 2641 3313 lib.
2677 3275 2734 3312 ιιι
2766 3258 3062 3341 ι1θ.Ν;ιιιιι’ςι
3103 3261 3254 3314 deor.
3290 3275 3338 3314 c.
3368 3261 3458 3326 5t;
3488 3270 3541 3314 et
3575 3260 3690 3314 Val.

2096 3336 2236 3390 Max.
2261 3338 2296 3389 l.
2327 3351 2364 3395 ι,
2399 3343 2510 3388 est.
2538 3333 2605 3385 '5:
2632 3329 2890 3384 Porrectts
2911 3332 3163 3398 manibus,
3189 3331 3333 3397 quod
3355 3341 3456 3398 est,
3485 3341 3692 3400 proten-

2261 3371 2296 3389 ..
2327 3371 2364 3395 .,
2399 3371 2510 3388 νη..
2539 3371 2605 3385 υ.
2632 3371 2654 3383 -
2682 3371 2889 3384 ....-....
2911 3371 3141 3385 ............-
3229 3371 3333 3385 ην..
3355 3371 3434 3386 να.

2099 3407 2183 3474 tis,
2216 3425 2246 3458 a
2269 3403 2535 3475 protendo.
2562 3403 2840 3456 BUNEMAN.
3069 3473 3093 3475 η
3123 3373 3163 3475 η’
3189 3371 3223 3397 Ὶ
3243 3471 3266 3475 _
3293 3473 3322 3475 η
3432 3371 3456 3475 _’

2175 3471 2503 3548 Iteqnutttque
2549 3490 2638 3548 per
2672 3488 2928 3548 unumst"
2962 3472 3193 3548 tradidit.
3232 3471 3387 3548 ‘Lib._
3414 3473 3482 3527 de
3533 3474 3689 3531 Mort.

2101 3542 2340 3608 Perseo,
2365 3542 2528 3599 θέει.
2550 3542 2648 3599 Sic
2669 3543 2849 3597 Livius
2875 3543 2910 3596 Ι.
2954 3559 2995 3611 t,
3033 3560 3083 3600 c.
3115 3543 3184 3597 5:
3207 3542 3454 3599 Aventino
3483 3562 3695 3616 regnum

2101 3635 2188 3669 ver
2214 3635 2393 3669 manus
2422 3615 2654 3668 tradidit.
2695 3614 2976 3669 BUNEIAN.

2099 3635 2188 3689 per
2214 3635 2393 3672 manus
2422 3626 2654 3668 tradidit.
2695 3626 2976 3669 BUNEIAN.

2173 3687 2295 3744 Non
2336 3696 2586 3758 poterant.
2615 3686 2743 3742 Mss.
2770 3686 2804 3740 4
2831 3685 2984 3742 Colb.
3018 3697 3070 3742 et
3117 3687 3312 3756 Brun.,
3363 3704 3466 3744 non
3515 3701 3694 3760 potue-

2098 3769 2433 3900 ⁷Ἢθὸλιοιοιιιὶι.
2464 3828 2570 3884 Pro
2609 3829 2931 3900 aportuisset,
2974 3838 3031 3882 ut
3066 3829 3160 3883 lib.
3186 3845 3259 3893 v1,
3292 3845 3414 3900 cap.
3445 3832 3516 3886 ει
3539 3875 3554 3894 .
3587 3832 3700 3888 Ρο-

2101 3903 2195 3955 tuit
2226 3897 2232 3900 ⁷
2258 3903 2277 3973 (
2310 3917 2404 3970 pro
2440 3897 2731 3973 potuisset)
2789 3917 2894 3973 esge
2915 3916 3058 3953 verus
3103 3900 3202 3954 Dei
3231 3897 3416 3967 cultor,
3441 3905 3484 3958 si
3509 3907 3692 3971 quis...

2108 3971 2456 4046 nicust-mssa,
2493 3972 2528 4026 l.
2558 3972 2626 4046 de
2653 3971 2810 4046 Mort.
2840 3971 3057 4046 Perseo.
3091 3987 3212 4042 cap.
3239 3974 3304 4026 ’Ξῖ
3328 3992 3339 4026 :
3363 3973 3428 4046 In
3455 3975 3578 4046 fuga
3601 3992 3697 4045 0p-

2109 4046 2262 4114 primi
2289 4045 2440 4114 facile
2469 4044 2658 4110 potuit,
2691 4043 2736 4096 si
2761 4043 3017 4112 quispiam
3039 4055 3344 4112 sequeretur.
3375 4043 3652 4101 Bonnam.

2179 4114 2419 4183 Equulei.
2467 4114 2713 4184 Figuram
2763 4122 2820 4167 et
2865 4115 3278 4182 descriptionem
3336 4117 3544 4184 equulei
3611 4118 3700 4172 Pi-

2111 4185 2276 4242 tiscus
2330 4185 2395 4239 ad
2438 4184 2588 4239 Curt.
2615 4186 2651 4238 1.
2683 4201 2758 4246 vt,
2788 4199 2838 4238 c.
2877 4185 2962 4246 l0,
2997 4194 3108 4238 not.
3145 4185 3507 4249 19,exbibuit.
3539 4185 3696 4241 Conf.

2106 4257 2302 4323 Cuper.
2347 4257 2411 4310 ad
2454 4257 2489 4310 Ι.
2535 4257 2602 4310 de
2631 4255 2787 4310 Mort.
2817 4256 3090 4309 Persecat.
3139 4273 3257 4322 cap.
3291 4257 3381 4310 25.
3416 4257 3697 4312 Bassum.

2184 4330 2351 4396 Quum
2391 4329 2626 4396 puniunt.
2676 4327 2877 4382 Eadem
2911 4327 3000 4378 lib.
3045 4343 3097 4386 v,
3149 4341 3266 4394 cap.
3330 4327 3422 4380 20.
3455 4328 3585 4394 Qua:
3637 4330 3703 4382 li-

2024 4425 2078 4486 D
2106 4412 2190 4455 cet
2240 4398 2934 4486 smpiu‘snuugeaut‘l’at‘res,
3045 4412 3097 4486 β.
3150 4396 3451 4486 Cyprianus
3480 4399 3545 4451 ad
3591 4399 3699 4453 De-

2107 4481 2294 4534 metr.,
2318 4467 2378 4522 ’c.
2410 4469 2495 4531 1‘2,
2527 4469 2617 4522 lol.
2647 4467 2774 4530 528;
2805 4467 3008 4520 Arnob.
3045 4470 3077 4520 l.
3103 4482 3142 4530 ι,
3172 4470 3330 4536 ν.11,
3353 4479 3497 4524 recte
3519 4479 3700 4525 tamen

2105 4552 2289 4597 monet
2319 4539 2582 4593 lleraldus
2605 4539 2670 4593 ad
2700 4537 2902 4592 Arnob.
2948 4539 2984 4591 Ι.
3010 4553 3050 4601 1,
3099 4556 3151 4607 p.
3197 4539 3286 4605 18,
3333 4555 3414 4608 Sil.
3448 4558 3553 4594 nott
3587 4540 3704 4596 ltzlrc

2106 4629 2232 4667 vera
2262 4625 2382 4666 esse
2403 4611 2736 4679 ualeas-quia
2770 4609 2908 4662 Deus
2935 4611 3043 4664 vult
3071 4609 3403 4679 impietatem
3429 4612 3497 4667 ab
3527 4611 3702 4667 homi-

2110 4685 2268 4739 nibus
2294 4682 2453 4736 etiatn
2480 4683 2675 4750 puniri.
2715 4679 2993 4735 Bonnam.

2180 4755 2298 4810 Illis
2341 4753 2656 4824 potissimum
2686 4769 2806 4805 non.
2864 4753 3050 4808 Melius
3102 4752 3213 4808 fere
3253 4753 3416 4808 Golh.
3465 4753 3702 4811 Reimm.

2108 4838 2162 4883 et
2190 4827 2335 4894 Lips.
2369 4835 2510 4878 tert:
2538 4823 2644 4878 Cur
2691 4824 2822 4877 enim
2862 4840 2964 4878 non
3013 4824 3138 4895 ipsis
3176 4826 3493 4894 potissimum
3544 4826 3704 4881 relin-

2108 4910 2266 4970 quant
2291 4899 2316 4951 ?
2347 4896 2622 4950 BUNEMAN.

2184 4971 2333 5040 Ipsos
2351 4977 2626 5040 expectant
2641 4964 2952 5040 pwnw.hlss.
2971 4966 3004 5020 5
3017 4965 3169 5021 Colb.
3182 5009 3194 5030 ,
3209 4966 3333 5022 Jun.
3347 4965 3624 5033 ,Rustoch.
3637 5009 3654 5035 ,
3670 4968 3698 5021 1

2109 5038 2347 5098 Clarum.
2379 5039 2574 5092 etedit.
2612 5038 2768 5090 liom.
2796 5039 2955 5104 M70,
2986 5040 3123 5107 ipsos
3155 5049 3420 5106 expectant
3453 5054 3641 5107 paence;
3668 5041 3696 5094 1

2110 5114 2263 5169 Colb.
2289 5126 2340 5170 et
2366 5113 2389 5165 1
2414 5109 2650 5164 Clarum.
2674 5124 2703 5162 a
2731 5111 2961 5162 secunda
2987 5125 3168 5175 manu,
3195 5119 3471 5178 exponant.
3502 5109 3705 5179 Scripti

2115 5189 2138 5240 1
2169 5187 2300 5240 Bon.
2331 5183 2498 5250 antiq.
2530 5189 2585 5234 et
2612 5180 2781 5250 Cauc.
2807 5179 3025 5246 habent,
3047 5183 3097 5234 in
3116 5182 3250 5249 ipsos
3266 5189 3500 5249 expetant
3517 5195 3702 5250 preme.

2111 5262 2241 5327 Quae
2272 5257 2430 5313 lectio
2481 5255 2716 5323 placeret
2764 5249 2918 5316 Isaeo,
2973 5253 3016 5305 si
3049 5254 3306 5320 scriptum
3348 5252 3554 5319 luisset,
3600 5269 3708 5322 pa:-

2113 5349 2226 5385 nas.

2191 5401 2376 5456 Putcnt
2405 5398 2466 5452 ob
2495 5395 2664 5448 aliena
2691 5397 2902 5447 scelera.
2936 5390 3061 5445 Mss.
3092 5392 3126 5446 4
3151 5392 3449 5449 Colbertini
3481 5401 3536 5448 et
3563 5395 3698 5450 etlit.

2113 5475 2271 5530 Rom.
2305 5477 2321 5525 l
2339 5471 2459 5532 170,
2485 5475 2682 5536 putant.

2188 5543 2464 5599 Comitibus
2485 5533 2620 5591 suis.
2651 5533 2777 5590 Vide
2808 5533 2947 5604 apud
2989 5533 3164 5591 Cicer.
3190 5534 3242 5590 iu
3278 5535 3384 5592 line
3432 5537 3523 5593 lib.
3556 5553 3612 5593 ιιι
3638 5537 3705 5591 de

2114 5617 2311 5672 Natura
2340 5617 2580 5668 deorum.

2191 5689 2427 5742 Platone.
2452 5679 2730 5766 Quemdiu
2757 5694 2939 5766 secpm
2970 5680 3499 5766 habuitpipuysins,
3531 5688 3585 5732 ut
3613 5691 3709 5746 pa-

2121 5771 2199 5820 tet
2234 5771 2342 5816 tum
2376 5775 2443 5813 ex
2473 5753 2708 5820 Lutatio,
2744 5751 2940 5809 tum‘ex
2969 5751 3212 5822 epistolis
3242 5751 3548 5806 Platonicis.
