4174 6200
443 294 556 349 Ξῖῦ
1540 289 1725 347 FIRM.
1770 288 2106 346 LACTANT.
2155 288 2352 346 DIVIN.
2389 289 2629 348 INSTIT.

3652 291 3758 346 ΞΠῐί

513 410 654 479 Quid
682 410 840 465 Caius
879 406 1113 464 Verres?
1143 419 1302 478 quem
1331 405 1558 472 Tullius,
1589 415 1873 461 accusator
1902 405 2038 474 ejus,
2071 408 2121 468 Α
2150 405 2323 460 Marce
2340 406 2501 471 Tulli,
2530 406 2632 461 hoc
2654 411 2756 470 est,
2777 403 2842 460 ad
2864 405 3158 470 hominem,
3185 405 3350 462 Siculi
3373 407 3756 479 confugerunt;

443 505 618 560 eidem
650 502 925 574 Dionysio,
957 509 1013 556 et
1065 499 1359 568 Phalaridi,
1388 510 1443 556 et
1496 500 1760 573 tyrannis,
1791 501 2042 555 omnibus

441 605 739 668 comparat.
771 593 959 650 Nonne
987 609 1202 650 omnem
1235 594 1473 650 Siciliam
1502 593 1834 662 compilavit,
1861 593 2041 648 subla-

441 690 513 746 tis
559 687 788 744 deorum
843 686 1189 754 simulacris,
1265 686 1705 756 ornamentisque
1762 684 2043 740 fanorum?

443 783 686 840 Otiosum
715 788 799 836 est
819 780 1070 850 persequi
1093 779 1322 850 singula.
1350 778 1528 837 Unum
1563 781 1694 834 libet
1719 793 2044 833 commemo-

438 887 564 930 rare
589 871 742 942 (Vid.
803 870 1001 927 Verria.
1031 870 1107 945 tv)
1140 872 1191 926 in
1220 887 1326 943 quo
1348 880 1630 927 accusator
1659 869 1908 926 omnibus
1929 871 2044 924 elo-

440 965 678 1038 quentiae
707 965 933 1029 viribus,
969 965 1115 1021 omni
1145 963 1380 1036 denique
1402 974 1600 1020 conatu
1628 964 1777 1020 vocis
1817 973 1870 1018 et
1916 978 2037 1018 cor-

439 1059 590 1132 poris
614 1057 938 1128 deploravit,
969 1059 1037 1114 de
1063 1057 1265 1114 Cerere
1288 1057 1588 1124 Catinensi,
1641 1058 1725 1112 vel
1757 1057 1998 1113 Ennensi
2027 1075 2040 1122 ;

442 1161 669 1222 quarum
692 1148 914 1204 alterius
945 1156 1088 1203 tanta
1113 1148 1211 1202 fuit
1236 1149 1446 1220 religio,
1467 1159 1524 1204 ut
1550 1143 1698 1204 adire
1723 1147 1908 1218 templi
1929 1147 2044 1217 ejus

443 1251 651 1299 secreta
675 1241 979 1312 penetralia
1009 1241 1138 1297 viris
1166 1241 1314 1298 nefas
1357 1249 1532 1309 esset;
1565 1241 1788 1298 alterius
1808 1242 2038 1313 antiqui-

441 1343 525 1389 tas
553 1342 719 1398 tanta,
749 1343 806 1388 ut
833 1348 1022 1390 omnes
1075 1335 1312 1390 historia:
1369 1334 1658 1406 loquantur
1687 1333 1856 1406 ipsam
1885 1333 2042 1390 deam

439 1427 692 1499 frugesin
720 1426 886 1483 Enna:
909 1429 1025 1484 solo
1043 1429 1272 1499 primum
1302 1431 1594 1501 reperisse,
1628 1429 1899 1502 filiamque
1927 1430 2044 1500 ejus

440 1522 704 1591 virginem
734 1533 799 1576 ex
829 1517 1020 1576 eodem
1052 1521 1174 1576 loco
1191 1531 1420 1592 raptam.
1455 1523 1696 1594 Denique
1713 1519 2046 1578 Gracchanis

441 1612 798 1683 temporibus,
832 1613 1041 1669 turbata
1071 1614 1343 1684 republica
1371 1621 1428 1670 et
1472 1613 1829 1670 seditionibus
1861 1625 1913 1670 et
1957 1629 2045 1670 os-

443 1704 624 1773 tentis,
657 1719 777 1759 cum
813 1713 1083 1775 repertum
1127 1715 1271 1762 esset
1299 1707 1350 1761 in
1383 1707 1711 1763 carminibus
1765 1707 2044 1780 Sibyllinis

2147 497 2399 567 quoniam
2425 495 2658 552 triennio
2688 497 3034 566 suntexperti
3063 497 3196 553 deos
3223 497 3343 552 illos
3367 497 3500 553 nihil
3549 498 3756 554 valere.

2147 591 2345 646 Essent
2375 591 2516 646 enim
2546 589 2872 654 stultissimi,
2899 591 2941 646 si
2962 590 3027 645 ad
3056 605 3150 646 eos
3181 591 3250 647 ob
3281 590 3654 648 defendendas
3678 593 3760 647 in-

2143 682 2314 753 jurias
2346 681 2622 737 hominum
2649 680 3039 752 cenl'ugissent,
3065 683 3154 753 qui
3185 681 3312 738 Caio
3336 682 3490 739 Verri
3527 698 3626 738 nec
3660 699 3760 755 pro

2150 774 2350 842 seipsis
2372 772 2492 828 irati
2523 788 2645 828 esse
2669 781 2980 844 potuerunt.
3016 776 3085 829 At
3130 776 3274 830 enim
3315 773 3514 831 Verres
3543 777 3613 832 ob
3644 777 3761 832 hrec

2148 865 2388 924 facinora
2430 869 2717 923 damnatus
2743 875 2843 923 est.
2880 867 2997 923 Non
3028 884 3157 940 ergo
3199 868 3272 924 dii
3323 869 3755 939 vindicaverunt,

2148 962 2241 1018 sed
2275 961 2548 1018 Ciceronis
2579 961 2864 1029 industria,
2885 977 2988 1032 qua
3020 963 3106 1018 vel
3160 961 3476 1018 defensores
3521 963 3639 1035 ejus
3662 980 3759 1036 op-

2147 1051 2362 1125 pressit,
2396 1055 2477 1110 vel
2523 1055 2712 1124 gratia:
2741 1055 2959 1110 restitit.
2994 1053 3154 1124 Quid,
3207 1053 3353 1125 quod
3398 1055 3541 1126 apud
3581 1057 3757 1127 ipsum

2148 1149 2371 1205 Verrem
2398 1165 2505 1205 non
2538 1147 2636 1204 fuit
2658 1147 2748 1203 illa
2776 1145 3073 1215 damnatio,
3105 1147 3199 1204 sed
3226 1149 3464 1204 vacatio?
3496 1158 3756 1221 utquem-

2147 1240 2441 1296 admodum
2494 1239 2752 1313 Dionysio
2805 1241 3030 1296 deorum
3073 1241 3244 1310 spolia
3293 1239 3524 1311 gestanti
3553 1240 3625 1295 dii
3660 1241 3760 1294 im-

2148 1334 2405 1390 mortales
2434 1335 2630 1389 bonam
2674 1331 2938 1389 dederant
2988 1332 3408 1403 navigationem,
3459 1332 3538 1388 sic
3591 1334 3756 1388 etiam

2151 1427 2307 1482 Verri
2335 1428 2532 1483 bonam
2563 1429 2798 1499 quietem
2830 1425 3086 1483 tribuisse
3115 1427 3418 1494 videantur,
3447 1427 3498 1482 in
3540 1443 3644 1499 qua
3672 1443 3758 1481 sa-

2150 1518 2387 1591 crilegiis
2417 1522 2528 1575 suis
2545 1520 2834 1591 tranquille
2865 1517 2966 1574 frui
2999 1527 3204 1589 posset.
3235 1520 3368 1574 Nam
3399 1517 3757 1576 frementibus

2149 1623 2336 1684 postea
2367 1611 2614 1668 civilibus
2661 1612 2839 1678 bellis,
2889 1613 2989 1667 sub
3028 1611 3251 1668 obtentu
3301 1612 3661 1667 damnationis
3687 1612 3756 1668 ab

2150 1709 2299 1763 omni
2325 1707 2567 1778 periculo
2593 1713 2647 1762 ει
2669 1717 2813 1762 metu
2838 1715 3103 1770 remotus,
3132 1706 3360 1760 aliorum
3384 1721 3576 1776 graves
3597 1720 3756 1760 casus

441 1796 870 1866 antiquissimam
911 1795 1166 1852 Cererem
1197 1796 1397 1853 debere
1437 1799 1658 1869 placari,
1708 1799 1866 1869 legati
1915 1806 2039 1852 sunt
2070 1801 2116 1861 B
2145 1809 2199 1857 et
2225 1801 2562 1857 miserabiles
2591 1797 2768 1856 exitus
2802 1791 3077 1864 audiebat,
3109 1799 3268 1870 etqui
3296 1797 3560 1852 cecidisse
3607 1798 3757 1852 solus

440 1888 651 1943 Ennatn
684 1889 853 1945 missi.
891 1889 1015 1945 llmc
1074 1890 1232 1962 igitur
1259 1891 1424 1947 Ceres
1471 1893 1552 1947 vel
1603 1891 2036 1963 religiosissima,

441 1997 601 2052 quam
675 1982 856 2037 ridere
909 1983 1147 2038 maribus
1205 2000 1274 2039 ne
1327 1984 1585 2040 adorandi
1637 1984 1856 2056 quidem
1917 2001 2040 2055 gra-

441 2077 512 2130 tia
563 2075 777 2139 licebat,
825 2076 908 2131 vel
975 2075 1385 2147 antiquissima,
1441 2091 1599 2148 quam
1655 2077 1884 2134 Senatus
1935 2076 2042 2131 Po-

438 2169 705 2241 pulusque
763 2169 1036 2225 Romanus
1075 2169 1353 2227 sacrificiis
1407 2170 1669 2242 donisque
1713 2169 2039 2241 placaverat,

441 2278 506 2319 ex
560 2263 770 2318 arcanis
820 2273 874 2317 et
926 2265 1152 2319 vetustis
1207 2261 1601 2334 penetralibus,
1633 2263 1817 2321 aCalo
1855 2265 2039 2332 Verre,

441 2355 702 2410 immissis
767 2354 1063 2410 latronibus
1129 2357 1344 2423 servis,
1412 2357 1628 2427 impune
1675 2354 1880 2412 sublata
1940 2361 2040 2412 est.

441 2445 590 2501 Idem
644 2461 773 2501 vero
823 2461 944 2500 cum
987 2446 1283 2502 affirmaret
1329 2463 1386 2503 se
1434 2465 1462 2502 a
1517 2449 1753 2515 Siculis,
1805 2459 1860 2503 ut
1912 2464 2042 2505 cau-

443 2551 558 2592 sam
600 2537 892 2607 provincia:
933 2538 1248 2607 susciperet,
1299 2547 1530 2605 oratum,
1588 2539 1671 2593 his
1719 2541 1896 2595 verbis
1918 2551 2045 2595 usus

445 2637 569 2684 est:
603 2645 621 2679 ι
659 2627 791 2684 Sese
817 2627 926 2698 jam
973 2644 1040 2684 ne
1070 2629 1203 2685 deos
1230 2630 1446 2701 quidem
1480 2632 1530 2684 in
1561 2633 1672 2687 suis
1699 2631 1942 2698 urbibus,
1977 2633 2044 2687 ad

445 2735 582 2791 quos
626 2720 1000 2793 confugerent,
1055 2721 1282 2789 habere;
1341 2723 1485 2793 quod
1527 2738 1714 2780 eorum
1761 2725 2044 2781 simulacra

445 2814 784 2872 sanctissima
809 2813 869 2870 C.
905 2814 1100 2872 Verres
1122 2832 1192 2871 ex
1215 2816 1456 2872 delubris
1477 2818 1902 2888 religiosissimis
1929 2834 2047 2874 sus-

442 2907 693 2966 tulisset:
734 2924 752 2961 ι
783 2909 934 2975 quasi
961 2923 1090 2963 vero
1111 2910 1154 2964 si
1187 2907 1382 2965 Verres
1409 2925 1474 2964 ex
1504 2910 1727 2966 urbibus
1781 2909 2048 2967 delubris-

449 3013 552 3067 que
575 2999 888 3065 sustulerat,
917 3000 984 3054 de
1023 3000 1163 3056 coelo
1187 3017 1398 3070 quoque
1421 3002 1731 3057 sustulerat.
1761 2999 1917 3060 Unde
1943 3018 2041 3074 ap-

447 3101 602 3158 paret
657 3091 787 3148 istos
817 3091 948 3148 deos
991 3092 1122 3148 nihil
1161 3093 1356 3152 habere
1401 3095 1452 3148 in
1507 3109 1567 3150 se
1603 3094 1836 3166 amplius
1885 3111 2045 3167 quam

2155 1891 2425 1948 universis
2479 1891 2748 1946 stantibus
2803 1888 3121 1952 videbatur,
3189 1887 3234 1942 is
3302 1902 3430 1943 vero
3482 1889 3755 1944 universis

2153 1983 2466 2040 cadentibus
2511 1984 2660 2037 solus
2727 1982 2917 2048 stetit,
2982 1978 3154 2036 donec
3218 1979 3367 2035 illum
3435 1988 3490 2035 et
3563 1980 3757 2050 Opibus

2154 2078 2435 2149 sacrilegio
2483 2077 2650 2148 partis
2696 2083 2752 2131 et
2818 2075 2924 2129 vita
2982 2075 3274 2140 satiatum,
3345 2088 3409 2129 ac
3480 2081 3758 2129 senectute

2155 2166 2484 2232 confectum,
2513 2164 2838 2238 proscriptio
2861 2165 3209 2221 triumviralis
3255 2163 3516 2231 auferret,
3567 2166 3755 2221 eadem

2156 2261 2362 2317 scilicet
2383 2274 2503 2330 quae
2525 2255 2759 2313 Tullium
2786 2256 2997 2312 violata:
3023 2255 3251 2312 deorum
3281 2256 3577 2326 majestatis
3609 2257 3754 2311 ulto-

2154 2369 2289 2408 rem.
2321 2353 2458 2420 Quin
2490 2352 2648 2406 etiam
2677 2350 2800 2406 felix
2833 2349 2966 2405 ineo
2989 2347 3246 2420 ipsoj‘uit,
3273 2347 3414 2418 quod
3445 2357 3569 2404 ante
3598 2365 3749 2404 suam

2155 2453 2384 2499 mortem
2412 2441 2842 2498 crudelissimum
2873 2441 3076 2497 exitum
3105 2443 3187 2496 sui
3238 2441 3569 2496 accusatoris
3612 2441 3756 2497 audi-

2154 2535 2228 2590 vit
2246 2551 2258 2600 ;
2275 2533 2376 2588 diis
2394 2533 2650 2589 videlicet
2666 2532 3158 2604 providentibus,ut
3175 2533 3470 2602 sacrilegus
3500 2548 3562 2587 ac
3579 2533 3757 2603 prazdo

2154 2628 2245 2685 ille
2274 2627 2591 2698 religionum
2643 2641 2886 2692 suarum,
2943 2641 3049 2680 non
3082 2635 3212 2681 ante
3239 2635 3544 2682 moreretur
3596 2640 3754 2696 quam

2155 2722 2407 2777 solatium
2435 2721 2502 2777 de
2523 2720 2728 2776 ultione
2750 2721 3002 2791 cepisset.

2774 2807 3007 2870 CAPUT
3067 2811 3133 2868 Υ.

2159 2906 2310 2974 Quod
2338 2905 2476 2960 solus
2497 2905 2721 2959 omnium
2751 2912 2947 2958 creator
2968 2903 3112 2959 Deus
3131 2912 3203 2959 est
3229 2905 3488 2971 colendus,
3515 2923 3616 2961 non
3641 2922 3759 2962 vero

2227 3000 2488 3066 elementa,
2518 3014 2607 3053 nec
2629 3014 2846 3070 corpora
2864 2998 3086 3053 caelestia
3111 3016 3123 3054 :
3151 2998 3527 3072 Rcfelliturque
3556 3000 3761 3056 Stoico-

2229 3111 2342 3148 rum
2365 3094 2634 3159 scutentia,
2661 3096 2745 3164 qui
2775 3092 2952 3148 stellas
2981 3101 3028 3150 et
3057 3101 3199 3148 astra
3233 3092 3352 3148 deos
3377 3104 3580 3165 putant.

452 3181 732 3237 materiam
762 3182 832 3240 de
849 3198 953 3254 qua
975 3194 1103 3242 sunt.
1130 3185 1394 3241 fabricati.
1424 3186 1534 3242 Nec
1567 3187 1836 3242 immerito
1865 3189 1932 3243 ad
1973 3199 2044 3257 te,
2076 3181 2123 3245 C
2225 3189 2441 3256 Quanto
2465 3188 2626 3258 igitur
2651 3188 2853 3242 rectius
2882 3199 2986 3255 est,
3015 3187 3232 3243 omissis
3261 3187 3667 3246 insensibilibus
3698 3201 3751 3246 et

1815 3374 2169 3434 VARlOllUM
2208 3373 2438 3434 NOTAE.

521 3536 818 3590 Accusator.
847 3535 961 3592 Cic.
983 3537 1036 3592 in
1059 3536 1242 3601 Verr.,
1277 3545 1382 3594 act.
1415 3552 1487 3602 Vl,
1518 3538 1570 3594 in
1599 3537 1722 3595 fine.

524 3628 800 3684 Catinensi.
836 3630 911 3684 ita
952 3632 1169 3699 reposui
1221 3643 1286 3686 ex
1319 3643 1449 3686 mss.
1501 3634 1796 3695 codicibus,
1845 3645 1899 3689 et
1937 3644 2045 3690 vet.

453 3701 798 3775 editisliom.
830 3701 987 3775 14633,
1025 3702 1181 3756 1470.
1226 3701 1435 3775 Dicitur
1481 3705 1641 3775 etiam
1696 3720 1722 3758 a
1752 3705 2050 3775 Pomponio

449 3771 585 3828 Mela
610 3773 829 3836 Catina;
859 3789 887 3826 a
915 3771 1176 3828 Cicerone
1211 3771 1395 3827 Catina
1424 3777 1508 3829 vel
1537 3773 1739 3840 Catine,
1769 3771 1948 3831 εει.ἰνι
1997 3779 2048 3832 in

454 3843 681 3897 Verrem
713 3844 762 3895 in
794 3845 928 3906 line;
959 3853 1012 3896 et
1035 3844 1164 3897 Silio
1189 3845 1280 3897 lib.
1311 3859 1426 3898 xttt.
1480 3845 1624 3899 Multi
1679 3849 1805 3901 editi
1851 3847 2052 3902 habent

454 3912 953 3969 Catanensi.Catina
979 3929 1106 3968 vero
1151 3928 1292 3968 nunc
1341 3926 1421 3968 est
1465 3916 1661 3970 Catane
1699 3918 1765 3972 ad
1815 3919 2048 3975 radicem

455 3983 636 4060 [Etnre
682 3983 903 4060 montis,
935 3999 963 4037 a
992 3984 1151 4060 cujus
1185 3985 1607 4057 conflagratione
1635 3989 1858 4043 tnultum
1895 4006 2049 4060 passa

457 4065 540 4110 est
571 4053 653 4110 his
675 4055 877 4110 ultimis
905 4053 1259 4126 temperibus.

531 4145 975 4220 Ennensi.”£wn,
1024 4147 1198 4212 Enna,
1245 4148 1372 4204 urbs
1404 4149 1454 4203 in
1488 4147 1787 4206 meditullio
1834 4151 2054 4220 Siciliae,

458 4219 618 4274 etiam
647 4219 928 4275 Strabonis
949 4229 1005 4274 et
1049 4221 1200 4274 Mela:
1250 4221 1592 4288 testimoniis,
1652 4221 1866 4277 Cereris
1909 4219 2058 4279 cultu

459 4289 676 4344 nobilis.
708 4290 796 4344 Sic
815 4291 972 4345 etiam
989 4293 1131 4360 apud
1151 4292 1504 4348 Claudianum
1526 4303 1580 4348 et
1601 4293 1790 4350 Silium
1814 4293 2057 4351 Italicum

459 4360 623 4417 Ceres
650 4361 833 4416 Ennea
867 4365 1190 4418 nominatur.

532 4452 754 4508 Alterius
784 4463 927 4506 tanta

459 4523 720 4592 religione
745 4525 860 4595 ejus
887 4522 1000 4580 Cic.
1030 4525 1082 4580 d.
1121 4527 1154 4580 l.
1181 4522 1304 4598 cap.
1340 4530 1428 4582 65.
1458 4525 1625 4583 Οειι.

535 4613 852 4669 Gracchanis
885 4618 1213 4685 temporibus.
1245 4616 1378 4672 Cum
1398 4617 1615 4674 Tiberio
1641 4619 1888 4674 Graccho
1917 4621 2061 4675 occi-

461 4701 544 4760 so,
570 4701 887 4760 magnorum
901 4689 1272 4760 periculorum
1302 4699 1476 4744 metus
1498 4707 1562 4744 ex
1587 4691 1814 4746 ostentis
1842 4701 2059 4760 porten-

461 4757 700 4812 deretur.
735 4757 812 4812 Ex
851 4758 1114 4813 Cicerone
1135 4759 1202 4814 de
1233 4761 1378 4815 Clar.
1403 4777 1482 4815 or.
1517 4778 1566 4818 c.
1597 4763 1687 4816 45.
1721 4757 1960 4816 Catina.
1991 4791 2061 4803 --

460 4828 673 4953 Deditis
726 4830 1082 4884 seditionibus
1132 4832 1472 4889 Enncnsibtts
1514 4833 1636 4888 vide
1690 4833 1897 4887 Livium
1958 4834 2061 4889 De-

464 4915 524 4953 ca
575 4941 587 4953 .
621 4915 699 4953 tv.

464 4915 587 4955 cau.
621 4915 699 4954 IV.

533 4969 705 5026 Ceres.
738 4971 812 5027 De
839 4971 1058 5028 Cereris
1087 4973 1232 5028 cultu
1255 4974 1376 5029 vide
1405 4989 1563 5044 supra
1587 4974 1724 5030 libro
1746 4991 1782 5042 ι,
1815 4989 1934 5044 cap.
1964 4975 2056 5030 21.

533 5060 660 5118 Caio
722 5064 893 5135 Verre.
947 5064 1114 5121 Cneio
1164 5065 1424 5135 Pompeio
1454 5067 1682 5134 primum
1714 5076 1769 5121 et
1798 5065 1866 5121 Μ.
1901 5066 2061 5122 Cras-

463 5150 526 5191 so
547 5137 702 5192 Coss.
725 5134 887 5191 Caius
911 5136 1104 5191 Verres
1125 5134 1432 5205 perfunctus
1459 5147 1747 5208 qna'stura,
1770 5139 2059 5208 legatione,

461 5217 694 5276 praetura
741 5209 967 5272 urbana,
1000 5223 1120 5261 cum
1166 5223 1284 5263 eam
1335 5223 1429 5278 per
1459 5209 1744 5263 triennium
1777 5211 2058 5273 tenuisset,

462 5288 623 5346 atque
673 5278 725 5331 in
777 5296 839 5333 ea
873 5279 1382 5345 tuissetlibidinose,
1430 5295 1612 5344 avare,
1663 5281 2061 5350 crudeliterque

461 5358 736 5422 versatusl
750 5350 1168 5422 repetundarum
1201 5366 1324 5406 reus
1353 5367 1378 5422 a
1411 5351 1606 5406 Siculis
1632 5353 1931 5422 postulatus
1955 5360 2056 5405 est.

463 5418 662 5472 Extant
705 5418 736 5472 7
767 5417 1042 5475 Ciceronis
1087 5431 1273 5477 contra
1330 5421 1551 5478 Verrem
1603 5417 1894 5478 orationes.
1953 5423 2060 5478 Sed

463 5488 608 5563 quod
648 5488 715 5541 ad
759 5504 998 5563 prmsens
1053 5495 1325 5561 negotium
1351 5495 1560 5559 attinet,
1592 5504 1742 5549 sexta
1772 5511 1878 5563 pra:
1901 5502 2064 5549 caete-

461 5560 541 5685 {iﬁ
598 5559 824 5685 leggndai
871 5573 972 5616 est.
1008 5559 1273 5620 Scribitur
1320 5565 1542 5620 historia
1593 5559 1816 5621 etiam'a
1847 5565 2062 5622 Valerio

489 5645 620 5685 ι.ι.
722 5647 772 5685 n.
840 5671 852 5684 .

489 5645 558 5685 ID.
584 5645 620 5696 ι,
653 5645 772 5701 cap.
800 5645 852 5685 ι.

537 5725 615 5783 De
643 5729 768 5784 caelo
796 5745 991 5799 quoque
1026 5731 1317 5787 sustulerat.
1349 5730 1440 5788 Sic
1464 5732 1672 5788 restitui
1701 5747 1769 5788 ex
1795 5733 2064 5791 veteribus

458 5799 638 5869 editis,
661 5801 979 5872 cunctisque
1000 5818 1130 5860 mss.
1163 5803 1384 5873 dempto
1435 5819 1541 5860 uno
1589 5801 1925 5874 Colbertino,
1974 5807 2059 5861 cui

957 4455 1059 4529 fuit
1084 4455 1281 4529 religio.
1314 4455 1569 4529 Alterius,
1598 4453 1932 4514 Catanensis.
1984 4459 2059 4514 De
2086 4469 2136 4529 D

2157 3547 2238 3594 est
2270 3537 2548 3592 sustulerit.
2574 3535 2630 3592 In
2667 3536 2728 3590 12
2756 3533 3246 3602 impressislegitur
3277 3535 3587 3590 sustulisset.

2233 3609 2310 3662 Ad
2340 3620 2405 3674 te,
2438 3607 2611 3663 Marce
2636 3605 2798 3671 Tulli,
2829 3605 2923 3660 Itoc
2946 3618 3041 3672 εει,
3060 3611 3129 3660 ad
3147 3607 3419 3662 hominem.
3448 3607 3538 3664 Sic
3571 3609 3764 3677 legitur

2159 3681 2210 3735 iu
2243 3681 2480 3748 antiquis
2508 3695 2637 3734 mss.
2665 3679 2895 3743 Bonum;
2924 3678 2976 3732 in
3009 3678 3167 3732 editis
3198 3677 3516 3748 quibusdam
3551 3680 3764 3748 legeba-

2160 3761 2246 3806 tur
2277 3771 2288 3806 :
2321 3751 2400 3805 Ad
2422 3763 2486 3815 te,
2516 3750 2691 3804 Marce
2711 3750 2871 3813 Tulli,
2904 3752 2999 3803 Itoc
3025 3750 3185 3802 estad
3213 3752 3438 3817 teipsum
3473 3753 3723 3804 hominmt
3745 3795 3758 3816 ,

2157 3823 2299 3892 quod
2325 3825 2500 3876 minus
2532 3833 2676 3876 recte
2708 3831 2791 3876 est
2815 3829 3030 3891 propter
3081 3821 3324 3875 inutilem
3356 3821 3759 3892 repetitionem,

2159 3903 2216 3947 ut
2247 3903 2428 3948 monet
2457 3893 2800 3947 Thomasius.

2234 3990 2540 4044 Potuerunt.
2572 3989 2645 4043 lta
2678 3989 2887 4043 restitui
2928 4003 2994 4043 ex
3023 4003 3154 4042 mss.
3202 3988 3456 4042 omnibus
3498 3998 3552 4042 et
3603 3988 3763 4043 editis

2160 4062 2318 4116 Rom.
2351 4061 2503 4116 H70.
2541 4060 2736 4125 Paris.,
2760 4057 2930 4124 Crat.,
2983 4058 3175 4123 Torn.,
3211 4059 3508 4121 Sonbron.,
3558 4059 3761 4115 Cellar.

2158 4133 2217 4188 In
2247 4133 2366 4188 Ald.
2399 4133 2559 4198 1515,
2589 4140 2692 4200 est,
2720 4140 2992 4200 poterunt;
3018 4133 3068 4184 in
3095 4131 3307 4185 caeteris
3335 4132 3588 4202 vulgatis,
3619 4141 3758 4202 pote—

2162 4215 2299 4259 rant.

2238 4294 2522 4349 Damnatus
2549 4303 2639 4347 εει.
2672 4292 3100 4363 Quadragenties
3125 4293 3268 4346 enim
3295 4294 3605 4348 sestertium
3632 4294 3760 4349 abs-

2165 4368 2382 4429 tulerat,
2400 4374 2534 4420 teste
2547 4365 2752 4429 Cicer.,
2773 4365 2941 4432 Plut.,
2966 4375 3208 4424 auctore.
3227 4366 3520 4434 interprete
3541 4365 3758 4431 Budteo,

2164 4438 2343 4493 tricies
2374 4439 2716 4492 sestertium:
2746 4435 2796 4490 id
2827 4446 2929 4500 est,
2985 4437 3321 4506 septuaginta
3373 4437 3535 4490 millia
3567 4452 3764 4492 aureo-

2163 4525 2283 4564 rum
2338 4518 2758 4570 coronatorum,
2811 4517 3156 4576 compntante
3218 4507 3406 4564 eodem
3468 4507 3687 4563 Budteo.

2240 4599 2356 4664 Qua
2411 4599 2488 4652 vel
2543 4599 2854 4668 defensores.
2903 4597 2997 4651 Ms.
3057 4596 3232 4652 tBon.
3303 4599 3468 4668 antiq.
3520 4609 3574 4652 et
3627 4598 3759 4654 edit.

2164 4669 2403 4734 Walch.,
2437 4669 2733 4741 quw:_.lun.
2768 4677 2820 4721 et
2849 4668 2936 4741 ed.
2957 4669 3104 4741 Ald.
3129 4671 3321 4734 l’aris.,
3346 4670 3573 4741 Graplt.,
3597 4672 3716 4740 quia
3742 4689 3760 4736 ;

2165 4743 2292 4798 edit.
2320 4742 2476 4796 Rom.
2508 4739 2665 4807 1168,
2698 4755 2799 4806 qua
2827 4739 2904 4793 vel
2929 4740 3344 4811 deprehensores.

2242 4835 2340 4900 Qui
2362 4832 2619 4907 cecidisse.
2656 4832 2730 4887 De
2777 4833 3177 4907 triumvirorum
3209 4837 3600 4906 proscriptione
3645 4837 3765 4907 lege

2167 4905 2394 4974 Eutrop.
2423 4905 2515 4958 lib.
2547 4919 2638 4968 vn;
2683 4905 2977 4977 Appianum
3009 4907 3099 4959 lib.
3134 4923 3204 4976 tv;
3242 4907 3380 4960 Plut.
3418 4905 3468 4961 in
3503 4905 3761 4977 Antonio,

2166 4977 2312 5049 Flor.
2341 4977 2432 5049 lib.
2454 4992 2536 5049 tv,
2566 4990 2686 5043 cap.
2721 4977 2776 5039 5;
2804 4976 2964 5049 Oros.
2997 4977 3090 5033 lib.
3116 4993 3190 5045 vr,
3224 4993 3344 5049 cap.
3378 4980 3464 5043 18;
3500 4976 3762 5035 Velleium

2167 5048 2375 5123 Patere.
2403 5047 2569 5123 _lib_._n
2624 5061 2675 5101 et
2721 5049 2879 5123 alios.
2908 5047 3175 5123 _Nus_piam
3226 5047 3423 5123 tamen,
3467 5051 3608 5123 quod
3663 5067 3766 5123 ego

2167 5119 2357 5186 sciam,
2384 5117 2452 5174 de
2480 5119 2643 5173 Verre
2673 5121 2877 5172 mentio
2901 5120 2976 5173 lit.
3003 5119 3205 5174 Forsan
3232 5121 3282 5173 id
3313 5117 3512 5190 legerat
3537 5117 3765 5178 Lactan—

2170 5193 2274 5246 tius
2302 5192 2352 5244 in
2385 5192 2600 5261 scriptis
2638 5191 2956 5261 quibusdam
2981 5191 3294 5260 deperditis.

2239 5284 2530 5338 Stantibus.
2560 5281 2615 5337 Id
2656 5293 2758 5348 est,
2784 5283 2975 5352 salvis.
3006 5283 3278 5352 Exprimit
3302 5285 3621 5342 Ciceronem
3665 5287 3758 5343 lib.

2166 5370 2219 5409 v1
2269 5355 2332 5407 atl
2368 5354 2554 5408 Famil.
2579 5371 2666 5422 ep.
2694 5353 2746 5409 6.
2778 5351 3054 5409 BUNEMAN.
3084 5351 3156 5394 5—-
3197 5354 3454 5412 Universt's
3489 5359 3758 5413 stantibus.

2169 5426 2258 5482 Sic
2291 5425 2409 5495 lego
2431 5441 2551 5479 cum
2581 5424 2711 5480 edit.
2745 5424 2934 5482 Torn.,
2970 5426 3494 5490 Soubron.,Walch.
3527 5433 3764 5485 cunctis-

2167 5513 2270 5566 que
2294 5513 2424 5571 mss.
2447 5509 2640 5571 praeter
2666 5496 2700 5549 2
2732 5511 2839 5552 rec.
2876 5497 3159 5569 neget-li
3190 5497 3315 5554 edit.
3351 5501 3403 5554 in
3436 5500 3631 5571 quibus
3659 5512 3760 5569 est,

2167 5568 2397 5624 omnibus
2427 5568 2698 5623 stantibus.
2757 5589 2765 5596 ·

2242 5661 2446 5728 Quanto
2482 5663 2636 5736 igitur
2682 5665 2869 5718 rectius
2911 5675 3002 5720 est.
3031 5664 3157 5721 Mss.
3192 5666 3444 5722 lBonon.
3500 5667 3694 5736 antiq.,
3733 5670 3756 5722 1

2167 5734 2401 5858 C‘laroin.
2429 5745 2482 5790 et
2506 5734 2722 5856 Cotton.
2775 5736 2967 5792 habent
3002 5755 3015 5791 :
3053 5736 3255 5802 Quanto
3302 5739 3456 5808 igitur
3504 5734 3761 5794 honestius

2167 5819 2193 5858 ε
2245 5821 2325 5858 rec
2352 5821 2430 5858 tus
2461 5821 2511 5858 es
2539 5844 2551 5858 .

2167 5819 2216 5859 et
2245 5819 2430 5859 νεειηιε
2461 5819 2551 5858 εει.
