4174 6200
554 237 622 298 79
1608 233 1792 290 FIMI.
1835 228 2201 289 LACTANTII
2242 226 2445 286 DIVIN.
2488 221 2734 286 INSTIT.

3704 206 3815 268 380

515 360 677 414 valet.
708 357 838 415 Nam
865 355 911 413 si
937 356 1067 413 deos
1093 368 1213 412 esse
1240 352 1440 413 idcirco
1468 353 1782 425 opinantur,
1823 353 1945 423 quia
1977 366 2100 405 cer-
2127 354 2176 412 Α
2206 364 2313 404 mre
2343 348 2513 417 pictas
2539 344 2851 413 etﬁctasque
2871 336 3093 396 vidisset
3113 376 3129 405 ,
3163 348 3263 392 suo
3293 333 3384 391 illa
3411 329 3643 391 consilio
3666 346 3814 425 _mo-

515 461 600 506 tos
645 459 699 506 et
748 447 1095 504 rationabiles
1141 460 1331 500 cursus
1372 445 1605 507 habent,
1653 452 1854 499 errant.
1887 442 1967 497 Ex
2005 441 2107 497 hoc

516 545 658 601 etaim
686 550 908 611 apparet
937 540 1067 594 deos
1097 554 1204 594 non
1232 555 1353 595 esse
1372 582 1386 606 ,
1434 538 1579 610 quod
1610 536 1916 593 exorbitare
1943 535 2049 590 illis
2074 550 2105 589 a

515 633 829 707 praestitutis
852 632 1135 687 itincribus
1152 646 1256 687 nou
1282 632 1425 688 licet.
1448 628 1714 685 Caeterum
1739 629 1783 683 si
1805 627 1877 683 dii
1902 634 2104 693 essent,

514 727 622 781 huc
643 735 803 795 atque
825 724 951 779 illnc
973 725 1169 794 passim
1194 723 1311 778 sine
1333 723 1440 778 ulla
1462 721 1786 777 necessitate
1809 719 2104 783 ferrentur,

513 822 653 875 sicut
679 821 985 874 animantes
1025 819 1075 872 in
1128 827 1269 873 terra
1293 860 1307 883 ,
1339 832 1564 888 quarum
1592 816 1715 886 quia
1759 814 1941 869 liberte
1981 821 2109 866 sunt

512 910 852 977 voluntates,
902 912 1004 965 huc
1042 919 1202 980 atque
1241 908 1368 963 illuc
1398 915 1679 979 vagantur,
1730 916 1787 960 ut
1831 904 2019 969 libuit,
2055 912 2111 957 et

514 1020 621 1075 quo
643 1018 913 1074 quamque
933 1018 1087 1058 mens
1111 1001 1359 1069 duxerit,
1382 1016 1448 1056 eo
1479 1001 1667 1056 fertur.
1694 999 1810 1054 Non
1838 1007 1921 1053 est
1950 998 2112 1068 igitur

510 1106 779 1151 astrorum
814 1106 993 1149 motus
1024 1094 1393 1158 voluntarius,
1424 1093 1520 1149 sed
1567 1092 1940 1159 necessarius,
1985 1088 2112 1159 quia

515 1188 826 1258 przestitutis
870 1185 1081 1257 legibus
1124 1185 1426 1256 officiisque
1465 1184 1796 1239 deserviunt.
1841 1182 1947 1237 Sed
1988 1197 2111 1236 cum

516 1280 815 1350 diSputaret
840 1280 908 1335 de
938 1279 1187 1335 cursibus
1216 1279 1488 1341 siderum,
1513 1291 1651 1349 quos
1675 1291 1743 1332 ex
1773 1276 1888 1347 ipsa
1930 1290 2111 1331 rerum

518 1388 583 1430 ac
611 1384 913 1442 temporum
959 1372 1314 1442 congruentia
1343 1371 1679 1442 iutelligebat
1709 1384 1816 1425 non
1846 1384 1970 1425 esse
2004 1367 2115 1424 for-

520 1468 717 1534 tuitos,
748 1466 1074 1523 existimavit
1117 1466 1453 1522 voluntarios
1494 1482 1645 1534 esse,
1701 1477 1973 1538 tamquam
2003 1481 2112 1522 non

518 1571 741 1631 possent
783 1572 890 1615 tam
935 1560 1225 1631 disposite,
1276 1571 1382 1616 tam
1432 1561 1680 1617 ordinate
1723 1562 1962 1626 moveri,
2010 1561 2113 1617 nisi

520 1669 713 1709 sensus
741 1654 847 1709 illis
879 1654 1083 1709 inesset
1109 1652 1272 1709 officii
1300 1655 1383 1708 sui
1411 1655 1608 1709 sciens.
1641 1655 1687 1709 Ο
1727 1668 1891 1725 quam
1920 1652 2117 1709 difﬁci-

2207 440 2323 497 veri
2350 439 2594 504 diceret,
2626 450 2690 491 ac
2732 449 2841 489 non
2888 431 3069 503 potius
3106 427 3329 485 artiﬁcis
3359 424 3621 498 ingenio?
3664 423 3817 479 Inest

2209 547 2341 603 ergo
2362 530 2633 588 sideribus
2654 528 2791 583 ratio
2808 524 2877 581 ad
2899 520 3240 596 peragendos
3260 528 3473 575 meatus
3490 531 3620 573 suos
3643 525 3768 586 apta
3793 530 3811 570 :

2209 626 2304 682 sed
2333 626 2427 681 Dei
2455 632 2538 679 est
2571 623 2659 678 illa
2685 620 2825 677 ratio
2846 658 2864 687 ,
2897 617 2989 689 qui
3030 625 3086 672 et
3116 614 3239 670 fecit
3261 654 3277 681 ,
3319 621 3377 670 et
3416 612 3555 683 regit
3593 609 3813 675 omnia,

2211 735 2318 775 non
2350 718 2592 787 ipsorum
2615 712 2856 769 siderum
2874 751 2890 778 ,
2922 723 3042 781 quae
3068 714 3380 763 moventur.
3405 702 3540 758 Nam
3568 702 3615 758 si
3641 700 3815 757 solem

2211 821 2360 867 stare
2388 808 2685 872 voluisset,
2709 813 3006 876 perpetuus
3033 800 3222 870 utique
3251 796 3367 853 dies
3387 802 3553 852 esset.
3582 793 3742 860 Item,
3766 792 3816 849 si

2212 913 2394 959 motus
2419 911 2567 955 astra
2595 912 2701 953 non
2726 895 3014 960 haberent,
3035 892 3158 963 quis
3180 889 3393 946 dubitet
3420 888 3817 959 sempiternam

2212 1008 2425 1054 noctem
2457 994 2624 1050 fuisse
2653 989 2926 1046 futuram?
2956 987 3062 1045 Sed
3111 994 3172 1041 ut
3215 983 3326 1041 diei
3352 998 3416 1038 ac
3443 982 3619 1038 noctis
3666 980 3818 1038 vices

2213 1100 2431 1155 essent,
2465 1086 2673 1143 moveri
2699 1100 2762 1141 ea
2791 1081 2966 1138 voluit
2997 1100 3011 1137 :
3045 1090 3101 1137 et
3132 1089 3241 1135 tam
3288 1078 3438 1134 varie
3465 1075 3709 1144 moveri,
3754 1084 3817 1131 ut

2215 1200 2323 1240 non
2355 1182 2518 1238 modo
2543 1180 2682 1237 lucis
2711 1194 2775 1234 ac
2801 1177 3147 1233 tenebrarum
3176 1182 3376 1229 mutua:
3412 1170 3822 1228 vicissitudines

2216 1278 2414 1334 ﬁerent
2432 1318 2447 1344 ,
2479 1275 2678 1347 quibus
2703 1271 2906 1327 laboris
2945 1278 3000 1325 et
3028 1268 3231 1339 quietis
3250 1268 3458 1322 alterna
3482 1265 3660 1335 spatia
3685 1278 3826 1321 cou-

2217 1376 2456 1427 starent:
2484 1366 2579 1422 sed
2610 1364 2776 1421 etiam
2802 1362 3018 1433 frigoris
3044 1371 3099 1416 et
3127 1359 3346 1426 caloris,
3380 1367 3441 1413 ut
3465 1356 3810 1413 diversorum

2220 1472 2523 1531 temporum
2567 1457 2647 1512 vis
2674 1470 2739 1511 ac
2768 1463 3005 1525 potestas
3025 1494 3041 1521 ,
3072 1452 3160 1508 vel
3200 1451 3553 1523 generandis,
3589 1451 3674 1507 vel
3702 1466 3819 1506 ma-

2222 1553 2463 1611 turaudis
2489 1550 2731 1622 frugibus
2757 1546 3092 1604 conveniret.
3116 1544 3292 1614 Quam
3322 1544 3601 1615 solertiam
3617 1542 3823 1599 divina:

2220 1644 2507 1718 potestatis
2547 1643 2600 1697 in
2649 1637 3023 1697 macltinandis
3053 1635 3337 1692 itineribus
3364 1645 3633 1693 astrorum
3655 1678 3669 1701 ,
3699 1635 3824 1707 quia

511 1746 586 1803 Iis
614 1758 694 1803 est
737 1748 1109 1818 ignorantibus
1140 1749 1371 1811 veritas,
1409 1758 1462 1801 et
1490 1762 1648 1817 quam
1692 1746 1865 1803 facilis
1897 1748 2119 1803 scienti-
2146 1766 2195 1828 Β
2225 1735 2526 1809 philosophi
2552 1748 2656 1789 ηοη
2686 1731 2968 1795 Videbam.
2997 1729 3247 1785 animalia
3273 1743 3397 1785 esse
3437 1729 3619 1785 Sidera
3650 1736 3811 1799 plm-

518 1842 641 1896 bns!
691 1842 748 1896 Si
798 1852 1011 1907 motus,
1043 1840 1237 1911 inquit,
1272 1850 1542 1895 astrorum
1580 1840 1784 1895 fortuiti
1814 1855 1919 1895 non
1951 1850 2076 1896 sunt
2101 1883 2116 1907 ,

522 1933 656 1989 nihil
682 1934 825 1989 aliud
850 1942 1037 1999 restat,
1065 1935 1166 1987 nisi
1202 1941 1259 1988 ut
1284 1932 1572 1987 voluntarii
1601 1932 1747 1999 sint;
1774 1935 1940 1986 immo
1968 1948 2119 2000 vero,

526 2040 584 2083 ut
639 2043 745 2084 non
803 2044 923 2084 esse
968 2028 1222 2082 fortuitos
1267 2026 1610 2081 manifestum
1640 2036 1725 2081 est
1750 2069 1765 2094 ,
1799 2028 1870 2081 ita
1903 2043 2001 2083 nec
2030 2043 2124 2083 vo-

527 2122 808 2177 luntarios.
839 2122 1123 2190 Quomodo
1171 2121 1331 2192 igitur
1360 2123 1413 2175 in
1442 2120 1797 2176 conficiendis
1841 2120 2125 2176 itineribus

525 2216 889 2269 constantiam
928 2230 1084 2269 suam
1114 2213 1367 2269 servant?
1394 2212 1661 2267 Nimirum
1697 2213 1855 2279 Deus,
1888 2214 2125 2268 universi

524 2314 739 2379 artifex,
765 2313 842 2367 sic
874 2312 963 2366 illa
994 2311 1295 2381 disposuit,
1328 2312 1407 2366 sic
1437 2310 1775 2365 machinatus
1804 2318 1923 2373 est,
1948 2318 2006 2363 ιιι
2031 2324 2128 2379 per

523 2405 696 2474 spatia
722 2404 845 2458 caeli
881 2403 1061 2457 divina
1094 2413 1147 2457 et
1174 2401 1482 2457 admirabili
1511 2404 1722 2457 ratione
1744 2403 2124 2468 decurrerent,

525 2498 592 2552 ad
625 2496 937 2552 cfliciendas
966 2495 1374 2550 succedentium
1409 2494 1510 2547 sibi
1554 2503 1865 2564 temporum
1897 2494 2129 2549 varieta-

530 2602 634 2647 tes.
674 2595 751 2644 An
780 2589 1133 2645 Archimedes
1162 2588 1374 2643 Siculus
1405 2602 1645 2643 concavo
1683 2600 1794 2642 mre
1824 2586 2130 2640 similitudi-

532 2702 655 2741 nem
697 2684 881 2740 mundi
912 2701 975 2739 ac
1024 2685 1246 2755 figuram
1281 2683 1456 2752 potuit
1477 2681 1809 2747 machinari,
1838 2680 1889 2734 in
1917 2694 2025 2749 quo
2055 2682 2127 2734 ita

530 2780 702 2835 solem
736 2794 799 2833 ac
829 2779 1009 2832 lunam
1042 2774 1382 2846 composuit,
1417 2785 1474 2829 ιιι
1501 2774 1797 2844 imcquales
1829 2782 2007 2828 motus
2028 2813 2045 2839 ,
2073 2780 2131 2827 et

530 2872 845 2928 caelestibus
896 2870 1102 2925 similes
1151 2868 1644 2933 conversionibus,
1697 2866 1925 2938 singulis
1975 2865 2128 2937 quasi

530 2966 723 3021 diebus
751 2964 1034 3021 efficerent
1053 3005 1067 3029 ,
1101 2974 1155 3019 et
1185 2979 1292 3018 non
1322 2961 1484 3017 modo
1512 2975 1770 3017 accessus
1797 2959 1932 3015 solis
1957 2967 2013 3014 et
2042 2973 2130 3013 re-

530 3071 749 3122 cessus,
784 3056 868 3111 vel
921 3056 1253 3111 incrementa
1285 3055 1780 3123 diminutionesque
1821 3052 1966 3107 lunae
1989 3093 2005 3117 ,
2037 3066 2131 3108 ve-

2227 1841 2419 1889 verunt
2460 1849 2477 1900 ;
2506 1842 2778 1902 tamquam
2807 1827 3033 1898 pedibus
3055 1866 3070 1892 ,
3090 1834 3146 1881 et
3164 1834 3379 1897 sponte,
3403 1839 3511 1880 non
3533 1822 3713 1879 divina
3741 1838 3829 1879 ra-

2228 1927 2374 1982 tione
2396 1923 2771 1996 procederent.
2796 1920 2906 1976 Cur
2932 1927 3112 1975 autem
3136 1918 3229 1973 illa
3248 1916 3641 1989 excogitaverit
3662 1916 3827 1983 Deus,

2226 2018 2347 2090 quis
2365 2032 2472 2071 non
2489 2014 2781 2084 intelligit?
2802 2012 3026 2069 Scilicet
3045 2026 3116 2066 ne
3136 2009 3268 2065 solis
3285 2009 3489 2064 lumine
3504 2006 3830 2074 decedente,

2231 2093 2477 2167 nimium'
2504 2123 2646 2165 caeca
2680 2122 2791 2163 nox
2817 2105 2969 2161 tetris
2998 2112 3161 2174 atque
3202 2101 3549 2158 horrentibus
3592 2098 3834 2158 tenebris

2230 2204 2649 2274 ingravesceret,
2674 2207 3001 2268 noceretque
3016 2194 3334 2250 viventibus.
3358 2193 3543 2264 Itaque
3557 2204 3612 2249 et
3631 2192 3832 2250 coelum

2230 2276 2390 2350 ἑῖιιῗιιι
2422 2294 2555 2348 mira
2581 2291 2844 2347 varietate
2868 2285 3136 2354 distinxit,
3160 2296 3216 2341 et
3239 2285 3495 2341 tenebras
3518 2285 3664 2356 ipsas
3688 2284 3835 2340 mul-

2234 2388 2300 2443 tis
2349 2386 2677 2455 minutisque
2723 2381 3016 2437 luminibus
3044 2378 3384 2448 temperavit.
3418 2376 3635 2444 Quanto
3663 2377 3829 2447 igitur

2238 2478 2380 2535 Naso
2408 2475 2757 2547 prudentius,
2808 2487 2967 2545 quam
3008 2470 3130 2536 illi,
3160 2469 3252 2541 qui
3283 2467 3563 2539 sapientiai
3610 2468 3833 2524 studere

2233 2586 2293 2627 se
2323 2578 2544 2641 putant,
2577 2566 2673 2639 qui
2704 2566 2873 2622 sentit
2901 2578 2930 2617 a
2962 2562 3075 2617 Deo
3099 2562 3299 2615 lumina
3326 2558 3453 2628 illa,
3481 2567 3542 2615 ut
3569 2557 3833 2613 honorem

2236 2661 2576 2719 tenebrarum
2608 2656 2983 2728 depellerent,
3029 2653 3312 2709 instituta!
3344 2652 3393 2707 Is
3420 2667 3544 2706 eum
3588 2650 3790 2706 librum
3810 2691 3829 2717 ,

2233 2770 2339 2825 quo
2365 2752 2637 2824 Φαινόμενα
2663 2749 2902 2807 breviter
2928 2746 3369 2819 comprehendit,
3400 2744 3484 2801 bis
3511 2743 3684 2801 tribus
3709 2757 3833 2798 ver-

2232 2844 2381 2901 sibus
2410 2843 2715 2899 terminavit
2747 2858 2762 2896 :

2388 2934 2483 2985 Tot
2499 2946 2733 2997 numero,
2752 2932 2937 2997 talique
2953 2931 3090 2983 Deus
3113 2930 3372 2983 simulacra
3386 2929 3549 2997 ﬁgura

2388 2997 2621 3060 Imposuit
2645 2995 2792 3060 casto,
2813 2995 3008 3060 perque
3032 3001 3163 3060 atras
3184 3006 3352 3057 sparsa
3376 2995 3613 3060 tenebras

2391 3056 2532 3111 Clara
2551 3056 2793 3124 pruiuosaé
2805 3056 2952 3121 jussit
2969 3058 3089 3108 dare
3113 3056 3295 3106 lumina
3318 3059 3467 3107 nocti.

532 3165 650 3202 rum
678 3148 839 3203 etiam
872 3146 1175 3214 stellarum,
1207 3146 1293 3201 vel
1317 3147 1700 3212 inerrantium,
1724 3145 1808 3199 vel
1836 3159 2123 3214 vagarum,
2152 3155 2200 3220 ο
2234 3142 2386 3212 Quod
2412 3146 2458 3200 si
2489 3143 2603 3198 fieri
2635 3159 2739 3197 non
2771 3151 2967 3213 potest,
3001 3152 3060 3197 ut
3086 3140 3257 3197 stellas
3293 3140 3369 3195 dii
3401 3144 3538 3206 sint;
3572 3153 3702 3210 ergo
3731 3152 3833 3194 nec

530 3241 775 3311 diSpares
793 3256 985 3295 cursus
1010 3241 1159 3295 orbis
1191 3240 1314 3305 ille,
1344 3239 1473 3294 dum
1507 3239 1737 3294 vertitur
1756 3280 1770 3305 ,
1801 3237 2127 3293 exhiberet?

533 3333 678 3387 Dens
703 3346 834 3404 ergo
865 3332 954 3387 illa
986 3347 1111 3386 vera
1141 3346 1249 3386 non
1280 3331 1455 3402 potuit
1486 3329 1787 3386 machinari
1810 3340 1865 3385 et
1906 3328 2129 3385 efficere

531 3441 652 3498 quae
684 3426 858 3496 potuit
885 3425 1104 3481 solertia
1138 3424 1376 3479 hominis
1408 3423 1709 3478 imitatione
1736 3420 2034 3478 simulare?

508 3573 517 3582 .
609 3519 870 3576 Utrumne
896 3520 1058 3590 igitur
1083 3519 1308 3585 stoicus,
1346 3516 1393 3571 si
1418 3528 1689 3571 aetrorum
1723 3515 1924 3585 figuras
1950 3514 2005 3568 in
2035 3513 2129 3569 illo

2229 3236 2313 3292 sol
2341 3236 2582 3307 quidem,
2614 3251 2717 3292 nec
2746 3235 2873 3290 l-una
2903 3235 2978 3291 dii
3006 3249 3129 3290 esse
3170 3242 3430 3304 possunt,
3461 3233 3717 3303 quoniam
3744 3232 3830 3287 lu-

2229 3328 2463 3385 minibus
2486 3337 2781 3394 astrorum,
2812 3342 2919 3383 non
2947 3328 3157 3383 ratione
3182 3326 3460 3391 differunt,
3492 3325 3590 3381 sed
3617 3326 3833 3395 magni-

2228 3421 2435 3478 tudine.
2468 3420 2621 3491 Quod
2671 3423 2716 3476 si
2764 3420 2819 3475 bi
2864 3419 2939 3475 dii
2992 3436 3098 3475 non
3146 3431 3309 3487 sunt;
3341 3434 3473 3490 ergo
3503 3434 3602 3475 nec
3629 3417 3829 3475 caelum

2228 3513 2467 3585 quidem,
2499 3514 2554 3569 in
2581 3528 2689 3583 quo
2717 3513 2807 3569 illa
2837 3513 3021 3570 omnia
3046 3513 3411 3570 continentur.

1872 3646 2240 3706 VARIORUM
2276 3647 2511 3707 ΝΟΤιΕ.

603 3778 974 3836 Rationabites.
1025 3774 1155 3831 Mss.
1201 3772 1367 3829 Bruu.
1400 3770 1716 3836 rationales;
1745 3779 1799 3826 et
1828 3769 1910 3826 sic
1936 3768 2119 3840 legere

531 3853 770 3908 malebat
799 3847 1081 3903 Francius.

601 3921 929 3977 Exorbitnre.
963 3915 1223 3989 Cypriani
1244 3914 1338 3968 lib.
1366 3913 1419 3968 1.
1451 3928 1537 3984 ep.
1572 3912 1659 3968 12.
1691 3908 2004 3966 Exorbitans
2024 3920 2070 3966 et
2090 3928 2122 3965 a

524 3994 607 4049 via
636 3992 859 4048 veritatis
891 3986 1149 4044 exerrans.
1193 3986 1321 4041 Bun.

606 4063 833 4119 Possint.
862 4060 920 4115 ld
948 4068 1052 4121 est,
1080 4058 1196 4113 sine
1225 4056 1433 4121 ordine,
1462 4054 1579 4112 sine
1610 4054 1773 4109 certis
1810 4052 2034 4123 legibus,
2065 4062 2127 4109 ιιι

530 4136 690 4193 libuit
721 4154 733 4188 :
775 4134 915 4187 sicut
957 4130 1136 4185 nuntia
1169 4130 1351 4195 verba,
1380 4138 1671 4182 contextus
1697 4124 1947 4194 produnt.
1988 4123 2125 4181 Noto

531 4210 598 4263 ad
628 4209 665 4263 l.
694 4223 752 4272 ιι,
785 4221 902 4270 cap.
935 4201 990 4268 6,
1021 4211 1075 4256 et
1100 4200 1165 4254 ad
1196 4202 1229 4254 Ι.
1263 4216 1340 4272 ιιι,
1365 4214 1490 4272 cap.
1523 4197 1575 4252 9.
1612 4198 1743 4251 Bon.

605 4278 674 4335 Ut
716 4270 879 4332 libuit.
913 4273 989 4328 Ita
1034 4286 1223 4326 omnes
1247 4270 1376 4327 editi
1405 4279 1460 4326 et
1504 4285 1634 4325 mss.
1668 4277 1861 4338 praeter
1886 4283 1980 4324 sex
2008 4282 2119 4324 rec.

527 4350 582 4405 in
610 4350 804 4413 quibus
832 4355 943 4413 est,
972 4354 1025 4398 ut
1052 4344 1190 4398 libet.

602 4421 682 4475 Eo
713 4422 891 4489 fertur.
921 4417 1047 4471 Mss.
1075 4415 1111 4469 Ξ
1137 4429 1272 4481 rcc.,
1295 4418 1546 4487 feruntur.

604 4483 725 4545 Non
762 4500 835 4544 est
874 4490 1029 4558 igitur
1054 4483 1307 4541 astrorum
1337 4495 1501 4558 motus
1531 4484 1869 4558 voluntarius.
1894 4483 2128 4558 Veteres

528 4564 716 4619 moveri
741 4556 909 4616 sidera
930 4558 1198 4621 dicebant,
1213 4573 1335 4611 eum
1353 4557 1662 4612 oriebantur
1683 4556 1766 4611 vel
1792 4556 2129 4623 occidebant,

606 4634 837 4703 omni...
861 4631 1043 4703 sciens.
1071 4628 1141 4685 Ut
1169 4629 1205 4681 Ι.
1236 4644 1296 4703 ιι,
1326 4642 1445 4699 cap.
1472 4630 1555 4693 M,
1573 4625 1764 4681 Rerum
1782 4627 1932 4681 scias.
1954 4627 2126 4696 Epist.

532 4700 746 4776 cap."5,_
773 4717 942 4776 rerum
969 4702 1199 4776 scientes.
1238 4700 1373 4776 Ilua.

604 4768 683 4830 An
713 4771 1063 4837 Archimedes,
1094 4782 1200 4825 etc.
1231 4768 1343 4824 Cic.
1376 4768 1594 4823 'I‘uscul.
1643 4785 1682 4823 ι.
1715 4768 1849 4823 Nam
1872 4782 1995 4823 cum
2026 4768 2130 4823 Ar-

530 4847 829 4910 chimedes,
888 4842 1049 4907 luntc,
1102 4841 1265 4910 solis,
1312 4840 1531 4908 quinque
1552 4841 1832 4895 errantium
1877 4850 2044 4910 motus
2073 4840 2128 4894 in

528 4920 786 4988 spltwram
816 4909 1055 4988 illigavit,
1085 4909 1248 4988 e/[ecit
1274 4910 1430 4988 idem,
1467 4911 1602 4980 quod
1626 4911 1712 4966 ille
1739 4911 1901 4988 quiin
1931 4909 2127 4988 Timaeo

528 4980 777 5044 mundum
803 4980 1076 5052 tedi'ﬁcavit
1118 4981 1349 5037 Platonis
1381 4980 1536 5048 Deus,
1572 4992 1627 5037 ut
1656 4980 1914 5046 tarditate,
1943 4985 2127 5037 ceteri.

529 5071 632 5115 tate
655 5058 1120 5126 dissimillmtosque
1140 5064 1306 5126 motus
1331 5070 1432 5107 una
1448 5063 1640 5124 regeret
1667 5054 1927 5109 conversio
1951 5069 1971 5108 :
1990 5054 2126 5126 quod

525 5134 571 5187 si
597 5134 650 5186 in
674 5132 767 5185 hoc
793 5127 982 5183 mundo
1010 5124 1119 5180 sine
1147 5124 1254 5179 Deo
1281 5126 1393 5194 fieri
1422 5142 1524 5179 non
1553 5135 1733 5195 potest,
1761 5142 1822 5179 ne
1848 5126 1900 5177 in
1922 5125 2125 5191 spinam

526 5203 732 5269 quidem
770 5200 973 5257 eosdem
1019 5206 1209 5269 motus,
1232 5196 1556 5269 Archimedes
1583 5198 1691 5251 sine
1715 5197 1885 5269 divino
1919 5196 2124 5269 ingenio

527 5264 769 5343 potuisset
808 5271 1017 5326 imitari.
1044 5268 1152 5343 ιυι.
1187 5268 1430 5343 Firmic.,
1460 5268 1564 5343 lib.
1587 5284 1660 5343 vt,
1694 5282 1812 5336 cap.
1836 5264 2019 5343 5_;l_lic
2049 5277 2124 5321 est

525 5337 616 5399 ille
646 5354 835 5408 noster,
864 5343 1012 5410 cujus
1036 5340 1239 5412 ingenio
1265 5341 1468 5408 sphaera
1492 5339 1741 5412 fabricata
1780 5337 2125 5412 cretitapsum

524 5424 573 5468 et
602 5416 826 5468 omnium
860 5408 1109 5466 siderum'
1135 5427 1314 5465 cursus
1343 5408 1574 5480 exemplo
1615 5409 1801 5463 divina:
1827 5408 2124 5464 imitationis

524 5485 764 5538 ostendit.
797 5484 1014 5539 Solinus
1041 5498 1161 5550 cap.
1184 5484 1251 5537 2|
1291 5500 1303 5535 :
1338 5480 1437 5535 llic
1467 5481 1647 5536 domus
1674 5480 2012 5544 Archimedis,
2035 5480 2123 5551 qui

509 5556 942 5627 juxtaﬁsiderum
980 5553 1305 5627 disciplinam
1354 5553 1700 5627 machinarius
1735 5560 2118 5627 commentator

509 5622 629 5697 Ϊιιιί.
665 5626 774 5681 Nec
806 5636 981 5697 tamen
1007 5624 1105 5697 hac
1130 5623 1376 5677 machina
1407 5624 1581 5697 Solum
1609 5622 1988 5697 celebris‘fuit,
2016 5622 2116 5697 sed

498 5692 619 5756 aliis
642 5701 692 5753 in
714 5696 996 5754 obsidione
1016 5694 1408 5767 Syracusarum
1435 5693 1503 5767 ab
1520 5696 1769 5750 omnibus
1794 5692 2104 5767 celebratis.

479 5768 617 5826 Item
665 5768 980 5843 hydraulica
1029 5765 1278 5823 machina
1323 5766 1572 5837 quapiam
1601 5807 1615 5834 ,
1663 5780 1822 5837 quam
1868 5765 2099 5822 Tertull.

2224 3769 2411 3827 laudat
2434 3786 2553 3843 cap.
2583 3772 2673 3840 M,
2704 3772 2797 3828 lib.
2822 3772 2891 3829 de
2912 3773 3103 3828 Anima
3134 3772 3379 3843 :Specta,
3403 3772 3599 3842 inquit,
3626 3781 3836 3843 porten-

2220 3844 2529 3923 tosissimam
2563 3844 2878 3923 Archimedis
2915 3846 3339 3915 muniﬁcentiam,
3368 3860 3619 3923 organum
3639 3845 3837 3916 hydro-

2224 3913 2377 3995 iicum
2400 3914 2535 3983 dico,
2570 3924 2642 3968 tot
2671 3916 2914 3981 membra,
2947 3926 3018 3971 tot
3042 3913 3233 3995 partes,
3267 3925 3339 3971 tot
3360 3913 3690 3987 compagines
3711 3956 3727 3981 ,
3760 3925 3835 3995 tot

2225 3986 2410 4057 itinera
2434 4001 2641 4055 vocum,
2686 3997 2756 4041 tot
2802 3987 3106 4057 compendia
3132 4005 3395 4053 sonorum,
3430 3986 3500 4041 tot
3528 3986 3837 4041 commercia

2229 4054 2517 4138 modorum,
2549 4066 2635 4138 tot
2636 4058 2791 4138 acies,
2815 4054 2927 4138 etc.
2950 4058 3240 4138 litteratus.
3266 4058 3435 4138 Hujus
3465 4059 3839 4138 sphaerae-me-

2231 4126 2385 4181 minit
2410 4128 2569 4182 etiam
2595 4126 2786 4184 Cicero
2835 4130 2930 4184 lib.
2954 4145 2991 4185 ιι
3013 4132 3081 4186 de
3101 4131 3300 4185 Natura
3321 4126 3568 4191 deorum,
3597 4142 3645 4185 et
3682 4129 3773 4185 lib.
3799 4146 3838 4184 ν

2231 4196 2522 4254 Tusculan.
2567 4200 2959 4267 Quu'stionum.
3008 4201 3142 4257 Vide
3189 4202 3350 4258 etiam
3391 4199 3746 4257 Claudianum
3778 4201 3835 4256 in

2231 4268 2630 4341 Epigrammata
2657 4269 2726 4327 de
2748 4271 3093 4328 Archimede.
3124 4302 3196 4313 —
3216 4273 3560 4327 Archimedes.
3596 4279 3839 4341 Apparet

2231 4338 2569 4397 Lactantium
2601 4345 2906 4412 respexisse
2932 4344 2998 4399 ad
3023 4345 3136 4399 Cic.
3160 4344 3253 4399 lib.
3287 4360 3326 4398 ιι
3350 4345 3418 4399 de
3443 4338 3834 4403 Nat.deorum,

2149 4430 2205 4491 ι)
2231 4427 2280 4465 c.
2300 4414 2368 4491 {>6
2393 4428 2411 4465 :
2438 4413 3118 4491 Archimedemarbitrantur
3138 4416 3254 4487 plus
3267 4415 3482 4491 valuisse
3502 4417 3553 4468 in
3570 4414 3839 4491 inritandis

2234 4484 2452 4558 sphaera:
2475 4487 2902 4558 conversionibus,
2948 4504 3099 4558 quam
3139 4484 3395 4541 naturam
3444 4488 3497 4541 in
3534 4485 3833 4557 efﬁciendis.

2236 4555 2374 4609 Add.
2395 4569 2443 4609 c.
2475 4557 2563 4611 34.
2597 4556 2874 4612 Buneuan.

2308 4626 2598 4696 lanuales
2632 4639 2812 4683 motus.
2839 4629 2911 4684 De
2932 4628 3017 4684 bis
3045 4629 3167 4685 vide
3188 4628 3444 4696 Plinium,
3466 4627 3559 4683 lib.
3592 4643 3647 4682 ιι.

2305 4697 2749 4771 Cortversionibus.
2808 4699 2871 4771 ιςι
2898 4770 2901 4771 ν
2928 4708 3012 4755 est
3058 4702 3393 4771 regressibus
3438 4700 3569 4755 solis
3609 4698 3677 4755 ab
3722 4713 3839 4756 uno

2232 4767 2467 4829 Tropico
2497 4768 2563 4823 ad
2590 4769 2776 4824 alium.
2807 4769 2941 4827 Vide
2971 4767 3203 4827 Plinium
3236 4772 3329 4829 lib.
3362 4786 3516 4826 xvttt.

2359 4840 2407 4894 el
2458 4841 2815 4895 inerrantium.
2875 4842 3000 4898 Hmc
3046 4844 3204 4899 lectio
3263 4852 3346 4897 est
3397 4842 3638 4898 omnium
3691 4857 3836 4898 mss.

2233 4910 2542 4985 (demptot
2575 4911 2903 4985 Oxonjensi)
2931 4925 2983 4969 et
3016 4927 3258 4970 veterum
3286 4914 3322 4968 2
3350 4914 3481 4985 edit.
3517 4913 3701 4979 Rom.,
3725 4912 3841 4985 Vc-

2230 4981 2575 5064 ιιειηιιξθο,
2603 4998 2666 5037 ac
2715 4981 2922 5064 ρει-ιιΙῆ
2955 4985 3026 5041 Is.
3048 4985 3313 5064 ,_Spark.,
3352 4984 3577 5064 Cella_r.,
3608 4984 3834 5064 Valc_lt.,

2308 5063 2413 5121 est,
2445 5054 2693 5136 lixarum.
2725 5055 2849 5136 Edit
2875 5052 3055 5126 plures
3077 5052 3620 5136 h:iben_t,errantium,
3644 5057 3783 5111 male
3813 5075 3828 5109 :

2228 5124 2371 5179 idem
2402 5125 2543 5200 enim
2565 5134 2736 5200 est_ac
2753 5124 3103 5200 rohvhgarum,
3126 5129 3268 5199 quod
3294 5130 3557 5200 sequitur,
3595 5140 3693 5199 pro
3721 5142 3839 5198 quo

2228 5205 2313 5251 est
2334 5197 2628 5268 vagantium
2658 5198 2709 5252 in
2746 5199 2770 5252 I
2799 5196 2941 5253 Clar.
2972 5210 3027 5254 et
3059 5196 3277 5255 Coiton.

2301 5268 2474 5342 Solem
2496 5279 2653 5342 stare.
2691 5268 2819 5342 Vide
2842 5270 3072 5342 Plinium
3102 5270 3193 5326 lib.
3222 5286 3261 5326 ιι
3288 5313 3305 5338 ,
3342 5284 3461 5342 cap.
3498 5269 3587 5326 i9.

2298 5339 2557 5413 Animalia
2586 5340 2900 5413 esse_sidera.
2944 5340 3002 5396 In
3030 5357 3138 5413 quo
3176 5358 3362 5400 errore
3406 5339 3503 5396 fuit
3546 5352 3601 5398 et
3641 5340 3842 5413 Orige-

2226 5410 2402 5482 nes__in
2438 5410 2574 5482 libro
2596 5412 2663 5482 de
2692 5411 2990 5482 Principiis.

2300 5478 2936 5553 Minutisquetuminibus.
2967 5483 3152 5551 Quoad
3197 5484 3412 5541 oculum
3454 5487 3679 5543 scilicet.

2296 5551 2589 5627 sanam...
2611 5551 2708 5627 Hic
2728 5554 2903 5609 Ovidii
2926 5557 3084 5621 liber,
3105 5557 3220 5613 sive
3253 5558 3537 5613 translatio
3577 5573 3646 5614 ex
3669 5557 3828 5613 Arati

2224 5622 2600 5695 Pbaeuot'nenis
2618 5624 2981 5695 ,7desnmptus
3002 5638 3104 5684 est.
3138 5628 3264 5683 Hmc
3291 5630 3535 5684 carmina
3560 5645 3624 5684 ex
3654 5628 3834 5685 Arato

2221 5694 2951 5837 gfﬁaicecgifeqtgi’lutarchus
2980 5700 3074 5757 lib.
3105 5715 3140 5756 ιι
3191 5699 3260 5758 de
3286 5700 3670 5774 Philos0pbor.
3701 5700 3839 5758 Pla-
