4174 6200
384 228 488 293 981

1013 371 1244 432 CAPUT
1281 372 1370 431 VI.

391 505 544 575 Quod
569 521 661 563 nec
689 506 916 563 mundus
946 514 1081 563 totus
1100 550 1115 574 ,
1165 525 1256 564 nec
1289 508 1534 565 elementa
1567 509 1670 564 sint
1695 507 1865 577 Deus,
1894 524 1985 565 nec

1066 601 1313 656 animata.

458 735 633 792 Simili
659 736 827 792 modo
853 735 898 791 si
927 745 1091 803 terra,
1123 752 1284 809 quam
1313 737 1605 801 calcamus,
1645 753 1805 811 quam
1836 740 1987 796 subi-

386 830 564 902 gimus
595 838 650 886 et
672 830 903 885 colimus
928 830 995 885 ad
1027 831 1247 896 victum,
1276 830 1412 887 deus
1433 847 1540 887 non
1572 840 1675 898 est,
1696 847 1795 888 nec
1812 834 1987 904 campi

387 923 606 996 quidem
636 938 701 979 ac
726 933 939 979 montes
968 923 1042 979 dii
1076 934 1237 981 erunt
1262 944 1275 980 :
1304 925 1401 982 sed
1428 926 1472 981 si
1492 926 1544 981 hi
1566 940 1670 982 non
1692 936 1840 995 sunt,
1859 942 1988 998 ergo

388 1031 458 1071 ne
484 1015 644 1071 tellus
674 1014 890 1086 quidem
924 1015 1173 1070 universa
1215 1016 1360 1071 Deus
1398 1016 1569 1073 videri
1616 1027 1812 1088 potest.
1854 1017 1985 1073 Item

389 1109 434 1165 si
464 1124 624 1180 aqua,
652 1098 779 1180 qum
802 1108 968 1163 servit
993 1108 1354 1165 animantibus
1374 1109 1441 1165 ad
1470 1125 1624 1165 usum
1654 1109 1869 1165 bibendi
1897 1118 1990 1165 aut

388 1202 621 1266 lavandi,
654 1201 789 1257 deus
823 1217 928 1255 non
957 1212 1062 1269 est,
1093 1216 1193 1257 nec
1222 1201 1399 1257 fontes
1426 1202 1663 1273 quidem,
1697 1218 1765 1257 ex
1794 1202 1988 1273 quibus

391 1308 527 1364 aqua
560 1292 795 1364 prolluit.
828 1293 885 1348 Si
915 1292 1094 1349 fontes
1119 1308 1229 1349 non
1257 1303 1416 1363 sunt,
1455 1309 1556 1350 nec
1596 1291 1821 1349 ﬂumina
1867 1294 1988 1363 qui-

391 1385 535 1452 dem,
567 1401 687 1456 quae
708 1389 776 1442 de
806 1386 1040 1443 fontibus
1070 1387 1422 1458 colliguntur.
1449 1388 1504 1444 Si
1532 1386 1753 1443 ﬂumina
1774 1401 1990 1458 quoque

392 1478 465 1533 dii
510 1493 615 1532 non
663 1487 816 1546 sunt,
868 1494 998 1551 ergo
1038 1491 1093 1534 et
1137 1494 1307 1545 mare,
1361 1479 1504 1547 quod
1560 1495 1627 1536 ex
1680 1478 1990 1534 ﬂuminibus

390 1580 620 1638 constat,
655 1571 801 1627 Deus
831 1570 1016 1627 haberi
1052 1588 1157 1627 non
1188 1580 1386 1642 potest.
1419 1572 1572 1640 Quod
1598 1573 1644 1628 si
1676 1587 1851 1643 neque
1879 1587 1991 1628 em-

390 1663 527 1733 Ium,
558 1679 737 1734 neque
768 1673 932 1730 terra,
984 1679 1161 1737 neque
1208 1680 1378 1734 mare,
1433 1681 1553 1735 quae
1593 1665 1777 1721 mundi
1809 1675 1990 1736 partes

1477 233 1681 293 LIBER
1720 233 1785 293 II.
1825 234 1917 293 DE
1954 233 2230 296 ORIGINE
2268 236 2583 298 ERRORIS.

2009 363 2067 423 Α
2088 369 2329 413 sensum.
2363 357 2768 429 Pr0positiones
2805 358 3021 431 quidem
3061 373 3205 416 verae
3229 364 3388 428 sunt,
3421 366 3478 418 et
3505 359 3686 416 sensi-

3576 234 3689 301 282

2086 450 2196 506 bile
2222 466 2377 519 esse,
2409 452 2553 523 quod
2592 468 2756 509 sensu
2800 454 3082 523 prmditum
3122 454 3339 523 gignat,
3387 463 3444 509 et
3481 451 3686 509 habere

2087 557 2332 609 sensum,
2366 544 2520 617 cujus
2548 560 2673 616 pars
2697 562 2860 601 sensu
2885 554 3043 601 aucta
3080 544 3149 601 sit
3175 564 3190 601 :
3218 545 3315 601 sed
3357 546 3687 617 assumptio-

2088 652 2187 691 nes
2213 636 2382 703 l’alsze,
2415 639 2611 707 quibus
2641 650 2955 709 argumenta
2984 638 3334 707 concludunt,
3364 639 3490 709 quia
3511 654 3689 711 neque

2090 730 2329 786 mundus
2353 741 2577 801 generat
2603 731 2875 788 hominem
2897 773 2913 800 ,
2955 747 3129 804 neque
3156 731 3320 788 homo
3350 732 3533 788 mundi
3566 748 3691 805 pars

2091 833 2195 880 est.
2227 824 2359 879 Nam
2389 824 2661 880 hominem
2690 840 2718 878 a
2751 823 3017 895 principio
3056 824 3197 880 idem
3238 825 3380 881 Deus
3408 822 3568 892 fecit,
3597 825 3691 896 qui

2090 926 2147 972 et
2174 916 2470 971 mundum:
2497 924 2553 971 et
2578 932 2684 972 non
2713 926 2797 972 est
2822 917 3004 972 mundi
3030 930 3153 987 pars
3176 916 3359 983 homo,
3391 919 3530 972 sicut
3566 929 3693 971 cor-

2094 1011 2243 1079 poris
2274 1007 2612 1074 membrum;
2643 1016 2817 1078 p0test
2846 1013 2989 1064 enim
3017 1008 3250 1064 mundus
3279 1023 3400 1064 esse
3435 1008 3554 1064 sine
3589 1007 3693 1063 ho-

2091 1100 2260 1167 mine,
2292 1102 2431 1156 sicut
2468 1100 2619 1169 urbs,
2648 1110 2705 1156 et
2753 1100 2964 1156 domus.
3010 1101 3172 1171 Atqui
3211 1110 3263 1155 ut
3305 1100 3499 1155 domus
3533 1099 3693 1155 unius

2093 1200 2329 1257 hominis
2357 1202 2721 1257 habitaculum
2750 1211 2865 1269 est,
2912 1210 2968 1257 et
3011 1201 3139 1256 urbs
3180 1200 3341 1256 unius
3372 1198 3581 1270 populi;
3614 1198 3695 1254 sic

2091 1301 2145 1350 et
2196 1293 2430 1349 mundus
2477 1294 2809 1350 domicilium
2861 1294 3023 1350 totius
3072 1296 3287 1364 generis
3331 1292 3571 1347 humani.
3622 1289 3696 1347 Et

2092 1387 2239 1442 aliud
2269 1397 2387 1455 est,
2448 1387 2591 1459 quod
2637 1388 2909 1452 incolitur,
2951 1386 3095 1441 aliud
3153 1384 3294 1457 quod
3336 1384 3538 1440 incolit.
3583 1381 3694 1440 Sed

2093 1478 2193 1545 illi,
2222 1478 2349 1534 dum
2382 1478 2599 1533 student
2626 1478 2701 1547 id,
2732 1478 2874 1549 quod
2902 1477 3038 1533 falso
3068 1485 3455 1547 susceperant,
3488 1474 3689 1531 contir-

2093 1587 2262 1639 mare,
2298 1581 2354 1626 et
2381 1570 2691 1628 sensibilem
2731 1586 2853 1627 esse
2884 1570 3181 1636 mundum,
3209 1577 3266 1625 et
3304 1568 3507 1636 Deum,
3537 1582 3699 1637 argu-

2094 1674 2405 1719 mentorum
2435 1678 2655 1718 suorum
2683 1663 3071 1733 consequentia
3103 1677 3208 1717 non
3241 1661 3516 1718 viderunt.
3559 1658 3695 1716 Nam

388 1766 538 1820 sunt,
565 1756 640 1812 dii
666 1771 790 1813 esse
819 1767 1081 1828 possunt;
1116 1772 1246 1828 ergo
1278 1772 1346 1814 ne
1376 1756 1609 1813 mundus
1639 1757 1862 1828 quidem
1902 1766 1985 1812 to-
2015 1760 2066 1821 Β
2094 1757 2139 1812 si
2167 1756 2350 1812 mundi
2382 1773 2507 1828 pars
2536 1767 2622 1813 est
2649 1756 2841 1824 homo,
2892 1768 2949 1812 et
2991 1756 3264 1813 sensibilis
3303 1765 3387 1812 est
3430 1755 3694 1825 mundus‘,

388 1856 474 1903 tus
506 1849 645 1903 Deus
672 1859 776 1915 est,
807 1864 966 1919 quem
998 1848 1157 1904 iidem
1189 1849 1290 1919 ipsi
1324 1849 1503 1916 stoici,
1541 1856 1596 1903 et
1631 1851 1986 1919 animantem,

389 1951 442 1999 et
465 1943 767 2013 sapientem
796 1958 919 1998 esse
943 1942 1315 2010 contendunt,
1358 1951 1414 1999 et
1454 1952 1741 2013 propterea
1772 1943 1938 1998 Deum
1971 1963 1985 1998 :

388 2035 441 2089 in
476 2049 582 2104 quo
612 2042 721 2088 tam
756 2034 1129 2091 inconstantes
1162 2034 1401 2101 fuerunt,
1432 2042 1491 2089 ut
1516 2035 1650 2090 nihil
1690 2036 1891 2091 dictum
1920 2036 1992 2091 sit

388 2126 457 2182 ab
485 2126 569 2182 his
595 2126 738 2196 quod
771 2143 878 2183 non
922 2128 991 2183 ab
1018 2127 1211 2183 iisdem
1241 2127 1403 2184 fuerit
1430 2143 1701 2183 eversum.
1730 2128 1819 2184 Sic
1844 2128 1990 2183 enim

389 2230 876 2293 argumentantur:
910 2221 1052 2278 Fieri
1093 2236 1200 2277 non
1248 2236 1442 2292 posse,
1490 2231 1546 2275 ut
1586 2235 1746 2276 sensu
1774 2229 1987 2288 careat,

389 2314 534 2387 quod
568 2314 847 2370 sensibilia
877 2330 941 2369 ex
972 2329 1031 2370 se
1060 2325 1303 2385 generat.
1350 2312 1580 2369 Mundus
1609 2321 1787 2368 autem
1822 2327 1988 2384 gene-

390 2417 476 2464 rat
501 2407 799 2475 hominem,
832 2410 925 2478 qui
953 2416 1039 2463 est
1064 2422 1225 2462 sensu
1254 2406 1548 2479 praeditus;
1578 2421 1707 2477 ergo
1735 2417 1788 2462 et
1814 2409 1991 2477 ipsum

392 2500 705 2557 sensibilem
734 2515 878 2556 esse.
921 2500 1094 2556 Item:
1122 2500 1250 2555 Sine
1288 2514 1452 2556 sensu
1489 2514 1610 2556 esse
1653 2514 1758 2555 non
1797 2515 1990 2572 posse,

394 2593 544 2663 cujus
575 2607 701 2664 pars
727 2592 923 2647 habeat
952 2606 1207 2657 sensum;
1240 2592 1403 2662 igitur
1426 2592 1548 2662 quia
1578 2591 1738 2647 homo
1764 2592 1995 2649 sensibi-

394 2682 463 2739 lis
491 2691 595 2753 est,
626 2683 790 2740 etiam
836 2682 1062 2752 mundo,
1108 2682 1261 2755 cujus
1307 2697 1434 2754 pars
1476 2682 1637 2737 homo
1666 2694 1768 2750 est,
1815 2684 1995 2739 inesse

2093 1847 2217 1918 quia
2273 1850 2434 1902 homo
2482 1850 2683 1903 sentit:
2716 1863 2847 1919 ergo
2900 1848 3022 1918 quia
3069 1846 3315 1902 mortalis
3363 1854 3447 1902 est
3494 1846 3692 1915 homo,

2095 1940 2341 1996 mortalis
2362 1942 2431 1995 sit
2461 1951 2513 1997 et
2544 1942 2778 1998 mundus
2804 1956 3025 1997 necesse
3053 1953 3165 2009 cst;
3196 1955 3297 1997 nec
3319 1949 3523 1996 tantum
3550 1956 3699 1996 mor-

2098 2033 2241 2102 talis,
2266 2034 2361 2089 sed
2385 2043 2438 2089 et
2459 2036 2710 2092 omnibus
2731 2036 2939 2091 morbis
2959 2046 3013 2091 et
3033 2035 3372 2108 passionibus
3396 2034 3691 2104 subjectus.

2170 2125 2239 2180 Et
2259 2141 2290 2181 e
2319 2130 2626 2184 contrario:
2650 2129 2706 2186 Si
2730 2130 2875 2185 Deus
2904 2140 2990 2187 est
3009 2130 3266 2198 mundus,
3289 2137 3345 2184 et
3371 2137 3551 2200 partes
3577 2128 3698 2197 ejus

2101 2221 2288 2291 utique
2335 2223 2670 2280 immortales
2698 2234 2861 2291 sunt;
2910 2240 3042 2297 ergo
3090 2233 3146 2281 et
3199 2224 3363 2280 homo
3408 2223 3553 2278 Deus
3580 2230 3699 2289 est,

2099 2314 2222 2385 quia
2256 2329 2382 2385 pars
2409 2326 2495 2372 est
2527 2318 2613 2386 (ut
2642 2317 2849 2391 dicitis)
2880 2318 3091 2373 mundi.
3140 2317 3199 2374 Si
3227 2316 3423 2382 homo;
3469 2329 3597 2385 ergo
3645 2321 3704 2371 et

2094 2406 2365 2476 jumenta,
2400 2418 2455 2463 et
2486 2409 2724 2479 pecudes
2744 2452 2758 2476 ,
2794 2419 3060 2465 etczetera
3081 2424 3281 2480 genera
3302 2407 3617 2475 bestiarum,
3646 2414 3703 2462 et

2098 2501 2301 2568 avium,
2332 2510 2388 2558 et
2405 2503 2664 2573 piscium;
2697 2505 2951 2575 quoniam
2975 2512 3030 2559 et
3052 2502 3140 2557 illa
3162 2501 3356 2557 eodem
3380 2499 3542 2555 modo
3572 2514 3699 2555 sen-

2101 2594 2258 2662 tiunt,
2289 2605 2344 2651 et
2380 2597 2565 2652 mundi
2613 2607 2799 2667 partes
2837 2606 2982 2651 sunt.
3014 2598 3085 2651 At
3112 2595 3216 2651 hoc
3248 2593 3530 2649 tolerabile
3573 2601 3700 2649 est:

2099 2702 2224 2743 nam
2251 2697 2306 2744 et
2334 2688 2451 2744 haec
2480 2691 2667 2746 colunt
2686 2688 2949 2763 Egyptii.
2980 2688 3089 2747 Sed
3112 2702 3201 2744 res
3225 2703 3292 2744 eo
3317 2685 3602 2758 pervenit,
3637 2691 3697 2740 ut

1714 2820 2350 2896 VARIOBUMJOTE.

467 2961 532 3017 Si
549 2969 705 3044 terra,
734 2960 1194 3044 quant_calcamus,
1224 2968 1350 3044 etc.‘
1381 2958 1849 3044 blullmunationes
1880 2970 1991 3044 ter—

2101 2966 2167 3022 de
2204 2966 2401 3044 Natura
2437 2967 2687 3040 deorum,
2724 2970 2932 3029 scilicet
2973 2982 3154 3044 partes
3197 2973 3383 3029 mundi
3424 2988 3534 3030 non
3578 2986 3702 3030 esse

392 3049 512 3089 ram
560 3030 833 3102 tamquam
870 3032 1025 3089 deam
1057 3034 1296 3087 coluere.
1321 3030 1367 3087 A
1394 3032 1694 3102 Phrygibus
1715 3031 1993 3087 colebatur

392 3106 497 3161 sub
530 3104 749 3159 nomine
778 3103 970 3171 Rheae,
988 3101 1239 3175 Cybeles,
1270 3111 1375 3157 etc.
1400 3101 1606 3175 Assyrii
1638 3102 1819 3157 itidem
1846 3103 1990 3158 illam

394 3190 495 3246 pro
515 3175 613 3231 dea
647 3175 905 3242 habuere,
936 3174 1073 3231 teste
1090 3174 1360 3229 Macrohio
1390 3174 1504 3246 Sat.
1548 3174 1639 3227 lib.
1668 3189 1703 3237 ι,
1737 3190 1856 3241 cap.
1886 3176 1991 3231 ‘23:

393 3245 595 3318 Assyrii
619 3245 749 3314 Deo,
784 3263 931 3317 quem
966 3262 1219 3318 summum
1258 3245 1637 3318 maximumque
1670 3257 1991 3318 uenerantur,

394 3316 547 3374 Addd
585 3335 768 3373 nomen
798 3316 1099 3372 dederunt:
1127 3316 1441 3386 subjunguut
1471 3316 1631 3369 eidem
1667 3316 1813 3369 dcam
1833 3358 1848 3383 ,
1898 3332 1994 3372 no-

395 3392 533 3444 mine
554 3389 859 3459 Adargatim
876 3431 891 3455 ,
934 3404 1235 3456 omnemque
1256 3397 1552 3456 potestatem
1582 3396 1883 3441 cunctarum
1910 3405 1994 3441 re-

394 3478 512 3515 rum
541 3462 622 3514 his
673 3461 874 3514 duobus
919 3461 1234 3524 attribuunt,
1280 3459 1438 3512 solem
1483 3468 1768 3527 terramque
1810 3460 2000 3513 intelli-

396 3543 590 3602 gentes.
623 3530 871 3603 Aigyptii
906 3533 1067 3586 etiam
1103 3530 1179 3603 illi
1227 3530 1443 3603 divinos
1490 3529 1737 3603 detu_lere
1762 3532 1999 3603 honores

398 3599 500 3658 sub
527 3599 748 3658 nomine
769 3599 947 3667 Isidis,
977 3611 1114 3657 teste
1144 3601 1332 3657 Servio
1363 3600 1414 3655 iu
1461 3616 1552 3655 vin
1581 3599 1801 3655 IEneid.
1830 3620 1843 3653 :
1873 3599 1998 3667 Isis,

398 3674 593 3741 inquit,
627 3675 805 3745 lingua
820 3672 1192 3745 ngyptioruim
1232 3679 1500 3745 est_terra,
1540 3688 1708 3745 quam
1738 3670 1852 3745 Isin
1894 3688 2002 3726 esse

399 3746 597 3799 volunt.
652 3741 783 3800 Item
834 3741 1069 3800 Macrob.
1116 3744 1230 3799 Sat.
1262 3743 1351 3803 l7,
1382 3757 1501 3812 cap.
1533 3741 1605 3796 20
1636 3761 1648 3796 :
1681 3741 1786 3796 Isis
1818 3744 2002 3810 juncta

400 3817 649 3886 religione
675 3815 979 3881 celebratur,
1009 3830 1123 3886 qua:
1151 3824 1223 3869 est
1248 3815 1324 3867 vel
1362 3824 1537 3886 terra,
1570 3812 1650 3867 vel
1688 3825 1873 3886 natura
1916 3831 2000 3869 re—

400 3883 517 3941 runi
555 3888 824 3957 subjacens
859 3888 975 3942 soli.
1022 3883 1282 3941 Germani
1323 3886 1485 3957 etiam
1524 3883 1662 3957 hanc
1701 3884 1857 3939 deam
1906 3899 2001 3940 co-

404 3958 578 4024 luere,
612 3955 671 4014 ut
714 3969 942 4013 testatur
968 3958 1207 4019 Tacitus,
1253 3956 1342 4024 qui
1382 3955 1513 4010 dicit
1558 3956 1704 4010 illuxit
1737 3966 2001 4019 vocatam,

406 4028 679 4085 Hennam.
712 4029 832 4084 Vid.
866 4029 1052 4095 Voss.,
1082 4030 1149 4083 de
1170 4026 1325 4094 ldol.,
1358 4042 1478 4097 cap.
1509 4026 1599 4082 55.

478 4124 650 4192 Quam
675 4123 955 4194 subigimus
984 4132 1029 4176 et
1055 4123 1272 4177 colimus
1297 4121 1365 4194 ad
1394 4120 1600 4175 victum.
1646 4121 1720 4175 Ita
1764 4121 2004 4175 rcSIitni-

407 4210 525 4250 mus
552 4211 618 4250 ex
648 4193 919 4251 veteribus
975 4193 1136 4250 editis
1190 4193 1509 4260 cunctisque
1559 4208 1690 4247 mss.
1744 4204 1940 4261 praeter
1990 4210 2005 4247 ι

412 4266 617 4321 Bonnn.
651 4268 822 4336 antiq.
875 4268 925 4320 in
977 4281 1085 4336 quo
1123 4264 1278 4320 deest
1305 4272 1353 4319 et
1382 4265 1613 4319 colimus.
1652 4264 1725 4318 De
1758 4265 1858 4318 hoc
1874 4262 2007 4318 Cato

411 4339 548 4408 apud
580 4338 922 4403 Ciceronem,
950 4337 1017 4392 de
1045 4336 1358 4393 Senectute.

2104 3050 2279 3109 partes
2309 3040 2421 3094 Dei.

2171 3108 2313 3181 Ergo
2359 3128 2421 3165 ne
2473 3113 2693 3168 mundus
2739 3114 2942 3185 quidem
2989 3124 3123 3172 totus
3168 3116 3310 3173 Deus
3355 3124 3450 3173 est.
3493 3118 3571 3173 De
3596 3115 3702 3172 hac

2098 3186 2389 3238 stoicorum
2432 3188 2698 3239 sententia
2748 3187 2869 3241 vide
2923 3188 3242 3243 Ciceronem
3292 3190 3344 3244 in
3394 3204 3449 3243 IV
3490 3188 3701 3243 Acade-

2099 3256 2357 3329 micarum]
2386 3254 2684 3329 Quaestion.
2723 3257 2947 3313 Mundus
2978 3272 3093 3314 erat
3135 3261 3332 3317 Stoicis
3381 3261 3522 3315 Deus
3558 3260 3695 3329 ipse.

2100 3327 2223 3401 Yltl.
2243 3326 2524 3401 Plutarch.
2546 3370 2561 3393 ,
2616 3329 2685 3383 de
2731 3329 2867 3401 Phil.
2914 3331 3057 3385 Plac.
3080 3373 3095 3397 ,
3135 3332 3228 3388 lib.
3256 3348 3291 3397 ι,
3322 3347 3445 3401 cap.
3475 3334 3509 3387 5
3537 3326 3594 3387 et
3627 3331 3691 3395 7;

2101 3398 2404 3467 Epiplian.,
2438 3398 2653 3469 llzeres.
2699 3400 2907 3468 praefat.
2956 3418 2968 3453 :
3010 3402 3248 3464 Seneca,
3297 3398 3500 3469 Quirst.
3557 3411 3696 3468 nat.,

2101 3469 2194 3543 lib.
2237 3486 2299 3543 n,_
2321 3484 2437 3540 cap.
2471 3470 2544 3543 45
2570 3488 2581 3522 :
2622 3468 2705 3524 Vis
2745 3470 2908 3524 Deum
2940 3473 3183 3525 mundum
3214 3468 3434 3527 vocare?
3462 3490 3561 3526 non
3592 3472 3699 3543 [nl-

2103 3540 2394 3613 lerisalpse
2420 3542 2552 3595 enim
2582 3551 2655 3595 est
2695 3551 2854 3594 totum
2902 3543 3038 3611 quod
3080 3543 3251 3605 vides.
3294 3555 3424 3598 totus
3465 3540 3699 3613 aperibus

2101 3612 2207 3737 {ubis
2250 3611 2442 3666 inditus
2474 3620 2519 3666 et
2565 3628 2618 3666 se
2665 3621 2955 3667 sustentans
3001 3615 3046 3667 vi
3092 3630 3207 3669 sua.
3242 3614 3422 3670 Manil.
3452 3611 3699 3687 AStrott.,

2127 3699 2138 3735 I
2184 3721 2195 3734 .
2227 3698 2245 3737 ι
2277 3700 2289 3736 :

2127 3698 2289 3737 ιυ.ι;

2230 3796 2334 3865 Qua
2353 3803 2519 3865 pateat
2537 3800 2768 3865 mundum
2790 3799 2958 3849 divino
2980 3800 3185 3851 numine
3202 3801 3356 3865 verti,

2229 3860 2392 3924 Atque
2415 3863 2577 3924 ipsum
2599 3873 2712 3911 esse
2736 3860 2917 3912 Deum.

2103 3967 2191 4023 Sic
2218 3976 2274 4023 et
2300 3966 2432 4023 Cato
2459 3968 2600 4039 apud
2627 3968 2921 4036 Lucanum,
2941 3968 3039 4025 lib.
3072 3984 3125 4023 ιι
3160 3985 3175 4023 :

2199 4081 2399 4146 Jupiter
2424 4087 2501 4132 est
2517 4082 2859 4145 quodcumque
2885 4082 3045 4147 vides,
3062 4082 3407 4146 quodcumque
3426 4086 3668 4133 movetur.

2183 4208 2567 4277 Propositiones
2590 4208 2791 4277 quidem
2816 4222 2947 4261 verte
2971 4216 3157 4261 sunt...
3205 4205 3295 4261 sed
3332 4205 3704 4273 assumptiones

2116 4280 2279 4350 falsae.
2312 4280 2668 4334 Ciceroniano
2697 4294 2846 4334 more
2873 4279 3106 4350 loquitur
3135 4277 3464 4337 Lactantius,
3497 4289 3701 4350 propo-

2114 4346 2475 4421 Sitinnemque
2498 4361 2649 4404 vocat
2671 4365 2788 4404 eam
2815 4349 3112 4419 syllogismi
3137 4357 3348 4421 partem
3364 4362 3521 4415 quam
3546 4346 3705 4421 scho-

484 4430 593 4485 Ncc
621 4431 792 4500 campi
817 4429 1221 4500 quidem.Lego,
1248 4445 1310 4484 ne
1331 4429 1501 4501 campi
1527 4428 1751 4499 quidem,
1781 4438 1839 4484 ut
1866 4428 2003 4485 Ven.
2030 4420 2087 4483 D
2117 4423 2286 4478 lastici
2343 4414 2607 4501 majorem
2631 4414 2912 4501 nominant
2931 4414 3047 4483 [et
3080 4414 3516 4501 ‘as’s‘nnlptionetn
3575 4414 3706 4470 dicit

412 4501 569 4564 M95.
604 4502 695 4558 97.
728 4503 861 4557 BUN.

482 4574 610 4630 Item
636 4575 682 4628 si
702 4591 853 4643 aqua.
878 4574 998 4628 Prua
1018 4574 1225 4627 cunctis
1246 4571 1497 4643 gentibus
1516 4571 1785 4642 prmcipue
1810 4586 2003 4642 aquam

411 4647 648 4701 venerati
678 4642 929 4700 videntur
957 4643 1194 4716 Egyptii
1220 4642 1504 4716 etPersa}.
1543 4643 1907 4716 Deprioribus
1931 4645 2003 4697 ita

409 4717 694 4773 Plutarch.
739 4716 833 4771 lib.
877 4717 944 4771 de
998 4713 1078 4771 ls.
1126 4725 1179 4770 et
1208 4713 1346 4769 Osir.
1378 4732 1389 4767 :
1428 4714 1578 4768 Niltil
1616 4715 1669 4767 in
1710 4715 1903 4782 majore
1930 4724 2002 4768 est

411 4787 679 4860 Egyptiis
716 4789 927 4854 honore,
961 4804 1110 4860 quam
1135 4784 1310 4860 Nilus.
1346 4786 1386 4839 E
1417 4787 1613 4860 nostris
1644 4785 1999 4860 Athanasius,

411 4856 820 4929 quild‘lgyptius
850 4856 1109 4928 ipse'l‘nit,
1144 4858 1295 4912 Orat.
1330 4868 1476 4929 cont.
1508 4856 1709 4929 Gentes
1736 4875 1748 4908 :
1779 4858 2003 4927 Alii/lu-

409 4926 514 4984 vias
544 4943 590 4984 et
612 4926 805 5001 fontes,
836 4926 883 4985 et
902 4932 1127 4983 omnium
1150 4926 1632 5001 ntaxintengyptii
1654 4945 1837 5001 aquam
1866 4926 2003 5001 pra:-

412 5004 559 5073 cipue
574 4998 817 5073 venerati,
834 5003 1051 5073 deosque
1066 5000 1351 5073 appellant.
1374 4998 1635 5056 Similiter
1652 4998 1759 5055 Jul.
1782 4998 2002 5055 Firmic.

414 5072 481 5127 de
512 5072 636 5127 Err.
667 5072 807 5143 prof.
837 5072 1009 5143 Relig.
1039 5072 1281 5128 Vossws.

489 5143 600 5198 Nec
616 5140 781 5215 fontes
804 5140 1028 5210 quidem.
1050 5143 1128 5199 Ex
1149 5144 1335 5208 (30th.,
1355 5141 1503 5215 Lips.
1526 5140 1824 5215 tert.,Ven.
1844 5142 2002 5215 M71,

416 5214 594 5282 Rost.,
617 5213 686 5270 ne
706 5218 870 5284 fontes
895 5216 1121 5286 quidem,
1152 5227 1209 5269 ut
1236 5216 1385 5269 multi
1418 5213 1537 5286 libri
1564 5231 1576 5266 :
1609 5228 1671 5286 ne
1705 5213 1863 5286 _tellus
1888 5214 1997 5286 qui-

417 5289 555 5352 dem,
583 5304 645 5341 ne
666 5283 884 5358 ﬂumina
908 5283 1160 5356 quidem,
1214 5302 1277 5339 ne
1324 5284 1545 5358 mundus
1573 5283 1791 5358 Aqttidet‘n
1816 5299 1834 5335 :
1868 5283 2008 5358 unde

419 5375 480 5413 ne
508 5353 690 5413 uelum
718 5360 919 5428 quidem
935 5353 1318 5429 corrigendum
1341 5357 1540 5427 putavi.
1562 5353 1717 5429 Cunl'.
1737 5353 2007 5429 Grazviunt

421 5430 652 5495 etalios,
688 5424 754 5485 ad
787 5431 854 5485 de
886 5430 955 5484 Μ.
991 5424 1143 5485 Pers.
1201 5424 1412 5499 capfd,
1458 5435 1570 5480 not.
1614 5425 1647 5481 8
1689 5435 1745 5481 et
1782 5433 1893 5482 not.
1943 5424 2009 5479 ad

423 5500 566 5572 Lact.
596 5503 693 5557 lib.
725 5518 797 5564 vr,
829 5516 949 5572 cap.
987 5502 1073 5557 15.
1104 5501 1235 5556 BUN.

493 5571 604 5628 Nec
632 5574 853 5644 ﬂumina
875 5569 1102 5644 quidem.
1130 5572 1234 5627 Pro
1262 5588 1326 5644 ne
1362 5569 1589 5644 reposui
1634 5584 1725 5622 nec
1767 5582 1837 5644 ei;
1878 5582 2007 5623 mss.

423 5645 459 5698 2
488 5639 643 5716 Reg,
670 5650 705 5701 5
734 5639 912 5708 συιδ..
941 5645 1106 5700 Brun.
1161 5653 1215 5702 et
1244 5642 1403 5700 editis
1431 5639 1611 5697 multis
1646 5658 1657 5694 :
1687 5639 1829 5711 quod
1868 5655 2009 5710 pra:-

429 5717 668 5786 cedentia
698 5719 998 5786 requirunt.

479 5784 606 5853 Qua:
634 5781 816 5843 mundi
846 5797 1016 5859 partes
1039 5796 1177 5844 sunt.
1205 5785 1408 5843 Eadem
1441 5800 1595 5843 mens
1624 5791 1707 5841 est
1732 5781 2011 5842 Ciceronis

2112 4508 2272 4564 quam
2303 4493 2610 4547 scholastici
2634 4494 2879 4545 minorem
2905 4497 3117 4544 vocant.
3143 4488 3227 4542 Ea:
3252 4488 3409 4544 Ismo.

2180 4587 2411 4642 Mundus
2436 4586 2773 4641 domicilium.
2815 4584 2903 4640 Sic
2938 4584 3148 4648 Cicero,
3182 4582 3274 4638 lib.
3306 4597 3363 4637 nr
3389 4580 3457 4636 de
3484 4580 3707 4637 Finibus

2106 4660 2200 4713 ait:
2236 4659 2490 4712 Mundum
2518 4667 2687 4712 autent
2717 4665 2917 4710 censent
2943 4656 3048 4726 regi
3076 4655 3280 4708 numine
3296 4655 3526 4726 deorum,
3561 4668 3705 4726 eum-

2104 4747 2201 4801 que
2227 4747 2333 4785 esse
2361 4730 2505 4796 quasi
2532 4744 2848 4781 communem
2881 4724 3053 4780 urbem
3081 4738 3126 4780 et
3152 4727 3407 4801 civitatem
3445 4724 3707 4801 hominum

2106 4795 2155 4856 et
2181 4795 2427 4865 deorum;
2454 4810 2499 4854 et
2526 4814 2933 4870 unumquemque
2985 4808 3214 4853 nostrum
3245 4798 3355 4866 ejus
3397 4795 3573 4849 mundi
3601 4810 3709 4849 esse

2145 4883 2321 4927 artem.

2106 4891 2340 4998 “illisit
2367 4942 2502 5011 quod
2525 4943 2722 4998 incolit.
2766 4942 2843 4998 Ita
2888 4957 2951 4997 ex
2980 4940 3230 4996 omnibus
3261 4954 3394 5011 mss.
3425 4946 3479 4991 et
3508 4935 3706 5011 veteri-

2107 5017 2209 5073 bus
2249 5006 2410 5071 editis
2447 5016 2677 5071 restitui.
2733 5015 2791 5071 In
2834 5013 3075 5084 pluribus
3122 5010 3397 5081 impressis
3440 5016 3522 5063 est
3560 5006 3701 5061 colit.

2111 5088 2245 5144 Vide
2278 5088 2655 5159 praecedentia.
2704 5158 2710 5159 ί
2936 5155 2977 5159 _
3272 5150 3304 5159 ﬂ
3566 5147 3596 5159 Α,

2184 5150 2849 5228 (Ῑοὴεεᾳιιεητὶαζιῖθίιηιη.
2880 5198 2895 5223 ,
2936 5155 3214 5228 Τονηαξε..
3264 5150 3704 5228 consequentiam.

2112 5231 2254 5286 Idem
2288 5220 2497 5285 Reimm
2523 5248 2535 5283 :
2567 5226 2706 5300 Ergo
2728 5220 3036 5282 etJumenta
3054 5241 3073 5290 ;
3118 5225 3279 5278 bene.
3306 5220 3438 5275 Bux.

2186 5322 2292 5377 Sed
2336 5332 2399 5377 et.
2454 5324 2704 5377 Umnium
2751 5338 2882 5376 mss.
2927 5329 3037 5385 est;
3085 5318 3177 5372 sed
3206 5316 3360 5371 etiant
3399 5312 3704 5382 editorum,

2113 5404 2311 5466 praeter
2341 5395 2568 5450 Tornes.
2599 5404 2655 5449 et
2683 5394 2949 5466 Soubron.

2184 5464 2426 5520 Iumenta
2455 5476 2500 5519 et
2528 5465 2764 5535 pecudes.
2794 5462 2944 5531 Quod
2970 5458 3343 5535 Aconlirmatur
3371 5474 3436 5516 ex
3466 5455 3707 5529 Epistola

2115 5537 2263 5594 Pauli
2288 5538 2354 5591 ad
2389 5531 2639 5603 Rutulam,
2675 5551 2792 5604 cap.
2818 5551 2855 5602 ι,
2884 5550 2937 5588 v.
2965 5531 3058 5590 25.

2191 5634 2329 5689 Nam
2358 5643 2403 5686 et
2433 5634 2541 5687 haec
2568 5630 2739 5685 colunt
2768 5628 3031 5703 V/Eggptii.
3064 5627 3485 5703 Absurdioqrihns
3512 5637 3699 5703 super-

2117 5706 2427 5763 stitionibus
2454 5704 2687 5759 maxime
2714 5694 2930 5757 addicti.
2977 5700 3051 5755 De
3077 5698 3543 5771 superstitionibus
3573 5694 3699 5746 reli-

2115 5780 2281 5850 giosis
2306 5774 2684 5848 Egyptiorum
2715 5774 2835 5831 vide
2876 5763 3203 5829 Herodotum
3232 5771 3322 5825 lib.
3356 5783 3423 5831 n;
3476 5763 3696 5817 Cicero-
