4174 6200
458 277 566 338 285

1532 286 1720 344 FIRM.
1755 285 2125 346 LACTANTII
2156 290 2361 348 DIVIN.
2407 292 2649 352 INSTIT.

3656 300 3762 356 284

464 407 519 456 et
548 414 715 467 ranae,
753 404 808 456 et
839 398 1066 466 culices,
1105 409 1159 456 et
1190 400 1430 461 formicae
1461 402 1530 459 dii
1575 418 1698 463 esse
1743 406 2055 477 videantur,
2089 414 2138 478 Α
2166 410 2329 466 etiam
2356 411 2535 467 verbis
2557 414 2669 468 suis
2699 412 3066 471 revincuntur.
3100 413 3250 471 Sicut
3280 415 3424 469 enim
3458 416 3672 484 domus,
3707 419 3759 473 in

463 491 590 563 quia
609 498 663 547 et
689 491 819 559 ipsis
858 491 1002 547 inest
1027 507 1259 562 sensus,
1286 503 1341 551 et
1367 504 1547 567 partes
1582 498 1766 555 mundi
1806 509 1951 554 sunt.
1979 499 2060 557 Ita

463 598 683 656 semper
708 594 1024 656 argumenta
1047 602 1113 644 ex
1137 587 1273 644 falso
1291 590 1459 659 petita
1482 590 1694 663 ineptos
1713 602 1767 650 et
1795 594 2062 653 absurdos

464 678 643 735 exitus
673 677 893 736 habent.
922 680 1083 750 Quid,
1116 685 1259 755 quod
1288 685 1448 743 iidem
1484 687 1585 758 ipsi
1613 688 1781 757 aiunt,
1830 690 2057 748 deorum

461 780 515 828 et
546 771 821 829 hominum
852 789 1013 831 causa
1044 777 1306 834 mundum
1328 793 1453 838 esse
1473 791 1867 852 constructum,
1901 786 2057 856 quasi

457 878 803 923 communem
833 867 1055 927 domum
1082 886 1247 945 :ergo
1276 887 1377 931 nec
1398 875 1631 932 mundus
1655 876 1803 933 Deus
1821 887 1927 943 est.
1955 894 2060 937 nec

458 957 729 1027 animans,
784 959 831 1016 si
868 971 1216 1022 constructus
1271 974 1401 1032 est;
1443 968 1689 1023 animans
1738 970 1881 1026 enim
1948 985 2055 1028 non

459 1052 816 1120 construitur,
847 1054 942 1111 sed
972 1055 1322 1125 nascitur.!Et
1346 1059 1392 1114 si
1421 1068 1504 1115 est
1528 1060 1826 1117 aediﬁcatus
1852 1062 1930 1119 sic
1952 1064 2056 1119 uti-

456 1158 561 1215 que
584 1153 855 1217 tamquam
876 1146 1092 1214 domns,
1111 1156 1383 1221 tamquam
1408 1154 1562 1208 navis
1583 1170 1597 1215 ;
1617 1162 1701 1210 est
1716 1169 1849 1225 ergo
1863 1156 2057 1227 aliquis

458 1234 652 1292 artifex
709 1239 896 1295 mundi
933 1239 1110 1307 Deus;
1153 1251 1209 1299 et
1240 1259 1488 1300 seorsum
1519 1247 1622 1303 erit
1652 1249 1906 1317 mundus,
1963 1250 2057 1321 qui

454 1326 627 1385 factus
652 1341 738 1386 est
760 1372 774 1397 ,
809 1347 1055 1389 seorsum
1090 1335 1182 1391 ille
1203 1377 1219 1403 ,
1268 1337 1357 1406 qui
1388 1336 1538 1395 fecit.
1570 1338 1690 1397 Jam
1720 1340 1853 1397 illud
1892 1357 2055 1413 quam

454 1437 761 1495 repugnans
797 1432 852 1480 et
879 1425 1175 1483 absurdum
1202 1428 1393 1500 ,'quod
1432 1446 1555 1487 cum
1612 1433 1860 1491 etelestes
1904 1436 2056 1506 ignes

454 1524 759 1586 cmtcraque
817 1518 1002 1573 mundi
1041 1519 1313 1578 elementa
1353 1523 1486 1579 deos
1548 1525 1862 1595 afﬁrment,
1926 1528 2054 1584 item

454 1604 628 1676 ipsum
675 1605 836 1663 deum
879 1609 1140 1667 mundum
1188 1612 1396 1669 dicunt.
1441 1614 1727 1685 Quomodo
1754 1626 1938 1690 potest
1985 1635 2054 1677 ex

456 1698 684 1757 deorum
714 1702 1009 1760 multorum
1050 1720 1248 1763 acervo
1272 1724 1413 1764 unus
1446 1711 1587 1767 Deus
1616 1712 1853 1769 conﬁci?
1882 1714 1936 1770 Si
1967 1729 2053 1769 as-

454 1800 534 1848 tra
576 1794 650 1849 dii
702 1805 846 1862 sunt,
890 1797 1123 1854 mundus
1168 1814 1298 1871 ergo
1352 1815 1460 1858 non
1516 1803 1678 1871 Deus,
1735 1805 1831 1861 sed
1877 1805 2052 1862 domi-

2168 516 2323 557 usum
2346 502 2624 559 habitandi
2655 506 2815 572 facta,
2848 520 2946 577 per
2965 521 3025 562 se
3053 506 3188 562 nihil
3212 507 3398 576 sentit,
3430 510 3762 581 dominoque

2160 596 2402 666 subjecta
2429 606 2530 664 est,
2566 598 2655 669 qui
2678 616 2797 655 eam
2824 599 2968 667 fecit,
3002 610 3095 655 aut
3124 601 3312 656 incolit
3341 617 3354 653 :
3390 601 3462 656 ita
3503 603 3760 671 mundus,

2160 697 2256 753 per
2278 697 2337 738 se
2362 683 2492 739 nihil
2524 686 2787 754 sentiens,
2830 686 3020 743 factori
3055 687 3167 744 Deo
3212 685 3478 758 subiacet,
3518 687 3609 761 qui
3635 704 3761 746 eum

2160 775 2213 831 in
2237 791 2390 832 usum
2417 778 2498 833 sui
2530 778 2673 835 fecit.

2761 918 2994 979 CAPUT
3021 920 3138 979 VII.

2158 1078 2239 1136 De
2271 1079 2396 1149 Deo,
2453 1089 2499 1138 et
2526 1081 2858 1155 religionibus
2895 1084 3283 1154 insipientium;
3320 1082 3385 1137 de
3426 1084 3646 1140 auaritia
3702 1094 3753 1140 et

2625 1176 2884 1246 majorum
2921 1177 3248 1231 auctoritate.

2236 1327 2447 1398 Duplici
2498 1343 2631 1401 ergo
2666 1329 2878 1386 ratione
2923 1342 3177 1403 peccatur
3214 1334 3285 1391 ab
3330 1334 3757 1407 insipientibus:

2158 1420 2412 1492 primum,
2463 1421 2604 1493 quod
2633 1422 2921 1483 elementa.
2961 1424 3011 1480 id
3039 1434 3125 1482 est
3155 1427 3245 1484 Dei
3283 1442 3449 1497 opera
3479 1428 3592 1484 Deo
3619 1443 3760 1499 pra:-

2158 1511 2343 1568 t‘erunt
2371 1530 2386 1579 ;
2429 1513 2648 1584 deinde,
2678 1515 2822 1587 quod
2850 1515 3244 1574 elementorum
3287 1520 3526 1590 ipsorum
3558 1521 3759 1589 ﬁguras

2157 1604 2389 1662 humana
2424 1611 2606 1679 specie
2631 1608 3055 1680 comprehensas
3081 1612 3289 1667 colunt.
3337 1612 3473 1667 Nam
3502 1613 3634 1668 solis
3663 1613 3751 1667 lu-

2158 1714 2350 1771 naeque
2377 1701 2667 1757 simulacra
2700 1700 2990 1759 humanum
3014 1704 3065 1758 in
3088 1704 3308 1761 modum
3329 1705 3598 1772 formant;
3632 1705 3759 1762 item

2158 1791 2317 1862 ignis,
2343 1802 2401 1847 et
2423 1803 2600 1858 terrae,
2631 1803 2686 1849 et
2711 1797 2898 1858 maris.
2924 1810 3043 1866 quae
3070 1795 3147 1851 illi
3180 1796 3755 1868 Vulcanum,Vestam,

453 1884 634 1941 cilium
662 1885 889 1942 deorum
918 1898 1022 1945 est.
1068 1890 1123 1947 Si
1155 1907 1283 1948 vero
1334 1893 1477 1950 Deus
1513 1895 1747 1952 mundus
1772 1906 1887 1964 est;
1920 1915 2047 1971 ergo

2156 1881 2461 1955 Neptunum
2524 1894 2760 1951 vocant;
2803 1901 2904 1942 nec
2948 1887 3233 1944 elementis
3294 1888 3425 1959 ipsis
3473 1888 3526 1942 in
3561 1897 3755 1959 aperto

451 1978 630 2032 omnia
691 1979 781 2035 illa
829 1996 949 2051 quae
1002 1991 1131 2038 sunt
1173 1984 1228 2040 in
1279 2000 1345 2041 eo
1389 1986 1464 2042 dii
1510 2004 1614 2044 non
1643 2000 1787 2058 sunt,
1827 1991 1923 2047 sed
1954 1992 2050 2049 Dei

453 2069 720 2137 membra,
769 2087 889 2143 qum
920 2074 1106 2149 utique
1151 2077 1266 2132 sola
1298 2077 1393 2135 Dei
1421 2095 1616 2138 nomen
1646 2084 1896 2153 accipere
1941 2099 2048 2141 non

449 2171 698 2232 possunt.
727 2162 841 2220 Nec
870 2166 1018 2221 enim
1046 2177 1194 2224 recte
1222 2170 1341 2240 quis
1364 2170 1590 2239 dixerit,
1614 2174 1853 2229 membra
1876 2174 2051 2232 homi-

449 2253 536 2309 nis
564 2255 724 2310 unius
753 2256 955 2311 multos
985 2259 1236 2317 homines
1273 2276 1395 2318 esse
1430 2282 1443 2318 :
1494 2265 1589 2320 sed
1618 2274 1798 2321 tamen
1827 2282 1933 2322 non
1966 2278 2050 2324 est

448 2346 641 2402 similis
668 2349 1007 2420 comparatio
1033 2353 1279 2408 animalis
1306 2365 1361 2411 et
1388 2356 1594 2412 mundi.
1638 2359 1853 2414 Animal
1876 2361 2042 2428 enim,

448 2440 571 2508 quia
628 2454 791 2495 sensu
846 2442 1132 2515 praeditum
1182 2456 1287 2515 est,
1321 2448 1482 2503 etiam
1523 2450 1766 2506 membra
1802 2451 1919 2522 ejus
1952 2454 2045 2509 ha-

450 2529 579 2584 bent
607 2545 851 2600 sensum,
886 2549 1009 2602 nec,
1032 2535 1134 2592 nisi
1153 2552 1181 2590 a
1204 2552 1434 2610 corpore
1450 2539 1683 2609 divulsa,
1708 2543 2042 2601 brutescunt.

449 2619 616 2692 Cujus
647 2622 808 2696 igitur
833 2626 912 2680 rei
940 2627 1350 2685 similitudinem
1391 2632 1532 2702 gerit
1579 2634 1852 2690 mundus?
1876 2634 2045 2692 Nimi-

446 2728 565 2768 rum
590 2713 690 2785 ipsi
720 2715 939 2786 docent,
969 2734 1091 2775 cum
1126 2719 1322 2777 factum
1356 2738 1479 2781 esse
1506 2740 1613 2780 non
1636 2725 1955 2796 difﬁtentur,
1990 2739 2049 2786 ut

448 2820 592 2865 esset
619 2811 722 2867 diis
746 2822 802 2868 et
845 2812 1151 2871 hominibus
1190 2819 1344 2888 quasi
1371 2822 1675 2876 communis
1716 2822 1932 2879 domus.
1990 2823 2046 2879 Si

450 2920 579 2977 ergo
608 2915 693 2963 est
721 2918 1087 2979 constructus,
1120 2920 1179 2967 ut
1207 2914 1423 2980 domus,
1475 2929 1575 2971 nec
1604 2916 1719 2986 ipse
1769 2916 1912 2974 Deus
1942 2928 2044 2984 est,

449 3017 551 3058 nec
576 3002 866 3073 elementa,
899 3022 1019 3077 qua:
1047 3016 1174 3063 sunt
1200 3016 1383 3078 partes
1413 3008 1559 3080 ejus;
1592 3011 1716 3081 quia
1743 3026 1921 3083 neque
1946 3012 2046 3067 (ιο-

447 3108 568 3149 mus
591 3093 795 3152 habere
824 3095 1124 3154 dominium
1151 3101 1234 3155 sui
1263 3109 1466 3170 potest,
1507 3116 1682 3173 neque
1719 3104 1810 3159 illa
1832 3104 1901 3160 de
1930 3106 2050 3177 qui-

2158 1976 2331 2033 litant.
2376 1977 2548 2033 Tanta
2593 1978 2843 2035 homines
2893 1981 3186 2053 imaginum
3241 1982 3509 2054 cupiditas
3553 1991 3700 2039 tenet
3738 2025 3756 2043 .

2158 2080 2215 2126 ut
2240 2070 2353 2141 jam
2379 2069 2567 2126 viliora
2596 2069 2863 2127 ducantur
2893 2072 2983 2128 illa
3004 2089 3127 2144 qua:
3154 2088 3283 2129 vera
3306 2083 3469 2130 sunt:
3495 2088 3628 2130 auro
3645 2074 3758 2131 sci-

2158 2161 2304 2231 licet,
2337 2162 2587 2233 gemmis,
2622 2171 2678 2217 et
2701 2164 2869 2221 ebore
2896 2164 3255 2223 delectantur.
3280 2165 3487 2224 Horum
3520 2166 3761 2239 pulchri-

2159 2255 2289 2312 tudo
2315 2272 2378 2311 ac
2404 2256 2550 2312 nitor
2576 2258 2905 2328 prtestringit
2931 2260 3119 2316 oculos
3153 2278 3165 2316 :
3201 2275 3303 2318 nec
3326 2261 3511 2328 .nllam
3538 2260 3760 2333 religio-

2157 2364 2280 2406 nem
2311 2358 2500 2421 putant
2531 2351 2858 2424 ubicumque
2889 2351 2976 2406 illa
3005 2368 3108 2409 non
3143 2352 3414 2409 fulserint.
3442 2353 3627 2425 Itaque
3651 2353 3754 2410 sub

2152 2442 2377 2499 obtentu
2394 2443 2620 2498 deorum
2651 2445 2874 2501 avaritia
2903 2453 2959 2501 et
2985 2444 3254 2515 cupiditas
3274 2445 3493 2502 colitur.
3517 2443 3759 2503 Credunt

2153 2533 2297 2592 enim
2320 2534 2448 2591 deos
2467 2551 2648 2592 amare
2676 2536 2933 2608 quidquid
2957 2537 3056 2610 ipsi
3082 2537 3505 2610 concupiscunt;
3534 2539 3756 2610 quiquid

2153 2637 2258 2696 est,
2291 2637 2513 2701 propter
2542 2631 2685 2701 quod
2711 2630 2849 2686 furta
2875 2673 2890 2699 ,
2924 2640 2980 2687 et
3007 2631 3328 2701 latrocinia,
3373 2642 3427 2689 et
3465 2632 3757 2692 homicidia

2154 2721 2397 2792 quotidie
2422 2722 2683 2788 smviuut;
2719 2733 2938 2794 propter
2968 2721 3113 2791 quod
3153 2724 3293 2780 bella
3324 2739 3422 2795 per
3450 2734 3622 2781 totum
3655 2742 3753 2782 or-

2149 2816 2271 2873 bem
2325 2817 2549 2887 populos
2576 2817 2847 2888 urbesque
2874 2818 3215 2873 subvertunt.
3259 2815 3593 2874 Consecrant
3625 2833 3755 2891 ergo

2148 2910 2254 2966 diis
2281 2910 2563 2965 manubias
2604 2920 2658 2965 et
2701 2910 2918 2980 rapinas
2948 2925 3075 2965 suas
3110 2949 3125 2977 ,
3173 2925 3309 2981 quos
3338 2919 3488 2967 certe
3528 2925 3755 2969 necesse

2148 3015 2233 3061 est
2272 3002 2569 3072 imbecilles
2599 3015 2722 3059 esse
2747 3043 2762 3069 ,
2803 3016 2869 3058 ac
2888 3016 3118 3058 summae
3145 3002 3361 3060 virtutis
3387 3012 3662 3075 expertes,
3708 3004 3757 3061 si

2153 3097 2383 3168 subjecti
2421 3104 2547 3152 sunt
2571 3093 2975 3164 cupiditatibus.
3016 3095 3127 3151 Cur
3170 3097 3315 3151 enim
3355 3096 3610 3153 cmlestes
3655 3110 3756 3153 eos

448 3185 548 3241 bus
575 3185 769 3243 domus
794 3197 1027 3247 constat.
1054 3189 1172 3246 Non
1203 3200 1407 3247 tantum
1438 3193 1601 3264 igitur
1634 3195 1860 3252 veritate
1883 3238 1900 3265 ,
1956 3196 2051 3254 sed
2079 3191 2125 3257 C
2157 3200 2428 3265 putemus.
2452 3190 2498 3246 Si
2527 3187 2845 3245 deSidc'am
2873 3186 3074 3259 aliquid
3121 3187 3190 3245 de
3220 3188 3400 3245 ‘9’”?
3430 3190 3517 3247 νει
3543 3190 3753 3261 beatos,

1755 3329 2113 3392 VARIORUM
2151 3328 2383 3388 ΝΟΤΕ.

448 3437 682 3519 nem,nin
713 3453 746 3492 ν
772 3437 1098 3519 Tusculam;
1130 3440 1540 3519 Philostratum,
1572 3444 1792 3519 inMYita
1822 3448 2047 3519 Apollo-

448 3507 542 3592 nii,
577 3507 1111 3592 lib.ﬁv1;_l..ucian_u_m
1138 3554 1154 3578 ,
1188 3514 1255 3592 d_e
1285 3507 1888 3592 S‘acriﬁci’isiSolinum;
1922 3535 2043 3592 cap.

448 3580 564 3660 45_;_
584 3590 641 3635 et
667 3581 980 3660 Eusebium,
1014 3584 1114 3660 lib.
1142 3585 1273 3660 ttde
1302 3586 1541 3657 Praepar.
1574 3587 1807 3660 Evang.,
1835 3580 1956 3658 cap.
1989 3580 2045 3647 ἰ.

522 3651 591 3705 Ut
618 3663 664 3706 et
686 3669 845 3708 ranae.
884 3653 952 3707 Et
989 3657 1197 3711 restitui
1226 3673 1293 3711 ex
1322 3651 1452 3713 mss'.
1486 3675 1548 3714 ac
1577 3651 1851 3716 veteribus
1889 3651 2049 3720 editis

448 3721 606 3802 _Ron_t.
640 3722 697 3778 In
724 3724 999 3802 tClarOm.
1025 3736 1128 3794 est,
1154 3738 1209 3780 ut
1237 3739 1285 3781 et
1305 3745 1550 3802 aranew;
1597 3730 1774 3785 forsan
1818 3736 2048 3802 genuina

447 3794 629 3860 lectio,
684 3810 807 3865 quae
852 3796 1044 3853 melius
1085 3799 1341 3854 convenit
1395 3794 1657 3856 culicibus
1708 3810 1763 3858 et
1811 3794 2050 3862 fcrtnicis

448 3879 606 3935 quam
632 3881 792 3920 rauce.

519 3933 685 3988 Iidem
706 3937 824 4005 ipsi.
857 3936 1078 3993 Scilicet
1101 3942 1277 3995 stoici.
1311 3938 1465 3996 Conf.
1495 3942 1606 3999 Cic.
1639 3943 1732 4000 lib.
1759 3961 1796 3999 tt
1824 3946 1890 4002 de
1923 3946 2046 4001 Nat.

446 4005 629 4071 deor.,
662 4020 782 4088 cap.
845 4010 935 4073 55,
985 4019 1041 4065 et
1082 4026 1201 4081 cap.
1233 4012 1323 4079 62;
1357 4020 1411 4067 et
1433 4012 1611 4080 Lact.,
1638 4016 1705 4071 de
1728 4017 1809 4072 Ira
1837 4033 1955 4088 cap.
1979 4020 2047 4073 15

448 4088 503 4133 et
533 4092 685 4148 seqq.
727 4079 1009 4135 Bonnam.

520 4148 779 4231 Mundam
821 4169 928 4231 esse
976 4162 1344 4231 constructum.
1377 4156 1774 4231 PlatoAquoque
1818 4168 2046 4231 utraque

446 4220 899 4294 utiturloquendi
927 4226 1137 4281 ratione
1174 4227 1225 4280 in
1268 4220 1844 4294 Timaequi‘mtindus
1872 4247 1901 4285 a
1937 4220 2045 4289 Deo

445 4306 509 4370 ex
537 4292 704 4347 nihilo
742 4293 914 4370 factus
942 4306 1047 4362 est,
1072 4292 1523 4370 quemadmodum
1557 4300 1823 4370 professio
1861 4300 2047 4360 Chris-

447 4364 813 4449 tiana_credit
841 4409 879 4449 ,.
950 4364 1162 4449 genitus
1218 4386 1321 4424 non
1365 4368 1485 4449 fuit.
1537 4364 1666 4449 Nam
1699 4376 2039 4449 _7évsatc_ﬁt,

446 4435 662 4504 quando
691 4439 917 4495 materia
944 4435 1102 4496 aliam
1138 4441 1366 4498 formam
1393 4435 1802 4569 substaﬁttialctti
1843 4435 2036 4503 induit.

1613 4532 1892 4569 ETULEIUS.

1613 4532 1892 4572 ETULEIUS.

520 4574 572 4629 Ν
579 4577 715 4653 anis.
739 4579 831 4653 Est
844 4597 981 4653 ergo.
999 4582 1087 4638 Sic
1106 4583 1379 4651 rescripsi,
1396 4586 1474 4640 uti
1499 4602 1685 4642 omnes
1702 4588 1828 4643 edd.
1850 4588 2041 4643 distin-

446 4652 755 4728 guunthubi
786 4652 921 4728 Cell_.
954 4655 1097 4708 navis
1124 4665 1218 4711 est.
1246 4655 1406 4728 Ergo.
1443 4658 1570 4713 Post
1594 4661 1758 4726 navis,
1787 4658 2034 4727 subaudi,

448 4728 521 4773 est
542 4722 852 4791 (adiﬁcatas.
880 4724 1014 4780 Buu.

518 4790 827 4874 lam-Pilumni
877 4807 1452 4874 quanrrepugnanset
1496 4800 1852 4874 obsiti-dumi
1900 4800 2034 4874 Reg.

449 4860 618 4943 Nam1
633 4864 727 4919 Ms.
755 4860 899 4943 Pen."
918 4878 973 4923 et
993 4869 1079 4923 ed.
1112 4860 1455 4940 ls.,vSp:trk.,
1488 4889 1640 4943 quam
1663 4872 1961 4928 absurdum.

520 4936 1155 5012 amrmenIaCttuctorum
1186 4936 1354 5012 prope
1376 4936 1510 4998 is.
1542 4957 1626 4999 est
1651 4954 1705 4999 et
1734 4944 1845 4999 edit
1872 4944 2034 5003 Rom.

448 5002 608 5087 14β8.
635 5008 699 5087 _ln
732 5010 758 5065 1
791 5011 1027 5087 ῼοιὺθιι.
1058 5022 1113 5069 et
1144 5002 1437 5069 i'Cla'rom.
1462 5015 1585 5070 etin
1617 5016 1870 5071 omnibus
1898 5002 2038 5087 pene

448 5079 699 5149 vulgatis,
728 5084 1016 5152 afﬁrmant.

530 5153 591 5208 Si
615 5170 730 5208 vero
769 5155 894 5229 deus
939 5155 1160 5211 mundus
1187 5166 1279 5229 est.
1307 5155 1747 5229 OrdineZmeliori
1779 5158 2033 5226 Reimm.,

449 5222 510 5278 Si
540 5240 656 5279 vero
684 5226 906 5281 mundus
936 5228 1061 5281 deus
1089 5238 1183 5283 est.
1219 5228 1351 5282 Bon.

523 5295 660 5371 Qme
694 5300 865 5371 utique
910 5299 1021 5354 sola
1067 5299 1191 5371 Dei
1220 5316 1424 5371 nomen.
1479 5299 1570 5358 Sic
1601 5305 1944 5371 reposuimus
1970 5318 2037 5358 ex

445 5366 854 5490 ﬁtampluribns
890 5386 1020 5424 mss.
1067 5371 1124 5426 1n
1168 5370 1203 5424 2
1255 5370 1390 5440 Reg.
1443 5381 1497 5426 et
1526 5366 1682 5455 editis
1712 5383 1828 5455 est,
1878 5374 2039 5430 solius

502 5453 545 5490 et
570 5454 587 5490 ε
615 5453 666 5490 In
696 5437 732 5490 2
762 5439 919 5490 Ret!”
950 5441 986 5490 2
1013 5441 1190 5490 Cnlh--
1222 5443 1258 5490 Ξ
1286 5442 1546 5490 Clamm--
1578 5444 1750 5490 solida.

502 5436 587 5510 ei;
615 5438 666 5491 in
696 5437 732 5490 2
762 5439 919 5510 Reg.,
950 5441 986 5495 2
1013 5441 1192 5508 Colh.,
1222 5443 1258 5498 2
1286 5436 1548 5508 Clarom.,
1578 5444 1750 5499 solidi.

521 5504 957 5584 Brutescuntflta
1004 5515 1133 5569 edit.
1169 5504 1387 5584 Spatk.,
1420 5504 1640 5583 Ccllar.,
1690 5515 1901 5571 Walclt.
1926 5557 1941 5583 ,
1982 5524 2039 5573 et

446 5578 624 5635 cuncti
654 5595 783 5634 mss.
819 5592 1014 5652 praeter
1046 5586 1078 5639 5
1110 5578 1261 5639 Coll).
1294 5596 1349 5657 et
1376 5578 1595 5657 multos
1629 5578 1815 5643 'editos
1843 5578 2037 5657 quibus

444 5662 526 5724 est
549 5662 880 5721 putrescunt;
904 5664 1158 5724 corrupte
1186 5655 1426 5711 omnino.
1457 5656 1774 5713 Bruteseunt.
1808 5655 2038 5715 Lactan-

441 5723 519 5800 tio
559 5732 661 5800 est,
691 5738 907 5800 sensum
937 5723 1186 5795 perdunt.
1216 5758 1270 5800 έ
1314 5725 1636 5800 Brntescmtl.
1669 5729 1732 5793 L,
1784 5745 1880 5797 vn,
1912 5744 2032 5800 cap.

444 5793 514 5847 4‘2
542 5811 554 5849 :
587 5793 708 5850 Non
733 5799 904 5852 anima
931 5793 1141 5869 corpore
1169 5798 1453 5871 deﬁciente,
1507 5799 1595 5855 sed
1643 5817 1829 5872 corpus
1859 5793 2033 5857 animo

2069 4484 2119 4544 D

2156 3445 2429 3502 decedente
2457 3442 2735 3506 brutescit,
2759 3442 2879 3512 quia
2905 3455 3122 3497 sensum
3153 3458 3352 3498 omnem
3380 3444 3537 3499 trahit
3556 3462 3749 3511 secum.

2154 3519 2395 3588 Utroque
2425 3529 2553 3588 vero
2574 3513 2695 3588 l_oco
2718 3513 3028 3569 Lactantius
3057 3515 3167 3585 agit
3195 3514 3261 3570 de
3287 3532 3460 3582 sensu,
3485 3531 3592 3573 non
3622 3534 3753 3575 vero

2155 3590 2224 3645 de
2256 3585 2537 3645 putredine.
2573 3585 2701 3641 BUN.

2291 3607 2537 3643 utreame.
2573 3607 2701 3641 DUN.

2232 3607 2412 3730 [seque
2449 3657 2629 3711 domus
2658 3655 2842 3711 habere
2868 3655 3272 3730 dominiumgsui
3314 3666 3499 3729 potest.
3544 3658 3635 3715 Sic
3675 3660 3754 3716 le-

2155 3727 2388 3801 gendum
2436 3737 2520 3802 est
2550 3742 2620 3782 ex
2663 3739 2887 3802 utroque
2930 3727 3118 3802 codice
3147 3727 3369 3802 Bonan.
3411 3740 3467 3785 et
3513 3732 3753 3802 quinque

2160 3798 2450 3858 Vaticanis.
2484 3798 2867 3869 Operariorum
2907 3801 3189 3855 oscitantia
3219 3803 3238 3852 i
3266 3798 3544 3856 omissum'
3582 3798 3703 3858 esse
3732 3843 3750 3868 ,

2157 3886 2307 3929 recte
2356 3882 2541 3928 censet
2581 3869 2953 3943 rThomasius,
3012 3880 3067 3926 et
3145 3873 3224 3926 sic
3258 3942 3265 3943 ί
3300 3872 3580 3943 legendum
3630 3888 3752 3929 esse

2159 3955 2336 3999 textus
2364 3944 2478 4012 ipse
2506 3942 2706 4012 evincit
2738 3957 2752 3994 ι
2789 3956 2910 3995 nam
2945 3956 3012 3997 eo
3052 3942 3193 4012 quod
3236 3942 3430 3998 domus
3452 3958 3558 3998 non
3591 3944 3753 4001 habet

2156 4011 2454 4087 dominium
2484 4014 2588 4078 sui,
2622 4011 2749 4087 hinc
2788 4011 3216 4087 etiamumu’ndus
3245 4030 3310 4087 eo
3330 4014 3452 4087 jure
3482 4030 3588 4070 non
3618 4032 3751 4087 gau-

2153 4087 2266 4141 det.
2311 4085 2517 4156 Practer
2554 4084 2855 4156 codices__a
2907 4082 3197 4156 'l‘_bomasio
3247 4082 3490 4156 laudatos
3535 4082 3750 4156 rep'erio

2153 4173 2285 4213 mss.
2338 4155 2557 4225 Regios.
2615 4154 2649 4209 5
2702 4151 2880 4226 Qolb.,
2922 4151 3112 4223 Cauc.,
3173 4155 3324 4221 Jun.,
3356 4155 3544 4223 tUltr.,
3599 4151 3749 4226 Em.,

2152 4227 2332 4296 Cant.,
2368 4230 2394 4282 1
2427 4223 2624 4297 Lips”,
2656 4226 2683 4280 1
2715 4223 2979 4297 Clarom.,
3024 4226 3216 4293 Brun.,
3248 4226 3547 4283 edit.Rom.
3585 4223 3748 4297 M70,

2154 4295 2326 4366 M74,
2364 4298 2512 4370 Ald.,
2543 4295 2717 4370 Crat..
2753 4295 3025 4370 Gy_m_tiic.,
3056 4297 3287 4370 Graph.,
3312 4300 3612 4369 Soubron.,
3638 4295 3747 4370 13.,

2151 4368 2550 4454 Gal-“NSpark”
2579 4366 2807 4454 Bellen,
2826 4366 3039 4454 walch.
3067 4440 3102 4454 Α
3170 4366 3184 4370 ’

2224 4438 2637 4511 Solisluanne.
2668 4438 2867 4512 Contra
2898 4440 3035 4495 hanc
3063 4440 3374 4497 Graecorum
3408 4441 3750 4512 superstitio-

2145 4528 2268 4585 nem
2296 4514 2535 4584 disputat
2558 4512 2820 4585 Eusebius
2852 4511 2890 4564 l.
2925 4527 2981 4565 ιιι
3008 4512 3301 4585 Prteparat.
3324 4511 3582 4585 Evangel.
3607 4528 3657 4568 c.
3686 4513 3743 4568 2.

2216 4583 2284 4639 In
2305 4582 2487 4655 aperto
2515 4584 2684 4638 litant.
2712 4582 2789 4636 Ita
2808 4585 2987 4655 cuncti
3016 4583 3148 4639 editi
3169 4593 3223 4639 et
3248 4598 3438 4640 omnes
3466 4582 3605 4655 pene
3626 4600 3744 4639 ma-

2141 4653 2409 4727 nuscripti
2461 4654 2588 4709 Jun.
2615 4692 2648 4727 ,_
2694 4653 3010 4727 sacriﬁcant.
3041 4655 3064 4708 1
3096 4655 3256 4727 Reg.
3304 4664 3359 4711 et
3410 4653 3646 4723 ηοω,
3692 4657 3749 4711 in

2141 4724 2514 4797 aperto'litant,
2547 4724 2729 4779 male!
2758 4724 2962 4798 @non.
2994 4724 3267 4798 antiq.,in
3299 4728 3521 4797 compita
3553 4727 3745 4794 litant;

2140 4794 2279 4868 alter
2310 4798 2519 4852 Bonan.
2549 4811 2659 4851 rec.
2691 4803 2745 4851 et
2772 4794 2934 4863 Tax.,
2961 4798 3014 4851 in
3043 4794 3219 4852 eventa
3247 4794 3424 4868 aperto
3450 4799 3619 4853 litant.

2218 4866 2379 4943 Nitor
2402 4869 2711 4943 praestringit
2734 4868 2930 4943 oculos.
2951 4868 3057 4923 Pro
3085 4866 3323 4943 recepta,
3356 4870 3600 4943 Epitomc
3620 4884 3744 4942 cap.

2139 4940 2231 5005 25,
2265 4941 2438 4995 oculos
2459 4938 3063 5012 fulgor'prwstringeret.
3099 4938 3335 4998 Cicflil).
3370 4938 3421 4996 tv
3450 4940 3593 5008 Fin.,
3618 4938 3741 5012 cap.

2141 5013 2231 5081 14,
2256 5012 2417 5067 aciem
2438 5010 2727 5067 animorum
2752 5010 2961 5068 virtutis
2988 5013 3263 5085 splendore
3287 5013 3671 5139 praestringitis.

3364 5100 3597 5139 usuusu.

3364 5100 3597 5140 UNEUAN.

2213 5154 2522 5229 Consecrant
2547 5173 2666 5229 ergo
2694 5155 2792 5210 diis
2809 5157 3095 5229 manubias.
3116 5153 3332 5229 Florus,
3359 5156 3451 5210 lib.
3472 5172 3511 5222 ι,
3536 5170 3658 5229 cap.
3684 5157 3739 5223 7,

2138 5227 2207 5284 de
2238 5228 2533 5299 Tarquinio
2552 5225 2798 5297 superbo
2823 5244 2836 5279 :
2863 5226 2936 5281 De
2960 5225 3212 5281 manubiis
3242 5237 3512 5299 captarum
3540 5227 3745 5282 urbium

2141 5298 2388 5370 templum
2418 5301 2596 5355 erexit.
2631 5299 2897 5370 Manubia:
2922 5308 3102 5370 autem
3124 5299 3342 5370 proprie
3370 5298 3497 5370 quid
3530 5300 3658 5370 sint,
3689 5305 3748 5354 et

2144 5380 2200 5427 ut
2231 5368 2258 5424 a
2297 5371 2497 5441 praedis
2522 5372 2636 5426 sive
2664 5369 2854 5441 Spoliis
2882 5368 3159 5441 differant,
3185 5368 3345 5441 docet
3370 5369 3572 5424 Nonius
3604 5369 3744 5425 Mar-

2138 5439 2312 5498 cellus
2335 5441 2463 5496 dum
2496 5442 2662 5510 inquit
2689 5439 2707 5496 ἐ
2740 5439 3018 5495 Manubiae
3053 5458 3085 5493 a
3112 5440 3293 5512 praeda
3314 5440 3409 5495 hoc
3440 5441 3636 5496 distare
3662 5456 3747 5494 ue-

2139 5524 2267 5568 teres
2313 5515 2703 5584 existimarunt,
2746 5522 2800 5566 ut
2831 5512 2896 5566 sit
2928 5511 3118 5581 pra’da
3156 5527 3375 5584 corpora
3412 5513 3528 5584 ipsa
3562 5529 3744 5584 rerum

2138 5602 2251 5655 quw
2282 5586 2557 5656 capiuntur
2582 5599 2601 5639 :
2636 5583 2898 5639 Manubia:
2926 5600 3041 5638 vero
3071 5583 3298 5655 pecuniae
3336 5599 3398 5639 ea:
3426 5583 3602 5655 prada
3627 5601 3746 5639 ven-

2139 5657 2248 5711 dita
2278 5658 2521 5711 redactae.

2211 5728 2236 5781 Ι
2247 5729 2518 5809 inbecilles.
2540 5726 2704 5809 90th.
2729 5724 3549 5809 Reitnm.,i1nbecillos..thime,
3571 5742 3640 5809 ne
3669 5735 3747 5809 tot

2139 5799 2393 5858 secundm
2411 5800 2622 5854 vocales
2637 5808 2976 5853 concurrant.
2990 5797 3122 5853 Hinc
3139 5798 3413 5853 imbecilles
3427 5798 3738 5869 proscripsi.
