4174 6200
367 337 483 396 285

1454 340 1662 399 LIBER
1704 339 1765 399 II.
1808 339 1896 399 DE
1934 340 2216 403 ORIGINE
2255 342 2573 405 ERRORIS.

3574 350 3678 408 286

371 456 421 512 si
444 454 625 525 aliqua
662 469 724 511 re
748 453 1031 526 indigent?
1079 452 1165 511 vel
1196 454 1543 529 incorruptos
1566 498 1582 526 ,
1624 456 1670 514 si
1710 456 1971 530 voluptati
2001 466 2055 527 Α
2079 468 2238 530 putas
2264 500 2279 525 ,
2309 475 2438 532 ergo
2464 477 2570 517 non
2596 462 2795 519 credis.
2862 461 2986 520 ideo
3014 463 3160 520 enim
3200 466 3427 536 quaeris,
3477 478 3532 521 ut
3559 483 3677 523 eam

369 547 576 603 habent
619 562 682 603 ea
710 547 764 603 in
802 547 1000 620 quibus
1025 547 1348 621 appetendis
1391 549 1660 624 cupiditas
1688 550 1970 609 hominum

372 657 486 699 non
538 642 812 698 immerito
861 640 1191 698 damnatur?
1229 641 1466 701 Veniunt
1505 645 1667 717 igitur
1691 645 1758 702 ad
1796 645 1931 703 deos
1956 688 1970 713 ,

366 751 479 793 non
514 744 621 791 tam
651 735 934 808 religionis
972 735 1144 808 gratia
1167 780 1183 806 ,
1232 751 1353 810 quae
1384 736 1533 793 nulla
1562 747 1737 809 potest
1764 752 1887 795 esse
1918 738 1972 793 in

366 830 536 887 rebus
562 829 708 885 male
740 826 908 901 partis
937 836 993 885 et
1017 829 1477 901 corruptibilibus,
1511 847 1669 902 quam
1700 838 1756 888 ut
1782 847 1972 888 aurum

368 922 543 980 oculis
566 922 859 991 hauriant,
890 921 1122 978 nitorem
1147 922 1363 995 levigati
1392 925 1699 993 marmoris,
1724 934 1819 983 aut
1843 926 1975 982 ebo-

366 1016 449 1073 ris
482 1017 787 1088 aspiciant;
827 1025 885 1072 ut
907 1014 1144 1089 insignes
1170 1017 1366 1088 lapillis
1397 1027 1453 1077 et
1477 1020 1746 1077 coloribus
1769 1030 1971 1089 vestes,

369 1109 462 1166 vel
502 1108 755 1165 distincta
807 1108 1037 1180 gemmis
1067 1107 1397 1182 fulgentibus
1444 1112 1636 1182 pocula
1685 1112 1976 1172 insatiabili

364 1203 831 1275 contemplatione
852 1212 1212 1261 contrectent.
1244 1204 1312 1260 Et
1343 1213 1544 1276 quanto
1570 1205 1772 1263 fuerint
1814 1222 1973 1264 orna-

362 1297 507 1353 tiora
534 1295 756 1368 templa,
780 1305 836 1351 et
854 1295 1162 1367 pulchriora
1188 1295 1502 1363 simulacra,
1527 1303 1681 1354 tanto
1708 1298 1832 1370 plus
1857 1314 1970 1356 ma-

357 1389 580 1461 jestatis
607 1387 811 1446 habere
838 1388 1138 1446 creduntur
1168 1407 1181 1444 :
1212 1388 1354 1448 adeo
1388 1390 1583 1462 religio
1614 1406 1803 1449 eorum
1837 1390 1973 1449 nihil

367 1480 522 1537 aliud
547 1495 649 1549 eSI,
683 1497 842 1553 quam
866 1481 1009 1548 quod
1034 1482 1302 1553 cupiditas
1333 1482 1568 1541 humana
1598 1482 1848 1541 miratur.

441 1573 539 1630 Ha:
562 1583 687 1631 sunt
710 1576 1024 1646 religiones,
1055 1590 1189 1648 quas
1210 1575 1310 1632 sibi
1339 1591 1368 1633 a
1396 1576 1691 1647 majoribus
1721 1577 1833 1632 suis
1866 1586 1973 1633 tra-

363 1667 512 1724 ditas
546 1666 976 1739 pertinacissime
1001 1667 1141 1725 tueri
1164 1682 1230 1725 ac
1255 1667 1550 1726 defendere
1581 1679 1928 1741 perseverant
1956 1688 1971 1726 :

356 1778 465 1820 nec
482 1759 829 1821 considerant
857 1762 1045 1832 quales
1075 1760 1217 1827 sint;
1258 1760 1352 1818 sed
1383 1777 1452 1818 ex
1483 1762 1587 1819 hoc
1614 1763 1866 1834 probatas
1886 1772 1973 1819 διν

2075 550 2342 623 sequaris,
2370 566 2495 608 cum
2516 553 2810 611 inveneris.
2844 554 3013 612 Docet
3028 570 3157 612 ecce
3176 565 3228 613 te
3256 559 3396 613 ratio
3422 573 3531 614 non
3555 574 3680 618 esse

2075 658 2234 700 veras
2261 643 2549 715 religiones
2576 646 2820 703 deorum.
2853 647 2990 717 Quid
3014 649 3214 705 facies?
3243 650 3549 721 majoresne
3576 668 3679 723 po-

2077 737 2207 806 tius,
2235 753 2302 792 an
2334 740 2599 796 rationem
2630 741 2914 812 sequeris?
2946 757 3067 812 qua;
3103 742 3320 813 quidem
3355 744 3448 800 tibi
3475 760 3583 801 non
3610 746 3680 803 ab

2074 833 2181 890 alio
2211 834 2479 890 insinuata
2505 876 2521 902 ,
2569 835 2665 891 sed
2691 851 2719 889 a
2769 845 2820 892 te
2860 836 2979 907 ipso
3014 837 3235 893 inventa
3277 847 3333 894 et
3360 838 3533 896 electa
3559 848 3678 908 est,

2074 943 2199 985 cum
2229 943 2423 985 omnes
2448 929 2737 1001 religiones
2768 931 3025 986 radicitus
3051 931 3261 987 eruisti.
3310 932 3369 990 Si
3414 934 3677 990 rationem

2074 1020 2266 1089 mavis,
2284 1019 2568 1077 discedere
2597 1030 2648 1076 te
2672 1035 2897 1077 necesse
2925 1030 3009 1077 est
3034 1022 3102 1076 ab
3124 1023 3380 1079 institutis
3406 1033 3460 1079 et
3485 1033 3677 1081 aucto-

2072 1111 2234 1168 ritate
2263 1111 2562 1182 majorum;
2591 1114 2846 1183 quoniam
2875 1113 2929 1169 id
2974 1114 3151 1169 solum
3181 1124 3385 1171 rectum
3417 1125 3499 1173 est
3529 1117 3679 1189 quod

2073 1204 2217 1261 ratio
2242 1204 2561 1276 praescribit.
2595 1204 2688 1261 Sin
2718 1214 2899 1260 autem
2923 1206 3093 1277 pietas
3117 1209 3356 1277 majores
3378 1209 3531 1279 sequi
3553 1224 3677 1265 sua-

2074 1293 2200 1360 det,
2230 1294 2399 1358 fatere
2428 1295 2607 1367 igitur,
2639 1304 2694 1352 et
2722 1298 2915 1353 stultos
2944 1298 3066 1353 illos
3096 1296 3260 1355 fuisse
3280 1340 3298 1367 ,
3338 1300 3428 1370 qui
3458 1303 3678 1371 excogi-

2074 1387 2202 1442 tatis
2239 1396 2425 1442 contra
2475 1388 2741 1443 rationem
2773 1389 3123 1458 religionibus
3156 1391 3497 1457 servierunt,
3546 1403 3600 1448 et
3627 1402 3681 1450 te

2075 1479 2318 1550 ineptum
2347 1480 2437 1551 qui
2488 1480 2541 1536 id
2572 1482 2737 1547 colas,
2770 1480 2914 1553 quod
2940 1480 3135 1537 falsum
3165 1498 3288 1539 esse
3318 1484 3675 1542 convinceris.

2075 1570 2181 1628 Sed
2212 1582 2388 1628 tamen
2423 1571 2677 1643 quoniam
2706 1574 2864 1631 nobis
2892 1583 3172 1645 tantopere
3204 1575 3465 1647 majorum
3484 1593 3677 1636 nomen

2075 1667 2414 1738 opponitur,
2445 1666 2726 1723 videamus
2773 1667 2987 1724 tandem
3044 1669 3134 1739 qui
3193 1668 3393 1725 fuerint
3447 1673 3679 1742 majores

2077 1760 2178 1828 illi,
2212 1776 2242 1815 a
2273 1777 2503 1833 quorum
2530 1763 2851 1818 auctoritate
2876 1762 3081 1817 discedi
3106 1761 3260 1818 nefas
3287 1763 3520 1820 ducitur.

355 1871 467 1928 que
493 1868 651 1910 veras
671 1867 794 1911 esse
818 1852 1133 1922 confidunt,
1179 1853 1323 1927 quod
1362 1869 1454 1911 eas
1483 1863 1697 1912 veteres
1737 1855 1971 1912 tradide-
1998 1866 2048 1933 Β
2147 1855 2409 1912 Romulus
2459 1857 2647 1913 urbem
2680 1857 3033 1923 conditurus,
3083 1864 3329 1927 pastores
3373 1859 3512 1913 inter
3540 1874 3678 1930 quos

356 1958 514 2018 runt,
538 1954 796 2021 tantaque
825 1954 909 2003 est
952 1948 1246 2004 auctoritas
1276 1949 1577 2016 vetustatis,
1609 1960 1669 2005 ut
1698 1949 1971 2022 inquirere

359 2044 421 2100 in
449 2058 569 2099 eam
598 2041 779 2098 scelus
802 2054 924 2097 esse
950 2040 1180 2097 dicatur.
1210 2040 1396 2112 Itaque
1421 2041 1658 2098 creditur
1673 2042 1721 2097 ei
1747 2042 1967 2112 passim,

356 2136 639 2206 tamquam
673 2133 901 2205 cognitae
943 2133 1175 2189 veritati.
1208 2133 1449 2205 Denique
1475 2133 1618 2205 apud
1652 2133 1969 2191 Ciceronem

359 2232 445 2289 sic
471 2230 607 2287 dicit
633 2227 788 2286 Cotta
819 2226 1026 2284 Lucilio
1058 2246 1070 2282 :
1102 2246 1121 2280 ‹
1162 2227 1359 2297 Habes,
1403 2228 1588 2293 Balbe,
1621 2228 1749 2300 quid
1787 2228 1966 2297 Cotta,

361 2322 496 2394 quid
524 2320 761 2394 pontifex
794 2319 1010 2376 sentiat.
1036 2320 1144 2376 Fao
1174 2335 1318 2378 nunc
1345 2336 1444 2393 ego
1486 2319 1780 2393 intelligam
1803 2364 1822 2391 ,
1840 2323 1968 2395 quid

364 2426 427 2473 tu
464 2418 703 2483 sentias;
747 2433 778 2473 a
835 2424 887 2471 te
926 2416 1072 2473 enim
1104 2416 1427 2487 philosopho
1457 2417 1722 2473 rationem
1749 2416 1972 2489 religio-

364 2509 457 2566 nis
485 2509 730 2580 accipere
765 2506 972 2576 debeo,
1010 2508 1303 2578 majoribus
1333 2516 1511 2564 autem
1536 2510 1737 2567 nostris
1762 2550 1778 2576 ,
1807 2511 1970 2567 etiam

366 2604 520 2662 nulla
547 2605 759 2661 ratione
786 2602 1019 2672 reddita,
1036 2603 1259 2659 rationis
1286 2611 1370 2659 est
1394 2601 1635 2659 credere.
1652 2620 1670 2655 ι
1689 2600 1744 2658 Si
1771 2602 1973 2672 credis,

365 2713 471 2753 cur
499 2710 631 2767 ergo
670 2694 936 2751 rationem
982 2694 1248 2766 requiris,
1297 2708 1419 2764 quae
1450 2700 1627 2764 potest
1660 2693 1879 2750 efﬁcere
1906 2708 1976 2753 ne

366 2789 605 2848 credas?
652 2789 709 2847 Si
739 2804 870 2846 vero
918 2791 1184 2846 rationem
1226 2789 1479 2860 requiris,
1525 2801 1580 2846 et
1624 2790 1975 2862 quaerendam

2078 1948 2391 2006 adoleverat
2411 1950 2750 2017 convocavit,
2780 1964 3010 2019 cumque
3055 1950 3101 2004 is
3147 1964 3407 2006 numerus
3432 1952 3676 2007 conden-

2078 2040 2167 2097 da:
2191 2041 2311 2096 urbi
2341 2056 2528 2112 parum
2550 2040 2776 2096 idoneus
2807 2040 3107 2108 videretur,
3135 2042 3416 2098 constituit
3442 2044 3674 2115 asylum.

2077 2134 2158 2190 Eo
2186 2135 2386 2205 passim
2415 2133 2780 2206 confugerunt
2799 2150 2866 2191 ex
2889 2134 3129 2190 finitimis
3157 2136 3293 2192 locis
3313 2136 3533 2206 pessimi
3560 2139 3681 2208 qni-

2077 2242 2204 2299 que,
2231 2228 2348 2283 sine
2375 2227 2485 2285 ullo
2508 2227 2835 2283 conditionis
2860 2227 3193 2284 discrimine.
3229 2227 3307 2284 Ita
3335 2229 3589 2286 conflavit
3613 2247 3680 2288 ex

2077 2319 2167 2378 his
2190 2322 2443 2378 omnibus
2473 2322 2726 2394 populum
2752 2340 2767 2390 ;
2806 2322 3041 2394 legitque
3071 2323 3122 2378 in
3154 2332 3402 2379 senatum
3423 2365 3440 2393 ,
3464 2340 3558 2381 eos
3589 2327 3679 2396 qui

2078 2424 2238 2473 aetate
2264 2415 2581 2484 anteibant,
2615 2425 2670 2472 et
2695 2416 2884 2472 Patres
2924 2416 3252 2487 appellavit,
3293 2432 3520 2487 quorum
3551 2433 3683 2473 con-

2078 2508 2201 2565 silio
2239 2520 2453 2579 gereret
2495 2510 2697 2564 omnia.
2732 2509 2810 2565 De
2845 2523 2954 2580 quo
2992 2518 3183 2564 senatu
3221 2508 3533 2579 Propertius
3559 2510 3683 2567 Ele-

2076 2603 2281 2674 giarum
2311 2601 2545 2672 scriptor
2567 2603 2687 2657 haec
2710 2601 2946 2673 loquitur
2974 2618 2988 2655 :

2200 2738 2420 2791 Buccina
2439 2738 2651 2852 cogebat
2672 2739 2857 2802 priscos
2872 2739 2933 2789 ad
2956 2738 3109 2789 verba
3128 2737 3380 2798 Quirites:

2267 2802 2477 2852 Centum
2497 2815 2515 2851 ι
2534 2800 2570 2850 li
2594 2803 2643 2851 in
2668 2809 2806 2852 orato
2828 2815 2962 2852 sicne
2982 2801 3200 2852 Senatus
3217 2808 3343 2852 erat.

2267 2802 2477 2854 Centum
2497 2800 2570 2852 illi
2594 2803 2643 2851 in
2668 2800 2806 2865 prato
2828 2815 2962 2866 saepe
2982 2801 3200 2852 Senatus
3217 2808 3343 2852 erat.

1691 2927 2058 2987 VARIORUM
2093 2929 2329 2987 NOTE.

450 3066 1229 3140 Nitarentlevigatintarmoris_,
1261 3074 1369 3122 etc.
1390 3064 1783 3140 Vide‘Tertull.
1804 3066 1962 3137 Apol.
1993 3065 2040 3130 C
2146 3065 2443 3140 Singautem
2469 3067 2632 3138 pietas
2673 3068 2900 3138 majores
2942 3070 3083 3139 sequi
3116 3069 3316 3124 suadet.
3347 3070 3675 3129 Thomasius

370 3155 497 3220 cap.
521 3139 620 3220 _42,
656 3136 851 3220 lustio.
885 3137 1234 3220 Mart.n.:kpol.
1264 3153 1324 3220 rt,
1354 3151 1453 3220 pro
1493 3136 1835 3220 Christianis;

449 3207 591 3266 Adeo
611 3210 790 3281 religio
817 3225 1014 3281 eorum.
1039 3207 1137 3281 Sic
1165 3207 1500 3281 restituimus
1513 3224 1578 3281 ex
1606 3224 1736 3265 mss.
1753 3209 1787 3265 9
1810 3208 1968 3281 Reg,

366 3284 409 3338 2
457 3277 872 3349 Β‹›ιιοη.,’ς›1ιιι’.
932 3279 1129 3343 Vatic.,
1171 3277 1404 3341 6Colb.,
1447 3280 1765 3343 2Clarom.,
1823 3277 1967 3347 Em.,

371 3355 606 3411 Cantab.
631 3394 647 3419 ,
691 3348 920 3418 Christ.,
976 3348 1192 3406 Cotton.
1217 3393 1231 3415 ,
1265 3350 1522 3417 Bailliol.,
1552 3360 1607 3406 et
1645 3351 1775 3406 edit.
1808 3351 1969 3406 Rom.

370 3427 522 3483 “70
548 3426 830 3493 :impressi
862 3425 896 3479 8
917 3464 932 3490 ,
965 3423 1092 3475 adeo
1118 3421 1300 3493 religio
1331 3421 1575 3493 deorum;
1634 3421 1826 3493 Egnat.
1874 3438 1972 3479 seu

370 3440 522 3483 “tu
548 3442 562 3479 :
584 3440 896 3552 Imspressra
917 3464 932 3490 ,
965 3440 1092 3475 aaeo
1118 3440 1300 3493 religio
1331 3440 1575 3505 aeorunt;
1634 3440 1826 3506 regnat.
1874 3440 1972 3479 seu

368 3496 504 3552 Ald.
534 3495 633 3552 151
681 3537 696 3561 ,
729 3494 901 3551 Paris.
933 3493 1098 3561 1525,
1131 3492 1359 3563 Graph.,
1392 3510 1460 3548 an
1488 3492 1602 3548 ideo
1642 3495 1827 3565 religio
1853 3494 1974 3549 deo-

375 3585 519 3623 rum.

456 3640 636 3695 Scelus
676 3654 785 3692 esse
822 3639 1041 3692 dicatur.
1091 3635 1180 3692 Sic
1219 3634 1529 3707 legendum,
1544 3644 1628 3692 est
1656 3650 1720 3689 ex
1746 3644 1974 3707 utroque

370 3711 516 3767 Bon.
548 3709 759 3773 codice,
804 3718 858 3764 et
886 3708 1052 3764 tribus
1084 3704 1390 3773 Vaticanis;
1436 3704 1581 3777 quia,
1623 3707 1794 3776 inquit
1828 3704 1972 3762 Ttio-

369 3782 619 3845 masius,
665 3780 807 3836 docti
848 3788 903 3836 et
927 3782 1196 3849 sapientes
1221 3793 1342 3849 cum
1372 3777 1689 3849 simularent
1714 3792 1772 3832 se
1796 3779 1976 3847 magni

372 3853 566 3909 facere
591 3862 831 3907 veterum
857 3848 1230 3906 auctaritatem
1258 3892 1272 3915 ,
1307 3848 1539 3903 dicebant
1564 3848 1779 3919 quidem
1799 3852 1976 3904 scelus

375 3940 504 3980 esse
535 3923 585 3978 in
618 3939 736 3979 eam
767 3923 1071 3993 inquirere,
1102 3937 1207 3993 non
1240 3929 1414 3975 tamen
1447 3920 1497 3973 id
1527 3920 1705 3993 scelus
1734 3936 1861 3993 esse
1875 3921 1973 3974 du-

374 3997 584 4062 cebant,
616 4010 737 4049 cum
765 3990 908 4063 saepe
939 3995 1035 4063 ipsi
1083 3992 1247 4045 multa
1298 3990 1817 4063 suorumhmajnrum
1847 3991 1975 4045 irri-

374 4060 595 4122 derent.
633 4066 743 4121 Nec
787 4060 972 4120 soluor
986 4064 1184 4119 dicatur
1212 4062 1410 4117 habent
1433 4061 1646 4117 codices
1674 4062 1710 4116 2
1740 4060 1971 4130 Βοιιοη.,

375 4139 416 4193 5
444 4136 613 4193 Vatic.
645 4176 661 4205 ,
710 4137 805 4192 sed
847 4146 903 4192 et
940 4135 974 4191 5
1007 4133 1185 4201 Colb.,
1213 4131 1539 4205 Jun.,‘LiAps.
1568 4174 1583 4199 ,
1612 4133 1778 4199 Tax.,
1811 4133 1973 4205 Ultr.,

378 4150 416 4193 5
447 4150 613 4193 vattc.
645 4176 661 4205 ,
710 4150 805 4192 seu
847 4150 903 4192 et
940 4150 974 4191 δ
1007 4150 1185 4201 untu.,
1213 4150 1364 4195 Jun..
1392 4150 1450 4187 LI
1493 4150 1539 4187 ε.
1568 4150 1778 4199 ,1ax.,
1813 4150 1973 4203 Ultr.,

378 4209 536 4276 Enn,
566 4208 819 4275 Cantab.,
850 4205 1137 4272 Rostocln,
1168 4208 1328 4276 Pen.,
1360 4202 1407 4276 A2
1431 4150 1666 4276 (ﬁerem.
1698 4214 1757 4276 et_
1779 4204 1910 4260 edit.
1941 4205 1979 4259 2

374 4291 492 4333 vel.
522 4273 690 4336 Rom.
742 4273 813 4335 ac
850 4276 919 4333 ls.
943 4320 959 4345 ,
1001 4275 1138 4333 Gali.
1160 4318 1175 4342 ,
1221 4273 1410 4345 Spark.
1446 4318 1461 4342 ,
1490 4274 1709 4341 Cellar.,
1738 4274 1974 4345 Walclt.;

375 4353 538 4419 quasi
597 4352 669 4407 ita
706 4348 888 4405 dicant
918 4364 1246 4420 paganorum
1276 4347 1507 4420 eruditi,
1540 4349 1641 4402 etsi
1666 4347 1822 4420 aliter
1847 4364 1975 4403 sen-

377 4416 545 4479 tiant.
575 4422 631 4477 In
655 4422 868 4492 scriptis
894 4416 932 4476 li
952 4416 1111 4492 Reg,
1143 4418 1170 4473 1
1198 4418 1376 4485 Colb.,
1409 4416 1576 4473 Brun.
1607 4427 1663 4474 et
1687 4419 1720 4474 8
1750 4420 1980 4490 impres-

376 4495 479 4559 sis,
509 4495 746 4549 ducatur.

462 4564 686 4622 Passim.
714 4563 773 4622 Id
791 4572 894 4631 est,
919 4572 1144 4631 temere,
1169 4560 1288 4619 sine
1314 4560 1422 4617 ulla
1453 4560 1679 4618 ratione.
1713 4560 1832 4617 Vid.
1863 4571 1978 4618 not.

378 4655 507 4710 sup.
542 4637 660 4710 et_l.
695 4652 774 4710 tu,
801 4652 851 4691 c.
880 4636 934 4692 9.
966 4635 1098 4710 Bon.

462 4702 681 4765 Lucilio.
730 4708 805 4763 Ita
853 4707 1157 4763 restitutum
1186 4721 1254 4761 ex
1281 4704 1531 4760 omnibus
1568 4702 1738 4763 ferme
1768 4720 1898 4762 mss.
1929 4713 1985 4762 et

380 4783 570 4838 editis.
622 4780 678 4834 In
727 4781 750 4834 1
788 4777 921 4848 Reg.
978 4793 1094 4848 rec.
1119 4792 1182 4831 ac
1210 4776 1244 4831 4
1269 4775 1451 4842 editis,
1484 4774 1718 4843 Lucillo;
1764 4776 1815 4830 in
1847 4778 1979 4834 edit.

381 4854 620 4920 Graptu,
653 4846 894 4906 Luciltio.
929 4850 1051 4905 Harc
1071 4846 1351 4920 Ciceronis
1374 4848 1538 4920 verba
1558 4856 1686 4903 sunt
1713 4864 1780 4905 ex
1806 4848 1897 4904 lib.
1925 4865 1984 4905 ut

382 4925 461 4981 de
488 4918 610 4980 Nat.
638 4923 885 4986 deorum,
904 4937 1009 4975 non
1038 4921 1193 4990 longe
1213 4934 1243 4990 a
1274 4918 1551 4990 principio.

463 4993 642 5050 Balbe.
699 4993 894 5049 Balbus
942 5001 1026 5047 est
1075 4988 1209 5063 ipse“
1227 4989 1465 5063 Lucilius
1512 4988 1644 5063 (vid.
1674 5005 1793 5061 cap.
1816 4990 1901 5063 5),
1931 5001 1988 5048 et

382 5065 658 5193 Cottaggst
684 5064 826 5121 idem
869 5059 1128 5136 pontifex}
1169 5059 1281 5117 Cic.
1312 5060 1379 5116 de
1406 5059 1531 5117 Nati
1558 5059 1782 5119 deorum
1813 5059 1905 5119 lib.
1930 5079 1983 5131 ι,

382 5153 509 5193 can.
614 5176 630 5192 .

382 5153 509 5196 can.
539 5153 630 5193 ΖΖ.

457 5153 703 5264 θίαῗιῖηἱε
731 5218 805 5264 est
831 5207 1047 5263 credere.
1097 5206 1309 5263 Absunt
1352 5219 1379 5259 a
1409 5203 1681 5260 Ciceronis
1716 5203 1869 5261 libris
1895 5222 1985 5261 ra-

387 5282 549 5337 tionis
575 5290 677 5347 est;
712 5295 811 5335 nec
839 5295 966 5335 vero
992 5277 1276 5350 displicent
1297 5275 1546 5350 Grutero.
1573 5276 1721 5350 (lt-zu.

470 5354 599 5421 Qut:
625 5346 829 5419 quidem
861 5350 951 5421 tibi
994 5346 1095 5405 non
1118 5348 1182 5404 ab
1208 5348 1319 5421 alio,
1339 5348 1617 5421 insinuata.
1648 5349 1762 5421 _Sic
1791 5346 1989 5405 habent

390 5417 530 5481 mss.
560 5423 595 5479 2
624 5417 856 5490 Bonou.,
887 5420 1019 5476 Tax.
1043 5461 1060 5490 ,
1093 5421 1223 5477 Pen.
1249 5460 1262 5485 ,
1289 5419 1324 5476 5
1352 5418 1543 5483 Vatic..
1576 5421 1610 5477 5
1634 5417 1812 5487 Colb.,
1842 5421 1984 5488 Em.,

391 5495 578 5561 Cant.,
606 5492 796 5561 Cauc.,
820 5494 956 5559 PaL,
983 5492 1153 5562 Lips.,
1186 5491 1469 5558 Rostoch.,
1501 5491 1634 5558 Ult.;
1659 5492 1695 5547 2
1723 5492 1985 5560 Clarom.,

392 5567 565 5624 Brun.
608 5576 662 5622 et
702 5575 914 5621 veteres
954 5566 1082 5620 edit.
1131 5564 1290 5618 Rom.
1317 5603 1332 5629 ,
1372 5563 1579 5630 Paris.,
1631 5563 1699 5619 ls.
1727 5604 1742 5629 ,
1790 5564 1989 5633 aliique

392 5639 551 5709 Regii
576 5645 802 5708 quatuor
829 5644 884 5691 et
907 5635 1178 5709 nonnullae
1207 5634 1472 5709 editiones
1492 5644 1677 5691 carent
1708 5635 1795 5691 illa
1827 5650 1990 5706 nega-

398 5706 538 5769 tiva.
566 5706 681 5779 quae
711 5707 1027 5779 necessario
1046 5715 1130 5779 est
1153 5706 1418 5779 addenda,
1448 5716 1509 5779 ut
1536 5722 1728 5763 sensus
1756 5716 1983 5763 constet.

471 5777 653 5837 Electa
682 5791 776 5835 est.
822 5777 949 5835 Mss.
1008 5777 1098 5846 14,
1143 5778 1278 5834 elata
1314 5790 1409 5835 est.
1441 5778 1637 5836 Verum
1666 5779 1989 5836 Thomasius

397 5862 553 5924 putat
578 5848 860 5924 legendum
892 5864 1013 5907 esse
1045 5868 1059 5905 :
1094 5847 1250 5905 Elata
1276 5860 1368 5905 est.

2074 3147 2227 3192 notat
2257 3138 2379 3193 huic
2404 3141 2690 3195 sententia:
2712 3138 3015 3196 minoribus
3031 3140 3227 3195 litteris
3259 3143 3309 3195 in
3332 3144 3516 3198 codice
3540 3144 3675 3198 Bon.

2075 3208 2194 3281 haec
2220 3210 2383 3265 verba
2410 3209 2577 3266 fuisse
2597 3212 2962 3281 superscripta
2995 3228 3011 3269 :
3056 3211 3153 3266 Sin
3170 3222 3339 3266 autem
3358 3216 3542 3269 veritas
3569 3232 3680 3269 ma-

2065 3280 2160 3352 jar
2172 3289 2248 3352 est
2275 3296 2389 3352 quia
2412 3282 2613 3337 suadet.
2653 3282 2848 3338 Verum
2878 3280 2944 3337 in
2992 3283 3138 3338 nullo
3164 3283 3271 3337 alio
3301 3285 3487 3340 codice
3517 3287 3674 3341 nobis

2074 3350 2296 3422 quidem
2320 3353 2437 3407 viso
2467 3354 2537 3408 ita
2570 3354 2830 3418 habetur;
2859 3369 3024 3422 quare
3052 3354 3184 3407 nihil
3208 3356 3522 3410 mutandum
3550 3373 3678 3412 cen-

2075 3420 2301 3477 suimus.
2336 3423 2505 3478 GALL.
2524 3455 2597 3463 —
2622 3425 2791 3491 Quam
2818 3420 3102 3479 lectionem
3131 3424 3401 3480 immutari
3431 3443 3536 3480 non
3562 3428 3678 3483 vult

2075 3492 2415 3565 Thotnasius
2444 3505 2664 3565 propter
2724 3494 2929 3549 codicis
2978 3494 3370 3565 antiquitatem.
3424 3495 3673 3553 Attamen

2077 3563 2377 3619 minoribus
2405 3563 2598 3621 litteris
2624 3567 2817 3634 legitur
2842 3567 2892 3620 in
2925 3563 3122 3621 eodem
3144 3565 3357 3621 codice:
3388 3566 3485 3623 Sin
3502 3579 3673 3624 autent

2077 3635 2260 3707 veri_tas
2297 3637 2463 3704 maior
2487 3646 2579 3701 est,
2607 3653 2721 3707 qua:
2748 3636 2951 3703 suadet,
2982 3637 3141 3707 fatere
3162 3638 3332 3707 igitur.

2149 3704 2356 3760 Fatere.
2414 3707 2503 3763 Sic
2555 3704 2770 3777 reposui
2815 3723 2881 3763 ex
2927 3704 3056 3762 mss.
3108 3718 3163 3763 et
3182 3704 3470 3764 'veteribus
3514 3709 3676 3766 editis

2078 3774 2235 3849 Rom.
2262 3777 2316 3832 lu
2346 3780 2553 3834 ett-teris
2580 3774 2808 3849 vulgatis
2837 3789 2938 3845 cst,
2972 3780 3165 3848 fateris.

2152 3846 2472 3904 Servierunt.
2508 3846 2758 3905 Omnium
2802 3849 2913 3904 fere
2936 3846 3064 3905 uiss.
3093 3862 3195 3906 est.
3219 3850 3275 3905 in
3308 3866 3438 3906 mss.
3466 3851 3590 3907 Jun.
3621 3862 3677 3909 et

2079 3919 2132 3974 in
2166 3929 2271 3974 vet.
2297 3920 2457 3976 editis
2485 3936 2599 3986 sex,
2633 3922 2893 3987 serviunt;
2926 3923 2976 3977 in
3002 3938 3097 3977 sex
3123 3924 3241 3978 aliis
3267 3926 3479 3977 excusis
3504 3964 3518 3987 ,
3569 3941 3676 3978 ser-

2078 3990 2280 4064 uierint.
2307 4021 2379 4032 —
2406 3992 2719 4064 _Seruierint.
2751 3992 2864 4048 Hoc
2892 3996 3123 4061 rectius,
3154 4010 3316 4064 quam
3348 3996 3502 4048 unius
3535 3994 3671 4052 Bon.

2080 4060 2254 4116 Reim.
2298 4072 2353 4119 et
2390 4062 2556 4119 Gnth.
2584 4065 2899 4129 servierunt,
2948 4077 3040 4119 aut
3086 4060 3211 4119 cdd.
3251 4065 3489 4127 Sublac.,
3516 4066 3670 4121 Rost.

2081 4132 2216 4205 Yen.
2272 4134 2529 4202 1471-97,
2578 4135 2777 4202 Paris.,
2829 4133 3203 4204 Junt.,Crat.,
3250 4136 3398 4203 Ald.,
3455 4138 3671 4205 Patrlt.,

2080 4203 2274 4275 Gymn.
2287 4248 2300 4272 ,
2328 4209 2569 4261 seruiunt.
2614 4207 2746 4262 Bun.

2165 4279 2317 4348 Quod
2339 4279 2527 4351 falsum
2556 4295 2663 4351 esse
2682 4279 3010 4333 convinceris.
3067 4276 3141 4351 Ita
3176 4278 3298 4351 lego
3325 4292 3445 4351 cum
3479 4294 3606 4351 mss.
3632 4280 3671 4351 5

2080 4350 2291 4420 Regiis,
2339 4348 2569 4419 quorum
2619 4348 2727 4403 duo
2766 4349 3185 4420 suntveterrimi
3209 4389 3224 4412 ,
3255 4350 3288 4420 7
3323 4348 3459 4412 Vat.,
3491 4350 3524 4403 4
3548 4348 3672 4403 Col-

2085 4419 2223 4482 bcrt.
2272 4421 2495 4489 aliisque
2523 4420 2726 4485 multis,
2761 4435 2824 4475 ac
2858 4419 2924 4474 10
2953 4430 3058 4474 vet.
3088 4419 3216 4473 edit.
3250 4419 3305 4473 In
3332 4420 3548 4489 scriptis
3578 4422 3665 4483 19,

2087 4497 2227 4553 inter
2256 4506 2391 4561 quos
2418 4503 2499 4544 est
2528 4493 2549 4544 1
2584 4491 2791 4545 Bonon.
2833 4492 3026 4559 antiq.,
3054 4499 3109 4545 et
3139 4489 3190 4544 in
3217 4491 3250 4545 6
3279 4492 3554 4554 impressis
3588 4509 3673 4546 re-

2088 4563 2416 4625 centioribus
2444 4570 2545 4625 est,
2569 4562 2862 4616 conviceris.
2892 4562 3142 4617 Attamen
3171 4572 3319 4631 putat
3350 4561 3673 4617 Themasius

2082 4653 2147 4695 ex
2178 4639 2204 4693 1
2236 4634 2439 4690 Bonon.
2474 4644 2527 4688 et
2560 4633 2595 4687 5
2625 4631 2894 4688 Vaticanis
2921 4633 3206 4703 legendum
3236 4647 3384 4698 esse,
3410 4633 3549 4704 quod
3576 4634 3678 4704 fal-

2083 4727 2195 4765 sum
2226 4722 2332 4765 esse
2351 4704 2646 4759 conviceris.
2696 4705 2761 4758 Et
2793 4708 2926 4766 hoc,
2958 4702 3147 4772 inquit,
3176 4704 3407 4759 refertur
3434 4704 3500 4759 ad
3521 4702 3675 4761 Cice-

2082 4794 2270 4837 ronem
2302 4777 2604 4832 dicentem:
2641 4775 2741 4843 Qui
2771 4793 2831 4830 ea
2851 4777 2914 4830 ob
2944 4776 3180 4847 pietatem
3210 4774 3530 4847 sequebatur,
3559 4793 3675 4847 qua:

2082 4853 2219 4922 falsa
2246 4865 2352 4905 esse
2385 4849 2679 4922 conviceret.

2163 4921 2439 4977 Videamus
2467 4918 2692 4974 tandem.
2735 4918 2865 4974 Mss.
2896 4919 2957 4974 11
2991 4926 3046 4974 et
3067 4918 3100 4973 6
3142 4927 3251 4973 vet.
3280 4918 3410 4975 edit.
3441 4933 3538 4988 pro
3564 4928 3677 4974 tan-

2086 4993 2227 5062 dem,
2256 5000 2505 5062 repetunt
2525 5002 2714 5056 tamen,
2748 4991 2891 5062 quod
2919 4991 3162 5062 proxime
3194 4991 3491 5062 praecessit.

2158 5060 2393 5136 Asylum.
2418 5062 2498 5117 De
2522 5076 2629 5136 quo
2673 5061 2794 5116 vide
2814 5060 3152 5136 _Dio_nysium
3190 5061 3523 5134 ,Halycarn”
3580 5060 3674 5115 Li-

2085 5133 2278 5201 viuml,
2313 5134 2656 5191 Plutarchum
2706 5143 2759 5188 et
2807 5133 3149 5189 Strabonem.

2165 5207 2384 5264 Passim.
2418 5206 2668 5261 Perottus
2703 5205 2755 5260 in
2783 5205 2958 5261 Cornu
2986 5206 3175 5273 conite,
3204 5203 3291 5259 ed.
3321 5201 3441 5258 Ald.
3498 5201 3540 5258 f.
3571 5202 3681 5260 844

2089 5281 2279 5365 passim
2319 5278 2407 5365 hic
2453 5277 2680 5365 exponit
2733 5292 2828 5346 per
2857 5277 3099 5365 undique;
3147 5276 3260 5365 luto
3288 5275 3554 5365 significat
3585 5275 3674 5365 hic

2086 5346 2393 5416 indistincte,
2421 5350 2539 5405 sine
2561 5349 2779 5415 ordine;
2804 5350 2943 5418 quod
2970 5346 3197 5402 suadent
3223 5346 3408 5414 verba,
3435 5347 3545 5402 sine
3572 5349 3679 5404 ulla

2091 5424 2407 5479 discrimine.
2437 5421 2570 5477 BDN.

2161 5493 2484 5562 Propertius.
2510 5491 2625 5547 Lib.
2652 5506 2720 5557 tv,
2746 5487 2929 5560 Elegia
2949 5490 2999 5552 1,
3019 5487 3071 5543 in
3089 5502 3191 5562 qua
3210 5497 3453 5562 veterum
3483 5490 3680 5548 Roma-

2089 5560 2284 5623 norum
2308 5564 2659 5636 frugalitatem
2687 5561 2909 5636 cnm__sni
2934 5560 3189 5636 temporis
3216 5561 3351 5616 luxu
3378 5562 3605 5636 confert.

2165 5632 2645 5707 Buccina'wgebat,
2679 5640 2782 5707 etc.
2806 5633 2901 5688 llic.
2927 5632 3060 5707 ordo
3080 5642 3161 5707 est
3192 5635 3675 5707 manuscriptorum

2090 5720 2144 5767 et
2165 5718 2271 5765 vet.
2303 5704 2567 5763 editurum
2601 5724 2613 5760 :
2644 5704 2827 5777 plures
2858 5706 3052 5776 vulgati
3084 5704 3230 5774 prius
3271 5705 3537 5777 distichon
3583 5719 3677 5773 po-

2089 5781 2307 5855 s_teriori
2337 5789 2558 5855 ponunt
2583 5774 2723 5834 loco.
2758 5777 2851 5833 His
2878 5774 3119 5834 versibus
3148 5776 3423 5855 significat
3444 5774 3673 5854 Proper-

2091 5850 2225 5919 tius,
2270 5844 2471 5922 priinos
2509 5857 2785 5907 senatores
2828 5864 2936 5905 non
2980 5862 3103 5905 usos
3145 5844 3311 5904 fuisse
3353 5844 3486 5914 togis
3539 5857 3675 5916 prce.
