4174 6200
465 277 577 344 987

592 400 758 466 Curia,
781 400 1029 466 pretexto
1049 411 1161 464 quae
1181 410 1313 466 nunc
1332 399 1474 466 nitet
1481 399 1579 450 alta
1595 398 1809 462 Senatu,

656 463 861 515 Pellitos
880 464 1054 514 habuit
1068 463 1251 514 rustica
1273 463 1420 513 corda
1443 463 1638 513 Patres.

472 569 537 627 Hi
563 578 690 627 sunt
710 569 919 637 Patres,
953 583 1184 640 quorum
1215 567 1449 625 decretis
1469 566 1665 623 eruditi
1695 580 1759 621 ac
1781 560 2074 635 prudentes

471 662 574 718 viri
624 660 977 716 devotissime
1014 661 1256 716 serviunt
1281 701 1296 727 ,
1344 659 1506 730 idque
1546 673 1732 714 verum
1774 671 1837 711 ac
1875 658 2073 710 immu-

472 753 636 810 tabile
663 752 842 810 omnis
882 754 1170 823 posteritas
1196 752 1436 823 judicct,
1487 750 1629 822 quod
1658 757 1873 805 centum
1903 745 2074 818 pelliti

462 861 633 903 senes
681 855 940 903 statutum
990 862 1112 903 esse
1137 846 1464 913 voluerunt,
1495 859 1631 915 quos
1658 853 1838 899 tamen
1862 883 1877 908 ,
1924 850 1983 895 ut
2020 839 2072 894 in

472 942 647 1013 primo
671 942 814 997 libro
840 941 1039 997 dictum
1069 950 1170 1007 cst,
1200 955 1319 1011 cap.
1350 940 1438 1005 22,
1470 938 1769 1009 Pompilius
1801 935 1991 1001 illexit,
2013 942 2077 988 ut

471 1050 601 1092 vera
625 1035 910 1092 crederent
943 1049 1063 1090 esse
1115 1050 1267 1088 sacra
1327 1048 1446 1104 quae
1487 1032 1603 1104 ipse
1659 1028 1924 1085 tradebat.
1980 1026 2078 1081 Est

474 1143 629 1199 vero,
658 1129 983 1184 curillorum
1007 1127 1298 1183 auctoritas
1326 1124 1459 1182 tanti
1481 1124 1743 1181 habeatur
1762 1137 1791 1177 a
1819 1119 2073 1192 posteris,

473 1238 610 1294 quos
660 1238 858 1290 nemo,
906 1238 1030 1278 cum
1083 1221 1358 1285 viverent,
1390 1234 1566 1291 neque
1591 1230 1854 1283 summus,
1902 1229 2077 1287 neque

476 1312 694 1369 infimus
718 1312 980 1370 afﬁnitate
1005 1314 1198 1385 dignos
1218 1312 1480 1384 judicavit
1506 1312 1530 1364 1

1103 1426 1332 1484 CAPUT
1371 1425 1507 1482 VIII.

478 1543 557 1601 De
583 1543 801 1600 rationis
829 1560 926 1600 usu
955 1546 1009 1599 in
1043 1545 1293 1617 religione
1319 1561 1337 1610 ;
1366 1544 1526 1616 deque
1550 1541 1785 1609 somniis,
1817 1538 2073 1611 auguriis,

860 1636 1103 1705 oraculis,
1136 1636 1419 1709 talibusque
1450 1636 1716 1708 portentis.

1514 279 1705 343 FIRM.
1746 276 2113 341 LACTANTII
2151 276 2357 338 DIVIN.
2397 274 2645 338 INS’I‘IT.

2084 396 2139 459 Α
2162 393 2401 451 humani.
2438 394 2617 462 Quare
2641 386 2785 449 cum'
2811 380 3027 461 sapere,
3056 387 3110 446 id
3139 394 3244 455 est,
3280 387 3571 445 veritatem
3607 402 3769 459 quae-

3660 260 3771 330 288

2175 502 2318 555 rere,
2350 486 2600 542 omnibus
2623 482 2694 539 sit
2725 485 2990 547 innatum,
3023 481 3344 553 sapientiam
3373 481 3473 535 sibi
3500 480 3771 546 adimunt,

2173 580 2267 650 qui
2286 580 2404 635 sine
2434 579 2543 633 ullo
2563 575 2769 648 judicio
2792 576 3011 631 inventa
3048 574 3314 643 majorum
3340 572 3591 640 probant,
3624 580 3682 626 et
3706 570 3776 624 ab

2173 672 2295 727 aliis
2328 672 2595 742 pecudum
2648 683 2803 725 more
2853 668 3145 723 ducuntur.
3172 665 3279 723 Sed
3329 664 3433 720 hoc
3486 680 3582 720 eos
3614 663 3773 730 fallit,

2174 764 2314 834 quod
2343 764 2605 834 majorum
2635 761 2856 817 nomine
2878 762 3076 831 posito,
3103 774 3210 815 non
3240 767 3431 830 putant
3452 756 3567 813 fieri
3590 772 3776 828 posse,

2176 862 2231 908 ut
2259 863 2352 909 aut
2381 854 2480 924 ipsi
2504 854 2623 923 plus
2663 852 2894 921 sapiant,
2925 851 3048 921 quia
3078 850 3321 906 minores
3366 858 3653 914 vocantur,
3683 855 3780 903 aut

2176 942 2253 997 illi
2282 943 2640 1013 desipuerint,
2664 942 2789 1013 quia
2820 942 3057 1011 majores
3088 943 3455 997 nominantur.
3476 940 3615 1010 Quid
3647 955 3778 1010 ergo

2178 1034 2425 1104 impedit,
2455 1035 2583 1105 quin
2611 1034 2681 1090 ab
2712 1033 2845 1105 ipsis
2872 1048 3155 1089 sumamus
3179 1032 3527 1103 exemplum;
3561 1040 3619 1087 ut
3643 1045 3777 1102 quo.

2176 1127 2340 1183 modo
2388 1128 2500 1195 illi,
2535 1143 2655 1199 quae
2703 1127 2838 1183 falsa
2886 1129 3227 1193 invenerant,
3256 1126 3489 1198 posteris
3544 1124 3781 1182 tradide-

2177 1226 2322 1289 runt,
2356 1222 2433 1278 sic
2462 1237 2583 1291 nos,
2617 1222 2707 1294 qui
2763 1237 2951 1278 verum
3010 1222 3338 1289 invenimus,
3398 1219 3634 1291 posteris
3664 1235 3783 1276 me-

2177 1315 2312 1371 liora
2340 1315 2655 1372 tradamus?
2681 1316 2943 1387 Superest
2967 1317 3157 1386 ingens
3193 1314 3441 1387 quaestio,
3476 1314 3634 1384 cujus
3661 1312 3779 1369 dis»

2179 1408 2387 1478 putatio
2426 1422 2533 1463 non
2580 1407 2648 1463 ab
2690 1408 2929 1480 ingenio,
2966 1408 3062 1464 sed
3093 1422 3124 1462 a
3153 1407 3385 1463 scientia
3433 1405 3601 1467 venit.
3656 1421 3779 1476 qua:

2181 1498 2422 1569 pluribus
2478 1498 2796 1569 explicanda
2847 1499 2972 1566 erit,
3005 1513 3072 1554 ne
3117 1496 3244 1569 quid
3293 1496 3516 1552 omnino
3554 1496 3780 1552 dubium

2182 1591 2535 1663 relinquatur.
2567 1590 2700 1646 Nam
2750 1590 2981 1647 fortasse
3025 1590 3221 1660 aliquis
3246 1590 3313 1644 ad
3357 1589 3444 1645 illa
3487 1588 3783 1659 confugiat,

2181 1699 2300 1755 qua:
2328 1701 2359 1741 a
2408 1686 2589 1741 multis
2614 1695 2669 1741 et
2709 1701 2818 1740 non
2864 1684 3041 1741 dubiis
3094 1682 3381 1739 traduntur
3423 1680 3784 1747 auctoribus;

550 1774 730 1843 Quare
779 1781 1015 1843 oportet,
1059 1773 1115 1829 in
1145 1788 1209 1829 ea
1234 1789 1294 1829 re
1321 1774 1556 1829 maxime
1580 1773 1633 1828 in
1660 1786 1764 1844 qua
1785 1773 1910 1827 vita:
1935 1770 2074 1827 ratio
2102 1782 2151 1843 Β
2176 1791 2271 1833 eos
2300 1776 2622 1850 ipsos,|quos
2647 1778 2929 1833 docuimus
2956 1777 3091 1833 deos
3121 1792 3226 1831 non
3260 1791 3401 1843 esse,
3432 1775 3776 1845 majestatem

479 1873 752 1933 versatur,
776 1865 877 1922 sibi
908 1881 1178 1936 quemque
1201 1865 1508 1933 confidere,
1542 1880 1749 1935 suoque
1773 1864 1977 1935 judicio
2006 1878 2072 1919 ac
2172 1886 2326 1929 suam
2359 1886 2596 1942 persmpe
2623 1871 2943 1938 ostendisse,
2966 1879 3021 1927 et
3050 1870 3327 1942 prodigiis,
3364 1878 3420 1925 et
3448 1869 3693 1935 somniis,
3719 1878 3777 1923 et

480 1958 714 2029 propriis
760 1958 1011 2014 sensibus
1058 1958 1229 2029 magis
1277 1958 1375 2013 niti
1422 1957 1490 2012 ad
1542 1956 1970 2027 investigandam
2019 1964 2075 2011 et

481 2050 921 2121 perpendendam
949 2051 1275 2117 veritatem;
1316 2065 1477 2121 quam
1522 2053 1833 2105 credentem
1886 2047 2075 2104 alienis

481 2145 760 2201 erroribus
785 2143 960 2216 decipi
995 2153 1268 2215 tamquam
1318 2145 1495 2214 ipsum
1519 2145 1745 2199 rationis
1773 2153 2072 2214 expertem.

483 2234 643 2292 Dedit
672 2237 924 2293 omnibus
952 2237 1095 2292 Deus
1144 2253 1241 2305 pro
1269 2237 1410 2292 virili
1452 2237 1702 2307 portione
1732 2238 2076 2308 sapientiam,

484 2338 622 2385 utet
651 2329 889 2385 inaudita
932 2330 1262 2402 investigare
1283 2340 1527 2402 possent,
1557 2340 1613 2388 et
1637 2332 1819 2387 audita
1839 2347 2079 2404 perpen-

484 2420 635 2477 dere.
664 2420 775 2477 Nec
812 2422 935 2493 quia
985 2438 1083 2478 nos
1129 2424 1205 2479 illi
1260 2424 1597 2494 temporibus
1648 2433 2079 2491 antecesserunt,

2178 1966 2436 2035 auguriis,
2463 1974 2516 2020 et
2542 1964 2795 2020 oraculis.
2840 1966 2906 2020 Et
2933 1979 3066 2021 sane
3091 1965 3260 2018 multa
3308 1962 3619 2018 enumerari
3655 1976 3785 2028 pos-

2182 2065 2309 2112 sunt
2340 2058 2499 2128 digna
2551 2057 2851 2113 miraculo:
2882 2056 2938 2112 in
2989 2056 3180 2127 primis
3232 2055 3386 2123 illud,
3418 2054 3561 2126 quod
3588 2053 3787 2109 Accius

2183 2149 2386 2205 Navius
2416 2166 2660 2206 summus
2705 2151 2913 2222 Augur,
2949 2166 3072 2206 cum
3125 2150 3481 2220 Tarquinium
3536 2148 3785 2203 Priscum

2185 2253 2581 2312 commoneret,
2606 2254 2663 2299 ut
2688 2244 2820 2299 nihil
2851 2245 2974 2299 novi
3001 2242 3185 2300 facere
3213 2241 3618 2315 inciperet,nisi
3640 2241 3797 2311 prius

2182 2346 2331 2394 esset
2361 2337 2731 2410 inauguratus,
2753 2338 2911 2409 eique
2938 2353 3034 2394 rex
3064 2338 3196 2393 artis
3221 2336 3340 2407 ejus
3370 2336 3594 2393 elevans
3627 2334 3792 2391 fidem

2184 2431 2412 2500 diceret,
2431 2441 2490 2488 ut
2510 2432 2777 2489 consultis
2808 2432 2997 2488 avibus
3022 2430 3362 2487 renuntiaret
3385 2429 3510 2494 sibi,
3544 2436 3797 2482 utrumne

486 2514 751 2583 sapientia
797 2529 1015 2586 quoque
1063 2524 1513 2584 antecesserunt;
1568 2532 1688 2585 quae
1733 2517 1777 2573 si
1827 2517 2085 2574 omnibus
2179 2523 2295 2580 ﬁeri
2318 2534 2501 2595 posset
2526 2525 2579 2580 id
2597 2524 2869 2595 quodipse
2890 2522 3445 2593 animoconcepisset,
3463 2519 3791 2575 allirmaret-

486 2605 769 2676 aequaliter
792 2606 972 2675 datur,
995 2608 1247 2677 occupari
1274 2607 1342 2662 ab
1370 2607 1819 2663 antecedentibus
1848 2623 1957 2663 non
1984 2624 2085 2680 po-

488 2708 613 2756 test.
660 2699 943 2758 lllibabilis
993 2710 1079 2757 est
1124 2711 1395 2772 tamquam
1441 2702 1534 2757 lux
1581 2710 1638 2758 et
1686 2702 1900 2759 claritas
1929 2703 2085 2773 solis,

499 2798 623 2868 quia
646 2806 703 2853 ut
732 2798 812 2854 sol
840 2798 1147 2867 oculorum,
1174 2798 1254 2855 sic
1280 2798 1543 2871 sapientia
1594 2799 1779 2856 lumen
1810 2808 1893 2855 est
1913 2799 2096 2856 cordis

2184 2633 2290 2689 que
2341 2618 2541 2674 Navius
2563 2633 2758 2690 posse:
2792 2616 2938 2689 Cape
2965 2617 3125 2688 igitur
3161 2618 3320 2681 hanc,
3349 2616 3542 2687 inquit,
3585 2623 3790 2683 cotem,

2196 2724 2427 2781 eamque
2455 2710 2715 2767 novacula
2745 2709 2965 2767 dissice.
2992 2710 3063 2765 At
3092 2708 3183 2766 ille
3233 2708 3611 2764 incunctanter
3637 2719 3795 2760 arce-

2201 2802 2282 2875 pit
2309 2817 2373 2859 ac
2394 2804 2589 2860 secuit.

1799 2936 2170 2996 VARIORUM
2214 2938 2447 2998 NOTAE.

492 3075 710 3132 textatis
727 3116 745 3144 ,
800 3076 894 3132 sed

490 3158 670 3202 vestes
709 3157 861 3202 erant
907 3148 1092 3216 pelles.
1126 3146 1355 3203 WALCH.
1405 3146 1655 3203 Attamen
1698 3150 1751 3202 in
1798 3148 2085 3216 omnibus,

493 3233 627 3288 quas
652 3218 791 3283 vidi,
831 3215 1091 3286 PrOpertii
1129 3219 1455 3273 editionibus
1493 3218 1722 3273 disticon
1762 3218 1902 3273 istud
1936 3215 2095 3274 Curia

492 3301 757 3359 prwtexto,
782 3298 909 3350 etc.,
938 3288 1266 3358 prmponilur
1289 3289 1411 3346 huic
1431 3305 1445 3343 :
1465 3289 1695 3344 Buccina
1710 3290 1936 3360 cogebat.
1960 3300 2091 3357 etc.,

493 3360 589 3432 sed
635 3361 750 3432 haec
790 3374 1007 3415 sensum
1057 3377 1161 3414 non
1211 3370 1435 3417 mutant.
1485 3360 1620 3417 Vide
1667 3362 1824 3431 igitur
1865 3362 2094 3432 Proper-

494 3430 624 3502 tium
653 3430 791 3486 libro
816 3447 888 3495 tv,
921 3432 1100 3502 Elegia
1129 3433 1181 3486 1.

569 3501 675 3556 Pro
703 3502 838 3574 virili
864 3501 1116 3574 portione.
1164 3502 1222 3558 Id
1251 3513 1330 3557 est
1359 3504 1640 3574 aequaliter
1663 3520 1678 3568 ;
1704 3518 1940 3573 namque
1970 3518 2095 3574 por-

495 3572 674 3628 tiones
699 3572 883 3628 viriles
910 3573 1282 3643 jurisconsulti
1326 3585 1383 3629 ut
1413 3572 1703 3645 plurimum
1749 3572 1989 3645 aequales
2011 3576 2094 3630 in-

495 3652 885 3716 terpretantur,
911 3661 1032 3713 qua!
1055 3645 1261 3700 scilicet
1285 3661 1383 3715 pro
1412 3662 1638 3703 numero
1662 3660 2016 3716 personarum
2039 3655 2098 3703 et

494 3714 548 3769 in
579 3718 753 3789 capita
776 3717 1195 3789 constituantur,
1228 3714 1299 3771 ut
1317 3718 1563 3789 totliant.
1584 3714 1715 3789 quot
1740 3726 1945 3789 suntet
1968 3734 2095 3789 per-

494 3785 1213 3859 sonzr._l3t:'ru1.t-:ws.—Pro
1239 3788 1373 3841 virili
1414 3785 1664 3859 portione.
1699 3789 1833 3843 Hinc
1865 3785 2096 3844 Lactan-

497 3857 622 3928 tius,
655 3856 946 3925 Sapientia,
979 3858 1171 3927 inquit.
1215 3856 1450 3914 omnibus
1497 3861 1776 3928 aequaliter
1812 3861 2007 3924 datur;
2042 3870 2096 3916 et

497 3926 536 3981 l.
572 3942 646 3995 ιιι,
680 3942 731 3983 c.
776 3929 849 3983 '55
879 3946 893 3982 ε
929 3928 1200 3998 Sapientia
1228 3932 1338 3984 sine
1383 3931 1491 3985 ullo
1540 3926 1832 3986 discrimine
1861 3932 2097 3987 omnibus

496 3998 617 4070 data
637 4009 732 4064 est,
760 4011 867 4053 etc.
896 3999 1078 4054 Addas
1103 4000 1329 4070 reliqua.
1353 4001 1481 4056 Bon.

570 4067 897 4143 Occupari...
922 4088 1023 4125 non
1042 4067 1231 4140 potest.
1257 4072 1548 4143 Eleganter
1583 4073 1812 4138 Seneca,
1868 4088 1954 4143 ep.
2001 4073 2093 4139 33,

498 4140 640 4215 ﬁn._:
672 4140 833 4215 Patet,
859 4143 1091 4215 ortinibus
1137 4144 1323 4215 ueritas
1354 4140 1383 4198 ἶ
1400 4146 1624 4199 nondum
1670 4153 1744 4199 est
1786 4140 2050 4215 occupata
2076 4162 2091 4210 ;

495 4212 711 4283 multum
735 4228 799 4266 ea:
817 4213 931 4278 illa,
956 4216 1106 4268 etiam
1138 4214 1345 4283 futuris,
1376 4217 1609 4270 relictum
1642 4227 1736 4270 est.
1767 4212 1935 4272 CELL.

572 4282 869 4339 lllibabilis.
925 4284 1039 4340 Vox
1073 4282 1303 4340 maxime
1333 4303 1474 4341 rara.
1508 4288 1633 4342 Mss.
1688 4289 1710 4342 1
1739 4286 1918 4353 Cnlb.,
1948 4288 2092 4353 Em.,

496 4353 1115 4428 Cantalirig.,ilrlabilis;
1148 4361 1166 4411 1
1208 4358 1377 4428 Lips.,
1413 4360 1621 4413 illibatis
1651 4376 1663 4424 ζ
1697 4358 1967 4426 Cronov.,
2002 4359 2097 4413 Ita-

498 4426 635 4479 bilis.
661 4426 1025 4482 —lllibubilis.
1066 4426 1122 4481 Id
1151 4439 1255 4486 est.
1274 4426 1419 4483 nihil
1446 4446 1514 4485 ex
1544 4446 1605 4485 ea
1627 4429 1855 4485 delibari
1885 4441 1975 4483 aut
2001 4430 2098 4484 de-

500 4497 647 4570 cerpi
674 4508 867 4570 potest.
923 4500 1086 4553 Docte
1126 4498 1433 4555 Gronovius
1479 4501 1546 4555 ad
1584 4501 1805 4557 Seneca:
1842 4517 1929 4570 ep.
1978 4501 2049 4555 83
2080 4542 2095 4565 ,

502 4583 555 4638 p.
589 4569 693 4643 547
729 4568 1109 4643 ιμρειιιιλτυιι.
1132 4574 1268 4639 quod
1295 4572 1359 4625 ab
1390 4573 1493 4626 alio
1524 4575 1746 4627 sumitur
1771 4583 1818 4627 et
1848 4568 2108 4643 propaga-

502 4650 584 4761 tu!r
611 4639 722 4693 sine
718 4637 893 4764 Billius
919 4637 1153 4705 laesione,
1178 4644 1352 4697 lumen
1372 4660 1403 4697 a
1434 4644 1628 4699 lumine
1649 4637 1968 4698 accenditur.
2006 4637 2106 4699 Ubi

504 4724 542 4764 ι)
566 4725 680 4763 ora.
765 4726 852 4764 un.

504 4724 680 4780 plura.
718 4724 852 4765 uua.

574 4779 755 4836 Cordis
780 4781 1012 4836 humani.
1066 4782 1125 4836 Id
1176 4794 1281 4849 est,
1314 4785 1508 4841 anima:
1539 4795 1763 4849 nostras,
1798 4784 2108 4842 intellectus

501 4853 668 4909 nostri
697 4871 709 4907 :
737 4853 970 4922 loquitur
993 4854 1475 4923 Laclantiuszmore
1495 4855 2103 4912 Hebraeorum.WAt.cu.

574 4923 843 4978 Pecudum
898 4942 1057 4979 more.
1107 4926 1315 4983 Seneca
1348 4928 1455 4983 Vit.
1513 4928 1687 4990 Beat.,
1718 4942 1767 4983 c.
1803 4928 1827 4982 1
1866 4945 1879 4981 :
1912 4926 1995 4981 Ne
2016 4944 2106 4999 pe-

502 5012 677 5051 corum
705 4999 807 5050 ritu
839 5012 1110 5068 sequamur
1134 5000 1540 5053 antecedentium
1569 5015 1793 5069 gregem,
1821 5011 2107 5068 pergentes,

501 5085 604 5122 non
634 5084 735 5138 qua
775 5070 1023 5133 eundum,
1052 5070 1139 5123 sed
1174 5086 1275 5140 qua
1315 5072 1487 5125 itur...
1521 5072 1719 5140 optima
1758 5072 1859 5123 rati
1888 5086 1968 5132 ea,
1996 5085 2112 5137 qua

502 5156 689 5209 magno
719 5156 930 5194 assensu
979 5151 1183 5208 recepta
1211 5152 1328 5195 sunt
1356 5157 1668 5211 quorumque
1708 5142 1941 5211 exempla
1968 5142 2111 5196 nobis

502 5212 664 5265 multa
685 5220 825 5275 sunt,
842 5227 931 5264 nec
957 5212 1027 5265 ad
1048 5212 1438 5279 rationem,sed
1463 5215 1532 5267 ad
1557 5212 1959 5268 similitudinem
1983 5212 2113 5266 viviw

504 5298 636 5335 mus.
657 5283 811 5336 Conf.
847 5282 908 5337 L.
940 5298 1000 5347 tl,
1029 5299 1078 5338 c.
1107 5284 1161 5339 5.

581 5352 832 5425 Minores.
867 5354 922 5408 ld
945 5364 1050 5421 est,
1097 5354 1323 5424 posteri,
1347 5370 1399 5411 c.
1431 5355 1518 5411 15.
1553 5354 1643 5411 Sic
1664 5370 1808 5425 saepe
1828 5352 2109 5424 Virgilius,

507 5421 573 5476 ad
606 5436 764 5497 quem
793 5423 1042 5497 Servius,
1066 5421 1712 5497 Erythrmusﬂanbman.
1736 5421 1909 5482 Cerda
1930 5421 2108 5497 plura;

507 5492 650 5563 ctad
682 5492 931 5553 Juvenal.
958 5496 1072 5551 Sat.
1107 5492 1160 5563 1,
1187 5499 1311 5554 148.
1345 5492 1570 5556 litetur.

584 5562 714 5643 Qua:
742 5566 875 5643 [alea
905 5567 1222 5643 inuenerant.
1246 5568 1606 5643 Scitelegitur
1633 5570 1991 5643 queein_mss._
2011 5568 2114 5643 lle-

546 5636 629 5696 iis,
662 5637 713 5707 in
742 5638 797 5703 5,
825 5635 1006 5706 Colb.,
1031 5638 1219 5707 Goth.,
1256 5643 1280 5696 1
1308 5635 1546 5697 Claroiu.
1580 5635 1897 5697 ac'vetcrib.
1930 5641 2109 5696 editis.

540 5726 571 5764 ιι
601 5709 638 5784 ᾗ
662 5706 841 5775 Colb.,
875 5712 899 5784 1
930 5708 1165 5784 Clarum.
1196 5706 1363 5769 Brun.
1394 5724 1448 5768 et
1476 5714 1703 5784 vulgatis
1728 5729 1839 5769 rec.
1870 5721 1975 5778 est,
2004 5711 2112 5784 qui.

591 5779 658 5836 Et
683 5783 936 5854 auguriis.
967 5782 1206 5857 Auguria
1236 5799 1344 5842 non
1370 5785 1552 5843 solum
1570 5779 1722 5857 apud
1746 5784 1986 5851 Graecos,
2015 5779 2113 5841 sed

2120 4463 2178 4526 D

942 3075 1212 3152 pellibus,
1262 3089 1431 3152 more
1453 3075 1807 3152 rusticorum,
1855 3090 2084 3152 quorum
2113 3073 2159 3137 C
2194 3086 2263 3152 et
2275 3080 2435 3152 apud
2478 3080 2738 3152 barbaras
2772 3095 3016 3152 quasque
3062 3080 3309 3152 nationes
3341 3080 3392 3135 in
3426 3081 3599 3151 pretio
3627 3079 3798 3148 fuere,

2198 3149 2423 3215 Elian,
2486 3155 2519 3206 Ι.
2567 3169 2601 3207 ιι
2644 3149 2983 3218 ναι.Ἠἰει.,
3020 3167 3069 3207 c.
3129 3154 3218 3209 51.
3271 3149 3531 3207 llanc‘ad
3584 3152 3805 3207 Graecos

2196 3222 2474 3294 scientiam
2534 3239 2782 3279 manasse
2830 3224 3077 3279 tradente
3133 3222 3419 3294 Telegono,
3465 3225 3641 3292 primo
3684 3225 3804 3293 ejus

2196 3292 2513 3368 i_nventore.
2586 3294 2820 3363 prodidit
2891 3295 3083 3368 Suidas
3135 3296 3196 3368 in
3255 3292 3406 3350 'voce
3472 3295 3651 3368 Τηλέγ.
3718 3292 3801 3349 At

2196 3363 2407 3419 Etrusci
2451 3381 2509 3420 se
2569 3377 2818 3421 auctores
2893 3366 3292 3435 praedicabant,
3358 3363 3803 3435 repertoremque

2196 3437 2460 3492 extitisse.
2492 3435 2684 3508 Tagem
2708 3437 3214 3508 quemdam.0vid.,
3240 3437 3275 3492 Ι.
3302 3453 3373 3491 xv
3398 3436 3751 3508 Metamorpb.
3782 3455 3797 3491 :

2320 3551 2575 3616 [ndigens
2598 3553 2777 3603 dixere
2800 3552 3010 3616 'l‘agem,
3036 3553 3119 3615 qui
3145 3553 3334 3616 primus
3353 3550 3614 3602 Etruscam

2321 3612 2530 3665 Edocuit
2552 3622 2760 3678 gentem
2784 3612 2928 3665 casus
2944 3612 3378 3678 aperire'futuros.

2196 3717 2299 3784 Qui
2327 3719 2478 3788 plura
2512 3717 2580 3773 de
2596 3717 2831 3786 auguriis
2854 3716 2988 3785 vult,
3013 3716 3170 3771 adeat
3195 3717 3592 3788 Dempsterum.
3614 3731 3676 3770 ex
3697 3730 3805 3784 quo

2199 3784 2640 3844 lunc'hansimns.
2669 3784 2936 3857 Exempla
2968 3804 3087 3857 qua:
3116 3784 3417 3859 sequutiiitr
3437 3803 3499 3843 ex
3539 3784 3805 3859 Cirerone

2196 3862 2533 3932 potissimum
2559 3860 2996 3932 desumptasnnt
3010 3875 3074 3915 ex
3109 3858 3258 3932 libris
3278 3859 3346 3913 de
3360 3858 3561 3932 Natura
3577 3858 3800 3932 deorum

2198 3929 2252 3987 et
2283 3931 2348 3985 de
2373 3931 2732 3986 Divinatione.
2762 3929 2897 3985 Vide
2927 3930 3091 3984 etiam
3128 3930 3397 3985 Valerium
3428 3930 3670 3996 Maxim.,
3690 3929 3727 3982 Ι.
3758 3944 3798 3995 ι,

2198 4017 2247 4057 c.
2282 4005 2316 4057 4
2348 4010 2402 4056 et
2432 4012 2680 4057 senuent.

2269 4073 2453 4126 Accius
2477 4071 2696 4126 Navius.
2725 4073 2801 4127 Ita
2833 4086 3025 4128 omnes
3056 4072 3226 4128 ferme
3254 4086 3386 4127 mss.
3408 4080 3462 4126 et
3493 4071 3807 4127 editJBon.

2198 4146 2366 4214 antiq.
2399 4145 2500 4198 ctl
2532 4142 3002 4214 Colli.asecunda
3032 4160 3217 4208 manu,
3254 4142 3491 4199 Naevius.
3524 4142 3812 4213 Aliquibus

2198 4213 2399 4270 dicitur
2444 4215 2621 4269 Actius
2674 4213 2899 4269 Navius.
2958 4216 3013 4269 In
3060 4215 3095 4269 2
3144 4215 3277 4284 Reg.
3329 4223 3414 4268 est
3454 4214 3813 4281 Attus;apud

2200 4284 2519 4357 Ciceronem
2569 4286 2870 4357 vulgatum,
2903 4286 3072 4340 Attius
3094 4285 3315 4340 Navius.
3354 4286 3429 4357 De
3450 4285 3555 4357 hac
3579 4284 3814 4357 historia

2203 4357 2324 4412 vide
2352 4356 2488 4425 Cic.,
2520 4357 2558 4411 1.
2590 4374 2629 4412 ιι
2673 4356 2741 4413 de
2767 4356 2891 4412 Nat.
2923 4358 3102 4421 deor.,
3137 4368 3189 4413 et
3216 4357 3251 4411 l.
3289 4373 3303 4411 ι
3343 4356 3411 4412 de
3444 4356 3817 4413 Divinatione.

2202 4428 2361 4484 Extat
2393 4430 2445 4483 in
2494 4428 2667 4494 Livio,
2696 4430 2732 4483 l.
2765 4444 2781 4483 ι
2809 4446 2823 4492 ;
2856 4430 3041 4494 Floro,
3072 4430 3109 4483 l.
3133 4445 3173 4494 ι,
3219 4442 3269 4483 c.
3294 4428 3364 4492 5;
3410 4428 3635 4498 Dionys.
3668 4426 3818 4480 Hali-

2208 4515 2386 4563 carn.,
2407 4502 2441 4553 l.
2471 4516 2525 4555 Ill
2552 4517 2567 4562 ;
2600 4499 2781 4554 Valer.
2814 4500 3066 4566 Maxint.,
3096 4500 3134 4555 ι.
3162 4516 3199 4565 ι,
3231 4514 3281 4554 c.
3312 4500 3378 4554 de
3408 4497 3701 4564 Auspiciis.

2285 4570 2499 4625 Facere.
2555 4571 2679 4626 Haec
2704 4584 2807 4624 vox
2837 4571 2990 4624 abest
3021 4586 3050 4624 a
3095 4586 3196 4626 ms.
3224 4569 3377 4625 Cant.
3416 4584 3516 4625 nec
3541 4569 3667 4625 inde
3691 4582 3827 4624 sen-

2210 4657 2305 4697 sus
2332 4643 2533 4697 delicit.
2570 4644 2820 4696 Attamen
2850 4642 3065 4696 codices
3108 4658 3245 4712 quos
3289 4641 3419 4695 mihi
3450 4640 3633 4695 videre
3664 4640 3824 4712 licuit

2212 4714 2434 4777 habent,
2462 4715 2631 4785 facere
2671 4713 2937 4784 inciperet,
2971 4724 3025 4766 ut
3050 4711 3244 4784 legitur
3272 4711 3327 4767 in
3352 4712 3452 4767 hac
3479 4721 3666 4767 nostra
3693 4711 3817 4766 edi-

2213 4785 2381 4839 tione.

2288 4855 2406 4909 Nisi
2436 4854 2580 4925 prius
2606 4863 2734 4909 esset
2778 4854 3137 4926 inauguratus.
3161 4855 3510 4926 Inaugurare,
3546 4853 3651 4909 hoc
3690 4853 3823 4926 loco

2212 4935 2319 4991 est,
2351 4924 2574 4995 auguria
2603 4924 2917 4982 consulere.
2973 4924 3437 4997 Inauguraba'ntur
3479 4928 3641 4997 etiam
3697 4924 3823 4981 loca

2212 4997 2431 5067 quando
2457 4997 2936 5068 consecrabantur.
2994 4999 3061 5052 Et
3097 4996 3217 5068 quia
3259 4997 3428 5053 creati
3471 4996 3827 5065 magistratus

2213 5083 2440 5123 munera
2469 5068 2572 5121 sibi
2618 5067 2862 5138 delegata
2894 5070 3014 5124 sine
3061 5067 3301 5139 auguriis
3327 5085 3433 5123 non
3460 5069 3702 5130 adibant,
3739 5068 3831 5120 in-

2213 5140 2638 5211 augurabantur.
2675 5139 2778 5211 hoc
2815 5150 2917 5205 est,
2943 5151 3001 5195 ut
3055 5142 3216 5211 hodie
3241 5140 3472 5195 barbare
3496 5140 3819 5211 loquuntur,

2213 5210 2804 5266 inrestiebzintur.Vide
2828 5212 2895 5266 ad
2926 5211 3038 5264 haec
3060 5210 3304 5267 Francis.
3349 5210 3657 5275 Petrarch.,
3689 5210 3726 5263 l.
3755 5224 3815 5264 tv

2218 5282 2347 5337 Rer.
2381 5282 2569 5344 Mem.,
2603 5291 2763 5336 tract.
2789 5282 2843 5344 5,
2874 5297 2924 5336 c.
2949 5283 3003 5337 ‘5.
3036 5282 3171 5336 Βετ.

2292 5353 2521 5436 Eamque
2551 5354 2799 5436 nova-cuia
2822 5354 3028 5407 dissice.
3068 5354 3158 5408 Sic
3185 5353 3387 5436 habth
3419 5367 3549 5436 mss.
3581 5366 3770 5407 omnes
3804 5375 3823 5436 ξ

2216 5434 2377 5492 atque
2408 5426 2476 5478 ita
2502 5424 2785 5493 legendum
2815 5440 2936 5479 esse
2959 5439 3160 5479 censeo
3183 5440 3304 5480 cum
3330 5424 3410 5481 Cl.
3436 5424 3699 5490 Puteano,
3724 5424 3825 5491 qui

2216 5495 2437 5551 verbmu
2497 5495 2620 5560 hoc,
2654 5495 2882 5561 dissicio,
2918 5496 3131 5551 erudite
3162 5496 3396 5565 explicat
3428 5515 3441 5549 :
3491 5496 3644 5564 quasi
3673 5495 3829 5549 dice-

2217 5582 2307 5623 res
2334 5567 2552 5620 disseco.
2582 5567 2707 5620 llaec
2735 5582 2840 5620 vox
2871 5567 2951 5620 sic
2982 5566 3206 5638 legenda
3237 5567 3379 5637 apud
3412 5577 3693 5621 auctorem
3724 5579 3831 5619 no-

2218 5649 2389 5694 strum
2420 5638 2783 5704 Lactantium,
2818 5638 2855 5692 l.
2887 5654 2966 5703 ιιι,
2998 5655 3048 5692 c.
3080 5639 3161 5701 l7.
3185 5652 3291 5693 non
3314 5639 3515 5708 disjice,
3541 5649 3599 5692 ut
3628 5638 3830 5692 vitiose

2220 5711 2469 5779 impressi
2503 5708 2616 5765 fere
2644 5724 2836 5765 omnes
2866 5709 3099 5776 habent,
3134 5710 3178 5765 si
3222 5711 3464 5779 excipias
3494 5719 3675 5765 tamen
3708 5708 3834 5763 edi-

2221 5783 2422 5837 tionem
2451 5780 2713 5837 Rostocb.
2742 5780 2869 5838 anni
2892 5781 3055 5851 H76,
3087 5796 3207 5853 qua:
3252 5780 3414 5838 habet
3455 5780 3642 5837 dissice
3666 5796 3685 5835 :
3714 5794 3829 5850 qua
