4174 6200
473 289 581 346 299

1555 277 1744 336 FIRM.
1786 271 2160 334 LACTANTII
2201 272 2407 332 DIVIN.
2449 272 2696 334 lNSTlT.

3674 278 3785 335 500

473 401 588 457 buit
611 407 998 466 naturam,qua:
1019 396 1204 466 utique
1225 407 1254 448 a
1284 391 1556 448 nascendo
1584 390 1801 460 dicitur,
1825 400 1946 446 nata
1965 399 2066 446 est.
2097 389 2154 451 A
2177 393 2481 458 materiam,
2510 392 2635 462 quia
2666 396 2860 461 potest.
2890 387 3057 444 Posse
3087 387 3254 458 enim,
3291 387 3388 446 Dei
3417 399 3502 446 est
3528 406 3542 445 :
3580 405 3706 447 nam
3737 389 3788 452 si

477 496 522 552 A
558 510 663 565 quo
698 501 909 558 autem,
965 490 1066 545 nisi
1117 505 1146 544 a
1173 489 1284 544 Deo
1338 487 1512 558 potuit
1539 485 1853 558 procreari?
1878 483 2078 541 Natura

482 587 648 650 enim,
675 599 778 656 qua
805 582 983 639 dicitis
1013 588 1130 637 orta
1171 595 1293 636 esse
1346 578 1547 646 omnia,
1580 579 1624 634 si
1661 578 1945 635 consilium
1970 592 2078 633 non

478 679 674 743 habet,
718 673 936 732 efficere
983 673 1122 730 nihil
1151 682 1345 745 potest.
1382 672 1440 728 Si
1469 683 1646 728 autem
1686 670 1979 743 generandi
2025 678 2080 728 et

478 768 711 826 faciendi
745 779 936 839 potens
957 775 1059 833 est,
1095 766 1255 822 habet
1280 781 1410 838 ergo
1435 766 1718 822 consilium
1747 776 1803 822 et
1834 774 2081 837 propter-

477 880 541 922 ea
568 865 708 920 Deus
723 863 792 919 sit
825 877 1046 919 necesse
1062 870 1162 918 est.
1201 861 1312 918 Nec
1329 861 1438 916 alio
1463 861 1680 916 nomine
1707 861 1964 932 appellari
1984 875 2080 930 po-

480 966 584 1012 test
610 970 673 1010 ea
697 955 798 1023 vis,
833 955 888 1010 in
916 970 1020 1025 qua
1049 953 1210 1020 inest,
1241 961 1296 1008 et
1336 952 1673 1022 providentia
1717 950 2080 1022 excogitandi,

479 1059 535 1104 et
559 1047 778 1103 solertia
808 1053 1155 1116 potestasque
1187 1043 1439 1099 faciendi.
1465 1043 1653 1098 Melius
1689 1043 1850 1114 igitur
1875 1041 2083 1098 Seneca

479 1141 720 1196 omnium
760 1138 1056 1194 stoicorum
1085 1136 1450 1200 acutissimus,
1483 1137 1574 1205 qui
1604 1135 1740 1191 vidit
1771 1154 1790 1188 ‹
1825 1136 1899 1191 nil
1937 1135 2084 1192 aliud

481 1246 602 1288 esse
629 1239 898 1298 naturam,
928 1243 1089 1300 quam
1124 1227 1312 1282 Deum.
1347 1226 1488 1297 Ergo
1509 1269 1522 1293 ,
1553 1226 1744 1297 inquit,
1774 1227 1941 1282 Deum
1975 1242 2084 1283 non

481 1323 862 1387 laudabimus,
909 1320 996 1375 cui
1042 1318 1307 1374 naturalis
1355 1327 1440 1373 est
1486 1317 1699 1374 virtus?
1732 1337 1751 1371 ›
1797 1334 1897 1374 nec
1934 1318 2084 1374 enim

481 1415 626 1470 illam
674 1412 864 1469 didicit
913 1427 978 1467 ex
1031 1412 1160 1466 ullo.
1208 1411 1378 1465 Immo
1426 1409 1807 1468 laudabimus:
1839 1412 2086 1482 quamvis

481 1508 628 1564 enim
655 1504 915 1560 naturalis
941 1503 1016 1558 illi
1045 1503 1136 1572 sit,
1173 1503 1260 1557 illa
1289 1502 1393 1558 sibi
1427 1502 1574 1557 illam
1617 1502 1796 1570 dedit;
1829 1504 2085 1575 quoniam

482 1600 626 1655 Deus
651 1599 766 1670 ipse
791 1605 981 1653 natura
1007 1606 1108 1652 est.
1139 1594 1272 1650 Cum
1297 1595 1458 1667 igitur
1481 1603 1659 1650 ortum
1686 1611 1868 1652 rerum
1895 1596 2086 1655 tribuis

483 1701 690 1748 naturae
714 1732 728 1757 ,
774 1704 839 1745 ac
875 1688 1114 1745 detrahis
1159 1688 1294 1755 Deo,
1355 1688 1410 1742 in
1441 1687 1632 1744 eodem
1673 1687 1785 1758 luto
1825 1690 2084 1759 hatsitas;

2183 501 2291 542 non
2320 495 2516 556 potest,
2545 485 2688 541 Deus
2719 497 2827 539 non
2872 491 2975 538 est.
3007 481 3183 538 Homo
3225 483 3358 540 facit
3396 498 3463 540 ex
3506 499 3572 541 eo
3595 525 3610 548 ,
3639 485 3790 557 quod

2181 591 2292 650 est;
2325 581 2449 654 quia
2480 596 2576 651 per
2611 578 2993 636 mortalitatem
3024 576 3309 634 imbecillis
3341 585 3455 644 est,
3487 593 3586 649 per
3609 578 3790 636 imbe-

2181 675 2457 732 cillitatem
2477 716 2493 742 ,
2535 671 2774 728 definitae
2803 686 2867 727 ac
2893 670 3120 726 modicae
3151 669 3475 742 potestatis:
3506 670 3650 725 Deus
3686 685 3790 726 au-

2184 778 2292 824 tem
2324 767 2450 822 facit
2474 782 2539 822 ex
2571 780 2656 834 eo,
2691 763 2836 836 quod
2866 779 2972 819 non
3000 773 3114 829 est;
3144 763 3268 834 quia
3300 776 3398 833 per
3427 762 3792 819 aeternitatem

2183 861 2340 916 fortis
2365 869 2470 924 est.
2498 874 2594 930 per
2615 855 3006 923 fortitudinem,
3037 855 3318 926 potestatis
3340 855 3644 922 immensae,
3667 869 3792 926 quae

2185 952 2290 1008 fine
2317 967 2380 1008 ac
2410 951 2572 1006 modo
2592 959 2764 1017 caret,
2789 951 2930 1004 sicut
2960 949 3067 1003 vita
3100 947 3340 1004 factoris.
3367 947 3507 1015 Quid
3533 962 3663 1019 ergo
3685 947 3792 1002 mi-

2186 1061 2324 1112 rum,
2345 1045 2389 1100 si
2414 1043 2654 1099 facturus
2670 1041 2927 1098 mundum
2949 1042 3113 1108 Deus,
3135 1041 3583 1113 priusﬁmateriam
3605 1039 3672 1096 de
3688 1055 3796 1111 qua

2189 1137 2393 1193 faceret
2412 1136 2759 1207 praeparavit,
2777 1143 2831 1191 et
2853 1135 3176 1206 praeparavit
3190 1148 3254 1189 ex
3272 1147 3338 1188 eo
3351 1133 3494 1205 quod
3519 1148 3624 1188 non
3641 1131 3795 1189 erat?

2186 1230 2310 1300 quia
2342 1226 2492 1284 nefas
2518 1235 2602 1283 est
2627 1227 2794 1282 Deum
2823 1225 3041 1281 aliunde
3060 1225 3262 1297 aliquid
3290 1225 3559 1294 mutuari,
3593 1239 3715 1280 cum
3739 1223 3798 1282 in

2188 1323 2305 1394 ipso
2336 1321 2419 1378 vel
2447 1337 2512 1378 ex
2552 1321 2668 1392 ipso
2700 1321 2808 1375 sint
2843 1320 3049 1375 omnia.
3082 1317 3216 1374 Nam
3246 1319 3288 1372 si
3320 1327 3403 1374 est
3439 1317 3641 1390 aliquid
3671 1327 3802 1375 ante

2191 1413 2364 1481 illum,
2392 1421 2449 1469 et
2477 1412 2520 1468 si
2555 1412 2754 1467 factum
2785 1420 2870 1468 est
2894 1410 3186 1484 quidquam
3216 1426 3324 1466 non
3345 1410 3414 1467 ab
3444 1411 3584 1482 ipso,
3604 1410 3717 1481 jam
3745 1419 3801 1467 et

2190 1513 2513 1576 potestatem
2556 1504 2687 1571 Dei,
2719 1513 2775 1560 et
2805 1519 3002 1560 nomen
3043 1504 3272 1559 amittet.
3303 1503 3373 1559 At
3399 1503 3543 1558 enim
3571 1503 3802 1559 materia

2190 1613 2464 1670 nunquam
2481 1598 2620 1654 facta
2635 1606 2737 1665 est,
2755 1597 2895 1654 sicut
2908 1597 3072 1664 Dens,
3089 1597 3182 1670 qni
3194 1613 3261 1654 ex
3279 1597 3503 1654 materia
3518 1596 3641 1654 fecit
3656 1595 3802 1653 hunc

2189 1689 2470 1746 mundum.
2498 1689 2616 1746 Duo
2638 1689 2797 1761 igitur
2822 1691 3228 1746 constituuntur
3249 1699 3474 1756 aeterna,
3497 1697 3554 1745 et
3581 1689 3804 1760 quidem

485 1801 761 1842 versuram
791 1785 989 1851 solvis,
1032 1782 1188 1839 Geta.
1234 1784 1278 1838 Α
1310 1797 1416 1852 quo
1454 1783 1598 1838 enim
1642 1781 1757 1838 fieri
1789 1800 1986 1857 negas,
2023 1783 2092 1842 ab
2121 1779 2170 1841 B
2196 1781 2334 1838 inter
2362 1797 2421 1838 se
2451 1782 2755 1851 contraria;
2787 1782 2933 1854 quod
2976 1781 3096 1838 fieri
3127 1782 3243 1838 sine
3284 1781 3554 1839 discordia
3583 1793 3637 1840 et
3671 1797 3802 1854 per-

484 1879 673 1936 eodem
701 1877 861 1948 plane
886 1875 1002 1932 fieri
1027 1883 1232 1930 mutato
1260 1874 1480 1930 nomine
1505 1875 1804 1931 confiteris.

556 1973 815 2043 Sequitur
849 1969 1186 2040 lneptissima
1233 1968 1584 2038 comparatio.
1630 1986 1650 2022 (
1677 1967 1749 2024 Ut
1779 1966 1960 2036 faber,
2004 1969 2091 2024 in-

485 2067 620 2140 quit,
652 2081 775 2122 cum
814 2063 940 2135 quid
973 2061 1344 2118 mdificaturus
1383 2069 1488 2127 est,
1523 2075 1631 2117 non
1663 2060 1780 2132 ipse
1813 2060 1942 2117 facit
1971 2077 2090 2118 ma-

486 2160 700 2228 teriam,
732 2156 828 2214 sed
861 2157 1029 2212 utitur
1066 2171 1128 2212 ea
1166 2169 1286 2226 quae
1317 2155 1388 2210 sit
1426 2165 1634 2226 parata,
1667 2154 1929 2228 fictorque
1959 2158 2088 2214 item

485 2268 607 2309 cera
650 2269 666 2310 :
712 2251 790 2306 sic
834 2249 921 2304 isti
977 2246 1330 2318 providentia:
1381 2247 1919 2306 divinm‘materiam
1963 2263 2087 2306 esse

487 2351 684 2414 praesto
725 2341 997 2412 oportuit,
1033 2355 1138 2394 non
1175 2353 1334 2409 quam
1365 2339 1481 2409 ipse
1510 2339 1743 2407 faceret,
1787 2342 1881 2396 sed
1922 2357 2086 2412 quam

486 2438 713 2494 haberet
757 2446 1018 2506 paratam.
1066 2454 1083 2488 ι
1128 2432 1299 2488 lmmo
1341 2448 1472 2489 vero
1513 2449 1620 2489 non
1665 2437 1931 2505 oportuit;
1981 2437 2088 2492 erit

487 2529 633 2586 enim
658 2529 802 2583 Deus
823 2527 1051 2581 minoris
1075 2525 1378 2596 potestatis,
1402 2525 1446 2580 si
1469 2541 1535 2580 ex
1559 2535 1746 2597 parato
1769 2527 1912 2597 facit,
1939 2528 2087 2600 quod

485 2632 572 2680 est
598 2621 853 2677 hominis.
887 2619 1064 2676 Faber
1104 2619 1220 2674 sine
1251 2618 1400 2688 ligno
1440 2619 1575 2674 nihil
1604 2619 1925 2686 acditicabit.
1961 2623 2084 2694 quia

490 2715 692 2788 lignum
726 2715 901 2784 ipsum
943 2712 1124 2768 facere
1155 2727 1260 2766 non
1301 2719 1511 2782 potest;
1543 2729 1648 2767 non
1694 2729 1864 2784 posse
1885 2725 2088 2784 autem,

487 2806 868 2864 imbecillitatis
894 2815 980 2861 est
1011 2806 1259 2860 humanae
1291 2821 1306 2860 :
1340 2804 1482 2861 Deus
1507 2821 1636 2861 vero
1664 2805 1794 2863 facit
1830 2810 1932 2866 sibi
1975 2811 2092 2884 ipse

2196 1877 2336 1933 nicie
2366 1892 2477 1932 non
2507 1885 2710 1948 potest.
2743 1875 3015 1934 Collidant
3040 1877 3182 1934 enim
3208 1892 3432 1935 necesse
3459 1887 3542 1934 est
3583 1893 3646 1934 ea
3668 1893 3807 1950 quo-

2194 1989 2314 2029 rum
2345 1973 2426 2029 vis
2453 1982 2510 2030 et
2540 1973 2681 2029 ratio
2705 1972 2922 2029 diversa
2955 1980 3075 2029 est:
3101 1973 3180 2030 sic
3203 1983 3430 2044 utraque
3458 1984 3658 2029 aeterna
3679 1988 3804 2032 esse

2195 2082 2304 2122 non
2335 2076 2610 2138 poterunt,
2653 2067 2698 2122 si
2741 2075 3077 2138 repugnant,
3118 2068 3245 2138 quia
3277 2082 3534 2138 superare
3568 2068 3805 2126 alterum

2194 2173 2418 2215 necesse
2440 2168 2540 2215 est.
2567 2157 2712 2231 Ergo
2741 2158 2859 2216 fieri
2887 2173 2993 2214 non
3017 2168 3216 2230 potest,
3240 2159 3370 2231 quin
3393 2160 3582 2215 aeterni
3608 2167 3805 2217 natura

2197 2253 2267 2308 sit
2298 2253 2547 2322 simplex,
2579 2261 2636 2307 ut
2662 2251 2786 2308 inde
2813 2253 3016 2321 omnia,
3049 2251 3200 2308 velut
3223 2267 3292 2308 ex
3307 2249 3804 2319 fonte,descende-

2191 2347 2314 2403 rint.
2354 2346 2536 2418 Itaque
2564 2356 2658 2400 aut
2685 2347 2825 2401 Deus
2853 2362 2918 2402 ex
2948 2345 3173 2402 materia
3199 2355 3352 2402 ortus
3377 2355 3480 2412 est,
3513 2355 3606 2401 aut
3631 2357 3804 2404 mate-

2190 2442 2268 2496 ria
2294 2456 2360 2498 ει
2387 2441 2519 2497 Deo.
2544 2439 2684 2510 Quid
2707 2440 2900 2497 horum
2923 2441 2993 2495 sit
3022 2440 3226 2507 verius,
3256 2438 3416 2496 facile
3439 2449 3524 2496 est
3547 2439 3800 2512 intelligi.

2190 2535 2270 2591 Ex
2311 2534 2396 2592 his
2426 2536 2568 2591 enim
2607 2535 2820 2591 duobus
2855 2535 3084 2591 alterum
3115 2533 3374 2590 sensibile
3405 2543 3523 2602 est,
3566 2534 3802 2594 alterum

2189 2638 2337 2684 caret
2359 2643 2543 2685 sensu.
2563 2627 2810 2684 Potestas
2833 2627 3064 2684 faciendi
3087 2627 3291 2698 aliquid
3321 2644 3426 2683 non
3454 2637 3631 2698 potest
3652 2643 3799 2696 esse,

2199 2723 2300 2779 nisi
2331 2724 2383 2778 in
2415 2739 2481 2780 eo
2503 2723 2649 2795 quod
2675 2725 2859 2792 sentit,
2887 2723 3030 2794 quod
3054 2723 3214 2794 sapit,
3244 2722 3387 2794 quod
3409 2722 3626 2795 cogitat,
3656 2724 3802 2796 quod

2200 2826 2466 2873 movetur.
2491 2816 2600 2874 Nec
2631 2817 2814 2888 incipi,
2847 2827 2941 2872 aut
2970 2817 3111 2885 fieri,
3139 2825 3233 2872 aut
3255 2817 3624 2873 consummari
3642 2817 3803 2888 quid-

1810 2923 1897 2978 VA
1907 2924 2173 2986 RIORUM
2212 2931 2442 2990 NOTAE.

1815 2931 2173 2986 VARIORUM
2212 2931 2442 2990 ΝυΤιεΕ.

565 3011 677 3102 Qua
705 3008 1259 3102 diciiisirSicores‘iitui
1273 3009 1709 3102 esed‘iiisﬁliom.
1731 3013 1898 3102 1468,
1929 3021 2091 3102 1470,
2120 3027 2166 3090 C
2202 3027 2484 3102 pecuniam
2513 3037 2754 3084 mutuam
2783 3029 2974 3097 majori
3006 3028 3455 3102 foenoreﬂiterum
3483 3030 3798 3102 accipiunt,

492 3082 697 3158 Detulq
727 3081 980 3158 Tornes.,
1012 3079 1284 3136 Sonbron.
1315 3084 1634 3158 cunctisque
1665 3101 1800 3158 mss.
1834 3079 2032 3158 praeter
2063 3079 2088 3149 1

491 3154 728 3208 Clarom.
784 3154 836 3205 in
881 3166 990 3221 quo
1025 3162 1128 3216 est,
1183 3168 1284 3219 qua
1334 3152 1497 3219 dicis;
1540 3155 1592 3208 in
1635 3156 1808 3212 altero
1834 3152 2093 3220 'Clarom.

498 3224 788 3292 multisque
815 3222 997 3288 editis,
1023 3239 1124 3291 qua
1149 3223 1353 3276 dicitur.

569 3295 634 3348 Et
663 3294 906 3373 faciendi.
937 3293 1016 3347 lta
1051 3295 1231 3373 plures
1261 3294 1704 3373 editietomnes
1725 3315 1856 3357 mss.
1895 3315 2091 3373 prmter

495 3365 715 3447 Cotton:
744 3367 944 3447 innquo
971 3375 1055 3420 est
1099 3381 1159 3418 ac
1189 3365 1441 3435 faciendi;
1471 3368 1522 3422 in
1556 3369 1740 3426 multis
1779 3365 2094 3447 impressis,

497 3447 586 3492 aut
613 3436 856 3508 faciendi.
1855 3436 1873 3445 ’
2078 3436 2092 3447 ’

498 3505 938 3591 “_.Serteca.mVid.
972 3506 1189 3591 Senec._,
1214 3508 1382 3591 lib.”
1402 3507 1469 3564 de
1491 3509 1753 3580 Bencﬂc.,
1777 3531 1828 3591 c_.
1859 3516 1909 3570 7.
1939 3517 2096 3577 Adde

498 3580 754 3656 Plinium,
787 3579 879 3634 lib.
906 3594 966 3644 ιι,
998 3594 1116 3656 (κιρἐ
1149 3581 1211 3646 7;
1236 3589 1290 3634 et
1319 3580 1412 3636 lib.
1448 3597 1614 3651 xxvu,
1643 3579 1765 3656 cap.
1796 3588 1852 3644 ὅ.
1887 3591 1959 3646 De
1993 3592 2096 3648 lioc

500 3650 635 3706 infra
669 3653 762 3705 lib.
797 3666 876 3716 ιιι,
901 3664 1020 3721 cap.
1040 3649 1141 3721 18.
1335 3662 1338 3664 ·

571 3721 683 3803 iilec
708 3724 886 3803 Aet-tim.
935 3719 1188 3803 Additum
1221 3724 1476 3803 est-enim
1515 3739 1580 3780 ex
1625 3741 1778 3803 mss.“
1809 3731 1989 3803 Regiis
2011 3777 2024 3798 ,
2059 3736 2094 3790 ὅ

499 3794 678 3861 Colb.,
707 3792 743 3846 2
771 3792 934 3846 Brun.
975 3801 1030 3846 et
1055 3793 1439 3849 vetustioribus
1459 3811 1522 3850 ac
1549 3799 1866 3856 melioribus
1889 3792 2054 3862 aditis

501 3864 645 3934 quod
675 3865 726 3916 in
754 3864 788 3918 9
819 3876 948 3934 mss.
983 3862 1156 3916 deest.

574 3933 846 3987 Naturalis
877 3933 954 3986 illi
1001 3935 1100 3992 sit.
1148 3933 1238 3987 illa
1265 3934 1360 3989 sibi
1398 3935 1543 3991 illam
1573 3941 1732 3996 dedit.
1775 3943 1852 3998 Ita
1895 3961 2028 4002 mss.
2058 3948 2094 4002 2

403 4017 405 4019 ·
500 4007 732 4087 guno":
762 4003 984 4087 9Reg.,
1008 4002 1237 4087 4Cglb.,
1269 4005 1304 4058 2
1337 4004 1575 4087 (itarem.
1607 4011 1900 4087 inscriptis
1928 4019 2088 4087 Tax.,

500 4075 992 4151 i’en.._Cantabrig.
1021 4086 1076 4130 et
1102 4075 1267 4151 Brun.
1295 4078 1559 4151 editisque
1583 4075 1845 4151 pluribus,
1875 4089 1966 4143 illa
1997 4075 2086 4145 sit:

502 4146 800 4226 inminﬂegq
830 4161 940 4226 rec.
975 4147 1332 4226 et_ed.ARom._
1364 4146 1522 4226 Hii),
1553 4146 1676 4208 Ald.
1713 4146 1882 4226 1515,
1916 4159 2087 4218 Paris.

505 4218 662 4288 1525,
691 4216 1110 4289 Crat..Graph.,
1141 4216 1412 4289 Gytnnic.,
1446 4216 1610 4279 Fasit.
1653 4235 1709 4280 et
1737 4216 2087 4288 et_lit.'Colon.

505 4232 662 4288 15:5,
691 4232 1110 4342 matutinian
1141 4232 1412 4289 tiymmc”
1446 4232 1610 4279 r'asit.
1653 4235 1709 4280 et
1737 4232 1866 4284 edit.
1897 4232 2087 4288 Colon.

501 4292 662 4374 154.},
683 4289 983 4374 Naturalis:
1011 4291 1060 4342 la
1081 4290 1125 4343 ei
1152 4292 1235 4374 sit,
1268 4289 1359 4374 sibi
1389 4292 1732 4374 ilfamdedit‘;
1750 4303 1892 4370 quod
1915 4305 2090 4374 aptius

500 4363 798 4432 crederem.
850 4362 905 4416 ln
939 4361 1082 4424 Em.,
1118 4363 1371 4416 naturalis
1400 4364 1476 4418 illi
1506 4367 1589 4432 sit,
1637 4361 1733 4423 sibi
1769 4361 1882 4427 eam
1926 4361 2084 4432 dedit.

503 4431 756 4514 linendum.
779 4433 1105 4514 posteriores
1132 4432 1388 4514 legiones
1418 4435 1547 4492 mihi
1576 4431 1681 4495 non
1709 4441 2012 4514 displicent.

577 4503 713 4576 Deus
740 4506 847 4573 ipse
867 4513 1049 4576 natura
1075 4513 1168 4559 est.
1199 4504 1289 4560 Sic
1317 4505 1434 4576 lego
1463 4523 1584 4564 cum
1627 4527 1756 4568 mss.
1789 4503 1823 4570 2
1849 4516 2059 4574 Bonon.

503 4574 536 4630 8
563 4559 970 4653 Reg._,_quortim
989 4574 1094 4628 duo
1115 4559 1241 4653 sunt
1262 4559 2090 4653 vetitistissi—mi,‘

503 4644 666 4712 rom.,
692 4644 851 4717 Tant.)
886 4645 1049 4717 Brun.
1085 4646 1332 4716 aliisque.
1365 4647 1454 4704 Sic
1480 4644 1630 4706 infra
1649 4644 1959 4714 Lactantius
1980 4644 2083 4717 lib.

504 4732 581 4802 ιιι,
611 4716 789 4798 c..26.
824 4716 922 4802 liii
955 4716 1107 4802 Reg_.,
1138 4718 1173 4773 '5
1199 4717 1378 4786 Colb.,
1410 4719 1534 4777 Jun.
1565 4728 1856 4800 multisque
1885 4716 2084 4802 editis,

503 4787 644 4841 Deus
663 4788 777 4858 ipsa
805 4795 984 4840 natura
1003 4799 1091 4842 est.

576 4858 643 4912 In
669 4858 844 4912 eodem
866 4857 971 4912 luto
998 4858 1222 4928 Iiwsitas,
1247 4869 1352 4917 etc.
1386 4861 1500 4919 Duo
1521 4865 1638 4922 1]ωο
1667 4880 1792 4925 ευιιι
1821 4888 1887 4927 ει
1919 4871 2089 4929 Phor-

503 4931 684 4986 mione
706 4931 1029 5005 Terentiano
1052 4942 1240 5005 θοις-γ.
1265 4949 1414 4990 scen.
1443 4936 1498 5001 2,
1533 4953 1584 5005 v,
1613 4938 1700 4994 15.
1734 4942 2086 5002 Proverbium

501 5011 605 5069 est,
627 5017 743 5084 quo
760 5002 1088 5086 significatur
1111 5003 1322 5086 aliquos
1350 5002 1609 5086 implicari
1629 5015 1864 5086 negotio,
1900 5032 2004 5086 quo
2027 5031 2088 5074 se
2149 5035 2156 5039 '

501 5076 766 5158 eiiIricare
806 5081 1098 5158 nequeunt:
1131 5073 1292 5158 Vide,
1320 5073 1594 5158 “silnbet,
1627 5073 1862 5139 Erasmi'
1886 5073 2086 5158 A'dagia

500 5143 727 5199 Cbiliad.
753 5161 770 5199 ι
793 5153 902 5198 ant.
925 5159 996 5208 tv,
1017 5145 1187 5213 Adag.
1206 5146 1298 5202 99.
1320 5147 1518 5204 Prioris
1533 5156 1775 5210 meminit
1796 5157 1936 5212 idem
1962 5143 2087 5214 Ιλῖἶεὲ

501 5218 698 5271 ι.ιιιιὶιιε
725 5216 815 5270 lib.
853 5231 947 5282 vn,
977 5231 1094 5285 cap.
1123 5217 1178 5270 2.
1198 5216 1351 5272 —In
1376 5222 1552 5274 eodem
1583 5223 1690 5278 luto
1718 5227 1943 5284 haesitas.
1977 5227 2086 5284 lte-

501 5288 690 5370 runil.
729 5302 978 5370 -\'u,c:Lp.
1007 5287 1042 5340 2
1069 5305 1082 5341 :
1105 5285 1169 5343 In
1199 5290 1375 5344 eodem
1405 5295 1533 5360 luto,
1569 5296 1697 5350 sicut
1725 5299 1959 5356 Comicus
1991 5301 2086 5370 ait,

500 5356 872 5411 limitaverunt.
901 5359 1031 5413 BUN.

580 5425 848 5514 Veniat-am
885 5432 1062 5514 solvis,
1089 5428 1235 5514 Geta.
1422 5434 1445 5488 1
1474 5435 1606 5514 Boii.
1641 5440 1833 5512 antiq.,
1867 5442 1900 5498 '5
1925 5443 2084 5514 Reg.,

497 5495 656 5562 ωιτη
687 5498 848 5584 Brun..
881 5495 1078 5584 aliique
1105 5502 1308 5584 addunt
1336 5502 1482 5560 Geta.
1518 5507 1754 5584 Muretus
1773 5495 2088 5584 165133;:

491 5585 669 5644 {uram
701 5586 719 5624 :
749 5569 837 5622 alii
879 5583 1104 5644 vorsura-
1163 5575 1421 5644 scriptum
1478 5582 1666 5635 volunt
1725 5599 1754 5637 a
1805 5569 2082 5644 TErentio.

503 5639 1194 5729 Versaramalutem‘
1220 5639 1420 5729 Dudteo
1447 5648 1717 5729 dicuntur,
1749 5657 1843 5729 qui
1864 5639 1931 5710 ut
1959 5639 2088 5729 syri;

1031 5700 1038 5704 .
1053 5697 1100 5716 μ’.

486 5713 746 5796 grapham
769 5717 927 5801 unam
957 5703 1335 5803 (Ιῖερᾗινιιιιιβι
1354 5733 1458 5773 una
1481 5703 1732 5782 cautione
1752 5703 2086 5802 Eiitiér'éni,

2113 4419 2169 4480 D

2202 3107 2307 3172 etc:
2341 3099 2611 3170 Competit
2640 3101 2691 3155 in
2723 3117 2837 3165 eos,
2868 3103 2959 3170 qui
2988 3103 3067 3156 sic
3099 3101 3446 3172 implicantur
3470 3099 3678 3158 difficili
3701 3099 3803 3159 ne;

2199 3169 2368 3244 gotio,
2414 3169 2494 3244 ut;
2515 3187 2574 3227 se
2621 3169 2895 3244 nequeant
2957 3174 3075 3228 sine
3133 3169 3328 3242 magno
3373 3172 3658 3242 dispendio
3695 3190 3797 3230 ex-

2203 3240 2418 3316 tricare.
2458 3242 2662 3316 Bassa.
2706 3240 2778 3286 '—
2808 3245 3119 3300 Translatio
3148 3240 3246 3300 est
3271 3260 3301 3298 a
3329 3240 3656 3312 viatoribus,
3703 3246 3798 3316 qui

2199 3312 2385 3366 statim
2429 3325 2485 3367 ut
2516 3315 2568 3388 in
2621 3316 2791 3388 intum
2845 3317 3150 3377 inciderint.
3182 3317 3412 3370 alterum
3441 3317 3636 3388 pedem
3663 3312 3800 3373 ed'u-

2199 3397 2324 3456 cere
2353 3385 2554 3448 conati,
2587 3387 2762 3442 altero
2787 3388 2946 3442 altius
2977 3388 3394 3456 immerguntnr.

2271 3453 2416 3510 Fieri
2446 3473 2622 3527 negas.
2655 3458 2728 3513 lta
2757 3474 2887 3514 mss.
2921 3453 3275 3514 vetustissimi
3309 3467 3363 3512 et
3405 3459 3596 3528 optimi
3629 3460 3655 3514 1
3688 3459 3798 3517 Βο-

2199 3540 2328 3601 non.
2381 3538 2442 3601 et
2488 3528 2524 3582 2
2561 3529 2720 3601 Reg.,
2769 3531 2802 3586 6
2845 3529 3024 3597 (1011),,
3056 3528 3236 3594 Cant.,
3281 3529 3428 3595 Em.,
3469 3529 3795 3601 2C|arom.,

2199 3596 2388 3672 Brn_n.,
2407 3599 2453 3672 2
2471 3609 2575 3655 vet.
2608 3596 2738 3656 edit.
2766 3603 2948 3668 Rom.,
2976 3596 3128 3668 Ald.,
3161 3601 3358 3664 Paris.,
3386 3601 3619 3672 Grapb.,
3643 3596 3794 3658 Crat.

2196 3677 2250 3743 c_t
2281 3669 2484 3743 Gallica
2517 3675 2716 3729 versio.
2749 3673 2819 3728 At
2864 3689 2971 3730 rec.
3002 3689 3134 3728 mss.
3163 3673 3198 3725 2
3235 3672 3393 3743 Reg.,
3443 3673 3473 3725 7
3499 3669 3636 3728 editi
3676 3683 3799 3740 post

2196 3741 2553 3864 seritaddunt
2592 3746 2875 3811 mundum;
2914 3746 3011 3801 sed
3053 3741 3372 3822 perperam.
3396 3743 3532 3800 Vide
3583 3760 3793 3816 prince-

2236 3826 2300 3864 en
2334 3828 2404 3864 ta.

2236 3814 2404 3868 entia.
3053 3819 3058 3822 ’

2269 3884 2433 3960 Quam
2461 3887 2571 3956 ipse
2599 3891 2810 3959 faceret.
2845 3886 3008 3943 Forte
3046 3885 3364 3959 legendum,
3396 3902 3552 3958 quam
3581 3888 3694 3959 ipsa
3721 3892 3800 3962 fe—

2193 3965 2340 4008 cent.

2265 4023 2592 4101 «Ediﬁcabit.
2627 4028 2702 4085 [ta
2735 4031 2951 4099 reposui
2981 4045 3045 4084 ex
3074 4045 3203 4084 mss.
3242 4035 3438 4100 praeter
3489 4029 3512 4085 1
3563 4027 3694 4101 Reg.
3740 4030 3796 4089 in

2193 4099 2524 4172 quo_legitur
2547 4102 2842 4170 aediﬁcavit,
2873 4119 2900 4156 υ
2935 4117 3029 4172 pro
3058 4102 3107 4158 b.
3143 4101 3196 4155 In
3224 4101 3382 4156 editis
3406 4111 3512 4166 est,
3543 4099 3794 4172 aediﬁcat.

2223 4238 2234 4249 .
2268 4165 2415 4224 Facit
2440 4187 2503 4225 ex
2531 4188 2609 4249 eo.
2638 4165 2725 4249 Sic
2757 4165 2886 4229 tnss.
2917 4165 2967 4230 et
3001 4183 3108 4229 νει.
3144 4172 3294 4229 editi.
3327 4172 3384 4228 In
3411 4165 3534 4229 octo
3563 4165 3795 4245 impres-

2192 4245 2267 4293 sis
2277 4256 2404 4316 _rec.
2439 4252 2542 4304 est,
2574 4245 2711 4316 fecit.

2234 4311 2610 4392 .Prwparavit,
2639 4325 2684 4369 et
2713 4317 3021 4392 praeparavit
3047 4332 3110 4370 ea:
3138 4332 3216 4371 eo.
3245 4315 3337 4372 Sic
3343 4315 3596 4392 _c_odices_
3611 4314 3788 4392 Bono:

2195 4387 2414 4458 nienses
2451 4396 2614 4456 atque
2645 4403 2782 4442 unus
2815 4387 3137 4455 Vaticanus,
3165 4397 3303 4444 teste
3343 4388 3667 4454 Thomasio,
3699 4388 3795 4458 qui

2194 4452 2333 4529 hanc
2361 4452 2736 4527 repeti—tionem
2777 4461 3094 4515 concinnam
3124 4452 3367 4526 invenit;
3411 4474 3532 4514 cum
3561 4452 3795 4529 prius-in

2191 4523 2546 4602 edi_tis_semel
2577 4540 2780 4602 tantum
2806 4532 3094 4602 legeretur,
3129 4523 3438 4602 praparavit
3467 4547 3530 4585 ea:
3550 4523 3626 4585 ἑο.

2267 4596 2433 4673 Nefas
2464 4610 2554 4673 est.
2598 4599 2676 4656 lta
2725 4596 2934 4658 restitui
2972 4618 3038 4658 ex
3067 4596 3199 4659 mss.
3239 4596 3305 4658 'ln
3348 4603 3383 4657 2
3412 4601 3548 4673 Reg.
3592 4615 3702 4657 rec.
3735 4610 3792 4658 et

2191 4666 2369 4735 editis,
2405 4672 2552 4742 nefas
2576 4681 2722 4727 esset.

2197 4828 2200 4830 γ
2264 4759 2405 4814 Nam
2418 4763 2478 4838 isi
2507 4765 2803 4838 estaliquid
2831 4775 2948 4838 ante
2977 4767 3145 4831 illum,
3173 4774 3472 4838 potestatein
3499 4763 3596 4838 Dei
3625 4774 3670 4820 et
3700 4782 3796 4820 no-

2191 4846 2303 4912 men
2325 4833 2550 4912 amittet._
2569 4834 2659 4912 Sic
2680 4833 3086 4912 emendaviinus
3105 4833 3184 4912 ex:
3200 4835 3633 4912 m_ss_.icodi_ciiitts
3653 4839 3794 4892 anti-

2229 4903 2503 4979 uissimis__
2531 4909 2557 4979 1
2606 4906 2837 4979 Bonon.,
2874 4909 2907 4966 5
2955 4910 3111 4979 Reg..
3152 4911 3188 4964 4
3231 4907 3414 4977 Colb.,
3459 4910 3481 4962 -l
3525 4907 3786 4975 Clarom.,

2244 4989 2340 5041 tn.,
2373 4975 2609 5043 Balliol.,
2643 4978 2678 5032 2
2704 4975 2866 5035 Brun.
2902 4975 3058 5035 λιιι-ε’
3080 4981 3292 5035 variant
3337 4975 3520 5034 caeteri
3570 4994 3704 5034 mss.
3736 4988 3792 5034 et

2190 5043 2358 5121 editi,
2407 5062 2636 5117 quorum
2672 5053 2827 5106 nobis
2869 5052 3120 5107 videntur
3151 5052 3463 5121 incongrua:
3502 5049 3790 5106 lectiones.

2179 5113 2296 5170 Sed
2318 5113 2484 5192 lectio
2506 5137 2664 5190 quam
2693 5124 3030 5178 admittimus
3066 5113 3519 5192 optimum'elftcit
3542 5137 3785 5192 sensum,

2189 5187 2332 5309 πιθα
2365 5187 2647 5258 ρι’ἱυεήοιι
2679 5203 2794 5248 erat
2825 5195 2876 5249 in
2915 5187 3116 5264 quibus
3141 5193 3419 5263 legebatur
3466 5193 3550 5248 bis
3577 5191 3786 5256 verbis;

2249 5274 2332 5309 am
2363 5262 2406 5309 si
2437 5273 2509 5309 est
2539 5265 2735 5309 alinm'd
2761 5277 2879 5309 ante
2904 5265 3050 5309 illum
3079 5268 3287 5309 ΐιιηιηηι.

2249 5274 2332 5337 a_n_t
2363 5265 2406 5314 si
2437 5273 2509 5315 est
2539 5265 2735 5337 aliquid
2761 5277 2879 5319 ante
2904 5265 3050 5320 illum
3075 5268 3288 5337 factum.

2266 5327 2392 5385 Non
2418 5327 2673 5406 poterunt.
2707 5336 2796 5392 Sic
2825 5338 2945 5406 lego
2973 5327 3097 5391 cum
3138 5336 3392 5391 omnibus
3438 5350 3609 5406 prope
3653 5348 3788 5406 mss.

2266 5351 2311 5382 η
2326 5351 2392 5385 οη
2418 5351 2673 5401 poterunt.
2707 5351 2796 5392 Sic
2825 5351 2945 5406 tego
2973 5351 3097 5391 cum
3138 5351 3392 5391 omnibus
3416 5351 3609 5462 2prope
3653 5351 3788 5390 mss.

2189 5411 2245 5478 et
2270 5404 2545 5459 veteribus
2575 5405 2754 5464 editis.
2786 5407 2982 5463 Czeteri
3022 5406 3222 5478 vulgati
3259 5423 3381 5464 cum
3496 5405 3653 5464 Colb.
3685 5404 3788 5460 ha-

2192 5473 2339 5538 bent,
2373 5486 2664 5543 potuerunt.

2262 5565 2444 5638 Itaque
2478 5581 2566 5625 aut
2607 5570 2765 5628 Deus.
2794 5571 3050 5630 Additum
3086 5582 3176 5629 aut
3214 5589 3282 5631 ex
3312 5571 3522 5630 cunctis
3569 5587 3702 5630 mss.
3735 5580 3791 5630 et

2191 5640 2595 5712 quampluribus
2624 5644 2805 5700 editis.

2266 5731 2387 5791 Nisi
2413 5735 2466 5792 in
2495 5752 2554 5794 eo
2577 5739 2712 5810 quod
2735 5740 2908 5809 sensit,
2935 5739 3072 5814 quod
3096 5741 3251 5811 sapit.
3281 5739 3623 5810 Addidimus,
3651 5737 3790 5811 quod
