4174 6200
446 264 544 320 εοι

1519 263 1722 321 LIBER
1761 262 1826 320 ll.
1871 261 1961 319 DE
1997 259 2281 319 OBIGINE
2322 260 2641 320 ERRORIS.

3646 267 3752 326 502

444 392 605 449 quam
623 384 825 448 potest,
856 376 958 433 nisi
995 374 1152 433 fuerit
1181 379 1389 435 ratione
1425 379 1739 450 provisum;
1772 387 1825 435 et
1853 395 2043 451 quem~
2074 378 2129 439 Α
2152 376 2273 430 erit.
2310 375 2529 431 Materia
2560 375 2703 432 enim
2736 382 2841 443 est,
2874 390 2941 430 ex
2967 388 3073 447 qua
3102 375 3163 431 tit
3198 376 3423 448 aliquid.
3458 376 3629 435 Omne
3656 396 3754 435 au-

443 473 735 529 admodum
788 469 915 538 liat,
984 481 1271 544 antequam
1342 481 1456 541 est,
1502 481 1556 530 et
1598 473 2048 545 quemadmodum

2154 478 2263 525 lem
2288 486 2353 526 ex
2378 485 2485 539 quo
2511 468 2589 535 tit,
2625 469 2748 539 quia
2778 468 2983 538 recepit
3010 467 3219 540 opificis
3246 484 3485 537 manum,
3518 472 3755 529 destruio

444 574 689 633 constet,
732 573 1018 637 postquam
1058 567 1219 622 fuerit
1262 565 1534 623 effectum.
1567 567 1807 639 Denique
1844 566 1891 623 is
1923 567 2052 623 facit
2154 573 2255 629 tur,
2290 574 2345 619 et
2372 562 2516 619 aliud
2542 577 2665 619 esse
2690 562 2895 633 incipit.
2928 562 3071 633 Ergo
3093 563 3346 633 quoniam
3375 563 3537 619 [luem
3570 566 3754 623 habuit

446 656 673 728 aliquid,
704 657 797 728 qui
826 656 990 713 habet
1037 659 1367 715 voluntatem
1400 658 1468 715 ad
1506 659 1809 715 faciendum
1840 668 1893 715 et
1932 674 2049 714 ma-

444 765 550 806 nus
570 751 636 805 ad
660 749 712 806 id
737 749 883 821 quod
912 750 1079 805 voluit
1107 750 1458 819 implendum.
1484 752 1638 821 Quod
1662 761 1842 808 autem
1866 751 2049 806 insen-

444 843 603 901 sibile
633 855 735 910 est,
770 844 918 900 iners
961 853 1018 902 et
1057 843 1327 915 torpidum
1358 860 1574 915 semper
1598 845 1772 914 jacet,
1820 853 1874 900 et
1913 842 2049 899 nihil

444 938 568 994 inde
596 937 728 993 oriri
759 946 957 1009 potest,
1002 937 1093 993 ubi
1139 938 1317 993 nullus
1363 947 1446 993 est
1486 947 1661 994 motus
1688 938 2044 993 voluntarius.

440 1030 577 1087 Nam
608 1032 653 1086 si
681 1046 843 1086 omne
872 1030 1073 1086 animal
1099 1031 1312 1087 ratione
1350 1037 1583 1098 con’stat,
1614 1040 1761 1088 certe
1803 1030 1949 1085 nasci
1979 1045 2047 1086 ex

440 1139 508 1181 eo
536 1140 642 1178 non
684 1133 893 1195 potest,
926 1121 1071 1195 quod
1097 1123 1308 1180 ratione
1340 1125 1621 1194 praeditum
1661 1139 1769 1179 non
1801 1132 1915 1189 est;
1948 1136 2048 1179 nec

441 1216 659 1272 aliunde
687 1217 857 1286 accipi
900 1224 1078 1288 potest
1105 1215 1180 1285 id,
1212 1214 1355 1287 quod
1385 1216 1480 1285 ibi,
1510 1215 1654 1272 unde
1684 1216 1905 1287 petitur,
1936 1230 2046 1271 non

441 1317 548 1364 εει.
585 1307 697 1364 Nec
726 1317 903 1363 tamen
950 1316 1290 1364 commoveat
1329 1307 1591 1381 aliquem,
1622 1307 1763 1379 quod
1794 1306 2045 1362 animalia

439 1400 684 1473 quaedam
713 1400 783 1456 de
814 1408 957 1456 terra
983 1399 1132 1455 nasci
1161 1399 1432 1456 videntur.
1460 1399 1586 1457 Hzec
1608 1398 1749 1455 enim
1776 1415 1879 1454 non
1902 1405 2044 1454 terra

440 1508 542 1565 per
575 1507 634 1548 se
658 1492 853 1564 gignit,
886 1492 981 1549 sed
1012 1492 1235 1564 spiritus
1262 1491 1389 1562 Dei,
1421 1492 1539 1548 sine
1565 1506 1672 1563 quo
1701 1491 1834 1547 nihil
1872 1491 2045 1563 gigni-

440 1593 549 1640 tur.
572 1583 693 1640 Non
722 1599 853 1656 ergo
882 1586 1023 1641 Deus
1052 1599 1122 1641 ex
1144 1585 1389 1652 materia,
1419 1584 1542 1656 quia
1569 1598 1731 1640 sensu
1758 1585 2043 1654 praeditum

432 1693 501 1733 ex
529 1677 854 1745 insensibili,
878 1678 1093 1749 sapiens
1115 1693 1180 1733 ex
1203 1678 1384 1745 bruto,
1408 1676 1703 1748 impatibile
1722 1676 1791 1731 de
1814 1675 2039 1746 patibili,

2152 658 2398 727 materia,
2430 667 2540 714 tum
2567 672 2687 713 cum
2712 657 2885 713 laetus
2905 666 3076 713 estex
3101 672 3162 713 ea
3185 658 3438 726 mundus,
3464 668 3516 714 et
3540 658 3752 717 initium

2150 768 2366 824 quoque
2396 752 2600 809 habuit.
2626 751 2757 807 Nam
2780 751 2923 823 quod
2951 751 3266 818 destruitur,
3291 752 3611 808 aediﬁcatum
3635 764 3750 822 est;

2150 847 2292 919 quod
2343 849 2608 914 solvitur,
2657 849 2970 919 alligatum;
3019 847 3161 919 quod
3205 848 3411 916 (initur,
3459 851 3754 919 inemptum

2149 952 2253 998 est.
2282 943 2336 1000 Si
2364 959 2494 1014 ergo
2524 959 2587 999 ex
2619 943 3048 999 commutatione
3074 957 3137 998 ac
3165 942 3272 998 line
3295 943 3515 997 materia
3544 943 3755 1013 colligi-

2150 1042 2238 1090 tur
2274 1034 2529 1091 habuisse
2559 1035 2903 1107 principium,
2946 1050 2975 1089 a
3003 1051 3110 1105 quo
3139 1036 3246 1091 alio
3278 1036 3392 1091 ﬁeri
3435 1036 3534 1090 nisi
3580 1051 3608 1090 a
3644 1037 3754 1093 Deo

2150 1128 2361 1200 potuit?
2392 1129 2551 1184 Solus
2581 1127 2743 1200 igitur
2771 1128 2936 1196 Deus,
2964 1130 3055 1201 qui
3088 1129 3259 1185 factus
3286 1146 3393 1184 non
3425 1139 3504 1185 est
3527 1170 3542 1195 ,
3577 1138 3635 1185 et
3672 1130 3753 1186 id-

2148 1218 2295 1275 circo
2335 1221 2619 1276 destruere
2647 1220 2750 1276 alia
2783 1230 2995 1291 potest,
3029 1222 3142 1291 ipse
3180 1221 3384 1277 destrui
3416 1237 3520 1277 non
3553 1231 3749 1293 potest.

2148 1311 2493 1369 Permanebit
2540 1328 2758 1384 semper
2788 1314 2840 1370 in
2887 1329 2955 1371 eo
2998 1316 3146 1385 quod
3191 1315 3323 1385 fuit,
3352 1316 3476 1386 quia
3520 1331 3626 1371 non
3669 1324 3757 1373 est

2148 1404 2367 1462 aliunde
2407 1416 2730 1477 generatus.
2762 1419 2862 1461 nec
2902 1415 3076 1473 ortus,
3110 1421 3209 1462 nec
3241 1406 3499 1462 nativitas
3545 1407 3663 1477 ejus
3685 1421 3756 1463 ex

2145 1500 2322 1571 aliqua
2343 1501 2449 1555 alia
2479 1516 2538 1555 re
2566 1500 2783 1571 pendet,
2807 1515 2931 1571 qua:
2955 1499 3105 1555 illum
3132 1510 3338 1555 mutata
3364 1499 3644 1556 dissolvat.
3673 1500 3757 1556 Ex

2146 1593 2327 1663 seipse
2358 1602 2463 1660 est,
2495 1603 2553 1649 ut
2596 1594 2651 1649 in
2684 1593 2857 1664 primo
2897 1593 3133 1650 diximus
3177 1594 3319 1650 libro
3354 1593 3605 1665 (scilicet,
3638 1609 3688 1650 c.
3721 1595 3757 1650 3

2146 1698 2203 1745 et
2223 1689 2311 1763 7);
2341 1698 2397 1747 et
2425 1689 2547 1747 ideo
2575 1689 2699 1745 talis
2725 1697 2832 1758 est,
2863 1690 3076 1761 qualem
3099 1703 3159 1745 se
3184 1703 3308 1745 esse
3335 1688 3524 1752 voluit.
3556 1688 3756 1760 impas-

432 1784 631 1842 ειΡεΐε
670 1772 915 1840 corporis
941 1769 1008 1825 de
1030 1769 1301 1841 corpora"
1331 1784 1621 1841 numquam
1662 1778 1843 1841 Ροιθεῐ
1868 1769 1999 1825 oriri
2027 1787 2041 1824 ε
2073 1787 2122 1850 Β
2148 1780 2339 1849 sibilis,
2372 1780 2744 1848 immutabilis,
2772 1781 3138 1853 incorruptus,
3170 1781 3382 1850 beatus,
3407 1790 3667 1838 aeternus.

432 1864 529 1920 sed
558 1865 782 1919 materia
814 1863 992 1935 potius
1019 1880 1088 1920 ex
1111 1865 1222 1921 Deo
1246 1872 1348 1921 est.
1377 1864 1648 1936 Quidquid
1672 1863 1816 1920 enim
1843 1871 1927 1920 est
1951 1878 2040 1919 so-

436 1954 552 2011 lido
577 1964 633 2011 et
663 1957 1036 2013 contrectabili
1082 1971 1332 2027 corpore,
1366 1957 1563 2027 accipit
1600 1965 1879 2013 externam
1906 1958 2035 2011 vim.

429 2049 587 2119 Quod
618 2048 814 2121 accipit
844 2050 982 2118 vim,
1021 2050 1335 2107 dissolubile
1376 2059 1477 2106 est.
1509 2051 1663 2119 Quod
1698 2050 2034 2117 dissolvitur,

434 2143 642 2199 interit.
676 2143 829 2210 Quod
861 2145 1061 2208 interit.
1086 2153 1261 2200 ortum
1293 2145 1363 2200 sit
1390 2159 1613 2201 necesse
1634 2152 1737 2201 est.
1762 2145 1916 2213 Quod
1942 2160 2036 2201 or-

432 2246 545 2291 tum
576 2245 681 2301 est,
714 2236 899 2292 habuit
945 2238 1148 2293 fontem
1191 2238 1335 2294 unde
1362 2238 1597 2294 oriretur
1617 2280 1633 2305 ,
1662 2239 1715 2294 id
1755 2248 1839 2295 est
1870 2239 2037 2295 facto-

428 2343 548 2385 rem
574 2330 809 2400 aliquem
852 2331 1203 2399 sentientem,
1249 2332 1552 2404 providum,
1591 2334 1932 2405 peritumque
1963 2334 2039 2389 la-

425 2425 625 2481 ciendi.
670 2427 720 2481 Is
763 2436 847 2482 est
889 2426 1161 2496 profecto,
1202 2443 1302 2483 nec
1334 2428 1476 2484 ullus
1505 2427 1641 2484 alius
1673 2443 1834 2500 quam
1869 2428 2032 2484 Deus.

428 2518 533 2585 Qui
562 2520 816 2589 quoniam
850 2535 1044 2589 sensu,
1075 2520 1319 2589 ratione,
1352 2521 1713 2591 providentia,
1746 2530 2034 2594 potestate,

431 2611 634 2668 virtute
664 2611 920 2681 prazditus
951 2621 1055 2682 est,
1080 2622 1134 2669 et
1159 2614 1473 2680 animantia,
1503 2626 1557 2671 et
1585 2613 1822 2671 inanima
1847 2631 2036 2673 creare

427 2712 487 2759 et
523 2701 743 2771 efﬁcere
788 2711 1002 2772 potest,
1032 2702 1155 2774 quia
1202 2713 1349 2760 tenet
1378 2705 1649 2775 quomodo
1691 2706 1929 2778 quidque
1967 2707 2038 2762 sit

428 2797 757 2853 faciendum.
790 2797 1011 2853 Materia
1048 2813 1179 2853 vero
1216 2813 1431 2870 semper
1459 2798 1627 2856 fuisse
1672 2818 1779 2856 non
1820 2809 2031 2871 potest,

426 2891 555 2962 quia
584 2891 935 2947 mutationem
967 2907 1072 2946 non
1103 2902 1344 2962 caperet,
1378 2893 1422 2948 si
1464 2892 1672 2950 fuisset.
1703 2894 1859 2964 Quod
1889 2896 2034 2950 enim

425 3000 647 3057 semper
674 2985 794 3054 fuit,
824 3002 1040 3057 semper
1064 3002 1189 3043 esse
1226 3003 1333 3044 non
1360 2988 1589 3057 desinit;
1618 3000 1672 3046 et
1699 2992 1840 3046 unde
1865 2992 2034 3049 abluit

424 3078 787 3149 principium,
836 3079 1028 3137 abesse
1074 3080 1201 3137 hinc
1244 3082 1407 3138 etiam
1451 3081 1611 3139 tinem
1657 3098 1882 3141 necesse
1924 3095 2025 3142 est.

423 3170 567 3240 Quin
600 3173 762 3227 etiam
796 3172 1003 3229 facilius
1041 3183 1155 3243 est,
1196 3184 1255 3232 ut
1295 3176 1348 3232 id
1378 3176 1522 3249 quod
1555 3176 1738 3235 habuit
1781 3178 2024 3249 initium,

423 3263 534 3319 line
557 3275 761 3334 careat,
790 3282 950 3338 quam
977 3278 1033 3323 ut
1055 3267 1248 3325 habeat
1276 3270 1460 3335 tinem,
1483 3271 1624 3341 quod
1656 3273 1809 3327 initio
1829 3274 2024 3328 caruit.

426 3355 653 3412 Materia
673 3372 805 3429 ergo
833 3360 878 3413 si
904 3358 1041 3415 facta
1064 3374 1170 3415 non
1199 3370 1301 3429 est,
1334 3377 1402 3418 ne
1428 3362 1547 3419 ﬁeri
1566 3379 1633 3418 ex
1652 3378 1716 3419 ea
1738 3362 2027 3436 quidquam

423 3458 625 3521 potest.
660 3450 717 3507 Si
744 3450 861 3507 ﬁeri
888 3467 955 3508 ex
983 3467 1044 3508 ea
1067 3468 1174 3510 non
1199 3463 1396 3526 potest,
1428 3471 1529 3513 nec
1553 3457 1778 3514 materia
1808 3457 2025 3530 quidem

2212 1874 2331 1932 Jam
2359 1891 2488 1933 vero
2512 1875 2597 1932 illa
2625 1875 2926 1943 conclusio,
2954 1891 3059 1943 qua
3089 1877 3412 1931 sententiam
3443 1876 3754 1933 terminavit

2141 1968 2374 2034 Tullius,
2403 1969 2573 2023 multo
2600 1967 2904 2024 absurdior.
2936 1985 2955 2020 ι
2986 1967 3138 2036 Quod
3161 1967 3206 2022 si
3234 1968 3479 2036 materia,
3504 1968 3696 2039 inquit,
3722 1983 3755 2024 ιι

2141 2062 2254 2118 Deo
2277 2079 2383 2118 non
2410 2073 2495 2119 est
2521 2061 2680 2128 facta,
2710 2076 2809 2117 nec
2837 2071 2980 2118 terra
3009 2061 3247 2133 quidem,
3284 2071 3336 2118 et
3367 2076 3525 2133 aqua,
3557 2070 3612 2118 et
3636 2077 3749 2131 aer,

2139 2164 2195 2212 et
2222 2155 2361 2225 ignis
2388 2170 2416 2208 a
2451 2154 2563 2209 Deo
2604 2153 2782 2209 factus
2818 2163 2921 2210 est.
2961 2171 2980 2205 ι
3016 2154 3185 2221 Quam
3218 2152 3410 2209 callide
3454 2154 3753 2224 periculum

2139 2247 2560 2320 prmtervolavit.
2583 2245 2672 2304 Sic
2694 2249 2837 2303 enim
2861 2248 3110 2318 superius
3130 2247 3265 2302 illud
3286 2249 3599 2319 assumpsit,
3630 2259 3749 2304 tan-

2138 2356 2296 2412 quam
2327 2340 2647 2410 probatione
2679 2356 2785 2395 nou
2819 2339 3113 2411 indigeret;
3144 2355 3267 2395 cum
3303 2341 3357 2396 id
3397 2342 3566 2396 multo
3604 2350 3754 2398 esset

2141 2432 2400 2489 incertius
2449 2448 2608 2504 quam
2659 2431 2786 2487 illud
2824 2440 3043 2502 propter
3079 2432 3222 2501 quod
3252 2443 3589 2503 assumptum
3636 2442 3742 2490 εει.

2135 2525 2192 2582 Si
2224 2541 2328 2580 non
2358 2533 2461 2591 est,
2490 2524 2681 2595 inquit,
2710 2540 2740 2579 a
2779 2524 2890 2580 Deo
2927 2522 3065 2579 facta
3096 2525 3342 2590 materia,
3378 2539 3477 2580 nec
3506 2524 3749 2580 mundus

2135 2632 2165 2672 a
2194 2617 2304 2674 Deo
2333 2617 2504 2673 factus
2527 2625 2629 2673 est.
2661 2615 2737 2671 Ex
2779 2616 2917 2671 falso
2948 2615 3136 2671 maluit
3164 2616 3440 2687 colligere,
3470 2618 3618 2688 quod
3649 2616 3747 2672 fal-

2134 2726 2253 2767 sum
2282 2720 2382 2777 est,
2408 2726 2567 2781 quam
2596 2725 2661 2766 ex
2687 2724 2833 2775 vero,
2862 2707 3009 2779 quod
3039 2724 3247 2763 verum.
3276 2709 3483 2763 Etcum
3505 2708 3746 2765 debeant

2134 2807 2338 2863 incerta
2387 2805 2455 2861 de
2496 2806 2659 2861 certis
2692 2804 2937 2873 probari,
2972 2802 3059 2858 hic
3099 2802 3471 2872 probationem
3512 2802 3748 2874 sumpsit

2135 2917 2205 2958 ex
2255 2904 2498 2969 incerto,
2540 2901 2606 2956 ad
2636 2899 2987 2956 evertendqu
3020 2898 3164 2968 quod
3193 2906 3311 2953 erat
3344 2906 3573 2953 certum.
3607 2896 3746 2951 Nam

2132 2994 2311 3051 divina
2332 2994 2676 3050 Providentia
2698 2990 2949 3047 eti'ectum
2986 3006 3107 3046 esse
3143 2990 3401 3045 mundum
3425 2991 3509 3064 (ut
3535 2998 3746 3046 taceam

2133 3090 2201 3147 de
2230 3087 2605 3160 Trismegisto,
2635 3085 2726 3158 qui
2756 3083 2858 3141 hoc
2894 3083 3169 3155 prmdicat,
3203 3092 3409 3139 taceam
3437 3082 3507 3139 de
3543 3081 3742 3139 carmi-

2133 3183 2289 3239 nibus
2308 3180 2659 3254 Sibyllarum,
2683 3194 2802 3251 qua:
2825 3175 2967 3233 idem
2998 3174 3277 3244 nuntiant;
3308 3186 3514 3231 taceam
3537 3176 3604 3231 de
3623 3189 3743 3245 pro-

2136 3276 2334 3346 phetis,
2362 3276 2452 3346 qui
2482 3289 2621 3345 opus
2650 3271 2858 3337 mundi,
2889 3283 2955 3326 ac
2980 3269 3252 3340 opiﬁcium
3283 3268 3377 3325 Dei
3409 3283 3517 3324 uno
3545 3267 3744 3339 spiritu

2135 3382 2198 3421 ac
2230 3367 2343 3437 pari
2375 3381 2508 3422 voce
2536 3365 2823 3435 testantur)
2852 3363 3016 3417 etiam
3049 3361 3191 3416 inter
3221 3359 3576 3432 philosophos
3605 3374 3744 3430 pene

2137 3459 2417 3514 universos
2448 3456 2733 3523 convenit;
2768 3454 2822 3511 id
2850 3455 2998 3512 enim
3030 3451 3392 3526 Pythagormi,
3424 3451 3612 3520 Stoici,
3638 3451 3741 3508 Pe-

1809 3590 2173 3650 VARIORUM
2209 3590 2447 3653 ΝΟΤιΕ.

421 3725 611 3791 sentit,
639 3740 707 3782 ex
734 3726 984 3783 omnibus
1022 3728 1239 3801 scriptis
1283 3738 1339 3786 et
1367 3730 1645 3788 veteribus
1672 3730 1851 3789 editis.
1884 3731 2022 3790 Vide

421 3812 489 3853 ea
514 3813 636 3867 qua:
666 3810 1081 3864 praecesserunt.

498 3868 789 3945 Pronistsm.
836 3869 913 3945 Ilii
954 3872 1284 3945 restituimur.
1330 3888 1397 3929 ex
1445 3874 1893 3932 mss-Vaticanis
1921 3919 1936 3945 ,
1987 3876 2022 3930 2

419 3939 584 4014 Bon.,
614 3939 836 4014 8_l_teg.,
868 3941 1024 4007 Tax.,
1060 3944 1215 4011 Peu.,
1249 3945 1420 4014 Lips.,
1467 3948 1601 4012 PaL,
1660 3947 1852 4013 Brun.,
1887 3939 2021 4004 edit.

418 4012 582 4083 itum.
619 4010 778 4083 1468,
810 4013 971 4077 1170,
998 4023 1053 4069 et
1072 4016 1202 4071 edit.
1228 4010 1454 4072 13;an
1483 4010 1624 4083 C0l.,
1655 4020 1677 4072 1
1705 4010 1942 4074 Clarum.
1970 4030 2024 4075 et

417 4081 477 4137 in
510 4081 717 4206 cugcti‘s
759 4084 872 4140 fere
901 4086 1060 4142 editis
1080 4128 1095 4155 ,
1128 4088 1420 4158 prwvisum.
1462 4081 1763 4146 Vide—infra
1800 4092 2022 4156 ratione,

417 4169 566 4206 πουι
610 4170 769 4206 enm.

416 4164 769 4225 provtdenlta.

496 4225 562 4277 Et
590 4225 1035 4299 quemadmodum.
1069 4227 1160 4283 Bis
1202 4229 1254 4283 in
1296 4229 1621 4299 supradictis
1648 4231 1719 4289 29
1757 4247 1892 4288 mss.
1922 4232 2027 4288 Le-

416 4295 567 4372 gitur
608 4306 695 4350 aut
738 4298 820 4372 bis
867 4297 920 4352 in
956 4298 999 4372 ἐξ
1035 4299 1192 4372 Reg.,
1228 4302 1249 4353 1
1284 4295 1419 4372 Bon.
1449 4319 1587 4369 rec.,
1624 4302 1649 4358 1
1684 4304 1838 4359 Culb.
1884 4315 1938 4359 et
1968 4304 2022 4358 in

415 4367 661 4441 Qlarom.
686 4370 815 4422 etin
836 4370 1087 4441 euntibus
1106 4367 1273 4427 ferme
1290 4371 1470 4429 editis.
1498 4372 1554 4430 in
1577 4367 1697 4430 Em.
1721 4387 1776 4432 et
1792 4376 2022 4441 (ῥιπίδι,

418 4438 816 4509 ῇαιγαηιιιᾳιιαηι
844 4439 1038 4509 factum
1067 4451 1160 4496 est.

495 4508 705 4563 Animal
725 4511 940 4565 ratione.
973 4512 1069 4569 llic
1093 4514 1321 4571 innuere
1341 4513 1553 4572 videtur
1574 4515 1886 4573 Lactantius
1908 4518 2023 4574 ani-

417 4582 585 4636 malia
618 4584 829 4637 ratione
857 4598 977 4638 esse
1006 4585 1250 4653 praedita.

498 4652 858 4708 (Jontrectabili
892 4652 1122 4723 corpore.
1165 4656 1241 4711 Ita
1279 4657 1691 4715 emendavimus
1720 4677 1784 4716 ex
1826 4676 1958 4717 mss.
1990 4664 2021 4716 7

419 4722 585 4802 ἕρκη
622 4724 863 4802 6_(_Jolb.,
891 4722 1227 4802 2_Clarom.,
1262 4729 1454 4792 Brun.,
1486 4730 1734 4802 aliiSquc,
1766 4750 1829 4788 ae
1864 4734 2025 4788 editis

418 4793 618 4859 Torn.,
640 4793 904 4877 _Thomas.
941 4798 1242 4877 i_u__czeteris
1276 4802 1507 4873 vulgatis
1534 4793 1815 4877 tribusque
1845 4805 2025 4877 Regiis

421 4880 541 4921 rec.
574 4875 657 4919 est
687 4870 1058 4925 contractubili.

456 5006 468 5017 .
499 4934 565 5017 Et
593 4937 856 5017 inanima._
872 4939 960 4995 Sic
989 4957 1118 5017 mss.
1211 4943 1425 5017 Borion.
1456 4955 1509 4999 et
1535 4946 1571 4999 ‘2
1601 4946 1733 5017 Reg.
1769 4948 2025 5003 vetustis-

421 5010 569 5086 simi.
600 5018 653 5061 et
681 5010 990 5086 complures
1027 5014 1181 5086 editi.
1210 5014 1265 5068 lu
1302 5016 1326 5069 1
1357 5014 1620 5086 Clarom.,
1647 5010 1938 5085 inanimia;
1970 5019 2022 5072 iu

418 5078 460 5158 ἑ
491 5077 935 5158 ,ξὶεεη-ὅ-(ζριὶ).
980 5086 1087 5158 eti
1132 5084 1395 5149 Clar0ttt.,
1446 5077 1761 5158 inanimato;
1807 5092 1862 5145 iu
1905 5077 2027 5146 aliis

419 5149 460 5203 5
489 5148 646 5222 lieg.,
671 5151 704 5205 ὅ
727 5153 881 5207 Colb.
911 5163 967 5210 et
994 5156 1180 5222 Brun.,
1210 5148 1572 5213 inanintantia.

420 5220 909 5351 ιῶιξῖᾝὲἴ.9γιιιθ
939 5220 1212 5284 Plutarch.
1252 5227 1321 5285 de
1366 5229 1587 5286 Placitis
1625 5230 2024 5303 philosOpbor.,

447 5306 568 5354 ιω,
599 5309 721 5364 cap.
746 5306 802 5354 9.

500 5364 651 5447 Quod
681 5369 817 5447 enim
844 5385 1039 5447 semper
1068 5371 1187 5447 fuit,
1214 5387 1413 5447 semper
1441 5387 1548 5447 esse
1578 5390 1681 5429 non
1710 5375 1913 5429 desinit.
1948 5374 2028 5430 Ex

420 5439 822 5506 antiquioribus
841 5450 892 5495 et
918 5439 1231 5497 meliOribus
1257 5439 1416 5497 editis
1447 5444 1723 5501 codicibus
1746 5447 2029 5501 omnibus-

420 5521 529 5588 que
557 5523 691 5588 mss.
720 5508 1027 5588 addidimus
1056 5530 1253 5588 semper
1274 5530 1402 5581 esse,
1429 5516 1571 5588 quod
1598 5518 1751 5574 deest
1778 5521 1829 5573 in
1860 5518 2026 5588 pluri-

420 5577 791 5661 bus‘vulgatis
820 5594 873 5637 et
902 5585 937 5639 5
963 5577 1177 5661 scriptis
1206 5577 1630 5661 Dionien'sibus.

501 5649 810 5734 Qutﬁillum
850 5665 1043 5708 mutata
1059 5649 1337 5734 dissolvat.
1376 5656 1474 5712 Ms.
1518 5660 1540 5715 1
1582 5660 1791 5717 Bonon.
1827 5661 2023 5734 antiq.,

431 5717 561 5787 Qua
586 5721 737 5777 illum
766 5735 923 5779 mutet
948 5743 1008 5780 ac
1035 5726 1298 5781 dissolvat.

499 5789 870 5865 lmpassibilis.
908 5796 1039 5856 Vide
1061 5808 1319 5857 ann0tata
1343 5799 1412 5857 ad
1438 5800 1562 5861 libr.
1594 5802 1663 5862 de
1692 5803 1774 5861 ira
1801 5803 1917 5862 Dei.

2200 3731 2539 3805 Sibyllarum.
2556 3729 2723 3805 Initio
2749 3729 2955 3786 scilicet
2979 3730 3252 3805 sermonis
3268 3728 3465 3805 primi.

2203 3798 2612 3875 De'prupltetis.
2645 3802 2772 3858 Hmc
2800 3817 2900 3872 ego
2932 3817 3037 3855 non
3068 3800 3137 3856 de
3169 3801 3313 3875 veris
3328 3798 3620 3875 prophetis
3647 3801 3734 3859 in-

2127 3870 2341 3946 telligo,
2362 3870 2454 3931 sed
2484 3874 2551 3930 de
2590 3870 2941 3946 alienigenis;
2974 3881 3031 3927 ut
3059 3883 3183 3946 puta
3212 3870 3453 3941 Orpheo,
3491 3870 3731 3929 Zoroas-

2127 3956 2209 4003 tre
2226 3943 2265 4013 ,’
2284 3946 2372 4002 vel
2402 3948 2468 4003 de
2508 3943 2795 4001 Persarum
2826 3946 3029 4017 imagis,
3071 3943 3396 4017 Indorumve
3426 3959 3733 4017 gymnoso-

2128 4019 2354 4090 phistis,
2391 4028 2482 4073 aut
2509 4017 2790 4075 Gallorum
2825 4016 3042 4090 Druid‘i‘s
3078 4015 3172 4090 vel
3191 4015 3563 4090 Semnotheis.
3594 4015 3729 4072 Nam

2128 4086 2207 4145 sic
2280 4089 2613 4160 Augustinus
2680 4102 2894 4160 qumque
2929 4086 3241 4160 aliquoties
3300 4086 3499 4160 horum
3545 4096 3727 4142 vatum

2127 4156 2456 4217 mentioiiem
2503 4161 2647 4216 facit.
2695 4156 3009 4215 Lactantius
3044 4157 3306 4227 siquidem
3354 4156 3455 4210 hoc
3488 4160 3595 4226 agit
3622 4200 3634 4216 .
3671 4167 3728 4213 ut

2127 4241 2316 4303 gentes
2343 4248 2561 4287 suorum
2587 4231 2863 4285 hominum
2898 4229 3222 4303 testimoniis
3251 4229 3559 4303 convincat.
3585 4228 3726 4303 Quid

2128 4298 2271 4360 enim
2304 4303 2585 4368 attinebat,
2621 4303 2799 4356 Mosen
2830 4309 2884 4355 et
2912 4301 3049 4354 alios
3078 4315 3141 4354 ex
3176 4298 3421 4368 professo
3450 4312 3579 4351 vero
3615 4299 3725 4353 Deo

2129 4375 2311 4429 tumuli
2344 4374 2613 4443 opillcium
2643 4375 3016 4443 assignantes,
3047 4367 3497 4443 cumgentilibus
3528 4384 3725 4443 nume-

2050 4465 2105 4527 Β
2131 4448 2276 4527 rari'l
2307 4438 2628 4527 Bcrumus.
2749 4438 2932 4526 Ethuc
2950 4440 3077 4527 mihi
3109 4438 3571 4527 videturlle‘veris
3596 4455 3724 4527 prro-

2129 4517 2304 4589 phetis
2352 4522 2513 4589 etiam
2546 4514 2765 4589 intelligi
2814 4509 3251 4589 posse._Coul‘cr.
3298 4510 3575 4579 Huetium,
3620 4512 3725 4567 De-

2125 4582 2357 4644 inonstr.
2391 4582 3039 4657 Evangelia;paga‘97.

2200 4660 2266 4714 Id
2298 4660 2449 4713 enim.
2485 4654 2575 4715 Sic
2620 4654 2903 4713 emendavi
2954 4669 3020 4711 ex
3072 4667 3204 4707 mss.
3249 4654 3655 4716 vetustissimis,
3687 4654 3724 4709 2

2126 4731 2286 4795 Βοιι.,
2304 4730 2339 4785 2
2368 4731 2497 4801 lieg.
2527 4729 2754 4800 aliisque
2780 4730 2813 4783 4
2832 4727 2986 4801 Reg_.,
3012 4726 3044 4781 4
3065 4721 3255 4801 (2011).Δ
3274 4725 3721 4801 (Ξιιιιιηέ-ῐτίρεη

2123 4803 2160 4857 ‘2
2196 4794 2473 4866 Clarum;
2496 4794 2685 4869 Brun.,
2716 4809 2771 4856 et
2797 4799 2885 4853 ed.
2915 4794 3180 4857 'Tornes..
3213 4794 3440 4861 Cellar.,
3469 4794 3722 4858 Waléh.;

2125 4875 2268 4944 quod
2292 4874 2467 4944 aptius
2500 4883 2583 4929 est
2618 4889 2777 4944 quam
2806 4870 3188 4944 plerarumque
3209 4870 3563 4941 vulgatorum,
3590 4869 3725 4922 idem

2126 4941 2296 5012 etiam,
2328 4941 2362 4999 2
2387 4944 2543 5000 Cnlb.
2566 4955 2620 4998 et
2640 4941 2731 4999 ed.
2761 4941 2855 5003 Is}.
2885 4942 3021 4996 idem
3047 4941 3202 4995 enim.

2202 5006 2552 5088 Pylhagorwi.
2602 5013 2676 5069 ita
2721 5014 2926 5088 restitui
2960 5028 3025 5088 es
3059 5028 3187 5088 mss.
3217 5009 3332 5088 fere
3359 5009 3629 5088 omnibus.
3664 5006 3724 5064 In

2128 5088 2163 5144 5
2193 5080 2605 5153 columna...
2640 5094 2697 5141 et
2736 5087 2788 5141 iu
2829 5086 3092 5154 vulgatis,
3127 5081 3476 5154 Pythagorici.
3513 5080 3586 5135 Dc
3617 5096 3725 5148 quo

2129 5151 2450 5217 Plutarchus
2496 5161 2546 5213 in
2592 5158 2815 5214 Placitis
2852 5151 3225 5226 philosopher.
3255 5158 3331 5206 ait
3359 5151 3725 5223 Pythagoram

2130 5232 2383 5287 Statuissc
2411 5232 2575 5285 Deum
2608 5239 2665 5285 ut
2695 5228 3013 5298 principium
3044 5226 3305 5298 omnium.

2205 5303 2390 5359 Stoici.
2425 5302 2486 5357 lli
2519 5292 2821 5355 docuerunt
2862 5292 2959 5351 uos
2993 5295 3085 5349 Dei
3130 5293 3494 5363 cognitionem
3526 5292 3731 5351 habere

2131 5389 2197 5429 ex
2232 5373 2627 5444 pulchritudine
2647 5371 2803 5444 simul
2828 5363 3278 5444 eumagnitudiue
3307 5380 3488 5444 rerum
3520 5367 3589 5421 ah
3614 5367 3732 5444 ipso

2131 5436 2428 5511 factarum;
2464 5455 2521 5500 ut
2549 5444 2736 5500 Galen.
2770 5442 2823 5494 in
2850 5436 3456 5511 hist.__l’hilo_s.retulit,
3486 5453 3606 5507 cap.
3634 5440 3731 5511 g7.

2131 5516 2286 5585 Apttd
2315 5505 2611 5579 Lael-tium,
2636 5516 2686 5568 in
2714 5511 2949 5566 Zenonis
2971 5507 3432 5585 Vitandeliniuut,
3463 5505 3588 5567 esas.
3609 5505 3735 5585 εἶνᾳι

2133 5578 2257 5654 Caico
2288 5591 2547 5645 ἀθάνατον.
2577 5578 2742 5642 Miror
2774 5593 2964 5664 autem
3007 5578 3136 5663 quid
3169 5579 3500 5664 llierunymn
3527 5581 3739 5635 venerit

2134 5651 2187 5715 in
2220 5671 2492 5726 mentem,
2539 5661 2630 5726 qui
2669 5655 2846 5725 Capite
2893 5651 3037 5709 nono
3082 5653 3134 5707 in
3181 5651 3526 5726 Ezechielem
3577 5660 3740 5719 negat

2135 5733 2350 5788 Stoicos
2382 5725 2775 5802 providentiam
2814 5727 2908 5784 Dei
2947 5738 3235 5802 asserere,
3281 5725 3577 5802 praesertim
3612 5736 3739 5802 eum

2135 5805 2360 5861 Seneca:
2384 5793 2558 5861 'stoici
2597 5801 2735 5859 liber
2776 5798 3027 5871 egregius
3069 5796 3139 5851 ds
3184 5793 3528 5851 Providentia
3564 5799 3739 5849 extet.
