4174 6200
405 297 515 358 505

1479 292 1685 352 LIBER
1721 290 1785 349 II.
1825 290 1916 348 DE
1951 289 2235 350 ORIGINE
2275 292 2598 355 ERRORIS.

3609 293 3716 356 306

406 413 572 470 homo
601 411 698 468 Dei
728 423 937 481 opera,
960 408 1131 467 noluit
1157 425 1280 468 eum
1310 409 1568 468 inducere
1596 410 1649 465 in
1677 408 1823 464 hunc
1843 421 1999 462 mun—
2025 409 2082 475 Α
2104 422 2241 477 opus
2268 417 2437 467 totum
2467 412 2698 469 sublime
2720 420 2775 470 et
2794 412 3079 471 excelsum
3110 412 3347 482 videres,
3380 428 3565 473 nonne
3594 416 3715 474 haec

404 505 555 571 dum,
595 504 698 561 nisi
726 503 975 575 perfectis
1006 505 1280 561 omnibus.
1321 503 1427 560 Sed
1457 518 1527 560 ne
1566 502 1747 558 induci
1784 499 2004 572 quidem

405 608 658 673 poterat:
686 598 960 672 quomodo
988 599 1132 655 enim
1163 599 1518 667 subsisteret,
1561 613 1684 654 cum
1711 596 2005 653 fabricare-

408 704 493 750 tur
512 692 748 764 desuper
767 693 991 760 caelum,
1020 702 1271 764 terraque
1290 692 1478 750 subter
1499 690 1850 758 fundaretur;
1880 704 2005 745 cum

406 785 639 843 fortasse
666 785 910 851 humida,
940 784 1035 841 vel
1058 784 1240 841 nimiis
1271 785 1543 857 rigoribus
1573 792 1849 855 torporata
1874 796 2007 838 con-

405 890 754 949 crescerent,
789 880 872 936 vel
913 878 1087 952 igneis
1123 878 1401 936 caloribus
1428 881 1639 935 incocta
1676 888 1731 935 et
1777 877 2008 934 solidata

406 973 795 1030 durescerent?
824 972 935 1029 Aut
953 972 1226 1045 quomodo
1255 973 1481 1039 viveret,
1511 973 1629 1030 sole
1654 971 1897 1029 nondum
1924 971 2007 1026 in-

406 1067 619 1133 stituto,
650 1080 752 1121 nec
774 1063 1018 1137 frugibus
1040 1106 1058 1133 ,
1103 1079 1204 1121 nec
1241 1063 1566 1120 animalibus
1607 1065 1791 1121 natis?
1824 1064 2009 1136 Itaque

406 1174 633 1216 necesse
688 1158 785 1214 fuit
838 1158 1114 1214 hominem
1168 1168 1447 1230 postremo
1500 1158 1660 1227 fieri,
1720 1175 1844 1216 cum
1894 1159 2008 1231 jam

407 1251 611 1308 mundo
646 1250 967 1321 cacterisque
995 1244 1161 1309 rebus
1187 1266 1381 1307 manus
1421 1266 1632 1307 summa
1661 1260 1809 1308 esset
1835 1252 2012 1323 impo-

410 1345 535 1401 sita.
565 1343 808 1414 Denique
835 1352 1040 1398 sancta:
1077 1343 1274 1399 litterae
1301 1343 1502 1400 docent
1542 1344 1815 1401 hominem
1843 1343 2011 1402 fuisse

410 1438 656 1493 ultimum
702 1434 800 1491 Dei
843 1448 1017 1506 opus,
1051 1443 1107 1491 et
1130 1437 1210 1493 sic
1236 1436 1515 1493 inductum
1559 1435 1725 1495 fuisse
1770 1437 1824 1492 in
1864 1435 2012 1493 hunc

407 1530 689 1596 mundum,
723 1529 877 1602 quasi
918 1529 975 1585 in
1017 1529 1238 1587 domum
1273 1530 1385 1602 jam
1429 1539 1670 1603 paratam
1711 1539 1767 1587 et
1802 1530 2008 1589 instru-

403 1635 548 1684 ctam
573 1644 589 1679 :
617 1624 762 1680 illius
781 1625 929 1680 enim
951 1638 1113 1681 causa
1136 1623 1278 1681 facta
1304 1634 1432 1681 sunt
1448 1625 1651 1681 omnia.
1679 1625 1827 1682 Idem
1844 1627 2010 1683 etiam

405 1725 579 1790 poeta:
605 1717 867 1773 fatentur.
886 1714 1111 1772 Ovidius
1148 1717 1168 1789 (
1186 1717 1443 1788 principio
1471 1715 1686 1772 Metam.
1721 1715 2009 1790 )perfecto

2107 500 2205 557 tibi
2236 502 2591 562 humanarum
2619 507 2813 563 virium
2837 509 3059 564 modum
3086 509 3402 565 viderentur
3426 510 3716 579 excedere,

2110 596 2239 666 quia
2270 596 2362 652 illa
2393 614 2503 655 non
2548 608 2656 656 tam
2688 602 2890 659 viribus
2919 616 3081 674 quam
3107 601 3320 660 ratione
3355 611 3520 676 atque
3548 603 3719 661 artiﬁ-

2108 686 2196 742 cio
2219 687 2358 744 facta
2382 704 2505 746 esse
2533 692 2815 748 nescires?

2183 777 2337 847 Quod
2369 781 2414 836 si
2448 782 2638 852 homo,
2683 784 2735 839 in
2762 798 2870 855 quo
2898 784 3033 840 nihil
3065 785 3364 857 perfectum
3402 794 3506 853 est,
3536 794 3719 845 tamen

2110 871 2232 943 plus
2261 872 2425 929 efficit
2466 876 2710 943 ratione,
2744 892 2907 948 quam
2943 878 3089 934 vires
3118 878 3239 949 ejus
3268 878 3477 950 exigua:
3505 880 3720 951 patian-

2110 972 2230 1033 tur,
2262 966 2388 1037 quid
2414 976 2498 1024 est
2523 984 2621 1025 cur
2651 970 2969 1027 incredibile
2998 971 3095 1027 tibi
3124 986 3247 1027 esse
3276 972 3554 1038 videatur.
3585 989 3713 1030 cum

2110 1057 2342 1112 mundus
2371 1057 2570 1116 dicitur
2596 1062 2767 1118 factus
2797 1076 2828 1117 a
2858 1064 3003 1132 Deo,
3037 1064 3090 1119 in
3119 1079 3246 1135 quo,
3280 1066 3406 1136 quia
3439 1066 3711 1137 perfectus

2110 1160 2214 1221 est,
2244 1168 2345 1209 nec
2374 1155 2639 1224 sapientia
2670 1166 2848 1227 potest
2876 1158 3078 1214 habere
3109 1159 3436 1227 terminum,
3479 1175 3580 1216 nec
3607 1158 3721 1216 for-

2111 1244 2283 1300 titudo
2308 1249 2661 1304 mensuram?
2680 1248 2856 1320 Opera
2880 1251 3051 1321 ipsius
3077 1251 3331 1307 videntur
3351 1253 3545 1309 oculis.
3570 1252 3721 1321 Quo-

2113 1341 2277 1399 modo
2305 1352 2484 1400 autem
2513 1345 2606 1402 illa
2632 1345 2862 1417 fecerit,
2912 1363 2981 1403 ne
3006 1356 3189 1403 mente
3209 1348 3425 1417 quidem
3454 1348 3669 1405 videtur
3700 1366 3717 1405 :

2111 1434 2234 1505 quia
2260 1477 2276 1503 ,
2318 1445 2378 1493 ut
2407 1437 2637 1494 Hermes
2666 1440 2773 1507 ait,
2814 1441 3043 1495 mortale
3070 1439 3392 1506 immortali,
3424 1440 3721 1512 temporale

2111 1539 2405 1600 perpetuo,
2450 1532 2808 1604 corruptibile
2849 1533 3165 1604 incorrupto
3203 1532 3573 1604 propinquare
3609 1547 3722 1590 non

2111 1630 2328 1692 potest,
2364 1623 2415 1679 id
2446 1633 2531 1680 est
2560 1624 2786 1697 prapius
2815 1624 3076 1682 accedere
3109 1635 3165 1681 et
3203 1625 3558 1696 intelligentia
3589 1624 3721 1682 sub-

2113 1716 2289 1786 sequi.
2315 1715 2386 1772 Et
2427 1716 2551 1773 ideo
2582 1725 2857 1775 terrenum
2889 1717 3073 1774 adhuc
3102 1717 3300 1773 animal
3339 1732 3522 1773 rerum
3552 1718 3723 1775 coele-

397 1812 512 1884 jam
553 1811 795 1880 mundo,
835 1819 892 1867 et
915 1808 1187 1867 universis
1214 1809 1537 1867 animalibus
1573 1809 1851 1883 ﬁguratis,
1898 1810 2002 1869 hoc
2030 1809 2079 1872 B
2105 1810 2269 1865 stium
2300 1809 2736 1881 perspectionem
2774 1825 2883 1866 non
2920 1809 3097 1880 capit,
3125 1809 3249 1880 quia
3284 1823 3517 1881 corpore
3552 1810 3714 1878 quasi

401 1904 609 1961 addidit
638 1922 650 1958 :

524 2021 754 2085 Sanctius
777 2020 856 2085 bis
878 2019 1078 2085 animal,
1101 2021 1634 2085 mentisquecapacius
1656 2020 1771 2073 altae

522 2084 715 2134 Deerat
732 2082 912 2147 adhuc,
935 2090 988 2134 et
1008 2082 1144 2147 quod
1165 2082 1405 2135 dominari
1428 2082 1482 2134 in
1496 2091 1680 2135 caetera
1704 2092 1897 2148 posset;

525 2147 681 2199 Natus
700 2146 846 2197 homo
859 2153 954 2197 est.

396 2256 553 2314 Adeo
580 2255 731 2313 nefas
753 2255 1173 2313 existimandum
1204 2265 1288 2314 est
1315 2271 1380 2313 ea
1408 2255 1641 2313 scrutari
1662 2299 1677 2325 ,
1717 2271 1840 2329 quae
1863 2256 2002 2314 Deus

393 2349 569 2405 voluit
595 2364 715 2406 esse
740 2351 949 2406 celata!
981 2349 1182 2406 Verum
1213 2350 1304 2406 ille
1339 2365 1447 2406 non
1480 2348 1733 2406 audiendi
1764 2357 1858 2405 aut
1886 2349 2001 2406 dis-

394 2443 553 2501 cendi
583 2443 763 2500 studio
797 2442 1137 2515 requirebat,
1179 2442 1275 2500 sed
1313 2442 1631 2510 refellendi;
1677 2443 1804 2515 quia
1830 2441 2003 2499 confi-

395 2535 560 2592 debat
589 2536 863 2592 neminem
902 2535 957 2591 id
994 2550 1159 2607 posse
1186 2535 1392 2593 dicere.
1440 2536 1605 2604 Quasi
1644 2551 1774 2592 vero
1802 2551 1869 2593 ex
1900 2535 2003 2593 hoc

396 2630 695 2702 putandum
723 2630 811 2696 sit,
839 2643 947 2686 non
971 2643 1095 2686 esse
1112 2630 1229 2687 base
1257 2628 1524 2686 divinitus
1543 2629 1708 2698 facta,
1735 2629 1856 2701 quia
1874 2645 2003 2701 quo-

394 2722 562 2780 modo
588 2722 729 2780 facta
753 2723 882 2790 sint,
916 2738 1021 2778 non
1054 2732 1232 2794 potest
1253 2722 1545 2795 pervideri.
1575 2721 1658 2778 An
1686 2732 1764 2790 tu,
1796 2724 1840 2779 si
1870 2723 2002 2779 edu-

394 2827 550 2875 catus
569 2818 625 2874 in
654 2819 821 2874 domo
849 2816 1143 2875 fabrefacta
1173 2827 1228 2875 et
1261 2828 1475 2888 ornata,
1509 2818 1716 2874 nullam
1744 2832 2000 2888 umquam

391 2911 658 2968 fabricam
688 2910 939 2978 vidisses,
963 2911 1186 2968 domum
1212 2911 1360 2969 illam
1389 2920 1639 2984 putasses
1669 2926 1778 2967 non
1808 2911 1877 2966 ab
1904 2910 2000 2967 ho-

394 3003 546 3062 mine
582 3021 706 3063 esse
743 3005 1097 3071 mdificatam;
1146 3005 1270 3078 quia
1298 3047 1314 3071 ,
1362 3004 1639 3077 quomodo
1680 3003 1998 3072 aedificetur,

396 3097 719 3170 ignorares?
756 3098 904 3154 Idem
932 3097 1173 3170 profecto
1203 3098 1273 3155 de
1308 3097 1471 3154 domo
1496 3112 1771 3169 quaereres
1790 3140 1806 3167 ,
1854 3096 2001 3169 quod

397 3211 545 3252 nunc
570 3195 640 3252 de
667 3194 873 3251 mundo
914 3194 1192 3266 requiris;
1233 3192 1428 3265 quibus
1466 3193 1752 3262 manibus,
1803 3191 2074 3276 quibusc

399 3289 743 3346 ferramentis
763 3288 930 3345 homo
957 3296 1102 3343 tanta
1127 3295 1274 3343 esset
1296 3301 1462 3358 opera
1488 3286 1739 3352 molitus;
1761 3285 1998 3343 maxime

396 3383 448 3439 si
462 3397 595 3441 saxa
621 3380 877 3456 ingentia,
902 3380 1164 3439 immensa
1186 3389 1471 3450 caementa,
1496 3388 1677 3438 vastas
1698 3380 2002 3448 columnas,

2106 1904 2354 1961 custodia
2382 1915 2595 1975 septum
2625 1912 2872 1972 tenetur,
2908 1902 3197 1973 quominus
3228 1902 3408 1958 soluto
3436 1916 3500 1959 ac
3529 1901 3708 1959 libero

2103 2012 2267 2056 sensu
2294 2007 2482 2055 cernat
2510 1999 2714 2055 omnia.
2750 1997 2898 2054 Sciat
2925 1996 3088 2067 igitur
3114 2011 3280 2067 quam
3306 1995 3489 2066 inepte
3518 1981 3711 2064 faciat,

2105 2092 2195 2164 qui
2230 2106 2320 2148 res
2358 2090 2751 2147 inenarrabiles
2780 2090 2997 2161 quaerit.
3044 2088 3160 2144 Hoc
3197 2097 3283 2144 est
3315 2088 3461 2144 enim
3496 2086 3718 2144 modum

2105 2184 2432 2242 conditionis
2460 2200 2573 2241 suae
2601 2182 2929 2255 transgredi,
2946 2197 3046 2239 nec
3070 2180 3392 2253 intelligere,
3427 2194 3712 2252 quousque

2106 2281 2316 2338 homini
2356 2280 2518 2337 liceat
2560 2278 2843 2336 accedere.
2895 2277 3139 2348 Denique
3172 2290 3295 2331 cum
3335 2275 3574 2345 aperiret
3614 2273 3718 2330 ho-

2105 2375 2237 2430 mini
2265 2373 2554 2430 veritatem
2587 2371 2729 2428 Deus
2753 2412 2770 2438 ,
2804 2386 2868 2427 ea
2898 2371 3017 2426 sola
3046 2371 3190 2425 scire
3219 2383 3323 2424 nos
3350 2368 3557 2436 voluit,
3596 2383 3721 2439 qua

2104 2466 2348 2524 interfuit
2398 2466 2677 2522 hominem
2722 2465 2865 2520 scire
2909 2463 2977 2518 ad
3014 2462 3179 2517 vitam
3225 2459 3713 2532 consequendam:

2104 2575 2226 2632 quae
2257 2574 2390 2616 vero
2418 2559 2485 2615 ad
2514 2559 2784 2615 curiosam
2814 2566 2868 2613 et
2897 2554 3178 2627 profanam
3208 2551 3559 2625 cupiditatem
3591 2566 3714 2623 per-

2104 2655 2370 2722 tinebant,
2402 2653 2661 2721 reticuit,
2693 2661 2750 2706 ut
2775 2665 2972 2706 arcana
3002 2659 3205 2705 essent.
3238 2645 3378 2716 Quid
3408 2659 3539 2716 ergo
3569 2660 3719 2715 qureo

2104 2749 2203 2814 ris,
2226 2747 2346 2819 quae
2376 2761 2477 2803 nec
2529 2755 2683 2818 potes
2711 2745 2870 2809 scire,
2899 2756 3000 2799 nec
3038 2742 3085 2797 si
3113 2740 3288 2805 scias,
3329 2738 3539 2794 beatior
3575 2736 3716 2793 fias?

2105 2842 2350 2901 Perfecta
2386 2852 2470 2898 est
2507 2842 2560 2896 in
2591 2840 2812 2896 homine
2853 2838 3116 2910 sapientia
3142 2878 3158 2904 ,
3211 2834 3256 2889 si
3287 2843 3343 2890 et
3385 2833 3555 2889 Deum
3590 2845 3715 2889 esse

2103 2954 2267 2997 unum
2286 2981 2302 3009 ,
2328 2948 2382 2995 et
2402 2938 2470 2994 ab
2502 2937 2621 3008 ipso
2646 2950 2769 2993 esse
2796 2934 2934 2990 facta
2961 2931 3212 2988 universa
3240 2934 3555 3001 cognoscat.

2732 3047 2964 3106 CAPUT
2992 3046 3062 3103 X.

2105 3168 2186 3226 De
2226 3167 2418 3224 mundo
2466 3166 2675 3239 ejusque
2720 3161 2984 3236 partibus,
3039 3158 3299 3216 elementis
3343 3163 3392 3213 et
3436 3163 3717 3226 tempesta-

2817 3255 2974 3311 tibus.

2183 3397 2338 3455 Nunc
2370 3395 2625 3467 quoniam
2664 3392 3022 3451 refutavimus
3056 3404 3154 3449 eos
3195 3387 3288 3461 qui
3316 3387 3387 3446 de
3427 3384 3632 3443 mundo
3660 3389 3723 3441 et

1750 3533 2118 3593 VARIORUM
2154 3532 2390 3592 NOTAE.

400 3676 582 3741 nost.,
606 3674 776 3741 Pier.,
805 3674 997 3732 Parrh.
1030 3672 1202 3741 Crat,
1233 3673 1384 3738 Ald..
1415 3671 1640 3744 Gymn.,
1667 3671 1896 3728 Tornes.
1928 3673 2000 3729 At
2100 3670 2480 3736 luminaribus,
2511 3668 2713 3744 herbis,
2744 3667 3032 3744 fructibus,
3073 3663 3439 3744 animantibus
3476 3661 3717 3744 denique

400 3750 545 3805 male
572 3748 829 3804 Thomas.
856 3757 912 3803 et
932 3754 1218 3818 sequentes
1247 3745 1564 3818 omiserunt.

476 3820 587 3876 Sed
610 3837 675 3875 ne
700 3815 1183 3891 perspiceret—homo
1209 3834 1366 3890 opera
1391 3815 1521 3886 Dei,
1566 3823 1673 3872 etc.
1732 3815 1886 3872 Falsa
1918 3823 2003 3873 est

401 3892 523 3948 IIJPC
555 3890 824 3949 Lactantii
847 3890 1136 3946 sententia.
1774 3905 1779 3909 '

478 3963 533 4018 Ν
540 3964 673 4019 ἰηιέἰε
700 3963 953 4034 rigoribus
985 3972 1266 4032 torporata.
1298 3960 1387 4016 Sic
1416 3972 1608 4015 omnes
1637 3957 1760 4014 edd.
1804 3966 2003 4034 praeter

399 4046 513 4091 vet.
539 4036 696 4090 Rom.
734 4030 787 4089 lit
819 4035 1028 4090 cunctis
1055 4030 1226 4089 ferme
1255 4047 1384 4087 mss.
1410 4040 1491 4087 cst
1516 4039 1808 4102 corporata,
1857 4030 2000 4101 quod

401 4122 526 4162 cum
558 4106 810 4179 rigoribus
839 4106 1015 4161 minus
1041 4106 1312 4179 convenit.
1363 4103 1470 4179 Sed
1493 4111 1548 4158 et
1574 4118 1695 4179 cap.
1726 4116 1842 4172 seq.
1877 4110 1998 4171 post

402 4174 624 4234 initinni
652 4179 958 4234 Lactantius
989 4176 1175 4233 scribit
1204 4174 1697 4249 frigoribus_e_t_gelu
1724 4182 1924 4243 torpet;
1947 4182 2002 4228 et

403 4251 687 4318 torporavit
713 4250 875 4305 etiam
900 4249 1172 4319 Turpilius
1199 4245 1334 4319 dixit
1362 4246 1502 4316 apud
1528 4245 1783 4319 Nonium.

481 4316 609 4378 Sole
633 4321 859 4376 nondum
890 4316 1141 4376 instiiuto.
1173 4318 1496 4374 Thomasius
1524 4318 1670 4388 legit,
1694 4325 1755 4371 ul.
1785 4316 1835 4369 in
1860 4316 1997 4370 Bon.

402 4405 462 4452 et
488 4396 514 4449 1
548 4391 784 4448 Clarom.
810 4433 826 4459 ,
857 4393 966 4447 solo
988 4390 1213 4447 nondum
1236 4389 1465 4444 instituto
1487 4430 1502 4453 ,
1534 4388 1677 4458 quod
1710 4387 1881 4457 magis
1910 4402 2001 4459 co-

405 4468 618 4522 hmrere
660 4457 943 4519 videantur
973 4464 1250 4534 sequentia
1291 4457 1623 4534 defrugilnts
1660 4468 1715 4514 et
1757 4457 2001 4534 animali-

2104 3744 2269 3811 vivis,
2302 3757 2423 3799 sese
2452 3735 2794 3797 moventibus
2824 3741 2878 3795 in
2909 3754 3056 3807 aere,
3085 3738 3239 3811 aquis
3268 3745 3322 3792 et
3343 3744 3509 3803 terra,
3532 3735 3723 3806 utique

2104 3816 2157 3872 ci
2188 3808 2420 3871 solitudo
2446 3811 2638 3870 fuisset
2665 3812 3015 3883 permolesta,
3060 3819 3115 3866 et
3139 3808 3387 3883 defectus
3413 3821 3722 3883 rerumne-

2104 3888 2462 3943 cessariarum
2506 3878 2823 3941 felicitatem
2863 3883 3171 3953 ejusvarie
3208 3881 3500 3953 turbasset:
3551 3878 3718 3953 Plura

2107 3961 2200 4026 qui
2253 3958 2433 4020 volet,
2483 3958 2625 4027 legat
2692 3949 2931 4009 Philonis
2968 3952 3417 4027 Cosmopmiam,
3456 3949 3712 4027 Gregorii

2106 4022 2337 4101 Nysseni
2368 4022 2664 4101 iibrnmde
2696 4026 2929 4101 hominis
2957 4022 3204 4095 Opificio,
3238 4039 3359 4101 cap.
3389 4023 3444 4101 ἓ,
3478 4022 3716 4076 Ambro-

2109 4092 2176 4156 sii
2206 4101 2422 4170 epistol.
2457 4100 2524 4155 ad
2560 4099 2973 4170 Herontianum,
3006 4092 3129 4167 qua:
3155 4104 3240 4151 est
3268 4096 3360 4170 ὃὸ.
3391 4092 3644 4170 Passus.

2185 4165 2453 4240 Quomodo
2494 4171 2795 4238 tedi/icetur.
2841 4168 2925 4240 Ita
2966 4165 3096 4221 mss.
3127 4182 3195 4240 es
3225 4166 3419 4240 quibus
3455 4165 3569 4240 duq
3592 4167 3735 4240 sunt.

2108 4231 2350 4316 Qniritium
2406 4231 2767 4311 antiquissimi
2804 4240 2843 4316 _I
2896 4239 3121 4316 Bonaet‘
3160 4238 3197 4316 I_
3233 4231 3394 4316 Reg.,
3444 4231 3716 4316 dJColbg

2107 4314 2258 4379 Jun.,
2309 4315 2472 4369 Brun.
2505 4302 2560 4369 et
2604 4311 2950 4382 quamplurcs
2986 4309 3144 4382 _editi.
3181 4302 3654 4382 ltt_.i'scriptis_et
3681 4302 3720 4357 2

2110 4373 2339 4457 vulgatis
2382 4394 2466 4441 est
2512 4373 2844 4457 tediiicqtur;
2893 4380 2946 4434 in
2977 4379 3013 4433 2
3041 4394 3172 4457 mss.
3201 4377 3359 4457 _Reg.
3408 4384 3465 4431 et
3495 4374 3532 4457 1
3566 4373 3719 4457 Dips.

2108 4444 2496 4526 wdiﬁcaretur;
2541 4444 2652 4510 in]
2680 4452 2919 4508 Clarom.
2952 4465 3017 4506 ac
3040 4450 3173 4506 edit.
3201 4444 3436 4505 Tornes.
3485 4455 3541 4502 et
3583 4444 3724 4502 Sou-

404 4507 717 4608 i;::.':':...2s
749 4507 943 4591 ῆῑξδῑδ
973 4507 1448 4608 assam...
1468 4507 1763 4608 ῖεειερηριη
1788 4529 2002 4608 cae...
2028 4507 2081 4567 ι)
2105 4507 2601 4608 Βὲὲξίὶἷῖαῑέἰέιᾴέζ

406 4599 661 4664 omnibus
701 4622 830 4663 mss.
863 4615 918 4662 et
946 4606 1222 4677 impressis
1249 4599 1785 4677 receptamgexhibui.
1831 4599 2004 4656 Carte-

406 4697 530 4735 rum
555 4680 618 4734 de
640 4680 760 4734 soln
787 4720 800 4742 ,
828 4679 943 4734 sive
969 4672 1111 4734 terra
1133 4719 1148 4742 ,
1182 4675 1489 4732 Lactantius
1515 4675 1625 4744 jam
1666 4672 1874 4729 dixerat
1903 4713 1916 4736 ,
1949 4680 2006 4727 et

407 4752 676 4807 rationem
706 4750 985 4805 Thomasii
1027 4748 1159 4803 nihil
1193 4748 1392 4803 habere
1422 4743 1679 4802 momenti
1719 4743 2001 4814 intelliget,

407 4825 728 4895 quiitextum
752 4821 1060 4895 inspexerit.
1080 4819 1277 4895 Issus.

487 4893 763 4949 Hominem
809 4885 968 4960 [uisse
995 4893 1231 4947 ultimum
1273 4889 1374 4945 Dei
1417 4905 1565 4962 Opus.
1594 4887 1732 4962 Gen.
1777 4900 1833 4962 c._
1857 4904 1917 4942 ιι.
1948 4885 2007 4942 Si

408 4966 533 5039 quis
561 4967 803 5039 miretur,
842 4980 952 5039 cur
970 4964 1108 5020 Deus
1137 4962 1287 5039 operi
1324 4960 1783 5039 _p_r:eSta_ntissinto
1821 4960 2000 5014 locum

408 5030 747 5109 postremum
774 5036 1031 5109 dederit,
1066 5030 1297 5089 sufficiat
1324 5033 1397 5088 illi
1426 5030 1823 5109 sapientissima
1852 5043 2007 5085 crea-

411 5102 549 5164 ioris
569 5109 830 5163 voluntas.
864 5106 921 5163 Si
946 5107 1062 5177 quis
1091 5115 1271 5177 tamen
1295 5118 1487 5177 causas
1515 5104 1723 5177 aliquas
1747 5102 2008 5177 scire_ve—

409 5181 494 5247 Iit,
531 5180 627 5233 has
650 5180 841 5235 habeat
864 5197 876 5231 :
902 5171 1177 5248 Indigebat
1197 5176 1362 5248 homo
1388 5174 1683 5240 domicilio,
1711 5171 2008 5248 etquidem

411 5241 518 5307 nec
547 5266 736 5318 vacuo,
783 5265 883 5305 nec
907 5241 1134 5304 deformi
1160 5289 1174 5312 ,
1223 5247 1421 5318 quippe
1458 5253 1703 5318 creatura
1735 5243 1829 5318 Dei
1856 5241 2014 5318 nobi-

410 5323 643 5384 lissima,
688 5315 743 5377 et
785 5320 1055 5376 semideus
1099 5315 1611 5391 quidam'rexistens.
1656 5315 1816 5391 _Prius
1854 5315 2013 5386 igitur

416 5395 564 5449 Deus
592 5393 1013 5459 pulcherrimum
1042 5400 1096 5448 et
1116 5386 1582 5446 absolutissimum
1606 5429 1621 5455 ,
1656 5386 1760 5440 hoc
1788 5395 1895 5459 est,
1927 5401 2013 5440 re—

416 5467 520 5519 bus
547 5457 862 5519 adornatum
890 5504 906 5528 ,
951 5464 1017 5518 ad
1049 5478 1227 5529 usum,
1261 5461 1326 5516 ad
1352 5460 1747 5530 jucumlitatem
1778 5457 2011 5530 denique

414 5537 783 5592 omnimodam
852 5527 1241 5604 pertinentibus
1304 5527 1713 5604 refertissimum
1776 5527 2013 5604 universi

418 5608 688 5663 theatrum
724 5600 1062 5670 construxit;
1105 5612 1293 5675 postea
1338 5602 1634 5675 hominem
1660 5601 1729 5675 in_
1757 5600 2010 5669 palatium

414 5679 857 5749 augustissimum
917 5677 989 5731 ita
1046 5671 1405 5747 pricparatum
1460 5671 1812 5749 i_ntr_oduxit,_
1851 5680 2013 5749 atque

414 5741 680 5807 créaturis
721 5749 972 5804 omnibus
1012 5741 1311 5820 principem
1358 5745 1596 5820 praefecit
1626 5741 1814 5820 :_quod
1845 5744 1887 5795 si
1918 5742 2015 5820 b_o-

416 5838 506 5880 tuo
541 5821 794 5878 mundum
837 5812 1126 5891 repetisset
1154 5812 1406 5889 vacuum,
1454 5824 1509 5873 et
1535 5812 1846 5873 destitutum
1874 5812 2009 5880 sole,

2108 4590 2413 4730 soﬂgriigs:
2438 4597 2703 4669 Trismeg.
2751 4593 2893 4667 apud
2920 4593 3075 4651 Stob.
3125 4592 3180 4649 in
3205 4590 3506 4648 Collectan.
3540 4602 3711 4645 serm.

2187 4722 2198 4730 .
2262 4686 2293 4727 e
2372 4686 2455 4725 IIS.

2187 4722 2198 4739 ,
2224 4686 2293 4727 ue
2328 4686 2455 4725 uns.

2186 4765 2613 4837 Perspectionem:
2657 4760 2824 4837 Quod
2850 4766 2961 4837 tota
2997 4758 3117 4837 haec
3142 4756 3316 4837 sectio
3341 4768 3505 4837 supra
3532 4751 3721 4837 requi-

2108 4842 2198 4897 rit.
2225 4824 2371 4894 Vidit
2390 4837 2551 4891 etiam
2581 4824 2895 4906 Borrichius
2924 4832 2976 4906 in
3003 4827 3221 4906 defectu
3252 4824 3579 4906 lexicorum.
3605 4824 3723 4906 Ite:

2111 4895 2230 4968 rum
2261 4910 2411 4965 Lact.
2441 4908 2478 4962 l.
2516 4907 2584 4961 de
2611 4905 2696 4960 Ira
2721 4919 2772 4959 c.
2802 4905 2828 4958 1
2871 4919 2885 4957 :
2926 4902 2972 4957 A
2998 4903 3101 4956 veri
3132 4899 3502 4967 perspectione.
3536 4895 3725 4968 Inveni

2111 4967 2328 5055 quoque
2348 4994 2553 5055 vocem
2565 4976 2826 5055 rariorem
2849 4989 2930 5055 est
2938 4971 3335 5055 antiquioribus
3360 4968 3539 5055 adhuc
3569 4967 3722 5055 igno-

2112 5037 2218 5110 tam
2242 5037 2304 5108 lin
2332 5048 2614 5121 AuguSIini
2648 5048 2717 5103 de
2743 5046 2987 5121 CivaDei
3008 5086 3023 5112 ,
3051 5037 3091 5098 ιζ
3124 5058 3214 5121 vui
3238 5084 3253 5107 ,
3276 5056 3331 5121 _c.
3361 5041 3401 5121 ξ
3429 5057 3441 5091 :
3476 5037 3721 5093 Contem-

2112 5126 2271 5199 platio
2300 5111 2698 5195 perspectionem
2720 5119 2817 5173 sibi
2840 5111 3065 5172 vindicat
3091 5114 3333 5170 veritatis.
3363 5111 3497 5165 BUN.

2185 5216 2433 5273 Custodit:
2455 5222 2677 5285 septum.
2711 5211 2803 5285 §ic
2832 5210 3163 5285 de_corpore
3191 5203 3448 5285 etanima
3478 5198 3725 5285 loquitur

2112 5269 2346 5346 Pla'toin
2381 5269 2671 5341 Phaedone.
2692 5283 2796 5355 iSie
2820 5269 3362 5355 et_Lactantius“i.pse
3395 5272 3446 5355 in
3478 5271 3620 5326 libro
3652 5269 3725 5355 de

2117 5340 2346 5431 D-pi'ficio
2372 5340 2491 5424 Dei,
2523 5371 2652 5431 _cap.
2681 5354 2785 5420 20,
2828 5352 2894 5406 ad
2926 5357 3169 5431 mentem
3209 5340 3728 5431 Platonicorumde

2121 5416 2339 5487 homine
2362 5431 2434 5484 ait
2468 5416 2490 5484 τ’
2513 5416 2654 5481 Nam
2685 5416 3041 5493 corpusculum
3071 5419 3166 5473 hoc
3190 5432 3291 5488 quo
3321 5416 3491 5470 induti
3520 5430 3723 5478 sumus,

2120 5504 2339 5559 hominis
2365 5498 2741 5567 receptaculum
2772 5504 2863 5548 est.

2195 5595 2273 5650 Ea
2298 5595 2409 5649 sola
2437 5592 2629 5646 scire...
2667 5587 2944 5641 curiosam.
2977 5582 3135 5639 Conf.
3162 5581 3323 5645 infra,
3353 5580 3394 5635 I.
3430 5595 3502 5644 tt,
3535 5593 3585 5633 ο.
3616 5576 3721 5650 II;

2119 5668 2156 5723 Ι.
2183 5647 2269 5730 tl—I,
2295 5647 2437 5719 90
2464 5682 2475 5716 :
2504 5664 2577 5716 De
2603 5660 2771 5730 Cpit,
2803 5674 2853 5713 c.
2878 5659 2963 5712 15.
2990 5656 3220 5730 Tertull.
3250 5654 3316 5707 dc
3344 5651 3558 5730 Anima,
3588 5662 3637 5699 c.
3664 5647 3719 5730 1,

2122 5719 2267 5794 ἦιίίξ
2306 5736 2530 5791 Praestat
2566 5719 2666 5802 per.
2685 5719 2853 5785 Deum
2885 5729 3102 5802 nescire,
3131 5729 3251 5792 quia
3279 5741 3379 5777 non
3408 5719 3719 5802 νεινςζαςςῇζυ

2120 5786 2275 5883 iii'dn}
2302 5786 2677 5880 {ef/iamnon:
2705 5803 2855 5872 scire,
2886 5801 3005 5874 quia
3026 5786 3553 5871 ipse'prtesumpscrit.
3584 5786 3720 5860 Bon,
