4174 6200
484 242 590 298 507

1593 234 1779 294 FIRM.
1822 228 2187 291 LACTANTII
2227 228 2432 287 DIVIN.
2474 230 2717 291 INSTI'I‘.

3684 230 3789 288 508

485 360 551 416 de
595 358 797 415 factore
825 357 942 426 ejus
970 357 1085 412 Deo
1111 355 1268 413 aliter
1292 355 1532 412 sentiunt
1567 370 1728 427 quam
1758 353 1956 411 veritas
1984 352 2079 407 ha—
2106 351 2159 414 Α
2186 350 2367 407 nebrte
2395 394 2410 420 ,
2461 351 2531 408 ita
2562 351 2736 425 frigus
2773 352 2958 410 calori.
3004 352 3074 410 Ut
3102 352 3263 425 igitur
3290 351 3437 407 calor
3482 348 3673 404 lumini
3705 359 3789 404 cst

482 452 596 521 bet,
625 450 691 507 ad
714 450 947 506 divinam
977 449 1163 504 mundi
1190 448 1449 505 fabricam
1480 459 1850 515 revertamur,
1878 446 1947 503 de
1976 461 2079 518 qua

486 543 542 599 in
580 540 791 596 arcanis
834 548 1038 595 sancta:
1078 540 1356 612 religionis
1396 540 1592 597 litteris
1636 540 1882 596 traditur.
1930 538 2082 594 Fecit

482 634 644 705 igitur
676 633 819 688 Deus
856 633 1089 704 primum
1117 638 1361 689 omnium
1397 635 1595 691 caelum
1620 675 1636 700 ,
1683 644 1737 689 et
1765 634 1818 688 in
1850 631 2081 687 sublime

490 726 790 796 suSpendit,
840 726 982 796 quod
1030 735 1177 783 esset
1212 726 1371 782 sedes
1407 726 1579 798 ipsius
1626 725 1718 780 Dei
1760 721 2077 779 conditoris.

481 820 688 877 Deinde
709 830 908 879 terram
932 820 1191 890 fundavit,
1215 837 1279 878 ac
1299 822 1438 880 caelo
1457 820 1713 887 subdidit,
1735 835 1895 892 quam
1918 818 2080 873 homo

482 930 605 970 cum
626 915 837 970 caeteris
860 915 1171 971 animalium
1192 916 1481 987 generibus
1505 915 1794 971 incoleret.
1824 912 1959 968 Eam
1987 926 2081 966 vo-

483 1009 583 1066 luit
607 1008 834 1064 humore
859 1009 1191 1077 circumﬂui,
1221 1019 1275 1065 et
1302 1010 1593 1065 contineri.
1625 1008 1794 1064 Suum
1826 1020 1955 1061 vero
1986 1004 2081 1059 ha—

483 1101 772 1158 bitaculum
801 1099 1041 1156 distinxit
1066 1100 1227 1156 claris
1249 1100 1562 1169 luminibus,
1589 1108 1645 1155 et
1675 1099 1940 1170 implevit,
1967 1098 2084 1153 sole

484 1193 732 1260 scilicet,
766 1192 1016 1264 lunaeque
1045 1193 1177 1249 orbe
1202 1191 1463 1265 fulgenti,
1493 1202 1551 1249 et
1575 1202 1844 1248 astrorum
1875 1190 2082 1246 mican-

484 1288 618 1343 tium
646 1287 1052 1358 splendentibus
1074 1288 1243 1358 signis
1269 1286 1584 1354 adornavit;
1601 1285 1856 1342 tenebras
1875 1292 2080 1350 autem,

485 1380 628 1454 quod
666 1390 749 1436 est
777 1379 861 1435 his
895 1380 1265 1448 contrarium,
1309 1381 1592 1436 constituit
1629 1382 1681 1434 in
1715 1389 1900 1435 terra:
1950 1376 2086 1433 nihil

487 1472 631 1530 enim
663 1487 760 1543 per
786 1486 848 1527 se
873 1471 1116 1529 continet
1156 1472 1405 1541 luminis,
1450 1474 1552 1528 nisi
1595 1471 1823 1542 accipiat
1851 1486 1881 1526 a
1911 1472 2083 1540 caelo,

486 1565 542 1621 in
566 1581 673 1637 quo
700 1567 878 1636 posuit
904 1565 1076 1621 lucem
1106 1580 1400 1636 perennem
1422 1607 1437 1631 ,
1466 1574 1521 1621 et
1545 1579 1773 1637 superos
1793 1606 1808 1631 ,
1838 1572 1893 1620 et
1921 1564 2087 1620 vitam

488 1669 837 1731 perpetuam,
889 1667 942 1713 et
971 1668 1162 1713 contra
1194 1659 1246 1714 in
1276 1668 1418 1714 terra
1448 1658 1732 1725 tenebras,
1775 1667 1829 1714 et
1858 1656 2082 1725 inferos,

2183 446 2459 516 proximus
2481 488 2496 513 ,
2551 447 2631 503 sic
2661 447 2920 504 meridies
2948 448 3145 503 orienti
3178 465 3189 499 :
3223 458 3280 500 ut
3312 445 3478 516 frigus
3510 443 3745 499 tenebris
3771 485 3786 509 ,

2184 537 2257 605 ita
2286 536 2438 608 plaga
2467 546 2552 593 est
2577 539 3020 609 septentrionalis
3049 537 3287 595 occasui.
3331 534 3534 604 Quibus
3561 535 3792 606 singulis

2183 629 2425 700 partibus
2450 644 2606 685 suum
2633 642 2845 703 tempus
2873 630 3119 687 attribuit
3145 672 3160 699 ,
3209 647 3303 686 ver
3327 629 3537 685 scilicet
3562 626 3787 693 orienti,

2183 730 2424 777 aestatem
2481 724 2795 779 meridianm
2858 725 3069 795 plagas;
3141 722 3442 779 occidentis
3493 730 3793 777 autumnus

2185 825 2301 883 est,
2329 819 2717 889 septentrionis
2739 818 2953 892 hyems.
2977 818 3036 875 In
3069 819 3154 875 his
3181 833 3399 891 quoque
3428 816 3641 873 duabus
3666 831 3794 888 par-

2185 910 2328 967 tibus
2354 954 2368 977 ,
2415 912 2715 968 meridiana
2754 923 2809 969 et
2852 913 3305 987 septentrionali,
3353 912 3524 983 figura
3570 911 3694 965 vitae
3737 919 3791 966 et

2186 1005 2378 1060 mortis
2407 1005 2715 1062 continetur
2750 1032 2765 1063 ;
2795 1007 2921 1078 quia
2951 1009 3058 1061 vita
3091 1006 3141 1061 in
3174 1004 3359 1060 calore
3394 1012 3509 1068 est,
3558 1017 3704 1057 mors
3738 1004 3789 1056 in

2188 1096 2408 1168 frigore.
2448 1098 2601 1155 Sicut
2631 1110 2812 1157 autem
2845 1101 2997 1156 calor
3022 1117 3088 1156 ex
3116 1101 3237 1171 igne
3269 1106 3381 1164 est,
3424 1098 3497 1153 ita
3527 1096 3698 1169 frigus
3725 1113 3791 1154 cx

2187 1203 2347 1260 aqua.
2376 1188 2683 1247 Secundum
2714 1192 2905 1248 harum
2931 1192 3162 1263 partium
3187 1190 3610 1256 dimensionem,
3643 1187 3789 1244 diem

2190 1297 2403 1355 quoque
2431 1282 2559 1339 fecit
2588 1299 2652 1340 ac
2679 1294 2898 1341 noctem
2919 1326 2932 1352 ,
2964 1299 3083 1357 qum
3115 1284 3283 1354 spatia
3306 1324 3321 1350 ,
3349 1289 3405 1338 et
3452 1281 3612 1337 orbes
3657 1290 3793 1336 tem-

2190 1390 2382 1444 porum
2410 1387 2701 1449 perpetuos
2728 1392 2791 1433 ac
2817 1377 3106 1444 volubiles,
3140 1391 3277 1447 quos
3297 1388 3559 1430 vocamus
3588 1387 3784 1438 annos,

2191 1469 2399 1525 alterna
2427 1484 2524 1540 per
2549 1471 2695 1525 vices
2720 1471 3068 1526 successione
3097 1468 3410 1523 conficiant.
3454 1466 3597 1535 Dies,
3630 1480 3792 1537 quem

2190 1565 2397 1635 primus
2431 1564 2613 1620 oriens
2644 1564 3058 1631 subministrat,
3097 1562 3190 1618 Dei
3220 1563 3292 1618 sit
3322 1574 3547 1616 necesse
3571 1568 3692 1626 est,
3738 1568 3796 1614 ut

2192 1656 2373 1712 omnia
2399 1671 2753 1728 quaecumque
2784 1656 3009 1712 meliora
3039 1664 3187 1711 sunt.
3230 1652 3347 1710 Nox
3378 1660 3591 1718 autem,
3631 1668 3792 1723 quam

488 1760 545 1808 et
572 1762 820 1807 mortem.
851 1749 1022 1809 Tanto
1051 1752 1193 1807 enim
1226 1752 1341 1808 haec
1369 1752 1438 1807 ab
1468 1752 1571 1807 illis
1599 1752 1969 1822 superioribus
1994 1751 2078 1807 di-
2106 1750 2158 1812 B
2185 1748 2434 1805 occidens
2462 1759 2735 1804 extremus
2764 1747 3001 1814 inducit,
3041 1745 3159 1819 ejus
3188 1746 3431 1812 scilicet,
3486 1760 3650 1817 quem
3699 1744 3794 1800 Dei

490 1849 671 1910 stant,
711 1853 969 1914 quantum
1010 1843 1150 1899 mala
1175 1860 1204 1898 a
1242 1845 1396 1899 bonis
1423 1886 1440 1913 ,
1473 1854 1527 1900 et
1555 1845 1682 1899 vitia
1708 1860 1736 1899 a
1768 1845 2085 1901 virtutibus.

492 1937 663 2008 Ipsius
685 1952 899 2008 quoque
928 1945 1088 1993 terrae
1120 1936 1273 1993 binas
1303 1948 1483 2009 partes
1510 1938 1810 1995 contrarias
1843 1939 1981 1994 inter
2005 1953 2085 2007 se,

490 2030 841 2102 diversasque
882 2032 1180 2099 constituit,
1227 2031 1435 2088 scilicet
1475 2031 1746 2089 orientem
1774 2074 1789 2099 ,
1836 2031 2091 2087 occiden-

490 2132 707 2194 temque
738 2141 751 2177 :
780 2139 845 2179 ex
868 2123 1065 2195 quibus
1093 2124 1272 2179 oriens
1301 2125 1411 2180 Deo
1450 2134 1799 2186 accensetur;
1829 2124 1951 2195 quia
1975 2126 2090 2195 ipse

496 2216 718 2271 luminis
742 2215 884 2284 fons,
926 2224 982 2272 ct
1012 2216 1313 2275 illustratur
1339 2226 1423 2273 est
1451 2232 1659 2283 rerum,
1704 2227 1759 2273 et
1788 2216 1931 2288 quod
1959 2218 2091 2273 oriri

499 2321 599 2363 nos
637 2307 797 2363 faciat
836 2306 903 2363 ad
946 2309 1109 2364 vitam
1158 2311 1563 2381 sempiternam.
1615 2307 1883 2365 Occidens
1909 2320 2087 2366 autem

493 2398 828 2454 conturbata:
877 2399 949 2453 illi
992 2415 1277 2471 pravaaque
1321 2402 1487 2456 menti
1530 2401 1891 2469 adscribitur,
1943 2402 2089 2475 quod

494 2492 678 2545 lumen
707 2491 1031 2558 abscondat,
1061 2493 1203 2564 quod
1237 2494 1486 2549 tenebras
1514 2510 1729 2564 semper
1758 2495 2001 2560 inducat,
2029 2504 2086 2552 et

491 2581 633 2652 quod
662 2580 907 2638 homines
935 2581 1097 2639 faciat
1121 2584 1370 2641 occidere
1396 2595 1558 2657 atque
1581 2586 1803 2642 interire
1831 2588 2085 2658 peccatis.

489 2673 623 2729 Nam
651 2674 788 2730 sicut
817 2675 905 2730 lux
934 2676 1158 2731 orientis
1190 2686 1274 2732 est
1300 2719 1318 2744 ,
1366 2678 1418 2733 in
1445 2677 1565 2732 luce
1594 2688 1772 2733 autem
1801 2678 1923 2735 vitae
1952 2679 2089 2734 ratio

488 2776 775 2833 versatur;
819 2768 896 2823 sic
941 2768 1237 2824 occidentis
1286 2768 1523 2825 tenebrat
1550 2781 1716 2826 sunt:
1750 2770 1802 2825 in
1851 2770 2091 2828 tenebris

489 2870 692 2927 autem,
723 2872 778 2917 et
808 2877 975 2927 mors,
1006 2873 1060 2918 et
1080 2863 1331 2918 interitus
1356 2864 1684 2920 continetur.
1715 2865 1918 2921 Deinde
1947 2866 2089 2923 alte-

488 2968 579 3007 ras
604 2962 782 3022 partes
803 2953 990 3009 eadem
1023 2955 1228 3010 ratione
1263 2954 1540 3011 dimensus
1569 2966 1674 3022 est,
1719 2956 1998 3013 meridiem
2026 2972 2091 3013 ac

490 3047 917 3116 septentrionem
969 3065 983 3102 :
1021 3063 1140 3117 quae
1191 3057 1370 3117 partes
1416 3048 1521 3103 illis
1566 3049 1776 3104 duabus
1827 3052 2089 3107 societate

2188 1858 2310 1899 esse
2338 1843 2590 1897 aemulum
2618 1842 2876 1898 diximus.

2260 1934 2391 2004 Quae
2419 1935 2527 1989 duo
2554 1937 2714 1990 etiam
2755 1934 2811 1989 in
2855 1934 2958 1990 hoc
3009 1934 3270 2004 praescius
3308 1933 3609 1989 futurorum
3646 1933 3794 1989 Deus

2190 2029 2336 2096 fecit,
2365 2036 2425 2085 ut
2445 2043 2509 2084 es
2542 2027 2628 2094 iis,
2670 2036 2725 2084 et
2750 2043 2894 2085 vera:
2920 2027 3218 2101 religionis,
3240 2038 3294 2085 et
3320 2028 3574 2085 falsarum
3604 2044 3799 2098 super-

2190 2122 2468 2178 stitionum
2507 2122 2683 2192 imago
2735 2120 2983 2192 quaedam
3030 2120 3433 2177 ostenderetur.
3477 2120 3610 2175 Nam
3660 2121 3802 2176 sicut

2190 2212 2296 2278 sol,
2322 2212 2414 2282 qui
2458 2212 2631 2267 oritur
2681 2212 2734 2267 in
2762 2212 2929 2278 diem,
2971 2212 3093 2268 licet
3121 2214 3189 2268 sit
3230 2229 3407 2280 unus,
3439 2212 3580 2269 unde
3627 2213 3801 2268 solem

2192 2320 2314 2361 esse
2343 2306 2672 2376 appellatum
2703 2304 2893 2361 Cicero
2928 2305 3045 2361 vult
3083 2304 3254 2361 videri
3301 2304 3422 2377 (lib.
3474 2321 3513 2360 ιι
3554 2305 3618 2358 de
3665 2303 3796 2359 Nat.

2193 2398 2456 2464 deorum),
2483 2397 2628 2469 quod
2656 2397 2959 2453 obscuratis
2994 2396 3297 2464 sideribus,
3333 2398 3481 2453 solus
3519 2406 3795 2468 appareat,

2194 2504 2373 2548 tamen
2421 2493 2543 2564 quia
2587 2508 2775 2549 verum
2820 2506 2884 2549 ac
2923 2492 3176 2563 perfectae
3218 2490 3568 2564 plenitudinis
3618 2490 3797 2546 lumen

2192 2596 2296 2654 est,
2345 2594 2401 2642 et
2449 2588 2634 2642 calore
2684 2585 2986 2657 potissimo,
3032 2594 3087 2641 et
3133 2585 3340 2656 fulgore
3383 2584 3686 2641 clarissimo
3729 2584 3797 2638 il-

2191 2680 2382 2735 lustrat
2401 2679 2617 2735 omnia:
2653 2680 2724 2734 ita
2753 2679 2807 2734 in
2832 2678 2964 2744 Deo,
2993 2677 3120 2733 licet
3143 2678 3213 2731 sit
3232 2692 3393 2743 unus,
3425 2684 3481 2732 et
3507 2675 3793 2746 majestas,

2192 2779 2247 2826 et
2272 2771 2461 2839 virtus,
2494 2780 2548 2825 et
2572 2769 2838 2826 claritudo
2860 2768 3095 2839 perfecta
3124 2779 3227 2824 est.
3260 2769 3375 2824 Nox
3404 2776 3609 2833 autem,
3631 2784 3794 2840 quam

2193 2880 2359 2936 pravo
2406 2865 2484 2919 illi
2526 2864 2771 2920 antitheo
2799 2863 3032 2919 dicimus
3081 2865 3414 2930 attributam,
3464 2863 3583 2933 ejus
3626 2864 3797 2934 ipsius

2193 2958 2392 3012 multas
2412 2966 2468 3012 et
2494 2957 2670 3012 varias
2694 2957 2983 3029 religiones
3007 2973 3101 3028 per
3131 2956 3539 3012 similitudinem
3565 2956 3793 3012 demen-

2192 3058 2345 3105 strat.
2379 3048 2637 3119 Quamvis
2680 3051 2823 3105 enim
2850 3049 3021 3106 stellae
3053 3049 3477 3106 innumerabiles
3497 3049 3698 3106 micare
3730 3065 3795 3106 ac

484 3138 798 3207 junguntur.
842 3138 919 3192 Ea
944 3138 1112 3203 enim,
1139 3154 1261 3208 qua:
1279 3152 1359 3195 est
1385 3141 1515 3195 solis
1542 3141 1721 3196 calore
1750 3142 2083 3212 flagrantior,
2112 3140 2158 3207 C
2190 3142 2401 3198 radiare
2442 3141 2758 3207 videantur;
2791 3151 2971 3197 tamen
2991 3181 3007 3209 ,
3053 3143 3177 3212 quia
3224 3156 3331 3198 non
3376 3151 3504 3197 sunt
3531 3142 3683 3211 plena
3729 3157 3793 3197 ac

488 3229 733 3298 proxima
761 3238 875 3294 est,
906 3239 961 3284 et
985 3229 1227 3284 cohteret
1252 3230 1470 3286 orienti.
1496 3232 1566 3285 At
1594 3233 1680 3287 illa
1706 3274 1721 3297 ,
1774 3248 1892 3303 qua:
1924 3232 2085 3303 frigo-

486 3319 637 3375 ribus
659 3330 713 3374 et
734 3329 993 3392 perpetuo
1018 3322 1139 3391 gelu
1173 3332 1383 3394 torpet,
1430 3323 1673 3394 ejusdem
1699 3334 1783 3379 est
1807 3327 1961 3396 cujus
1989 3342 2083 3382 ex-

488 3424 690 3469 tremus
720 3429 965 3471 occasus.
996 3414 1129 3470 Nam
1157 3415 1296 3471 sicut
1323 3417 1608 3472 contrariae
1637 3427 1763 3473 sunt
1789 3418 1973 3474 lumini
2004 3429 2082 3475 te-

2191 3236 2360 3292 solida
2387 3237 2608 3301 lumina,
2644 3252 2745 3293 nec
2788 3236 2985 3292 caloris
3015 3235 3307 3307 praeferunt
3348 3234 3660 3306 quidquam,
3693 3250 3792 3291 nec

2191 3330 2439 3387 tenebras
2492 3329 2834 3386 multitudine
2885 3344 2982 3385 sua
3029 3330 3271 3385 vincunt.
3328 3329 3442 3385 Duo
3494 3330 3653 3401 igitur
3696 3331 3787 3387 illa

2188 3424 2502 3496 principalia
2531 3424 2892 3490 inveniuntur,
2929 3439 3047 3495 quae
3074 3423 3347 3479 diversam
3373 3431 3428 3478 et
3462 3424 3787 3479 contrariam

1815 3553 1903 3610 VA
1914 3554 2175 3616 RIORUM
2214 3559 2444 3617 ΝΟΤΛΕ.

553 3663 625 3724 Et
651 3665 714 3721 de
731 3670 927 3739 [actore
946 3666 1077 3739 ejus.
1095 3663 1362 3721 Restitute
1380 3665 1693 3739 pra-positio
1709 3667 1773 3722 de
1788 3683 1853 3723 ex
1871 3671 2080 3726 cunctis

483 3753 622 3811 pene
644 3735 1034 3811 mss.l_)ee.stin
1050 3735 1214 3811 L‘rec.
1226 3746 1289 3811 _et
1312 3735 1690 3811 multis'editis.
1711 3740 1794 3811 _De
1810 3754 1972 3811 opere
1985 3756 2082 3798 ses

482 3807 716 3881 dierum,
736 3808 869 3881 ivide
900 3807 958 3862 S.
986 3807 1277 3881 Ambr.,S.
1313 3807 1587 3881 Basiliam,
1615 3809 1673 3881 S.
1693 3807 1918 3881 August.
1938 3814 2080 3868 Con-

481 3878 638 3942 fess.,
690 3880 784 3934 lib.
817 3893 915 3942 xu;
946 3890 1000 3933 et
1025 3878 1355 3934 Theodoret.
1390 3879 1456 3934 de
1484 3878 1838 3947 Provid.,lib.
1878 3897 1897 3936 ι
1934 3892 1988 3937 et
2016 3900 2072 3940 Il.

554 3951 875 4024 (incum/lui.
912 3949 1064 4024 Pass.
1091 3958 1172 4024 Aut
1210 3949 1447 4024 Macrob.
1480 3948 1671 4005 Somn.
1716 3952 1861 4023 Scip.
1887 3993 1902 4014 .
1934 3953 1974 4008 l.
2006 3971 2071 4024 ιι,

480 4038 530 4079 c.
560 4021 593 4078 9
617 4040 636 4094 _:
662 4019 876 4094 Gemino
911 4019 1103 4076 Oceani
1150 4021 1342 4075 ambitu
1379 4031 1528 4076 terra:
1564 4038 1750 4094 corpus
1789 4019 1938 4080 omne
1964 4019 2070 4081 cit;

480 4092 720 4150 cumﬂui.
758 4092 888 4147 Bun.

550 4164 717 4221 Suum
732 4180 849 4219 vero
862 4162 1230 4219 habitaculum.
1257 4163 1352 4219 Hic
1376 4164 1479 4220 loci
1492 4174 1546 4220 et
1561 4164 1654 4220 lib.
1677 4181 1773 4233 vn,
1789 4180 1908 4236 cap.
1924 4167 1978 4235 5,
2006 4170 2075 4225 ab

475 4245 698 4292 auctore
723 4246 909 4292 nostro
932 4237 1127 4291 coelum
1159 4235 1421 4306 accipitur
1439 4252 1534 4307 pro
1552 4238 1795 4292 universa
1814 4235 2073 4297 ctelornm

475 4310 641 4380 mole,
656 4319 923 4380 quatenus
942 4310 1107 4362 etiam
1128 4322 1212 4380 em
1222 4323 1441 4380 pyreum
1460 4310 1856 4378 complectitur.
1885 4310 2070 4367 lsaus.

551 4377 805 4452 Tenebras
829 4390 1020 4444 autem,
1054 4379 1190 4445 quod
1217 4377 1289 4433 est
1317 4379 1395 4452 Itis
1418 4377 1752 4435 contrarium.
1781 4380 1927 4435 Nihil
1958 4400 2076 4440 mu-
2100 4392 2153 4452 D

477 4451 694 4524 tandum
723 4467 735 4502 :
764 4452 900 4524 quod
928 4460 999 4504 est
1018 4451 1304 4524 significat.
1332 4450 1387 4503 id
1405 4461 1502 4524 est,
1528 4452 1623 4524 hoc
1652 4462 1745 4524 est,
1786 4467 1888 4524 pro
1920 4470 2070 4508 more

473 4522 725 4586 aliorum,
748 4533 802 4575 et
831 4522 1112 4582 Lactantii,
1149 4522 1186 4575 l.
1215 4537 1288 4585 vn,
1316 4536 1364 4576 c.
1398 4520 1471 4576 25
1501 4540 1513 4576 :
1547 4522 1729 4577 Divina
1752 4520 1835 4578 felt:
1855 4524 1985 4579 duos
2015 4528 2069 4579 in

472 4592 878 4667 r_na_trin_toniuut,
920 4592 1061 4667 quod
1081 4601 1198 4658 est,
1222 4593 1275 4645 in
1301 4608 1486 4661 corpus
1514 4610 1718 4648 unum..
1738 4636 1750 4649 .
1779 4597 2062 4667 coniungit.

470 4661 615 4740 Epit:
645 4663 807 4740 Taur.
834 4678 895 4740 _c.
926 4665 1014 4719 t3.
1043 4675 1183 4717 extr.
1216 4672 1328 4722 zAN
1352 4676 1604 4733 KPONO'I‘,
1633 4666 1777 4736 quod
1807 4678 1888 4721 est
1913 4661 2064 4740 Jupi-

470 4742 543 4787 ter
574 4733 810 4790 Saturni.
833 4734 964 4789 Bon.

544 4803 728 4860 Oriens
752 4804 860 4859 Deo
880 4813 1193 4877 accensetur.
1223 4806 1314 4863 Sic
1342 4807 1412 4861 36
1455 4821 1586 4862 mss.
1618 4817 1671 4862 et
1696 4809 1879 4877 plures
1907 4808 2059 4865 editi.

463 4874 522 4948 Id
550 4888 668 4948 est,
709 4877 1037 4932 attribuitur.
1068 4875 1124 4930 lu
1154 4878 1219 4945 2,
1253 4878 1388 4948 Reg.
1423 4892 1536 4933 rec.
1566 4889 1619 4932 et
1647 4874 1923 4933 nonnullis
1949 4881 2063 4935 edi-

464 4946 555 5019 _tis,
588 4947 698 5002 Deo
727 4948 908 5003 similis
928 4959 1196 5014 censetur;
1235 4946 1378 5019 quod
1405 4960 1485 5003 est
1514 4950 1803 5019 glossema.
1839 4951 2063 5009 Videtur

461 5017 892 5091 hic‘Lactantius
921 5021 1081 5075 nimis
1106 5017 1383 5090 allegoriis
1410 5017 1711 5091 indulgere.

2184 3687 2315 3728 casu
2340 3673 2502 3730 tertio
2531 3673 2867 3747 Occidenti...
2895 3674 3249 3747 septentrioni.
3274 3673 3332 3730 In
3362 3675 3629 3747 plcrlsque
3651 3692 3780 3734 mss.

2184 3761 2281 3819 pro
2311 3748 2506 3819 Ityems,
2537 3755 2622 3802 est
2650 3745 2924 3819 [tybernae
2956 3746 3142 3819 Lectio
3167 3758 3351 3802 nostra
3384 3745 3605 3819 propius
3631 3764 3783 3806 accc-

2184 3817 2263 3870 dit
2288 3816 2359 3871 ad
2381 3818 2625 3872 ordinem
2659 3817 2854 3886 lingua:
2880 3816 3085 3871 latium.

2257 3887 2386 3953 Qua:
2411 3891 2597 3958 spatia.
2631 3888 2721 3945 Sic
2743 3902 2872 3941 mss.
2898 3887 2931 3942 6
2954 3888 3115 3959 Reg,
3147 3889 3182 3945 3
3207 3886 3387 3954 C0lb.,
3436 3889 3472 3944 2
3526 3891 3693 3948 Brun.
3729 3902 3785 3950 et

2182 3961 2521 4031 antiquiores
2550 3974 2613 4014 ac
2668 3958 2921 4031 meliores
2971 3958 3102 4016 editi
3153 3962 3288 4016 bene
3331 3962 3505 4016 multi.
3555 3962 3781 4031 Quidam

2182 4044 2314 4085 mss.
2348 4039 2402 4085 et
2422 4029 2547 4085 edd.
2574 4031 2627 4102 7,
2660 4030 2768 4102 qui.

2251 4101 2558 4168 Conﬁciant.
2591 4100 2755 4158 Goth.
2787 4100 3087 4169 Perﬁciant,
3122 4101 3249 4156 illud
3282 4103 3529 4171 pratiero.
3575 4104 3611 4159 Ι.
3664 4121 3737 4160 vn
3765 4149 3780 4172 ,

2180 4186 2230 4227 c.
2279 4175 2342 4228 l4
2375 4190 2387 4227 :
2423 4173 2612 4228 Diebus
2652 4190 2744 4242 per
2780 4175 2935 4227 vicem
2967 4175 3204 4228 revolutis
3241 4173 3385 4228 orbes
3424 4176 3783 4233 conficiuntur

2179 4260 2473 4319 annorum;
2510 4257 2561 4319 et
2594 4246 2747 4314 epit.,
2772 4260 2823 4301 c.
2851 4245 2923 4299 25
2957 4263 2968 4297 :
2995 4245 3129 4302 Ut...
3150 4262 3327 4300 cursus
3372 4257 3419 4301 et
3448 4258 3585 4301 certa
3613 4251 3781 4319 spatia

2179 4317 2502 4383 conﬁcerent.
2535 4316 2664 4371 BUN.

2253 4385 2478 4442 lnducit.
2531 4386 2605 4442 lta
2635 4402 2824 4460 omnes
2857 4385 2969 4442 fere
2998 4403 3128 4442 mss.
3174 4396 3230 4444 et
3256 4387 3417 4460 editi:
3465 4396 3523 4445 et
3560 4390 3777 4460 quidem

2179 4467 2327 4513 recte
2352 4501 2365 4522 ,
2411 4470 2469 4514 ut
2494 4458 2819 4529 respondeat
2857 4460 3327 4527 praecedentibus:
3356 4458 3539 4515 Oriens
3579 4458 3775 4518 submi-

2176 4529 2380 4603 nistrat.
2432 4532 2524 4585 Ms.
2572 4530 2764 4603 lfieg.
2796 4543 2860 4584 ac
2886 4529 2977 4603 _ed.
3003 4530 3168 4603 Tltys.
3201 4541 3255 4586 et
3280 4530 3443 4597 Gal|.,
3474 4532 3699 4588 induxit.

2234 4600 2406 4655 Etiam
2424 4602 2474 4655 in
2493 4601 2743 4674 Ιιοεᾘςιξα
2768 4600 2972 4674 restitui
2992 4617 3056 4657 ex
3080 4600 3329 4674 omnibus
3343 4606 3774 4674 mss.etimpres—

2168 4669 2265 4733 sis,
2302 4682 2495 4739 [tt-teter
2523 4674 2556 4727 5
2581 4671 2707 4727 edd.
2734 4672 3360 4743 recentiores,inqnibus
3375 4669 3767 4731 desiderantur.

2243 4742 2345 4808 Qui
2372 4746 2535 4797 oritur
2561 4743 2616 4796 in
2641 4744 2795 4797 diem.
2826 4742 2915 4800 Sic
2957 4742 3241 4801 emendavi
3289 4761 3353 4799 ex
3396 4748 3606 4801 cunctis
3638 4763 3767 4805 mss.

2167 4823 2366 4887 praeter
2394 4816 2420 4870 1
2457 4814 2590 4887 Reg.
2618 4830 2731 4870 rec.
2777 4826 2830 4869 et
2861 4815 3147 4887 editiones,
3186 4818 3456 4887 inquibus
3476 4829 3559 4873 est
3586 4819 3637 4872 in
3663 4820 3760 4873 die.

2240 4883 2492 4957 Perfecta:
2520 4886 2852 4957 plenitudinis
2882 4885 3073 4940 lumen.
3122 4883 3423 4943 Heraclitus
3449 4889 3617 4944 solem
3657 4906 3767 4946 cm-

2165 4954 2319 5011 lcstis
2345 4954 2574 5011 luminis
2608 4957 2832 5026 fontem,
2867 4967 3002 5012 teste
3030 4957 3323 5023 Macroltio,
3357 4959 3518 5020 dicit:
3548 4962 3660 5016 sive
3684 4964 3765 5016 lu-

2163 5041 2285 5099 men
2301 5043 2480 5099 snum,
2504 5029 2797 5083 secundum
2824 5028 2965 5084 Plin.
2991 5030 3203 5085 caeteris
3224 5031 3488 5086 sideribus
3514 5032 3759 5099 fmnerct;

535 5088 816 5164 Praedaque
837 5093 1011 5145 menti.
1038 5091 1137 5164 Hic
1157 5088 1373 5164 et'infra
1394 5088 1861 5149 minuscatholice
1882 5093 2059 5164 loqui-

458 5168 547 5216 tur
574 5163 885 5219 Lactantius
910 5203 926 5229 ,
972 5162 1126 5232 quasi
1167 5163 1306 5217 mala
1347 5177 1504 5218 mens
1543 5178 1815 5220 summum
1862 5162 2059 5224 habeat

456 5232 745 5289 imperium
780 5237 831 5289 in
857 5233 1144 5289 Occidens.

580 5305 699 5375 luga
727 5316 799 5360 est
814 5302 1262 5379 septentrionalis.
1308 5302 1399 5379 Sic
1441 5304 1651 5379 restitui
1682 5321 1748 5362 ex
1779 5307 2051 5379 antiquio-

451 5371 605 5449 ribus
633 5371 695 5430 et
723 5377 1037 5449 melioribus
1065 5390 1197 5449 mss.
1231 5376 1258 5449 _l
1318 5376 1551 5449 Bonum,
1573 5446 1587 5449 _
1607 5371 1928 5449 Regio-Put.
1955 5423 1970 5446 ,
2017 5382 2051 5436 2

452 5444 526 5522 al.
561 5445 695 5522 [_t_eg.
743 5446 898 5500 bona:
930 5459 1069 5502 notze
1091 5489 1107 5514 ,
1150 5446 1267 5522 Pal.
1297 5458 1353 5522 et
1379 5444 1542 5519 Lips.
1570 5446 1627 5504 In
1656 5444 1888 5522 vulgatis
1915 5444 1971 5509 et
1997 5455 2049 5509 in

450 5515 701 5585 pluribus
724 5531 855 5570 mss.
880 5525 965 5571 est
994 5520 1371 5585 septentrionis.

536 5583 633 5640 Ver
659 5586 861 5659 orienti.
917 5589 989 5640 lle
1020 5583 1104 5641 his
1126 5587 1402 5656 allegortis
1425 5632 1442 5659 ,
1481 5588 1607 5647 vide
1634 5590 1798 5648 etiam
1831 5592 1889 5651 S.
1920 5593 2050 5651 Am-

448 5656 712 5719 brosium.
742 5658 837 5712 lib.
859 5674 910 5714 tv
941 5659 1303 5714 llexameron.
1426 5656 1435 5659 ⁷
1861 5676 1867 5683 ·

523 5727 816 5810 Occidentis
854 5740 1130 5810 autulnnus
1175 5740 1282 5802 est,
1327 5732 1687 5810 septentrionis
1731 5736 1928 5810 hyeme.
1968 5735 2044 5795 Ita

448 5813 582 5859 mss.
613 5810 670 5860 et
695 5808 804 5860 vet.
835 5801 927 5866 ed.
963 5800 1123 5863 Rom.
1168 5800 1300 5862 casu
1330 5800 1594 5863 secundo.
1625 5800 1819 5866 Crateri
1845 5808 2044 5880 vulgati

2161 5098 2302 5173 sive,
2336 5108 2395 5153 ut
2424 5098 2536 5173 Cic.
2569 5101 2764 5173 voluit,
2788 5102 2910 5154 aliis
2937 5102 3160 5173 quidem
3195 5101 3498 5167 sideribus,
3535 5115 3756 5173 excepta

2160 5167 2306 5244 luna,
2341 5171 2617 5244 proprium
2657 5174 2726 5226 sit
2754 5167 2969 5244 lumen;
2992 5174 3105 5239 ipse
3131 5171 3260 5239 dux,
3298 5173 3546 5244 princeps
3566 5185 3619 5228 et
3649 5167 3763 5228 mo-

2158 5240 2379 5296 derator
2407 5242 2671 5297 luminum
2707 5245 2794 5297 sit.
2830 5242 2963 5297 Vide
2992 5244 3270 5298 Platonem
3300 5240 3369 5298 in
3417 5240 3641 5312 Timaeo,
3672 5244 3762 5301 Ci-

2156 5312 2507 5390 ceronem_de
2536 5313 2923 5382 Universitate,
2958 5314 3195 5370 Macrob.
3229 5314 3321 5370 lib.
3355 5332 3372 5370 ι
3412 5316 3562 5373 Som.
3594 5333 3757 5390 supra

2155 5396 2275 5452 cap.
2298 5382 2388 5438 ΞΟ.
2417 5384 2742 5441 Βετυιειυε.

2228 5453 2410 5509 Colore
2434 5458 2743 5527 potissimo,
2767 5455 2840 5510 lta
2888 5470 3081 5513 omnes
3110 5458 3235 5513 editi
3284 5465 3339 5512 et
3387 5460 3538 5514 multi
3570 5462 3758 5516 melio-

2152 5540 2351 5602 resque
2394 5541 2522 5602 mss.
2573 5527 2685 5602 lnl
2729 5526 2937 5581 Bonon.
2978 5531 3173 5601 antiq.,
3216 5533 3251 5586 ὅ
3303 5528 3459 5602 Reg.,
3506 5531 3652 5602 Lips.
3700 5542 3756 5589 et

2152 5595 2292 5660 Pali,
2324 5599 2688 5664 potentissimo.

2225 5668 2571 5743 {imit/teon
2596 5681 2700 5735 est,
2728 5672 2962 5728 diabolo.
2996 5671 3285 5742 Antitftens,
3319 5687 3420 5728 vox
3458 5689 3653 5743 grmca,
3680 5672 3753 5729 si-

2147 5739 2388 5811 gnificat,
2418 5741 2507 5810 qui
2535 5754 2722 5797 contra
2752 5745 2916 5799 Deum
2947 5753 3051 5811 est,
3087 5744 3169 5801 vel
3205 5739 3303 5801 Dei
3336 5739 3698 5800 adversarius.

2221 5808 2536 5881 Prae/erunt.
2571 5811 2659 5870 Sic
2705 5808 3051 5888 quamplurcs
3092 5814 3219 5870 editi
3261 5826 3315 5872 et
3354 5830 3543 5873 omnes
3575 5814 3747 5871 ferme
