4174 6200
439 219 548 278 309

1522 233 1725 292 LIBER
1761 236 1828 295 Il.
1874 238 1961 298 DE
1988 239 2268 302 ORIGINE
2291 244 2612 309 ERRORIS.

3641 269 3746 327 310

437 339 540 396 sibi
565 341 765 399 habent
789 349 1344 418 postestatem;calor
1367 358 1422 407 et
1447 351 1640 408 humor
1668 374 1682 412 :
1713 372 1833 428 quae
1866 359 2023 416 mira-
2055 362 2111 423 Α
2134 361 2374 420 Alterum
2406 368 2548 424 enim
2580 372 2731 440 quasi
2765 375 3115 432 masculinum
3146 380 3470 440 elementum
3501 396 3620 453 est,
3657 389 3740 443 al-

433 433 615 491 biliter
635 436 775 493 Deus
789 435 855 492 ad
877 441 1226 496 sustentanda
1251 452 1302 498 et
1323 444 1584 516 gignenda
1617 448 1798 504 omnia
1823 453 2037 524 excogi-

437 527 587 582 tavit.
615 526 749 582 Nam
776 543 897 584 cum
915 531 1086 588 virtus
1118 532 1213 588 Dei
1239 535 1306 589 sit
1329 535 1381 589 in
1401 537 1583 592 calore
1607 548 1662 594 et
1678 541 1807 612 igni,
1829 542 1931 598 nisi
1954 560 2038 600 ar-

434 621 620 678 dorem
635 623 851 694 vimque
864 623 982 696 ejus
997 625 1235 683 admixta
1258 627 1500 686 humoris
1513 646 1576 686 ac
1590 632 1800 704 frigoris
1812 640 2036 694 materia

433 720 814 786 temperasset,
858 731 957 775 nec
1004 719 1149 776 nasci
1197 720 1485 793 quidquam
1508 739 1611 782 nec
1635 727 1913 785 cobzerere
1940 746 2037 802 po-

431 808 648 876 tuisset,
679 809 808 882 quin
841 812 1020 866 statim
1049 813 1472 886 conﬂagratione
1505 819 1750 878 interiret
1777 824 2036 897 quidquid

429 914 555 957 esse
568 902 844 970 cmpisset.
868 902 1022 960 Unde
1035 915 1090 961 et
1112 907 1418 981 philosophi
1434 913 1649 984 quidam
1665 926 1716 972 et
1731 929 1904 988 poetae
1921 920 2035 977 dis-

427 992 579 1049 cordi
602 995 890 1050 concordia
913 998 1168 1053 mundum
1189 1011 1441 1059 constare
1453 1005 1734 1064 dixerunt:
1759 1011 1854 1066 sed
1873 1013 2036 1068 ratio-

427 1100 554 1140 nem
575 1088 790 1156 penitus
813 1103 920 1142 non
942 1089 1212 1145 videbant.
1231 1092 1536 1152 Heraclitus
1554 1115 1620 1153 ex
1641 1099 1760 1170 igne
1779 1112 1899 1156 nata
1915 1117 2036 1160 esse

426 1179 608 1231 omnia
635 1178 805 1243 dixit;
834 1179 1034 1240 Thales
1073 1182 1314 1241 Milesius
1341 1202 1406 1242 ex
1448 1203 1606 1260 aqua.
1639 1190 1877 1264 Uterque
1905 1197 2036 1252 vidit

425 1269 631 1340 aliquid
653 1288 665 1323 :
687 1269 782 1326 sed
816 1274 1015 1328 erravit
1044 1281 1222 1331 tamen
1257 1287 1503 1351 uterque,
1536 1284 1683 1353 quod
1709 1285 2031 1345 alterutrum

424 1361 474 1416 si
502 1361 673 1416 solum
705 1361 916 1432 fuisset,
948 1380 1126 1438 neque
1153 1383 1290 1440 aqua
1320 1372 1466 1427 nasci
1492 1388 1558 1428 ex
1586 1374 1710 1446 igne
1745 1378 2030 1448 potuisset,

423 1470 602 1528 neque
624 1471 815 1513 rursus
843 1457 981 1528 ignis
1003 1475 1070 1516 ex
1097 1475 1255 1533 aqua.
1290 1463 1396 1519 Sed
1421 1474 1504 1521 est
1534 1470 1734 1536 verius,
1769 1470 1930 1526 simul
1960 1488 2028 1530 ex

423 1555 649 1619 utroque
678 1549 939 1620 permisto
978 1562 1168 1607 cuncta
1197 1555 1631 1628 generari.lgnis
1655 1561 1872 1630 quidem
1906 1579 2030 1632 per-

419 1641 639 1697 misceri
669 1656 791 1697 cum
821 1659 959 1714 aqua
987 1659 1095 1701 non
1131 1655 1326 1718 potest,
1363 1648 1486 1720 quia
1521 1661 1648 1706 sunt
1680 1661 1903 1726 utraque
1931 1655 2032 1711 ini-

2143 464 2319 512 terum
2348 461 2500 530 quasi
2532 461 2866 522 fmmtninum
2891 486 2905 534 ;
2936 470 3167 525 alterum
3214 476 3447 532 activum
3467 519 3482 546 ,
3511 481 3742 538 alterum

2142 549 2377 618 patibile.
2410 551 2640 625 Ideoque
2661 571 2690 610 a
2719 559 2988 616 veteribus
3022 562 3324 620 institutum
3352 578 3455 636 est,
3485 579 3743 628 utsacra-

2141 652 2327 699 mento
2367 645 2503 716 ignis
2541 657 2596 703 et
2640 664 2793 721 aquae
2824 653 3128 723 nuptiarum
3177 655 3379 716 foedera
3409 664 3742 736 sanciantur,

2143 737 2285 807 quod
2317 736 2476 794 fmtus
2505 741 2856 800 animantium
2889 746 3073 802 calore
3115 758 3170 804 et
3197 749 3423 809 humore
3447 769 3745 827 corporen-

2141 836 2250 899 tur,
2283 843 2443 904 atque
2469 837 2774 892 animentur
2799 839 2864 893 ad
2895 840 3079 896 vitam.

2221 926 2353 982 Cum
2416 929 2560 985 enim
2605 941 2818 989 constet
2877 949 3040 990 omne
3104 935 3304 994 animal
3357 955 3420 996 ex
3462 943 3640 998 anima
3689 953 3746 1002 et

2139 1032 2406 1091 corpore,
2489 1025 2710 1080 materia
2763 1029 3008 1098 corporis
3080 1030 3132 1086 in
3185 1030 3411 1090 humore
3457 1045 3578 1103 est,
3627 1038 3743 1093 ani-

2139 1127 2241 1166 mai
2301 1113 2352 1168 in
2423 1115 2604 1172 calore
2662 1135 2674 1170 :
2729 1119 2872 1190 quod
2925 1135 2991 1176 ex
3043 1122 3229 1178 avium
3304 1123 3524 1183 fcetibus
3584 1131 3742 1185 datur

2137 1205 2296 1272 scire,
2330 1221 2466 1276 quos
2507 1209 2673 1262 crassi
2703 1208 2944 1266 humoris
2987 1213 3179 1282 plenos
3229 1216 3332 1272 nisi
3371 1219 3551 1289 opifex
3591 1220 3741 1277 calor

2137 1298 2348 1366 foverit,
2379 1315 2480 1356 nec
2506 1301 2700 1358 humor
2728 1313 2902 1373 potest
2938 1308 3236 1376 corporari,
3269 1325 3369 1366 nec
3397 1326 3593 1381 corpus
3619 1313 3738 1367 ani-

2136 1390 2292 1443 mari.
2314 1391 2574 1446 Exulibus
2597 1408 2812 1463 quoque
2839 1395 2975 1464 ignis
2997 1406 3051 1450 et
3067 1413 3203 1466 aqua
3229 1398 3476 1456 interdici
3493 1402 3734 1458 solebat:

2135 1481 2310 1536 adhuc
2337 1483 2478 1537 enim
2526 1484 2804 1540 videbatur
2849 1485 3021 1552 nefas,
3048 1491 3293 1558 quamvis
3327 1492 3518 1557 malos,
3553 1502 3734 1549 tamen

2135 1571 2384 1628 homines
2432 1575 2695 1645 supplicio
2742 1578 2934 1646 capitis
2959 1577 3202 1636 afficere.
3247 1581 3539 1638 Interdicto
3576 1584 3738 1655 igitur

2135 1678 2232 1718 usu
2261 1679 2447 1720 earum
2475 1669 2880 1738 rerum,quibus
2900 1670 3006 1724 vita
3039 1681 3252 1727 constat
3281 1674 3584 1742 hominum,
3613 1692 3735 1745 per-

416 1733 556 1791 mica
583 1753 596 1802 ;
620 1737 742 1794 etsi
773 1738 1019 1794 cominus
1046 1741 1315 1809 venerint,
1345 1741 1664 1799 alterutrum
1701 1747 1839 1816 quod
1868 1764 2030 1820 supe—
2057 1755 2106 1816 Β
2137 1756 2262 1811 inde
2323 1756 2642 1824 habebatur,
2689 1775 2752 1814 ac
2798 1762 2841 1813 si
2893 1770 3056 1828 esset,
3110 1765 3200 1833 qui
3244 1779 3362 1819 eam
3409 1768 3733 1822 sententiam

414 1828 640 1895 ravcrit,
677 1829 930 1886 conficiat
980 1829 1210 1888 alterum
1260 1847 1481 1891 necesse
1530 1846 1657 1892 est:
1690 1837 1785 1893 sed
1835 1853 2022 1894 eorum

411 1918 732 1976 substantia:
802 1923 1116 1993 permisceri
1173 1935 1421 1994 possunt.
1469 1927 1781 1985 Substantia
1848 1931 2019 2003 ignis,

409 2011 563 2066 calor
589 2021 705 2081 est;
734 2029 912 2085 aquae,
942 2016 1154 2073 humor.
1182 2017 1350 2074 Recte
1377 2020 1535 2091 igitur
1560 2019 1782 2078 Ovidius
1820 2040 1832 2076 :

475 2124 673 2200 Quippe
684 2126 766 2200 ubi
787 2133 1083 2200 temperiem
1101 2143 1360 2200 sumpsere
1377 2133 1654 2200 humorque
1678 2135 1934 2200 calorque,

476 2185 786 2253 Concipiunt,
814 2198 866 2239 et
891 2185 951 2239 ab
979 2191 1056 2240 his
1075 2185 1303 2244 oriun'tur
1331 2204 1507 2246 cuncta
1531 2185 1724 2248 duobus
1749 2212 1760 2247 :

475 2249 695 2321 Quinque
719 2249 786 2302 sit
803 2253 929 2321 ignis
944 2267 1085 2317 aqua:
1109 2267 1300 2321 pugnax
1312 2297 1325 2320 ,
1345 2271 1497 2321 vapor
1515 2259 1745 2310 humidus
1757 2274 1929 2312 omnes

471 2310 575 2362 Res
595 2310 754 2380 creat,
779 2310 1038 2368 et'discors
1053 2310 1532 2372 concordia'fcet'ibus
1551 2330 1662 2386 apta
1684 2310 1776 2375 est.

2130 1860 2438 1922 exceperat,
2471 1861 2646 1909 morte
2685 1855 2996 1911 mulctatus.
3031 1855 3182 1912 Adeo
3211 1858 3310 1912 ista
3339 1859 3444 1914 duo
3465 1860 3733 1916 elementa

2127 1943 2302 2013 prima
2329 1953 2454 1998 sunt
2484 1944 2692 2012 habita,
2723 1954 2778 2001 ut
2823 1961 2924 2002 nec
2968 1956 3147 2002 ortum
3180 1948 3436 2016 hominis,
3472 1967 3572 2007 nec
3614 1953 3734 2008 sine

2125 2036 2210 2092 his
2233 2037 2394 2092 vitam
2421 2037 2754 2093 crediderint
2781 2054 2940 2109 posse
2970 2050 3242 2096 constare.
3269 2043 3470 2098 Horum
3498 2045 3729 2100 alterum

2122 2130 2280 2186 nobis
2300 2145 2584 2186 commune
2606 2141 2687 2186 est
2707 2147 2832 2187 cum
2848 2135 3062 2189 cmteris
3083 2136 3470 2202 animantibus,
3497 2139 3729 2196 alterum

2120 2221 2223 2276 soli
2251 2221 2453 2276 homini
2480 2221 2684 2278 datum.
2711 2222 2820 2278 Nos
2844 2225 2986 2279 enim
3023 2227 3278 2296 quoniam
3304 2228 3527 2285 C(eleste
3556 2240 3718 2302 atque

2119 2315 2426 2371 immortale
2451 2316 2646 2372 animal
2676 2332 2882 2385 sumus,
2916 2320 3038 2390 igne
3083 2322 3307 2390 utimur,
3338 2322 3427 2393 qui
3469 2323 3625 2379 nobis
3675 2327 3727 2380 in

1740 2449 2101 2507 VARIORUM
2141 2448 2374 2507 ΝΟΤᾸΞ.

408 2597 543 2662 mss.
589 2583 650 2640 ln
695 2599 808 2662 re_c.
852 2586 887 2662 i_
921 2585 1054 2662 Heg.
1090 2595 1147 2662 et
1193 2586 1552 2662 tColb.ﬂest,
1606 2593 2014 2662 praeferantur:

410 2655 436 2708 1
473 2653 620 2726 Lips.
656 2665 711 2732 et
740 2657 775 2712 5
803 2657 964 2732 editis
993 2653 1297 2732 proferunt;
1328 2662 1378 2716 in
1421 2661 1455 2715 5
1483 2653 1616 2732 Reg:
1648 2653 1756 2717 rec.
1791 2677 1854 2718 ac
1884 2653 2009 2716 edd.

406 2741 539 2788 sex,
579 2731 862 2797 perferunt.
919 2729 1195 2784 Buneman
1239 2731 1367 2802 legit
1401 2729 1882 2803 etiam'perferunt,
1915 2746 2012 2786 no-

408 2805 629 2886 tamqiie
656 2809 972 2886 sequentem
1005 2803 1653 2886 exliibet.—_i’erferunt.
1687 2805 1761 2886 De
1781 2803 2012 2873 Opificio

405 2882 528 2936 Cap.
564 2869 629 2923 7:
665 2870 1002 2937 Admirabile,
1035 2874 1170 2942 quod
1193 2890 1295 2927 una
1323 2869 1684 2940 dispdsitio....
1717 2869 2012 2929 innumera-

405 2940 899 3028 bilefanimaiitium
925 2949 1164 3028 prtefei‘at
1193 2947 1485 3028 uarietatem
1515 2946 1617 3028 Ubi
1646 2946 2007 3028 multm-edd"

401 3015 631 3079 perferat
675 3012 1056 3068 subornat-ani.
1088 3015 1164 3070 De
1195 3017 1335 3085 Opif.
1366 3033 1413 3073 c.
1453 3022 1487 3073 8
1527 3038 1539 3073 :
1572 3016 1883 3072 Incredibile
1911 3027 2008 3082 est,

400 3085 1120 3158 quentanipulcnritudinem
1147 3091 1407 3158 prceferat.
1443 3089 1650 3145 BUNEM.

479 3153 978 3211 MirabiliterMssJ
999 3153 1300 3213 Colbert.et
1327 3163 1344 3214 1
1376 3161 1770 3216 Brun.multum
1792 3160 2004 3214 utiliter.

476 3223 806 3303 Pliiloiophi.
831 3229 1185 3303 Empedocles
1207 3231 1431 3303 scilicet,
1455 3234 1523 3287 de
1545 3249 1648 3303 quo
1675 3231 1814 3303 apud
1844 3231 2010 3286 Laer-

396 3294 536 3376 tiuiii
571 3307 625 3351 et
643 3294 1646 3376 Plutarch.dePlacitisPhilofsophor.
1682 3294 1775 3376 lib.
1805 3319 1838 3370 ι,
1868 3320 1915 3359 c.
1950 3303 2003 3356 5.

477 3365 542 3445 Et
571 3368 839 3445 poeticum
860 3371 1082 3445 Ovidius
1111 3365 1290 3429 verbis
1309 3375 1465 3442 paulo
1485 3365 1604 3445 post
1635 3365 2004 3444 proferendis;

394 3438 680 3506 etllorat.,
704 3441 740 3496 l.
769 3457 806 3510 ι,
823 3443 981 3512 epist.
1005 3443 1092 3508 12,
1126 3460 1179 3497 v.
1204 3438 1372 3509 l9,de
1392 3438 1566 3517 pugna
1589 3438 2001 3502 elementorum.

522 3551 650 3610 Quid
675 3549 797 3602 velit
821 3558 871 3602 et
897 3558 1048 3614 possit
1075 3557 1335 3606 concordia
1358 3558 1565 3609 discors.

473 3632 595 3688 Non
622 3635 874 3690 uidebant.
907 3635 982 3690 Ita
1029 3639 1364 3695 restitnimns
1393 3656 1457 3695 ex
1493 3641 1744 3696 omnibus
1784 3658 1916 3698 mss.
1950 3654 2006 3698 et

391 3704 531 3784 edit.
559 3706 814 3784 Tornes.,
837 3708 1044 3784 _Betul.,
1070 3719 1126 3765 et
1149 3712 1419 3766 Soubron.
1447 3712 1503 3766 in
1531 3714 1746 3768 czeteris
1775 3713 2004 3784 impres-

389 3778 472 3832 sis
501 3789 602 3842 est,
636 3795 739 3833 non
761 3780 1016 3835 viderunt.

473 3848 768 3928 lleraclitug
792 3867 872 3928 ex_
902 3851 1039 3928 igne.
1066 3853 1319 3928 Refertur
1359 3871 1387 3909 a
1437 3854 1652 3928 Lacrtio
1701 3857 1840 3912 inter
1885 3857 2003 3928 ejus

387 3917 668 3987 dogmata.
718 3917 960 3976 Meminit
984 3921 1094 3978 Cic.
1130 3926 1180 3978 in
1215 3941 1262 3980 IV
1294 3925 1774 3993 Academ.Qu:est.
1807 3917 2003 3983 Con'fu-

387 3999 540 4045 tatur
566 3993 726 4047 etiam
759 4009 788 4049 a
813 3994 1066 4050 Lucretio
1095 3995 1186 4051 lib.
1215 3997 1265 4050 1.
1294 3999 1498 4055 Βετυι.

470 4061 678 4147 Thales.
718 4067 790 4120 De
813 4066 957 4136 quod
987 4066 1187 4122 dictum
1211 4079 1293 4124 est
1320 4069 1458 4126 libro
1486 4087 1523 4134 ι,
1548 4084 1666 4140 cap.
1690 4070 1744 4136 8,
1769 4079 1823 4125 et
1856 4071 1996 4140 apud
2026 4088 2081 4147 D

388 4131 692 4189 Laertium.

466 4205 770 4282 Substantia
793 4208 946 4278 ignis,
977 4209 1120 4263 calor
1149 4219 1223 4265 est
1241 4225 1261 4275 ;
1301 4229 1465 4282 aquae,
1500 4211 1702 4267 humor.
1733 4213 1866 4280 Quia
1915 4215 1998 4269 liis

385 4277 698 4354 subsistunt
719 4277 1216 4354 accenservantur.
1255 4277 1384 4338 Vide
1413 4284 1568 4346 infra,
1599 4294 1653 4339 et
1677 4277 1795 4354 cap.
1834 4285 1918 4339 12.

467 4347 701 4403 Ovidius.
734 4350 893 4407 Lib.|
938 4353 1152 4407 Metam.
1178 4394 1192 4418 ,
1247 4354 1375 4410 ibid.
1420 4355 1510 4410 ubi
1543 4355 1614 4411 de
1653 4347 1758 4411 Nili
1789 4357 1996 4413 ftecun-

382 4418 560 4473 (litate
585 4421 790 4476 scribit.

469 4489 535 4545 Ut
564 4495 1044 4567 sacrlmtettloiignis
1079 4506 1124 4550 et
1157 4511 1303 4564 aqua:
1327 4499 1623 4567 nuptiarum
1654 4498 1845 4565 [cedere
1874 4516 1995 4555 san-

383 4562 610 4644 ciantur.
662 4563 853 4619 Festus
889 4562 1176 4644 Pompeius
1201 4562 1298 4644 lib.
1327 4584 1347 4644 i_
1392 4562 1408 4621 Ξ
1441 4571 1586 4644 Aqua
1621 4562 1808 4624 dicitur
1840 4588 1872 4625 a
1895 4589 1996 4644 qua

371 4635 636 4703 jurantur
657 4650 850 4713 _:_aqua
875 4649 917 4690 et
949 4635 1082 4713 ignis
1110 4641 1348 4713 interdici
1374 4635 1522 4706 solet,
1553 4657 1706 4712 quant
1735 4635 1996 4713 accipiunt

383 4713 586 4770 nuptas,
619 4705 851 4760 videlicet
877 4705 996 4770 quia
1026 4712 1106 4764 lia:
1142 4712 1258 4764 dua:
1291 4728 1370 4765 res
1399 4705 1676 4767 humanam
1705 4705 1858 4767 vitam
1886 4731 1995 4768 ma-

379 4777 527 4830 xime
556 4778 847 4852 continent;
881 4777 1083 4835 Eadem
1131 4782 1429 4852 Plutarch.,
1487 4783 1643 4838 Hom.
1693 4783 1987 4852 Problem,

380 4861 512 4914 cap.
629 4847 773 4925 Idem
806 4849 1112 4925 Festusilib.
1149 4853 1181 4907 6
1211 4871 1222 4907 :
1248 4847 1435 4907 Facem
1460 4855 1512 4907 in
1535 4856 1724 4925 nuptiis
1749 4857 1801 4909 in
1835 4847 1994 4911 Ιιοιιοξ-

381 4934 498 4970 rem
549 4918 744 4996 Cereris
785 4922 1158 4990 prwferebant,
1191 4940 1422 4996 aquaque
1458 4918 1820 4996 aspergebatur
1863 4946 1993 4982 nova

381 4999 573 5065 nupta,
602 4991 704 5044 sive
729 5002 785 5045 ut
825 5004 966 5048 casta
991 4991 1244 5065 puraque'
1262 4991 1526 5049 ad'viruni
1553 4991 1745 5051 veniret
1763 5039 1778 5063 ,
1808 4999 1912 5054 sive
1939 5011 1993 5054 ut

378 5062 562 5133 ignem
614 5071 660 5114 et
707 5079 891 5133 aquam
941 5062 1057 5119 cum
1110 5062 1217 5122 viro
1271 5069 1686 5123 communicaret.
1747 5062 1993 5127 Valerius

381 5129 618 5186 Flaccus
648 5129 889 5201 libivnr,
926 5142 1215 5206 Argonaut.
1248 5157 1260 5193 :

643 5223 817 5303 ignem
843 5227 1042 5303 i’oliux,
1068 5230 1348 5303 undamque
1360 5230 1587 5303 iugalem

483 5285 731 5352 Praetulit,
758 5296 812 5339 ut
834 5285 1066 5341 dextrum
1092 5285 1280 5355 paritert
1301 5285 1556 5344 vertantur
1578 5296 1626 5343 in
1645 5295 1837 5345 orbem.

379 5367 544 5424 Ovid.
578 5371 668 5426 lib.
699 5388 735 5428 rt
765 5372 833 5428 de
863 5377 994 5429 Arte
1014 5377 1227 5432 amandi
1257 5394 1269 5429 :

514 5460 612 5542 Ist’a
635 5465 965 5542 viri’captent,
989 5469 1028 5542 si
1046 5469 1145 5542 jam
1170 5467 1404 5542 captanda
1420 5470 1712 5542 probabant,

574 5525 706 5584 Quos
728 5525 910 5577 faciunt
927 5525 1089 5589 justas
1112 5525 1244 5591 ignis
1263 5539 1313 5581 et
1338 5525 1466 5580 unda
1493 5534 1638 5582 viros.

458 5605 519 5684 in
563 5610 734 5684 primo
775 5610 956 5684 ii_mine
996 5628 1187 5684 aquam
1220 5615 1583 5680 exhibebant.
1615 5617 1698 5671 cui
1747 5617 1988 5674 titionem

381 5677 748 5756 ill-lllllgéballt.
773 5680 842 5735 Μ.
875 5677 1207 5756 Varro'apud
1231 5685 1468 5740 Turneb.
1503 5677 1593 5742 lib.
1621 5703 1772 5753 χχιχ,
1805 5705 1855 5744 c.
1878 5691 1946 5744 27
1973 5709 1985 5743 :

381 5746 578 5803 Contra
609 5769 638 5805 α
664 5768 794 5809 novo
825 5756 1028 5824 marito,
1058 5746 1172 5812 cum
1199 5757 1318 5812 item
1350 5775 1379 5811 α
1403 5757 1516 5829 foco
1543 5762 1595 5812 in
1625 5746 1800 5817 titione
1824 5776 1886 5816 ex
1915 5765 1990 5833 fe-

2123 2589 2440 2672 ariw're,
2471 2602 2522 2672 et_
2545 2593 2600 2645 in
2629 2595 2965 2672 aqual_i_aqu_a
2985 2596 3147 2672 allata
3169 2608 3316 2653 esset.
3352 2598 3718 2672 Dempsterus.

2038 2692 2085 2756 Ο
2120 2661 2258 2716 Vide
2284 2661 2644 2729 Brissonium,
2674 2661 2744 2720 de
2766 2661 2892 2720 Ritu
2921 2667 3258 2737 Nuptiarum.

2197 2751 2561 2824 Corporentur,
2586 2767 2736 2826 atque
2758 2759 3067 2814 animentur.
3099 2760 3286 2816 Junxit
3329 2763 3518 2819 eodem
3561 2769 3722 2822 modo

2120 2823 2331 2880 Plinius
2363 2827 2399 2879 l.
2431 2842 2509 2881 vn
2557 2823 2692 2882 Hist.
2725 2829 2870 2891 Nat.,
2901 2841 3035 2885 sect.
3063 2833 3133 2887 15
3159 2832 3250 2887 fin.
3271 2834 3338 2889 de
3357 2834 3718 2894 Generatione

2121 2895 2386 2951 Hominis.
2414 2897 2772 2969 Hieronymus
2800 2901 2866 2955 ad
2896 2901 3205 2957 Pammacb.
3236 2902 3271 2958 f.
3303 2921 3376 2959 m.
3405 2906 3508 2962 {70
3539 2928 3553 2960 :
3587 2908 3721 2964 Con-

2118 2969 2609 3050 Lotuiit_corpo_rat,
2658 2981 2985 3050 corporalem
3149 2976 3372 3050 membra
3396 2977 3714 3050 Adistinguit.

2118 3035 2280 3121 ςρηρ
2298 3035 2451 3121 με
2478 3041 2571 3096 nu.
2602 3057 2660 3108 ιι,
2693 3035 2806 3100 c.'8
2827 3054 2881 3099 et
2907 3044 3110 3101 Barthii
3140 3047 3364 3102 Advers.
3395 3047 3430 3102 1.
3457 3065 3552 3118 vn,
3579 3035 3627 3106 ὅ.
3661 3052 3716 3121 2,

2120 3107 2216 3164 fol.
2250 3110 2375 3165 513.
2406 3110 2538 3168 BUN.

2192 3201 2310 3279 Nec
2333 3205 2519 3258 humor
2539 3214 2702 3279 potest
2721 3208 3011 3279 corporari,
3040 3224 3132 3263 nec
3157 3227 3346 3279 corpus
3367 3213 3606 3267 animari.
3631 3215 3718 3270 Sic

2119 3273 2405 3345 legendum
2428 3285 2510 3330 est
2535 3273 2602 3331 ex
2625 3278 2756 3331 edit.
2774 3273 3044 3332 Soubron.
3062 3290 3113 3334 et
3133 3273 3361 3336 Tornes.
3387 3298 3450 3337 ac
3471 3299 3716 3340 mss.non

2117 3357 2175 3398 ut
2203 3347 2348 3422 male
2373 3347 2424 3401 in
2452 3348 2896 3422 nonullisieditis.
2926 3365 3218 3420 corporare,
3257 3369 3349 3406 nec
3391 3370 3576 3422 corpus
3605 3359 3718 3410 ani-

2115 3433 2277 3493 mar_e.
2329 3417 2404 3471 Ita
2453 3427 2633 3493 autem
2692 3419 2976 3493 legendum
3016 3417 3139 3476 esse
3182 3417 3382 3491 patebit
3431 3417 3621 3493 cuivis,
3670 3431 3713 3482 si

2113 3487 2278 3542 modo
2319 3502 2541 3564 scopum
2586 3487 2847 3564 Lactantii
2902 3487 3280 3564 peipenderit;
3311 3509 3520 3564 corpus
3568 3487 3712 3551 enim

2113 3573 2220 3612 non
2252 3557 2474 3636 animat,
2509 3560 2602 3636 sed
2631 3557 3032 3636 animaturIEEc
3062 3557 3590 3635 Ima—Corporum,
3617 3582 3714 3636 pro

2112 3643 2338 3698 corpore
2385 3631 2564 3706 indtii,
2607 3639 2659 3687 et
2711 3633 3108 3706 aniniaritpro
3156 3631 3405 3690 animam'
3444 3631 3710 3706 accipere,

2112 3714 2248 3778 rarae
2279 3715 2458 3778 voces.
2483 3702 2681 3756 Extant
2708 3705 2926 3778 insuper
2953 3705 3046 3778 lib.
3069 3721 3132 3778 iv
3189 3707 3443 3772 lnstitut.,
3472 3702 3592 3778 cap.
3617 3702 3707 3764 ‘26.

2188 3769 2438 3827 Exulibus
2461 3790 2674 3844 quoque.
2708 3769 3021 3828 Interdictio
3064 3776 3177 3840 illa,
3210 3779 3344 3832 citra
3387 3769 3489 3832 soli
3540 3769 3713 3836 inula-

2111 3841 2332 3916 tionem,
2394 3843 2444 3897 in
2474 3841 2581 3899 'eo'
2622 3845 2938 3910 habebatur,
2979 3862 3094 3900 cum
3151 3850 3369 3916 nemine,
3422 3850 3500 3904 sic
3547 3850 3713 3908 inter-

2109 3913 2277 3990 dicto,
2308 3916 2784 3990 coiiintunicandatn
2833 3933 3049 3990 aquam,
3074 3927 3120 3970 et
3146 3920 3335 3990 ignem,
3355 3913 3453 3974 aut
3501 3931 3707 3978 tectum.

2110 3982 2179 4057 Ut
2234 3988 2509 4055 Appianus
2572 3989 2806 4057 loquitur
2870 3982 2940 4042 de
3004 3982 3217 4046 Metello
3256 3982 3334 4045 sic
3393 3993 3702 4050 interdicto.

2107 4055 2285 4110 Etiam
2318 4059 2437 4132 lege
2461 4057 2596 4132 Julia
2626 4055 2694 4114 de
2722 4062 2770 4113 vi
2806 4060 3008 4128 privata
3037 4062 3337 4124 tenebatur,
3367 4065 3454 4132 qui
3483 4080 3598 4118 eum
3629 4069 3712 4120 cui

2105 4136 2154 4182 et
2178 4144 2311 4204 aqua
2351 4140 2398 4182 et
2422 4131 2530 4204 igni
2564 4131 2891 4204 interdictum
2927 4141 3019 4204 est,
3057 4134 3319 4204 receperit,
3351 4131 3608 4199 celaverit.
3640 4149 3711 4192 te-

2104 4200 2269 4272 nuerit
2287 4215 2335 4272 ,1,
2355 4200 2500 4267 quod
2550 4202 2625 4256 ait
2677 4202 2874 4256 Paulus
2928 4201 3077 4258 Sent.
3126 4200 3180 4268 νζ
3211 4219 3330 4272 cap.
3388 4205 3480 4259 26.
3535 4207 3708 4263 Etiam

2102 4270 2243 4346 apud
2274 4269 2514 4346 _Gra:cos
2538 4272 2772 4346 _similis_
2813 4287 2970 4346 ρωηὲ
3020 4274 3099 4346 in
3124 4289 3243 4328 usu.
3273 4269 3508 4346 LElectra
3567 4279 3706 4346 apud

2102 4340 2413 4412 Euripidem
2448 4345 2500 4398 in
2527 4343 2716 4398 Oreste
2744 4340 2919 4408 dese,
2938 4343 3137 4415 Pylade
3169 4360 3231 4398 ac
3261 4343 3474 4412 OreSte,
3517 4340 3706 4403 Decre-

2102 4420 2229 4477 tum,
2262 4415 2452 4483 inquit,
2486 4425 2558 4468 est
2593 4415 2744 4486 Argis
2771 4415 2960 4468 nemini
3002 4417 3081 4485 fas
3110 4431 3218 4468 esse
3256 4431 3348 4469 nos
3384 4419 3702 4486 matricidas,

2101 4493 2368 4555 auttecto,
2392 4495 2481 4538 aut
2511 4487 2646 4555 igne,
2679 4493 2767 4538 aut
2793 4487 3018 4555 alloquio
3045 4486 3297 4551 excipere.
3329 4485 3708 4544 SELDENUSu—L

2101 4553 2303 4634 Eadem
2333 4568 2487 4620 pmna
2510 4553 2732 4634 allectus
2762 4553 2926 4634 fuisse
2952 4556 3482 4634 legitiininUsuardi
3512 4563 3706 4634 Marty-

2099 4625 2304 4696 rologio
2361 4627 2642 4703 xvm‘kal.
2672 4627 2902 4695 januarii
2949 4625 3026 4682 δ(
3079 4625 3382 4703 Valerianus
3429 4631 3483 4684 in
3530 4625 3706 4703 Africa

2099 4697 2382 4768 episcOpus,
2427 4699 2841 4772 quicumesset
2879 4714 3130 4772 anngrum
3171 4701 3292 4772 plus
3335 4697 3613 4772 octoginta,
3643 4707 3696 4758 in

2098 4767 2446 4837 persecutione
2492 4767 2776 4824 Vandalica
2830 4767 3240 4843 subﬂGenserico
3266 4788 3383 4843 rege
3409 4767 3702 4829 ariano'ex-

2099 4848 2177 4890 ινα
2200 4841 2754 4916 civitatem_siiiguluris
2779 4841 2965 4916 expelli
2993 4842 3162 4916 iussus
3183 4854 3257 4897 est
3281 4859 3299 4896 :
3325 4841 3375 4897 et
3400 4848 3487 4916 ita
3514 4862 3704 4916 prazce-

2097 4919 2261 4986 ptum,
2296 4923 2357 4986 ut
2376 4912 2548 4986 nullus
2579 4928 2893 4986 canitieque
2919 4913 2972 4966 in
2999 4912 3170 4986 domo,
3200 4930 3358 4984 neque
3389 4915 3443 4968 in
3473 4912 3596 4986 agro
3621 4917 3702 4969 di-

2096 4981 2312 5035 mitteret
2340 4984 2605 5049 habitare;
2629 4983 2717 5037 sed
2744 4981 2999 5038 instrata
3031 4983 3236 5052 publica
3275 4981 3439 5038 multo
3479 4981 3702 5053 tempore

2096 5053 2263 5107 nudus
2284 5056 2374 5107 sub
2400 5071 2515 5108 aere
2526 5056 2725 5126 jacens,
2756 5057 2809 5108 in
2835 5055 3153 5126 confessione
3173 5055 3438 5109 catholica:
3453 5059 3695 5122 veritatis,

2095 5133 2141 5175 et
2172 5125 2233 5176 tle
2261 5125 2466 5179 ensione
2488 5125 2810 5179 sanctimonii
2849 5142 3051 5180 cursum
3083 5125 3241 5180 beatw
3265 5128 3379 5180 vita:
3405 5129 3696 5196 complevit.

2097 5193 2172 5247 Ex
2210 5131 2345 5249 \licl.
2383 5195 2489 5249 Vit.
2524 5197 2661 5249 Hist.
2693 5197 2969 5249 Persecut.
3005 5196 3228 5249 Vandal.
3261 5197 3354 5249 lib.
3389 5211 3428 5249 l.
3461 5213 3515 5249 n.
3549 5197 3638 5249 12.

2097 5193 2345 5276 Ex'yict.
2383 5195 2489 5276 Vit.
2524 5197 2661 5251 Hist.
2693 5197 2969 5276 Persecut.
3005 5196 3354 5276 Validal..lil)_.
3389 5211 3428 5259 t,
3461 5193 3638 5276 [ειη.

2170 5265 2370 5321 Horum
2399 5268 2615 5322 alterum
2662 5268 2827 5332 nobis,
2878 5277 2981 5322 etc.
3014 5266 3130 5320 Non
3177 5265 3284 5335 agit
3326 5267 3429 5321 hoc
3471 5267 3698 5327 Lactan-

2095 5336 2223 5404 tius,
2253 5337 2525 5410 utidoceat
2550 5339 2830 5410 hominem
2853 5346 3055 5410 tantum
3083 5353 3148 5391 ex
3177 5337 3296 5410 igne
3323 5346 3377 5392 et
3405 5353 3540 5410 aqua
3565 5355 3700 5398 con-

2097 5417 2260 5463 stare.
2285 5407 2496 5479 Corpus
2524 5411 2787 5479 siquidem
2819 5408 3072 5470 hominis,
3105 5417 3162 5460 ut
3189 5407 3542 5466 animantium
3572 5414 3700 5468 reli-

2093 5495 2334 5553 quorum
2348 5484 2610 5553 omnium,
2641 5490 2852 5553 constat
2877 5495 2944 5534 ex
2964 5486 3195 5553 quatuor
3214 5479 3520 5548 elementis,
3541 5485 3695 5540 Aris-

2095 5561 2191 5623 tot.
2220 5563 2272 5607 et
2320 5552 2644 5622 Hippocrate
2693 5551 2940 5623 tesnbus.
2971 5550 3076 5604 Sed
3115 5567 3182 5606 ex
3221 5553 3466 5623 analogia
3514 5554 3692 5618 docet,

2093 5621 2286 5678 anima:
2308 5621 2566 5704 originem
2606 5622 2816 5704 caelitus
2838 5637 2996 5690 esse;
3019 5623 3262 5693 corporis
3286 5621 3695 5704 ex_ii_sdem.ele-

2095 5696 2313 5762 mentis,
2345 5710 2409 5750 ex
2439 5694 2635 5765 quibus
2665 5695 2912 5751 universa
2943 5703 3193 5750 constant
3222 5712 3236 5749 :
3281 5695 3374 5751 sed
3415 5696 3467 5749 in
3509 5696 3693 5764 primis

2097 5781 2159 5819 ex
2198 5765 2440 5832 humido,
2459 5764 2538 5822 ’eo
2567 5764 2726 5835 forte,
2747 5767 2869 5836 quia
2901 5775 2953 5821 et
2977 5781 3160 5823 semen
3184 5776 3238 5820 et
3267 5765 3481 5833 sanguis
3504 5765 3691 5817 humo—
