4174 6200
396 281 505 339 515

1500 286 1706 344 LIBER
1731 285 1796 344 Il.
1840 284 1930 344 DE
1957 285 2236 347 ORIGINE
2259 284 2585 347 ERRORIS.

3593 292 3701 353 ⁸514

397 401 582 450 monte
601 392 867 452 declarat.
893 391 1003 451 Sed
1044 410 1220 468 neque
1256 406 1469 469 patrem
1506 398 1675 465 ipsius
1708 398 1982 472 Iapetum,
2016 405 2071 463 Α
2096 402 2326 475 primum
2346 404 2586 460 omnium
2607 403 2936 462 Promethea
2955 403 3307 464 simulacrum
3329 407 3564 466 hominis
3580 407 3697 466 for-

398 494 754 558 patruumque
776 486 968 543 Titana
996 489 1280 560 quisquam
1317 489 1452 546 deos
1491 493 1839 563 nuncupavit,
1871 495 1999 563 quia

398 580 550 650 regni
598 579 903 635 sublimitas
949 595 1114 651 penes
1169 581 1465 637 Saturnum
1522 584 1696 639 solum
1742 585 1870 651 fuit,
1905 599 2003 654 per

397 688 559 745 quam
601 672 818 729 divinos
862 672 1099 730 honores
1143 689 1266 730 cum
1309 677 1563 733 omnibus
1609 679 1722 734 suis
1771 680 2003 748 posteris

398 777 726 825 consecutus
747 777 850 824 est.
866 768 1043 824 Multis
1064 771 1396 839 argumentis
1418 771 1522 827 hoc
1540 773 1851 843 figmentum
1876 788 2004 843 poe-

397 869 575 917 tarum
603 861 822 933 coargui
854 870 1053 932 potest.
1085 862 1310 918 Factum
1339 878 1462 922 esse
1487 865 1747 921 diluvium
1776 864 1844 921 ad
1874 880 2001 937 per-

394 952 631 1010 dendam
657 953 1061 1027 tollendamque
1081 970 1150 1011 ex
1163 955 1295 1013 orbe
1316 963 1477 1013 terrae
1492 958 1771 1025 malitiam,
1792 964 2003 1013 constat

393 1046 541 1103 inter
568 1062 780 1103 omnes.
815 1047 962 1104 Idem
1006 1049 1151 1105 enim
1200 1056 1255 1105 et
1287 1050 1618 1122 ριιὶιοεοριιί,
1652 1061 1829 1123 poeta:
1862 1047 1999 1123 (scil.

397 1137 578 1204 0vid.,
607 1154 646 1205 ι,
677 1137 856 1210 Met.),
886 1139 1294 1212 scriptoresque
1323 1158 1512 1199 rerum
1545 1143 1889 1215 antiquarum
1923 1147 2005 1203 lo-

394 1242 668 1302 quuntur;
703 1232 756 1286 in
800 1247 973 1302 eoque
1015 1233 1251 1291 maxime
1293 1250 1415 1291 eum
1457 1236 1842 1307 prephetarum
1882 1254 2001 1296 ser-

392 1340 561 1380 mone
605 1327 975 1382 consentiunt.
1009 1326 1066 1385 Si
1104 1343 1235 1400 ergo
1269 1329 1630 1402 cataclysmus
1667 1331 1789 1388 ideo
1830 1331 2003 1391 factus

395 1425 504 1482 est,
536 1428 590 1471 ut
610 1418 830 1485 malitia,
865 1433 985 1488 qute
1015 1434 1112 1489 per
1140 1420 1361 1475 nimiam
1391 1421 1795 1478 multitudinem
1826 1423 2002 1481 incre-

394 1519 574 1575 verat,
620 1509 962 1579 perderetur,
1008 1510 1281 1582 quomodo
1311 1512 1465 1567 ﬁctor
1511 1513 1746 1569 hominis
1776 1514 2001 1572 Prome-

397 1600 561 1656 theus
598 1600 740 1656 fuit?
776 1602 934 1673 cujus
971 1603 1140 1659 tilium
1186 1603 1566 1661 Deucalionem
1614 1607 1773 1663 iidem
1801 1607 1905 1680 ipsi
1930 1610 2002 1666 ob

388 1693 657 1767 justitiam
684 1695 861 1751 solum
885 1711 1006 1753 esse
1030 1697 1215 1753 dicunt
1235 1709 1534 1755 servatum.
1553 1701 1838 1770 Quomodo
1862 1719 2000 1760 unus

2104 514 2282 556 masse
2306 500 2373 556 de
2396 501 2576 572 pingui
2603 510 2657 557 et
2684 501 2835 557 molli
2858 502 2993 567 luto,
3017 502 3085 558 ab
3110 517 3288 573 eoque
3311 503 3487 573 primo
3514 512 3699 562 natam

2105 606 2226 648 esse
2251 602 2448 663 artem,
2481 603 2535 648 et
2561 603 2787 662 statuas,
2821 604 2876 651 et
2900 595 3188 652 simulacra
3217 595 3487 668 ﬁngendi;
3530 597 3701 668 siqui-

2104 686 2227 742 dem
2254 687 2402 744 Iovis
2448 690 2777 760 temporibus
2818 690 2940 756 fuit,
2983 691 3176 762 quibus
3214 691 3449 763 primum
3497 692 3699 762 templa

2103 782 2384 851 constitui,
2412 791 2469 840 et
2498 785 2622 839 novi
2650 784 2874 841 deorum
2899 786 3078 843 cultus
3104 800 3228 842 esse
3264 794 3564 859 coeperunt.
3608 787 3699 845 Sic

2103 876 2308 932 veritas
2348 875 2528 933 fucata
2575 879 2859 936 mendacio
2898 890 3010 949 est;
3053 889 3106 937 et
3153 881 3308 950 illud,
3344 881 3484 955 quod
3513 898 3544 939 a
3585 883 3698 941 Deo

2104 968 2302 1024 factum
2332 969 2626 1038 ferebatur,
2660 971 2884 1039 homini,
2916 973 3007 1044 qui
3030 988 3166 1044 opus
3189 974 3427 1031 divinum
3457 975 3698 1035 imitatus

2104 1068 2207 1126 est,
2237 1062 2399 1118 etiam
2428 1064 2589 1133 cmpit
2617 1064 2873 1121 adscribi.
2898 1064 3168 1122 Caeterum
3191 1065 3336 1124 fictio
3358 1067 3472 1124 veri
3498 1083 3561 1124 ac
3588 1068 3698 1126 vivi

2104 1154 2337 1212 hominis
2358 1173 2391 1214 e
2415 1157 2545 1214 limo
2574 1159 2668 1215 Dei
2694 1168 2796 1216 est.
2830 1160 2984 1227 Quod
3027 1160 3254 1218 Hermes
3281 1177 3499 1236 quoque
3529 1163 3699 1220 tradi—

2103 1248 2228 1305 dit:
2272 1250 2361 1321 qui
2417 1265 2524 1307 non
2574 1259 2779 1308 tantum
2831 1251 3110 1309 hominem
3148 1254 3215 1309 ad
3262 1254 3549 1328 imaginem
3598 1255 3698 1313 Dei

2103 1338 2302 1396 factum
2334 1356 2454 1397 esse
2481 1341 2618 1396 dixit
2644 1358 2674 1397 a
2715 1344 2853 1408 Deo;
2894 1344 2989 1399 sed
3031 1344 3192 1400 etiam
3233 1346 3363 1402 illud
3402 1348 3696 1415 explanare

2107 1437 2353 1501 tentavit,
2379 1450 2541 1506 quam
2571 1437 2754 1493 subtili
2782 1438 2992 1494 ratione
3023 1440 3233 1511 singula
3254 1456 3481 1512 quaeque
3503 1442 3556 1498 in
3580 1457 3704 1499 cor-

2104 1541 2236 1598 pore
2279 1527 2513 1586 hominis
2544 1530 2783 1585 membra
2816 1529 3150 1600 formaverit,
3179 1547 3302 1588 cum
3343 1549 3535 1590 eorum
3567 1533 3705 1591 nihil

2104 1622 2175 1679 sit
2235 1622 2380 1693 quod
2434 1639 2542 1679 non
2600 1625 2933 1680 tantumdem
2990 1625 3059 1680 ad
3111 1640 3241 1681 usus
3291 1626 3700 1698 necessitatem,

2103 1725 2362 1787 quantum
2413 1716 2481 1772 ad
2497 1784 2511 1788 __
2535 1717 2994 1788 pulchritudinem
3032 1718 3230 1775 valeat.
3263 1718 3321 1774 Id
3362 1735 3496 1776 vero
3537 1720 3702 1776 etiam

395 1786 621 1858 gradus,
652 1795 706 1844 et
735 1804 841 1844 una
870 1790 1174 1861 progenies,
1205 1792 1392 1847 orbem
1419 1800 1579 1849 terrae
1603 1805 1711 1850 tam
1741 1795 2001 1853 celeriter

2106 1810 2291 1876 stoici,
2324 1824 2445 1865 cum
2471 1784 2539 1865 de
2575 1809 2911 1881 providentia
2947 1810 3243 1878 disserunt,
3276 1810 3457 1867 facere
3495 1826 3701 1868 conan-

396 1880 571 1952 potuit
606 1879 916 1937 hominibus
945 1882 1208 1953 implere?
1231 1884 1338 1940 Sed
1376 1885 1625 1943 videlicet
1655 1888 1758 1943 hoc
1787 1904 2003 1961 quoque

397 1972 476 2027 sic
503 1983 885 2044 corruperunt,
919 1984 976 2031 ut
1015 1975 1147 2032 illud
1178 1978 1463 2049 superius;
1502 1994 1626 2035 cum
1666 1982 2001 2052 ignorarent,

397 2063 453 2118 in
497 2079 605 2134 quo
648 2073 891 2136 tempore
930 2068 1292 2141 cataclysmus
1331 2071 1400 2126 sit
1439 2069 1610 2127 factus
1652 2073 1706 2127 in
1740 2082 1918 2141 terra,
1949 2080 2006 2130 et

398 2155 523 2226 quis
541 2156 612 2212 ob
626 2155 896 2227 justitiam
922 2160 1195 2229 meruerit,
1226 2175 1428 2231 genere
1458 2162 1694 2218 humano
1712 2174 2000 2235 pereunte,

400 2247 620 2315 salvari,
652 2256 708 2304 et
735 2250 1031 2320 quomodo,
1063 2260 1157 2305 aut
1194 2267 1317 2307 cum
1349 2252 1545 2325 quibus
1590 2264 1838 2311 servatus
1880 2257 1952 2312 sit
1984 2273 1999 2311 :

403 2356 527 2413 qua:
554 2342 735 2397 omnia
770 2343 1100 2415 prophetica;
1130 2344 1325 2401 littera:
1353 2345 1573 2403 docent.
1605 2348 1848 2419 Apparet
1873 2363 2004 2421 ergo

403 2436 600 2492 lalsum
630 2450 751 2494 esse
774 2437 919 2509 quod
941 2438 1009 2495 de
1038 2437 1255 2511 opificio
1283 2440 1593 2497 Promethei
1626 2452 1867 2499 narrant.

479 2528 679 2586 Verum
707 2532 830 2603 quia
879 2541 1067 2603 poetas
1116 2533 1362 2590 dixeram
1411 2533 1549 2604 (scit.
1580 2535 1670 2591 lib.
1702 2552 1739 2604 ι,
1764 2553 1882 2608 cap.
1913 2536 2009 2611 11)

406 2639 516 2682 non
547 2625 769 2681 omnino
811 2627 1028 2683 mentiri
1058 2627 1256 2698 solere,
1279 2628 1376 2685 sed
1407 2629 1591 2701 ﬁguris
1620 2631 1919 2701 involvere,
1952 2640 2010 2688 et

406 2720 701 2778 obscurare
731 2736 855 2794 qua:
893 2720 1096 2791 dicant,
1136 2738 1243 2779 non
1281 2723 1403 2781 dico
1437 2739 1560 2782 esse
1599 2725 1877 2791 mentitos,
1911 2727 2007 2783 sed

2109 1914 2232 1969 tur;
2265 1914 2319 1961 et
2358 1914 2577 1960 secutus
2616 1919 2711 1961 eos
2746 1903 2952 1961 Tullius
2991 1904 3233 1976 pluribus
3280 1904 3497 1975 quidem
3542 1905 3702 1961 locis.

2107 1997 2214 2055 Sed
2240 2008 2416 2054 tamen
2445 1998 2726 2054 materiam
2756 2007 2862 2053 tam
2893 1998 3170 2069 cepiosam
3198 2005 3253 2054 et
3283 1997 3505 2053 uberem
3530 1996 3706 2054 stric-

2106 2092 2202 2148 tim
2229 2091 2508 2162 contingit;
2535 2105 2696 2161 quam
2720 2106 2821 2163 ego
2847 2105 2994 2147 nunc
3018 2090 3222 2147 idcirco
3253 2100 3539 2162 praetereo,
3568 2089 3696 2162 quia

2107 2199 2282 2254 nuper
2318 2184 2597 2255 proprium
2641 2182 2708 2238 de
2747 2197 2811 2238 ea
2839 2198 2900 2239 re
2939 2183 3137 2238 librum
3182 2181 3251 2238 ad
3293 2181 3704 2239 Demetrianum

2109 2279 2408 2335 auditorem
2459 2293 2639 2333 meum
2684 2277 2896 2348 scripsi.
2928 2277 3062 2333 Illud
3106 2277 3209 2333 hoc
3256 2277 3376 2333 loco
3425 2274 3706 2347 praeterire

2111 2388 2217 2428 non
2251 2386 2492 2442 possum,
2517 2372 2660 2443 quod
2686 2381 2930 2428 errantes
2956 2369 3268 2442 philosophi
3291 2370 3507 2441 quidam
3529 2370 3706 2438 aiunt,

2112 2465 2377 2532 homines,
2406 2472 2711 2535 eaeteraque
2745 2463 2999 2519 animalia
3043 2463 3161 2519 sine
3201 2461 3310 2518 ullo
3337 2460 3546 2518 artifice
3582 2468 3702 2518 orta

2111 2574 2233 2617 esse
2258 2558 2326 2615 de
2354 2565 2530 2625 terra;
2561 2557 2704 2615 unde
2732 2555 2867 2612 illud
2895 2555 3245 2628 Virgilianum
3268 2564 3351 2612 est
3378 2572 3393 2611 :

2936 2669 3210 2733 Virumque

2238 2736 2429 2788 Terrea
2448 2736 2719 2800 progenies
2738 2733 2880 2785 duris
2913 2738 3061 2798 caput
3080 2731 3263 2784 extulit
3284 2731 3431 2783 arvis.

1761 2818 2124 2878 VARIORUM
2158 2819 2387 2877 NOTAE.

486 2906 646 2981 Poena
692 2906 889 2981 ejusin
940 2907 1171 2964 Caucaso
1200 2917 1386 2963 monte.
1436 2908 1493 2965 In
1530 2906 1775 2967 Caucaso
1823 2912 1998 2981 ipsum

2105 2912 2142 2967 2
2171 2911 2351 2974 Colb..
2385 2911 2641 2976 Sorbon.,
2671 2910 2828 2976 Pen.,
2866 2910 3028 2972 Tax.,
3070 2910 3106 2964 2
3136 2909 3370 2965 Claram.
3404 2910 3461 2967 In
3496 2910 3563 2966 10
3589 2925 3702 2968 rec.

404 2993 533 3063 esse
556 2978 774 3033 affixum
797 2978 1476 3063 Δἰιιι-ςηιςυιιιιιιιχΤζθμ-θεε
1505 3011 1587 3063 ——_
1613 2982 1772 3063 Poena
1811 2978 1923 3063 ejus
1951 2986 2004 3063 in
2033 2983 2079 3048 C
2111 2984 2236 3063 e_tin
2271 2985 2345 3063 10_
2358 2986 2489 3040 edit.
2520 2992 2605 3039 est
2630 2982 3027 3048 Prometheum;
3058 2981 3110 3037 in
3140 2984 3165 3037 1
3196 2981 3328 3063 Reg.
3363 2992 3418 3038 et
3449 2983 3501 3038 1.
3526 2981 3702 3056 Lips.,

405 3050 638 3123 Caucaso
666 3059 854 3104 monte.
890 3050 969 3123 De
996 3050 1508 3123 Promethciifabnla
1538 3054 1679 3123 pleni
1708 3050 1841 3110 sunt
1856 3055 1999 3111 libri.

406 3121 486 3178 De
518 3136 675 3193 poena
704 3121 1036 3192 Propertius,
1072 3122 1166 3179 lib.
1200 3140 1257 3189 ιι,
1285 3122 1435 3193 Eleg.
1470 3126 1521 3192 1,
1542 3121 1609 3178 'v.
1636 3127 1696 3180 7t
1740 3144 1753 3180 :

563 3213 700 3278 Idem
719 3224 955 3278 Caucasea
972 3213 1133 3278 solvet
1154 3215 1220 3265 de
1234 3227 1361 3278 rupe
1375 3214 1665 3266 Promethei

624 3276 847 3337 Brachia,
875 3283 928 3326 et
950 3289 978 3326 a
997 3277 1161 3327 medio
1182 3276 1385 3341 pectore
1402 3278 1559 3343 pellet
1574 3291 1735 3329 avem.

478 3359 549 3415 Et
576 3358 832 3415 Martialis
858 3359 1130 3429 Spectac.,
1163 3375 1331 3416 carm.
1367 3363 1400 3417 '1
1432 3380 1445 3415 :

534 3437 757 3505 Qualiter
777 3439 824 3488 in
848 3439 1061 3505 Scythica
1085 3438 1325 3502 religatus
1349 3453 1471 3505 rupe
1494 3440 1829 3505 Prometheus

594 3500 850 3552 Assiduam
874 3500 1025 3551 nin'tio
1050 3500 1252 3565 pectore
1272 3500 1590 3566 pavit'avem.
1617 3503 1757 3555 Ceu.

485 3571 833 3640 Patruumque
861 3571 1068 3629 Titana.
1103 3572 1219 3627 Fuit
1245 3589 1378 3627 avus
1409 3583 1687 3643 paternus.
1719 3574 1967 3630 'i'uvsms.

481 3643 648 3699 Penes
679 3643 961 3699 Saturnum
982 3643 1145 3698 solum
1187 3645 1303 3714 fuit.
1340 3643 1465 3697 Fuit
1491 3660 1556 3699 ex
1586 3646 1840 3699 omnibus
1871 3662 2000 3701 mss.

406 3724 495 3772 est
524 3725 579 3771 et
594 3732 658 3771 ex
683 3716 959 3771 veteribus
993 3715 1175 3779 editis;
1201 3715 1375 3784 fuerit,
1396 3716 1446 3769 in
1467 3717 1863 3771 recentioribus
1904 3717 2005 3772 itn-

405 3787 630 3858 pressis.
664 3787 930 3858 Saturnus
962 3785 1060 3858 fuit
1104 3788 1267 3842 etiam
1314 3784 1480 3843 Urani
1516 3797 1571 3843 et
1606 3787 1792 3843 Titacae
1834 3788 1998 3857 ﬁlius,

403 3857 472 3913 ac
500 3857 725 3928 proinde
749 3858 919 3928 Iapeti
952 3857 1133 3912 frater.

479 3927 699 3984 Factum
725 3927 832 3984 esse
850 3929 1241 3995 diluvium,etc.
1268 3928 1490 4003 Nonnus
1512 3930 1651 4003 libro
1678 3946 1754 3999 ιιι,
1781 3931 2001 4003 Dionys.

406 4009 520 4057 tres
545 4004 936 4073 κατακλυσμοὺς
961 4008 1263 4073 enumerat.
1293 4000 1533 4073 Isidorus
1558 4002 1731 4073 Ot-ig.,
1764 4001 1854 4057 lih.
1887 4000 2001 4070 xiii,

404 4087 528 4140 cap.
559 4072 651 4133 22.
689 4074 789 4128 tria
812 4072 1018 4126 diluvia
1047 4082 1317 4128 recenset.
1349 4072 1641 4128 Meunsms.
1666 4072 1746 4117 4—
1777 4074 2004 4142 Propter

404 4153 688 4214 peccatum
719 4143 914 4199 factum
952 4157 1074 4214 esse
1107 4142 1390 4208 diluvium,
1431 4145 1828 4213 elegantissime
1876 4147 2002 4201 des-

404 4213 597 4285 eripsit
620 4214 801 4278 0vid.,
830 4214 921 4269 lib.
962 4231 979 4270 ι
1010 4213 1365 4286 Metamorph.
1413 4214 1468 4270 Si
1491 4216 1609 4286 quis
1634 4218 1782 4283 plura
1806 4214 1874 4270 de
1903 4215 2004 4272 hac

404 4302 466 4340 re
494 4284 623 4341 velit
658 4287 984 4349 testimonia,
1015 4285 1172 4340 adeat
1193 4284 1441 4342 Grotium
1463 4284 1521 4342 in
1546 4289 1689 4342 nolis
1715 4286 1783 4342 ad
1811 4287 1905 4342 lib.
1935 4288 2002 4344 de

404 4356 648 4412 Vcritate
676 4358 827 4426 relig.
853 4357 1178 4412 Christiania.

2112 3055 2441 3200 P3313553;
2472 3129 2634 3198 primo
2660 3134 2832 3181 natam
2864 3142 2972 3200 esse
2995 3134 3175 3200 artem.
3208 3124 3285 3181 Ita
3316 3126 3496 3200 cuncti
3526 3126 3699 3200 ferme

2110 3214 2240 3257 mss.
2272 3210 2327 3255 et
2353 3197 2621 3256 vet.edit.
2657 3200 2816 3255 Rom.
2853 3197 3200 3254 Desideratur
3247 3213 3356 3253 esse
3392 3197 3449 3253 in
3488 3213 3622 3267 mss.
3665 3199 3703 3254 2

2108 3288 2220 3329 rec.
2251 3282 2306 3327 et
2333 3272 2385 3328 in
2413 3272 2596 3327 multis
2626 3272 2803 3327 editis.

2179 3352 2395 3423 Templa
2432 3351 2693 3423 constitui.
2732 3350 3004 3406 Infinitive
3031 3349 3193 3423 modo
3224 3349 3377 3405 multi
3416 3349 3544 3423 editi
3584 3364 3702 3405 om-

2109 3420 2317 3495 pesque
2340 3437 2472 3495 mss.
2498 3433 2553 3477 ut
2581 3422 2648 3477 ad
2678 3421 3108 3495 cmperunt,quod
3132 3420 3696 3495 sequitur,referatur.

2109 3494 2164 3549 In
2195 3492 2492 3550 t'Colbert.
2524 3509 2635 3549 rec.
2663 3503 2717 3549 et
2741 3493 2773 3548 6
2802 3508 2914 3548 rec.
2943 3493 3170 3561 vulgatis
3198 3501 3302 3558 est,
3328 3492 3607 3546 constituit.

2181 3565 2420 3620 Fictio...
2444 3582 2472 3619 e
2493 3566 2615 3620 limo
2644 3564 2739 3618 Dei
2760 3573 2852 3618 est.
2875 3563 3001 3618 IIth
3028 3564 3097 3617 ita
3121 3564 3301 3633 capias
3328 3579 3341 3615 :
3374 3562 3472 3616 Dei
3498 3573 3570 3617 est
3596 3564 3696 3631 ﬁc-

2107 3639 2247 3691 tio...
2282 3637 2502 3690 hominis
2541 3652 2568 3691 e
2597 3636 2740 3703 lituo,
2771 3640 2885 3688 sive
2914 3653 2927 3688 :
2957 3634 3095 3689 Deus
3128 3644 3202 3688 est
3230 3634 3377 3703 ﬁctor
3415 3634 3635 3689 hominis
3674 3652 3702 3689 e

2108 3710 2249 3763 limo.
2268 3708 2400 3762 Hinc
2414 3723 2624 3762 comma
2639 3705 3027 3762 etthaIehio
3057 3714 3177 3774 post
3206 3706 3348 3770 limo,
3380 3706 3692 3774 posui.Bmv.

2183 3780 2335 3848 Quod
2360 3778 2573 3835 Hermes
2592 3796 2790 3850 quoque
2817 3778 3059 3850 tradidit.
3079 3775 3340 3843 Tradidit,
3370 3776 3510 3850 quod
3533 3788 3617 3832 est
3644 3778 3697 3832 in

2107 3852 2141 3908 6
2171 3852 2327 3921 Beg.,
2376 3853 2408 3906 4
2450 3848 2717 3914 Colbert.,
2760 3850 2951 3917 Brun.,
2995 3848 3244 3917 aliisque,
3285 3849 3565 3920 requirunt
3607 3863 3697 3904 se-

2106 3925 2325 3993 quentia
2354 3923 2540 3988 verba,
2586 3923 2784 3977 dixit...
2816 3921 3056 3993 tentavit;
3104 3935 3203 3993 sex
3247 3934 3530 3993 mssarec.
3575 3935 3697 3975 eum

2107 3991 2287 4057 editis,
2320 3996 2495 4049 tradit.
2542 3994 2828 4050 Hominem
2874 3993 2941 4047 ad
2987 3991 3273 4061 imaginem
3322 3991 3415 4047 Dei
3456 4002 3696 4047 creatum

2106 4081 2229 4122 esse
2260 4075 2489 4120 testatur
2513 4066 2761 4131 Hermes,
2792 4063 3070 4121 Pimandri
3102 4062 3312 4118 scilicet
3330 4063 3510 4133 capite
3540 4064 3592 4117 1.
3622 4062 3701 4118 Ne

2105 4141 2227 4206 quis
2246 4149 2428 4192 autem
2455 4138 2765 4203 arbitretur,
2796 4137 2905 4191 Deo
2932 4133 3693 4206 summouarchitecto‘nomen

2105 4203 2193 4287 ςιῖοῦ
2224 4208 2531 4287 dspicatr/oti
2557 4225 2592 4287 ει
2626 4205 3037 4287 Platonemodo
3067 4212 3121 4259 et
3141 4203 3697 4287 HBPlllel6.lrlblll,l.lll

2101 4279 2213 4348 jam
2244 4274 2461 4349 saepin's'
2485 4281 2740 4342 vidimus,
2782 4277 3054 4349 sciatﬂhoc
3083 4276 3309 4344 reperiri
3337 4275 3497 4349 etiam
3530 4274 3698 4349 iniit:-

2109 4344 2236 4406 tcris
2262 4344 2612 4426 Apostolicis.
2642 4351 2795 4426 Paul.
2916 4347 3078 4426 Hebr.
3111 4362 3228 4415 cap.
3256 4361 3320 4426 _tt,
3344 4344 3693 4426 δημιφυργρςὸ

483 4430 543 4484 Si
569 4416 1057 4501 ergoAca‘lLarlysmus
1082 4428 1197 4501 ideo
1228 4433 1394 4501 factus
1419 4438 1513 4484 est.
1550 4430 1626 4485 Ita
1657 4430 1832 4485 cuncti
1864 4445 2001 4500 pene
2027 4431 2082 4493 D
2106 4416 2384 4501 6:6;._elc.
2419 4424 2527 4479 Sed
2569 4426 2671 4501 hoc
2710 4420 2984 4501 opificium
3024 4416 3337 4501 Lactantius
3367 4416 3550 4501 noster
3577 4417 3693 4469 sin-

406 4516 542 4555 mss.
562 4498 1011 4555 et'edd.Tornes.
1044 4508 1097 4554 et
1128 4498 1399 4555 Souhron.
1433 4503 1502 4556 At
1525 4501 1561 4554 2
1585 4509 1690 4556 vet.
1733 4510 1789 4557 et
1811 4498 1940 4556 mss.
1966 4502 2004 4556 2

404 4587 518 4626 rec.
547 4587 645 4640 pro
662 4571 777 4625 ideo
793 4571 988 4626 habent
1003 4587 1032 4623 a
1050 4569 1182 4635 Deo;
1206 4570 1454 4641 impressi
1476 4573 1626 4628 multi
1648 4582 1954 4642 utrumque,
1972 4590 2003 4628 α

407 4642 519 4697 Deo
545 4643 677 4697 ideo.
708 4643 782 4697 De
811 4643 1097 4697 universali
1126 4642 1329 4698 diluvio
1357 4644 1499 4713 apud
1530 4659 1720 4699 omnes
1762 4652 1997 4711 constat,

405 4716 499 4785 qui
528 4715 581 4769 in
612 4713 833 4768 dubium
877 4730 983 4767 non
1018 4723 1213 4768 vocant
1249 4714 1306 4771 S.
1342 4714 1595 4771 Litteras.
1625 4713 1820 4770 Cmtcri
1852 4730 2001 4783 vero,

404 4784 478 4840 de
507 4784 928 4856 quibnsaliquid
959 4785 1235 4839 memoria:
1258 4786 1527 4856 proditum
1555 4797 1657 4851 est,
1686 4786 1888 4842 incerta
1910 4786 2005 4842 ad-

405 4802 478 4840 ue
546 4802 702 4841 ﬂlDllS
729 4802 928 4855 anqqu
959 4802 1235 4839 memoriae
1258 4802 1527 4856 proauum
1555 4802 1657 4851 εει,
1686 4802 1888 4842 incerta
1910 4802 2005 4842 aa-

405 4802 630 4928 rnoiium
656 4854 762 4911 title
793 4856 1058 4928 laborant.
1092 4857 1317 4921 Quidam
1350 4867 1557 4919 tamen,
1584 4858 1725 4912 inter
1754 4873 1889 4928 quos
1920 4867 2005 4914 est

404 4926 651 4992 Grotius,
697 4928 748 4980 in
781 4927 1218 4981 annotationibus
1249 4927 1314 4982 ad
1344 4943 1465 4996 cap.
1497 4928 1566 4984 16
1603 4930 1671 4984 de
1696 4926 1841 4984 Vera
1875 4929 2003 4983 reli-

403 5000 591 5070 gione,
622 4997 711 5052 lib.
735 5015 774 5062 ι,
791 4999 1095 5070 recentiora
1112 4999 1517 5070 antiquioribus
1541 5001 1789 5066 miscent,
1816 5001 2004 5054 existi-

408 5068 671 5143 inantque
698 5071 888 5143 eadem
917 5084 1040 5143 esse
1081 5068 1308 5135 Noaclii,
1346 5070 1542 5143 Ogygis
1573 5081 1628 5125 et
1660 5072 2002 5126 Deucalionis

403 5140 629 5207 diluvia,
667 5141 918 5211 quamvis
962 5141 1102 5197 inter
1141 5143 1257 5198 haec
1287 5140 1441 5213 ipsa,
1464 5140 1635 5197 multa
1666 5143 2004 5197 intercedant

401 5222 674 5282 tempora.

484 5283 872 5339 Deucalionem.
905 5284 979 5338 De
1009 5284 1349 5341 Deucalionis
1395 5284 1620 5339 historia
1665 5284 1785 5339 vide
1829 5283 1998 5339 Justi-

402 5371 539 5427 num
571 5355 707 5427 libro
737 5372 795 5423 ιι,
826 5365 879 5411 et
906 5355 1198 5411 Lttcinnttm
1234 5358 1285 5410 in
1333 5356 1556 5424 Dialogo
1593 5355 1661 5409 de
1692 5356 1846 5427 Syria
1874 5356 1998 5411 dea.

403 5426 794 5483 Prometheum
826 5442 953 5484 vero
983 5429 1322 5483 Deucalionis
1351 5438 1558 5497 patrem
1597 5426 1829 5498 septimo
1858 5443 2000 5483 anno

400 5498 841 5572 Moseospnatum
856 5513 999 5572 esse,
1010 5499 1493 5572 _narratCyrillus.

485 5568 638 5635 Quod
672 5570 737 5624 de
762 5570 966 5641 api/icio
998 5568 1301 5625 Promethei
1323 5570 1791 5641 narrantJtaAmss.
1809 5585 2000 5625 omnes

401 5650 466 5698 et
489 5642 618 5714 editi
635 5639 829 5714 plures
857 5650 988 5707 vet.,
1021 5641 1158 5697 Edd.
1185 5642 1358 5697 Betui.
1390 5651 1444 5697 et
1469 5639 1716 5714 Gymnic.
1753 5649 1872 5712 post
1890 5643 2001 5711 api-

398 5713 551 5784 ficia,
583 5712 790 5767 addunt
815 5714 994 5778 iidem;
1023 5729 1114 5769 sex
1146 5714 1243 5778 al.,
1269 5714 1468 5780 itidem;
1497 5712 1531 5768 1’
1549 5713 1810 5777 Clarom.,
1843 5714 1995 5767 illum.

483 5782 793 5839 Promethea
833 5786 1165 5839 simulacrum
1207 5786 1447 5851 hominis,
1477 5796 1581 5841 etc.
1619 5785 1710 5841 Sic
1748 5786 1997 5851 reposui—

400 5871 528 5917 mus
555 5871 624 5916 ex
651 5856 1029 5918 vetustissimis
1056 5866 1110 5918 et
1131 5857 1349 5930 optimis
1370 5857 1722 5930 mss.2Bon.,
1739 5858 1771 5918 4
1789 5856 1993 5931 Regiis,

2106 4485 2274 4563 gulari
2302 4510 2469 4563 Opere
2494 4485 2808 4564 complexus
2832 4499 2935 4554 est,
2959 4488 3102 4559 quod
3135 4488 3248 4556 ipse
3267 4486 3377 4564 jam
3408 4485 3474 4539 ad
3504 4486 3696 4541 Deme-

2109 4558 2353 4619 trianum'
2372 4558 2675 4639 auditorem
2704 4558 2990 4632 scripsisse
3021 4567 3274 4639 testatur.
3312 4558 3536 4639 Hermes
3564 4573 3696 4639 vero

2104 4646 2323 4708 secutus
2375 4645 2459 4691 est
2496 4626 2877 4708 Pythagoram,
2915 4640 2971 4687 et
3026 4631 3424 4703 Pythagoreum
3464 4626 3693 4684 Jambli-

2105 4706 2290 4773 chum,
2323 4716 2377 4762 et
2401 4706 2554 4763 alios.
2589 4708 2916 4764 BETULElUS.

2176 4778 2417 4856 factum.
2446 4779 2571 4835 Mss.
2599 4781 2653 4856 Si,
2687 4782 2887 4856 ﬁctum.
3104 4848 3115 4856 _
3184 4846 3194 4856 _
3464 4844 3494 4856 μ’
3618 4832 3625 4835 .

2180 4850 2247 4904 Et
2249 4862 2470 4929 secutus
2482 4868 2579 4929 eos
2603 4846 2832 4929 Tullius.
2866 4854 2951 4909 1ta
2989 4846 3294 4929 restituiex
3320 4846 3527 4929 cunctis
3557 4858 3697 4927 pene

2107 4922 2353 4999 mss._[_’ro
2373 4922 2574 4999 Tullius
2602 4924 2653 4978 in
2678 4924 2714 4979 5
2740 4923 2872 4995 Reg.
2891 4940 3005 4981 rec.
3035 4931 3090 4980 et
3110 4919 3269 4999 editis
3298 4927 3383 4999 est
3410 4915 3621 4999 Ciceroi.
3640 4917 3691 4999 i_n

2105 4993 2318 5070 ‘5_4Colb.
2353 4995 2638 5070 et__i_3run.,
2669 4985 2952 5070 e{_secittus
2982 5006 3054 5051 est
3092 5007 3177 5046 eos
3210 4988 3533 5070 Tullius.n-—
3562 4985 3695 5041 Vide

2105 5065 2377 5146 (ἷὶρρι-οιιη
2403 5066 2573 5146 _lib._tt
2605 5058 2673 5146 de
2704 5066 2888 5123 Natnr.
2918 5068 3097 5132 deor.,
3120 5073 3173 5146 et
3187 5078 3222 5146 ¹ι
3238 5063 3305 5116 tle
3328 5058 3512 5146 Legi‘b.

2177 5127 2456 5213 Contingi‘t.
2500 5138 2590 5194 Sic
2615 5139 2760 5213 lego
2808 5155 2929 5195 cum
2956 5127 3093 5194 mss."
3118 5136 3151 5190 6
3186 5127 3694 5213 iieg.,n4’t.‘ol_b'.l.m2

2104 5197 2386 5273 Clarum,
2406 5210 2549 5264 Brun
2580 5197 2831 5280 aliisque,
2875 5227 2975 5265 nec
3004 5224 3110 5263 non
3134 5197 3299 5280 _edi_ti's
3330 5201 3488 5280 Rom.
3525 5197 3689 5280 1468",

2105 5281 2265 5356 υἷε),
2298 5271 2591 5356 smnpm...
2624 5271 2878 5356 Ter-nes"
2911 5280 3108 5336 Cellar.
3133 5277 3191 5356 In
3280 5287 3391 5328 rec.
3418 5271 3549 5342 Reg.
3579 5279 3633 5326 et
3657 5273 3693 5325 2

2102 5352 2345 5426 Colbert.
2380 5353 2646 5423 editisque
2673 5354 2916 5426 pluribus
2946 5348 3299 5426 est_co_ntig_it:‘
3487 5415 3497 5426 .

2177 5423 2411 5479 Librum.
2436 5426 2536 5500 Qui
2564 5416 2647 5500 est
2674 5416 2744 5480 de
2779 5423 3003 5500 Opiﬁcio
3033 5422 3123 5500 D_ei
3163 5418 3230 5472 ad
3263 5416 3688 5500 Demetrianum.

2103 5494 2257 5550 Hunc
2291 5487 2534 5565 reperies
2561 5496 2695 5551 infra
2727 5487 2872 5550 tonio
2902 5511 2958 5561 ιι,
2985 5492 3145 5561 hujus
3174 5498 3377 5565 nostrm
3409 5487 3686 5565 editionis.

2181 5567 2227 5619 Η
2235 5560 2425 5622 omines
2447 5579 2728 5641 ceteraque
2742 5567 3010 5641 animalia.
3034 5560 3500 5641 Vide_(_)rpht_cu_m,_
3511 5560 3691 5641 Paeti-

2104 5639 2269 5712 vium,
2289 5649 2344 5694 et
2367 5632 2654 5695 Diodorum
2676 5639 2916 5712 Siculum
2941 5639 3035 5695 lib.
3063 5655 3097 5700 ι.
3124 5637 3212 5712 ul_)i
3246 5635 3314 5691 de
3338 5632 3553 5688 Fabulis
3580 5632 3688 5712 agit

2185 5710 2522 5788 Virgiliaﬂujfl
2568 5720 2641 5788 est
2681 5730 2700 5767 :
2727 5742 2800 5753 —-
2827 5711 3112 5788 [iramque
3132 5707 3350 5788 ATertea
3398 5707 3680 5788 progenies,

2103 5791 2207 5838 etc.
2256 5770 2409 5849 apud
2462 5784 2781 5853 Virgilium.
2826 5784 2917 5838 lib.
2992 5770 3039 5839 ιί
3123 5780 3317 5847 Georg.
3347 5770 3507 5853 ,ξνξ

2104 5842 2385 5919 Nonnulla:
2440 5842 2703 5916 editiones
2758 5842 2951 5915 Ferrea
3004 5855 3226 5924 legunt,
3268 5842 3339 5904 ὀι
3389 5848 3444 5903 ιιι
3495 5842 3687 5912 primis
