4174 6200
373 252 482 309 517

1442 261 1649 321 LIBER
1688 262 1753 322 ΙΙ.
1794 260 1884 321 DE
1910 262 2202 325 'ORIGINE
2242 266 2563 329 ERRORIS.

3572 282 3687 341 318

374 369 516 426 tibus
546 370 908 427 maturitatem
928 373 1218 446 quamdam
1247 376 1495 434 extitisse
1527 378 1840 437 animalium
1882 393 1970 436 se-
1992 389 2050 454 Α
2074 379 2235 453 facta,
2266 393 2329 441 ut
2348 386 2603 445 animalia
2630 402 2822 448 recens
2850 390 3017 459 edita,
3052 393 3135 451 vel
3163 392 3425 453 haberent
3452 396 3683 454 alimen-

373 463 700 529 rendornm;
751 465 935 538 itaque
983 476 1183 524 terram
1232 484 1449 541 novam,
1506 484 1693 528 semen
1741 471 1980 544 genitale

372 560 725 628 retinentem,
759 559 1028 616 folliculos
1070 577 1136 617 ex
1182 577 1243 619 se
1291 562 1555 637 quosdam
1597 565 1651 619 in
1698 575 1976 622 uterorum

371 653 784 710 similitudinem
814 655 1127 727 protulisse,
1157 655 1225 712 de
1251 656 1448 727 quibus
1472 657 1756 715 Lucretius
1782 674 1795 712 :

560 771 861 824 Crescebant
880 774 1013 824 uteri
1037 777 1189 824 terrte
1205 774 1453 825 radicibus
1471 775 1602 839 apti;

371 893 606 950 eosque,
638 893 759 933 cum
793 885 1188 942 maturassent,
1239 888 1431 935 natura
1488 887 1719 949 cogente
1764 888 1972 951 ruptos,

370 970 625 1028 animalia
658 980 844 1028 tenera
876 970 1197 1041 profudisse.
1226 971 1427 1027 Deinde
1450 980 1651 1028 terram
1675 973 1846 1044 ipsam
1876 971 1979 1027 hu-

370 1078 527 1121 more
569 1061 827 1133 quodam,
859 1063 949 1133 qui
993 1072 1140 1120 esset
1181 1064 1305 1120 lacti
1347 1064 1576 1132 similis,
1626 1065 1973 1131 exuberasse,

278 1174 285 1179 '
371 1173 550 1228 eoque
578 1156 836 1213 alimento
883 1156 1190 1213 animantes
1231 1171 1354 1213 esse
1397 1159 1650 1213 nutritas.
1692 1156 1977 1226 Quomodo

372 1253 538 1323 igitur
560 1254 665 1307 vim
699 1250 917 1322 frigoris
945 1260 1038 1306 aut
1062 1252 1260 1307 caloris
1290 1250 1433 1309 ferre
1468 1260 1561 1306 aut
1589 1251 1762 1307 vitare
1789 1259 1978 1320 potue-

372 1354 524 1411 runt,
547 1353 639 1400 aut
660 1345 885 1401 omnino
909 1344 1080 1413 nasci,
1107 1360 1230 1401 cum
1263 1345 1345 1401 soi
1365 1352 1645 1411 exureret,
1689 1343 1857 1415 frigus
1885 1358 1977 1399 as-

374 1435 675 1509 tringeret?
710 1435 831 1494 Non
874 1444 1049 1501 erant,
1094 1436 1364 1506 inquiunt,
1408 1437 1459 1492 in
1490 1436 1761 1507 principio
1791 1435 1976 1491 mundi

369 1531 567 1603 hyems
604 1544 705 1590 nec
751 1538 937 1597 testas,
982 1529 1080 1586 sed
1113 1539 1369 1601 perpetua
1423 1531 1732 1600 temperies,
1784 1538 1841 1586 et
1883 1544 1977 1584 ver

369 1623 656 1695 aequabile.
688 1620 796 1679 Cur
823 1636 953 1693 ergo
974 1623 1104 1678 nihil
1129 1622 1324 1679 borum
1348 1622 1466 1678 fieri
1494 1622 1805 1679 etiamnunc
1824 1621 1976 1677 vide-

370 1719 532 1788 mus"?
560 1717 694 1787 Quia
737 1717 928 1782 semei,
981 1718 1154 1784 aiunt,
1185 1717 1304 1773 fieri
1331 1717 1698 1773 necessarium
1745 1714 1868 1782 fuit,
1918 1725 1975 1771 ut

2082 486 2216 545 tum,
2240 480 2321 536 vel
2345 496 2452 537 non
2474 481 2736 541 haberent
2761 486 3080 557 periculum.
3112 503 3337 547 necesse
3360 500 3465 561 est,
3498 501 3556 549 ut
3580 493 3681 549 ali-

2080 571 2202 641 quis
2230 571 2408 630 divina
2435 577 2618 632 nescio
2641 594 2743 649 qua
2770 580 2983 636 ratione
3011 580 3328 653 providerit.

2157 707 2289 773 Quis
2315 717 2494 766 autem
2520 720 2698 783 potest
2723 714 3023 784 providere,
3055 717 3156 774 nisi
3183 719 3358 776 Deus?
3382 720 3679 783 Videamus

2080 805 2261 853 tamen
2313 815 2380 856 an
2430 802 2481 857 id
2533 803 2742 874 ipsum,
2773 807 2915 877 quod
2945 808 3222 880 dictitant,
3258 811 3373 868 fieri
3404 816 3679 884 potuerit:

2082 901 2138 947 ut
2167 892 2415 950 homines
2445 907 2799 955 nascerentur
2823 915 2854 956 e
2883 911 3047 958 terra.
3071 903 3126 959 Si
3149 906 3457 963 consideret
3483 910 3681 978 aliquis

2081 985 2348 1054 quandiu,
2381 996 2436 1042 et
2462 989 2654 1058 quibus
2686 989 2861 1048 modis
2898 994 3159 1052 educetur
3186 996 3384 1068 infans,
3416 1000 3683 1074 intelliget

2080 1075 2324 1146 profecto
2369 1095 2474 1133 non
2522 1083 2760 1151 potuisse
2807 1086 3101 1157 terrigenas
3148 1088 3267 1145 illos
3318 1106 3516 1160 pueros
3564 1095 3682 1152 sine

2080 1166 2190 1222 ullo
2218 1167 2509 1227 educatore
2539 1174 2752 1229 nutriri.
2806 1175 2930 1231 Fuit
2968 1179 3112 1234 enim
3145 1196 3370 1242 necesse
3396 1188 3680 1256 quamplu-

2080 1260 2229 1317 ribus
2281 1264 2556 1320 mensibus
2596 1265 2778 1337 jacere
2806 1269 3096 1339 projectos,
3127 1272 3300 1329 donec
3346 1275 3681 1334 confirmatis

2079 1355 2260 1411 nervis
2290 1371 2509 1415 movere
2539 1374 2619 1428 se,
2655 1361 2939 1435 locumque
2980 1374 3188 1421 mutare
3228 1380 3449 1439 possent
3481 1388 3494 1425 :
3538 1372 3681 1444 quod

2077 1448 2168 1504 vix
2196 1448 2333 1505 intra
2367 1453 2524 1507 unius
2551 1455 2678 1508 anni
2721 1457 2955 1525 spatium
3005 1458 3120 1513 fieri
3160 1470 3356 1530 potest.
3404 1461 3520 1518 Jam
3562 1464 3683 1522 vide

2080 1548 2333 1597 utrumne
2363 1541 2540 1599 infans
2566 1544 2755 1601 eodem
2786 1548 2969 1616 modo,
3003 1560 3056 1605 et
3090 1551 3281 1608 eodem
3316 1553 3435 1610 loco
3462 1570 3570 1626 quo
3598 1565 3684 1614 est

2079 1630 2280 1688 eﬂ‘usus
2301 1675 2316 1698 ,
2357 1634 2542 1705 jacere
2574 1651 2671 1705 per
2700 1639 2899 1694 multos
2925 1656 3141 1697 menses
3170 1644 3432 1710 valuerit,
3468 1660 3530 1702 ac
3574 1664 3681 1704 non

2080 1736 2136 1781 et
2166 1728 2392 1783 humore
2420 1730 2511 1785 illo
2542 1740 2728 1800 terrae,
2760 1748 2921 1804 quem
2950 1736 3189 1793 alimenti
3217 1740 3387 1809 gratia
3411 1742 3684 1799 ministra-

368 1813 623 1869 animalia
647 1821 1038 1877 nascerentur;
1068 1820 1351 1887 postquam
1372 1826 1503 1867 vero
1529 1824 1650 1866 esse
1670 1818 1972 1881 coeperunt,

2080 1815 2201 1884 bat,
2251 1828 2307 1874 et
2352 1820 2435 1874 sui
2479 1821 2723 1893 corporis
2774 1828 3137 1896 purgamentis
3182 1829 3235 1883 in
3287 1846 3452 1886 unum
3500 1834 3684 1892 mixtis

370 1919 630 1962 concessa
660 1904 747 1960 bis
779 1904 1035 1960 facultate
1055 1903 1373 1975 generandi,
1403 1912 1459 1958 et
1485 1911 1627 1959 terra
1660 1917 1855 1973 parere
1882 1900 1979 1956 de-

371 2000 482 2067 siit,
510 2008 565 2055 et
595 2000 857 2070 temporis
886 1997 1126 2055 conditio
1162 2007 1364 2053 mutata
1395 2005 1499 2054 est.
1546 1995 1592 2054 Ο
1630 2012 1791 2068 quam
1822 1995 1978 2051 facile

372 2104 451 2150 est
475 2092 753 2148 mendacia
776 2091 1129 2162 redarguere!
1163 2090 1428 2155 Primum,
1457 2090 1599 2163 quod
1642 2090 1775 2145 nihil
1799 2097 1978 2160 potest

372 2201 491 2243 esse
519 2187 576 2242 in
607 2185 710 2242 hoc
740 2185 965 2251 mundo,
996 2185 1137 2256 quod
1168 2202 1275 2242 non
1306 2186 1384 2240 sic
1416 2193 1749 2256 permaneat,
1781 2194 1837 2239 ut
1859 2199 1975 2240 cte-

376 2283 469 2353 pit.
499 2280 613 2339 Nec
641 2282 787 2338 enim
820 2283 924 2347 sol,
956 2292 1010 2337 et
1038 2281 1187 2347 luna,
1226 2290 1283 2337 et
1306 2290 1453 2336 astra
1503 2289 1631 2335 tunc
1661 2294 1766 2335 non
1798 2287 1974 2345 erant,

376 2385 468 2431 aut
493 2391 616 2431 cum
644 2383 851 2444 essent,
884 2384 1094 2431 meatus
1115 2388 1221 2429 non
1249 2372 1541 2439 habebant,
1574 2386 1638 2428 ac
1663 2387 1770 2427 non
1797 2371 1977 2427 divina

382 2469 699 2534 moderatio,
732 2484 855 2539 quae
877 2483 1066 2524 cursus
1096 2482 1287 2523 eorum
1315 2474 1579 2537 temperat
1607 2473 1661 2520 et
1688 2465 1976 2537 gubernat,

382 2577 496 2617 cum
525 2562 657 2631 ipsis
696 2561 854 2616 simul
891 2560 1134 2629 cmperit.
1182 2559 1389 2615 Deinde
1427 2558 1569 2628 quod
1599 2559 1645 2612 si
1684 2558 1756 2612 ita
1783 2557 1875 2622 sit,
1921 2566 1981 2615 ut

382 2654 583 2721 dicunt,
611 2651 1005 2723 providentiam
1055 2666 1178 2708 esse
1202 2665 1427 2707 necesse
1447 2659 1563 2715 est;
1595 2660 1647 2705 et
1668 2651 1722 2705 in
1745 2649 1978 2720 idipsum

384 2746 641 2812 incidunt,
684 2744 827 2815 quod
864 2746 1097 2799 maxime
1124 2743 1353 2813 fugiunt.
1382 2741 1631 2799 Nondum
1666 2742 1807 2797 enim
1838 2743 1978 2799 natis

382 2836 721 2904 animalibus,
745 2837 937 2907 aliquis
958 2836 1141 2907 utique
1163 2835 1419 2907 providit,
1440 2844 1497 2892 ut
1518 2844 1888 2900 nascerentur,
1908 2850 1978 2892 ne

382 2931 523 2987 orhis
550 2938 712 2987 terra:
732 2929 1001 2993 desertus,
1032 2938 1194 2999 atque
1239 2929 1476 2984 incultus
1499 2928 1767 2984 horreret.
1797 2927 1863 2985 Ut
1884 2943 1980 2984 au-

385 3030 484 3076 tem
519 3022 588 3076 de
620 3030 762 3076 terra
791 3021 910 3075 sine
930 3020 1107 3074 officio
1123 3030 1405 3091 parentum
1432 3022 1574 3075 nasci
1606 3028 1845 3090 possent,
1876 3035 1976 3075 ne-

381 3131 528 3172 cesse
554 3128 637 3170 est
666 3130 856 3185 magna
906 3115 1114 3169 ratione
1157 3128 1279 3169 esse
1328 3114 1639 3183 provisum;
1695 3113 1889 3168 deinde
1920 3122 1978 3168 ut

380 3211 571 3266 humor
591 3210 682 3266 ille
702 3220 987 3265 concretus
1011 3209 1079 3264 de
1102 3218 1242 3264 terra
1271 3208 1323 3262 in
1356 3209 1533 3263 varias
1558 3209 1821 3280 imagines
1848 3223 1972 3264 cor-

379 3318 563 3374 porum
596 3303 919 3374 fingeretur;
956 3302 1078 3355 item
1118 3312 1175 3355 ut
1213 3317 1242 3354 c
1271 3300 1554 3368 folliculis,
1584 3300 1778 3370 quibus
1824 3309 1974 3371 tege-

378 3396 593 3462 bantur,
621 3405 840 3464 accepta
873 3393 1110 3459 vivendi,
1160 3392 1538 3463 sentiendique
1563 3394 1794 3459 ratione,
1840 3402 1977 3448 tam-

376 3503 532 3559 quam
565 3503 629 3544 ex
662 3488 783 3542 alvo
813 3495 1044 3542 matrum
1077 3485 1555 3555 profunderentur,
1588 3486 1721 3540 mira
1752 3485 1974 3542 inextri—

377 3582 670 3652 cabilisque
702 3581 939 3653 provisio
968 3589 1072 3636 est.
1101 3579 1207 3635 Sed
1241 3587 1490 3651 putemus
1521 3579 1571 3633 id
1603 3594 1816 3650 quoque
1844 3593 1972 3634 casu

373 3677 632 3731 accidisse
660 3692 675 3729 :
710 3675 799 3729 illa
822 3681 971 3729 certe
992 3688 1112 3744 qnze
1136 3681 1453 3742 sequuntur,
1479 3671 1695 3727 fortuita
1720 3686 1841 3728 esse
1860 3688 1967 3729 non

373 3778 629 3837 possunt;
679 3776 735 3822 ttt
766 3776 907 3821 terra
946 3766 1201 3820 continuo
1248 3765 1385 3820 lacte
1430 3772 1693 3831 manaret,
1744 3772 1801 3818 ut
1827 3765 1970 3820 acris

373 3860 662 3933 temperies
691 3867 836 3916 esset
872 3858 1111 3929 aequalis.
1146 3857 1275 3925 Quze
1313 3857 1357 3913 si
1385 3865 1595 3912 constat
1623 3855 1823 3912 idcirco
1848 3872 1969 3913 esse

2080 1910 2306 1967 obrutus
2337 1923 2731 1986 corruptusqne
2764 1928 3091 1975 moreretur.
3128 1920 3311 1995 Itaque
3342 1924 3489 1980 nullo
3521 1926 3682 1983 modo

2081 2001 2198 2058 fieri
2245 2014 2454 2074 potest,
2502 2007 2628 2077 quin
2676 2007 2745 2063 ab
2795 2009 2977 2080 aliquo
3024 2012 3186 2068 fuerit
3232 2013 3521 2084 educatus;
3578 2019 3679 2075 nisi

2079 2093 2222 2151 forte
2266 2096 2516 2153 animalia
2565 2101 2748 2156 omnia
2801 2117 2908 2158 non
2960 2113 3143 2160 tenera
3198 2115 3324 2162 nata
3374 2116 3536 2178 sunt,
3584 2110 3684 2166 sed

2079 2197 2336 2245 excreta:
2367 2191 2509 2260 quod
2550 2200 2611 2248 ut
2645 2192 2921 2263 dicerent,
2954 2211 3246 2267 numquam
3288 2199 3437 2256 venit
3476 2200 3583 2257 illis
3626 2204 3681 2258 in

2082 2289 2341 2336 mentem.
2373 2280 2561 2339 Omnis
2589 2300 2719 2357 ergo
2747 2286 2834 2342 illa
2861 2287 3000 2343 ratio
3029 2288 3408 2359 impossibilis,
3446 2300 3501 2347 et
3540 2308 3678 2348 vana

2081 2383 2164 2428 est
2189 2390 2205 2428 :
2232 2374 2278 2429 si
2309 2383 2486 2431 tamen
2516 2378 2653 2433 ratio
2677 2378 2784 2434 dici
2810 2389 3006 2451 potest,
3034 2396 3138 2452 qua
3172 2381 3225 2438 id
3248 2385 3429 2455 agitur
3454 2391 3513 2439 ut
3536 2385 3683 2443 nulla

2081 2465 2153 2521 sit
2174 2467 2333 2522 ratio.
2363 2468 2462 2537 Qui
2495 2472 2640 2527 enim
2668 2470 2800 2528 dicit
2823 2473 3002 2528 omnia
3030 2488 3129 2530 sua
3163 2484 3359 2545 Sponte
3383 2491 3506 2533 esse
3532 2490 3679 2545 nata,

2082 2556 2325 2630 nihilque
2350 2561 2547 2617 divinae
2573 2564 2924 2633 providentiae
2958 2566 3165 2632 tribuit,
3197 2567 3284 2624 hic
3314 2568 3557 2639 profecto
3588 2586 3678 2626 ra-

2084 2648 2282 2707 tionem
2316 2667 2420 2708 non
2449 2656 2664 2722 asserit,
2690 2655 2786 2712 sed
2815 2658 3032 2713 evertit.
3065 2657 3217 2726 Quod
3249 2661 3293 2715 si
3323 2676 3501 2731 neque
3527 2661 3681 2733 quid-

2083 2755 2244 2813 quam
2276 2744 2391 2799 fieri
2419 2743 2537 2802 sine
2568 2748 2799 2813 ratione,
2831 2764 3005 2818 neque
3037 2751 3184 2805 nasci
3216 2760 3412 2821 potem,
3456 2764 3680 2824 apparet

2081 2833 2316 2891 divinam
2346 2852 2468 2893 esse
2494 2839 2906 2909 providentiam,
2939 2842 3094 2911 cujus
3120 2852 3204 2897 est
3231 2845 3505 2913 proprium
3534 2845 3678 2917 quod

2080 2928 2278 2985 dicitur
2307 2932 2465 2988 ratio.
2497 2933 2638 2989 Dens
2664 2934 2828 3003 igitur
2858 2950 3040 2993 rerum
3068 2937 3312 2995 omnium
3343 2938 3680 2996 machinator

2079 3024 2208 3081 fecit
2238 3024 2532 3081 hominem.
2564 3027 2717 3096 Quod
2746 3029 2959 3097 Cicero,
2991 3034 3237 3101 quamvis
3264 3048 3455 3103 expers
3485 3034 3680 3089 coeles-

2084 3120 2213 3175 tium
2257 3121 2587 3195 litterarum.
2617 3124 2749 3179 vidit
2793 3132 3006 3190 tamen;
3035 3126 3124 3195 qui
3169 3126 3306 3180 libro
3343 3127 3409 3182 de
3446 3127 3681 3199 Legibus

2084 3215 2256 3283 primo
2284 3215 2387 3269 hoc
2417 3215 2555 3271 idem
2588 3217 2822 3286 tradidit,
2848 3218 2989 3289 quod
3019 3219 3314 3290 prophetae,
3336 3222 3491 3292 cujus
3518 3223 3677 3278 verba

2078 3306 2281 3375 subjeci
2308 3326 2321 3363 :
2357 3326 2376 3360 ι
2416 3309 2529 3364 Hoc
2556 3311 2753 3365 animal
2785 3311 3063 3380 providum
3086 3355 3100 3377 ,
3134 3328 3296 3385 sagax
3319 3357 3332 3379 ,
3362 3315 3676 3386 multiplex,

2077 3411 2324 3467 acutum,
2372 3418 2601 3472 memor,
2634 3403 2850 3473 plenum
2894 3406 3119 3461 rationis
3151 3415 3206 3461 et
3233 3407 3483 3476 consilii,
3515 3423 3675 3478 quem

2076 3507 2333 3548 vocamus
2363 3493 2657 3560 hominem,
2689 3495 2943 3564 praeclara
2976 3499 3205 3566 quadam
3242 3498 3554 3552 conditione
3584 3513 3678 3568 ge-

2078 3592 2321 3639 neratum
2350 3598 2470 3640 esse
2498 3600 2529 3640 a
2559 3600 2813 3656 supremo
2845 3588 2985 3655 Deo;
3019 3587 3194 3643 solum
3219 3596 3303 3643 est
3331 3588 3475 3645 enim
3503 3604 3567 3643 ex
3598 3597 3677 3644 tot

2077 3675 2428 3730 animantium
2457 3678 2748 3747 generibus
2783 3688 2945 3749 atque
2991 3681 3227 3747 naturis,
3274 3683 3543 3752 particeps
3588 3698 3676 3737 ra-

2079 3767 2240 3823 tionis
2264 3776 2320 3823 et
2346 3770 2705 3840 cogitationis,
2738 3786 2863 3827 cum
2908 3782 3104 3826 czetera
3135 3772 3243 3826 sint
3273 3773 3452 3826 omnia
3481 3786 3676 3842 exper-

2076 3861 2169 3914 tia.
2207 3878 2227 3913 ι
2260 3860 2495 3917 Videsne
2542 3862 2847 3930 hominem,
2894 3865 3137 3934 quamvis
3182 3863 3339 3934 longe
3377 3879 3406 3917 a
3436 3863 3675 3921 veritatis

1701 3970 2062 4031 VARIORUM
2100 3974 2332 4032 NOTAE.

372 4109 470 4162 qua
496 4108 560 4149 re
590 4092 711 4148 vide
738 4090 898 4147 Lucr.
923 4090 961 4147 l.
989 4107 1046 4158 v,
1077 4104 1218 4145 vers.
1251 4088 1379 4147 806.
1414 4089 1971 4148 BETULEIUS.—Vide

370 4164 616 4221 Ciceron.
648 4164 685 4218 Ι.
711 4166 808 4218 Ide
832 4162 1081 4233 Legibus.
1164 4184 1173 4193 -

436 4236 616 4291 Terra
634 4234 892 4291 radicibus
918 4232 1047 4305 opu‘.
1078 4232 1226 4305 llaud
1253 4247 1412 4288 secus
1439 4232 1638 4288 habent
1659 4247 1788 4305 mss.
1820 4232 1971 4289 codi-

365 4325 460 4364 ces
488 4308 821 4371 Lucretiani;
855 4303 963 4360 nec
982 4304 1313 4360 Lactantiani
1341 4306 1372 4359 ti
1400 4305 1556 4375 Reg.,
1591 4305 1616 4359 1
1649 4303 1887 4361 Claront.
1913 4313 1969 4361 et

363 4381 399 4437 8
426 4379 700 4449 impressi.
731 4380 798 4432 At
825 4378 949 4446 lteg.
1000 4378 1141 4443 Put.,
1176 4375 1201 4429 1
1236 4377 1306 4431 al.
1337 4376 1549 4449 Reg.._4
1571 4375 1962 4449 Cttlb.LBtjlln.,

365 4453 457 4507 ed.
492 4444 647 4506 Rom.
682 4449 844 4513 N70,
878 4444 1078 4503 habent
1107 4459 1272 4511 terra;
1302 4448 1391 4502 alii
1420 4444 1454 4501 Ξ
1480 4446 1640 4516 Reg.,
1666 4448 1701 4500 ‘2
1726 4444 1903 4513 Coib.,
1935 4448 1963 4503 1

362 4521 632 4587 Clarum,
659 4521 746 4577 ed.
780 4521 936 4574 Rnnt.
976 4519 1109 4575 14ὺὸ
1138 4530 1193 4574 ct
1225 4519 1392 4574 Paris.
1433 4518 1595 4583 1525,
1621 4528 1828 4572 terram.

439 4593 813 4648 Maturassent.
850 4592 1143 4646 Bttncntan.
1185 4591 1313 4661 legit
1342 4591 1741 4656 maturuissent,
1780 4588 1971 4661 deque

361 4666 472 4721 hac
508 4665 742 4720 lectione
786 4666 866 4718 sic
907 4662 1064 4718 habet
1100 4681 1112 4717 :
1153 4681 1171 4715 ι
1202 4659 1290 4716 Sic
1336 4661 1476 4717 edidi
1522 4676 1591 4716 ex
1639 4676 1741 4716 ms.
1778 4659 1965 4730 llltraj.

360 4740 532 4793 etiam
565 4734 884 4790 Muncker-us
911 4734 996 4787 hic
1027 4733 1098 4788 ita
1127 4734 1310 4804 legere
1333 4732 1585 4804 malebat,
1620 4743 1675 4787 et
1703 4732 1780 4787 sic
1806 4732 1970 4803 llygi-

360 4826 496 4864 nmn
521 4806 843 4877 cnrrigcbat,
869 4804 975 4860 fab.
1017 4805 1136 4872 156,
1249 4804 1375 4859 205.
1412 4822 1431 4856 ι
1477 4803 1609 4884 RUN.

441 4880 740 4929 Animantes
767 4894 874 4929 esse
904 4878 1142 4929 nutritas.
1203 4885 1253 4929 ta
1284 4890 1505 4929 renosut
1544 4888 1609 4929 ex

440 4873 740 4933 Animanies
767 4894 874 4932 esse
904 4878 1142 4931 nutritas.
1172 4873 1253 4931 Ita
1284 4873 1505 4946 reposui
1544 4888 1612 4929 ex
1645 4888 1773 4929 mss.
1822 4873 1967 4930 Editi

354 4952 556 5021 legunt
575 4951 809 5003 nutritas.

443 5021 709 5087 Quomodo
735 5021 908 5091 igitur.
935 5018 1023 5091 Sic
1043 5017 1341 5091 restituiex
1362 5032 1507 5091 mss.
1522 5018 1790 5091 omnibus,
1816 5032 1969 5073 acce-

352 5093 618 5149 dentibus
650 5093 681 5148 5
712 5088 1098 5146 recentioribus
1124 5100 1177 5143 ct
1204 5089 1332 5144 edit.
1361 5088 1534 5145 Betui.
1568 5090 1618 5142 in
1651 5089 1845 5158 quibus
1886 5097 1970 5146 est

355 5181 492 5237 ergo
516 5181 531 5227 ;
561 5164 808 5237 ingeditis,
830 5164 1083 5237 quomodo
1114 5171 1301 5237 uagam.
1338 5159 1619 5237 Lucretius
1646 5160 1882 5237 eod._ii_b.
1910 5177 1961 5216 v.

439 5234 574 5289 Nec.
607 5231 851 5305 Reposui
869 5251 931 5289 ex
965 5249 1092 5288 mss.
1117 5233 1153 5287 2
1187 5231 1320 5303 Reg.
1352 5232 1457 5305 900
1508 5247 1698 5287 annor.
1737 5232 1967 5304 aliisque

353 5318 515 5364 octo.
550 5308 604 5361 In
626 5306 661 5360 ‘2
688 5304 809 5359 aliis
836 5316 920 5361 est
944 5316 1029 5358 aut
1056 5321 1070 5370 ;
1106 5307 1158 5359 in
1184 5304 1416 5369 exteris,
1450 5312 1518 5356 et.

448 5377 682 5432 Viventii.
717 5377 808 5432 Sic
843 5377 1056 5432 restitui
1106 5390 1170 5431 ex
1192 5385 1301 5430 vet.
1354 5375 1515 5430 editis
1542 5374 1578 5429 d-
1600 5417 1615 5441 ,
1646 5375 1964 5441 cunctisque

354 5464 499 5505 mss.
531 5449 749 5518 dempto
778 5465 887 5503 uno
917 5447 1362 5518 Tornes.iuquo,
1397 5455 1459 5501 ut
1486 5446 1540 5501 in
1567 5447 1846 5518 impressis
1871 5446 1959 5513 10,

356 5530 450 5578 est
477 5522 702 5575 videndi.

443 5600 524 5653 Ea:
551 5600 665 5653 also
722 5608 945 5655 matrum
986 5598 1436 5669 profunderentur.
1482 5597 1687 5654 Arnob.
1745 5596 1844 5669 ιιι».
1899 5614 1957 5668 ιι,

355 5671 671 5739 Nascimur,
726 5684 774 5727 ct
823 5689 883 5726 ea:
928 5671 1054 5725 ulvis
1081 5667 1413 5737 elfnndimur
1456 5677 1697 5723 matrum.
1726 5667 1955 5739 August.

353 5745 524 5799 Tom.
578 5760 603 5795 x
646 5744 715 5799 de
772 5745 831 5801 S.
884 5742 1079 5798 Johan.
1114 5744 1289 5797 Serm.
1321 5741 1376 5802 2,
1407 5740 1771 5810 Corruptibilis
1826 5744 1961 5797 uteri

352 5815 555 5887 ﬁnibus
573 5812 764 5882 etruscis
786 5826 877 5872 est.
910 5813 1131 5882 Quintil.
1162 5811 1587 5883 decl.vr,Cicero
1607 5811 1663 5869 in
1679 5811 1953 5872 Pisonem.

2154 4094 2552 4150 Inextricabilis.
2573 4095 2697 4153 Haec
2715 4096 2939 4151 mutatio
2963 4096 3098 4151 facta
3120 4111 3182 4151 ex
3204 4110 3334 4152 mss.
3375 4095 3410 4149 2
3438 4096 3670 4163 Bonon.,

2076 4167 2103 4221 1
2135 4166 2481 4238 Colb.antiq.
2502 4167 2653 4233 Jnn.,
2681 4167 2898 4234 Ultr.,2
2925 4168 3092 4223 Bruti.
3122 4182 3184 4221 ac
3215 4168 3337 4221 edd.
3369 4166 3595 4223 Tornes.
3621 4177 3675 4222 et

2076 4238 2272 4295 Soubr.
2299 4237 2355 4293 in
2405 4237 2777 4295 edil.Walch.
2829 4250 2913 4294 est
2962 4239 3375 4309 inexpricubilis,
3425 4249 3672 4309 typogra-

2073 4310 2232 4378 phico
2291 4312 2523 4377 mendo;
2576 4312 2628 4365 in
2683 4311 2927 4375 cmteris,
2982 4307 3372 4378 inexplicabilis.
3417 4307 3487 4347 -ἓ-
3534 4307 3673 4362 Mira

2073 4328 2232 4378 pntco
2291 4328 2523 4377 mendo;
2576 4328 2628 4365 tn
2683 4328 2927 4375 cmterts,
2982 4328 3101 4364 mea:
3140 4328 3372 4366 ucaoms.
3417 4339 3487 4347 —
3534 4328 3669 4362 sura

2073 4381 2545 4449 inexplicabilisque
2592 4383 2832 4452 provisio.
2887 4382 3020 4435 Bon.
3041 4422 3060 4452 ,Α
3090 4328 3252 4443 Igitr”
3285 4379 3410 4452 Jun.
3433 4421 3447 4444 ,
3476 4378 3669 4452 rGotlt.,

1993 4465 2047 4525 D
2074 4454 2205 4525 mira
2230 4450 2709 4518 inextricabilisque.
2738 4456 2804 4506 At
2827 4454 3016 4525 iterum
3044 4450 3225 4525 jnnxit
3261 4451 3329 4503 de
3356 4451 3497 4521 Upif.
3523 4465 3571 4505 c.
3599 4450 3632 4506 8
3656 4469 3667 4504 :

2073 4523 2463 4592 Ineazplicubilis
2511 4533 2582 4578 est
2631 4540 2691 4576 ac
2728 4525 2857 4576 mira
2885 4523 3160 4576 subtilitas.
3192 4521 3324 4576 BUN.

2144 4594 2218 4649 Ac
2241 4611 2342 4649 non
2373 4605 2418 4648 et
2451 4595 2681 4649 humore.
2714 4595 2788 4650 Ita
2818 4595 3123 4648 restitutum
3147 4608 3213 4648 ex
3238 4594 3325 4648 ed.
3355 4592 3586 4649 Tornes.
3617 4602 3673 4650 et

2072 4665 2265 4723 Cellar.
2301 4666 2659 4735 omnibusque
2687 4681 2818 4720 mss.
2845 4674 3037 4735 praeter
3056 4665 3199 4730 Ent.,
3230 4665 3281 4718 in
3313 4682 3420 4735 quo
3452 4665 3668 4720 deside-

2072 4748 2222 4794 ratur
2249 4749 2317 4802 et;
2346 4735 2681 4807 Lipsienscm
2711 4754 2872 4793 unum
2919 4747 2973 4792 et
3014 4736 3166 4793 Colb.
3208 4737 3333 4804 i,in
3364 4738 3559 4809 quibus
3586 4747 3671 4794 est

2075 4826 2136 4865 ac
2166 4828 2267 4866 non
2289 4826 2352 4864 ea:
2383 4809 2618 4864 humore.

2143 4883 2217 4936 Ac
2243 4898 2346 4935 non
2370 4881 2581 4935 humore
2606 4881 2696 4935 illo
2712 4889 2879 4936 teme.
2904 4879 3154 4937 Emman.
3171 4888 3225 4935 et
3251 4880 3425 4951 Lips,
3445 4896 3505 4933 ac
3531 4896 3631 4933 non
3648 4897 3668 4933 :

2069 4953 2180 5022 alii,
2213 4969 2406 5008 annon.
2448 4954 2523 5007 De
2570 4953 2735 5023 0pif.,
2767 4969 2816 5008 c.
2851 4952 2952 5018 16;
2986 4952 3170 5007 Potest
3200 4968 3265 5008 ne
3305 4953 3489 5021 aliquis
3530 4968 3669 5006 com-

2072 5024 2452 5097 prehendere...
2479 5039 2542 5079 ac
2567 5041 2671 5078 non
2704 5041 2767 5080 ea;
2791 5040 2847 5079 eo
2872 5026 2983 5095 ipso
3007 5024 3279 5097 intelligat.
3314 5023 3450 5097 Βυιι.

2144 5098 2324 5161 Quem.
2357 5098 2567 5152 Habent
2595 5106 2704 5151 tres
2733 5092 2922 5166 optimi
2953 5110 3082 5149 mss.
3129 5092 3302 5165 Regii,
3333 5096 3357 5149 1
3403 5092 3666 5164 ςοιιωμι

2067 5166 2102 5221 2
2134 5167 2297 5222 Βιιιιι.
2330 5170 2575 5237 impressi
2604 5177 2659 5222 ct
2686 5167 2926 5238 plerique
2959 5182 3089 5221 mss.
3116 5166 3269 5235 quod.

2140 5238 2381 5294 Excreta.
2408 5235 2548 5308 Quia
2582 5240 2631 5293 in
2667 5235 2945 5293 Lactantio
2971 5252 3158 5308 omnes
3188 5235 3373 5306 scripti
3402 5235 3663 5307 editiqttc,

2066 5322 2287 5378 excreta,
2320 5307 2507 5376 servo;
2540 5310 2618 5366 sic
2646 5309 2837 5380 Virgil.
2868 5324 2923 5362 ιιι
2962 5307 3159 5379 Georg.
3190 5308 3314 5363 597.
3354 5323 3366 5360 :

2159 5421 2299 5473 Multi
2316 5420 2419 5485 jam
2442 5428 2674 5474 excretos
2697 5419 2960 5484 prohibent
2983 5430 3012 5466 a
3033 5418 3275 5469 matribus
3297 5417 3487 5472 haedos.

3270 5504 3392 5557 BDN.

2136 5596 2181 5651 Α
2210 5609 2446 5663 supremo
2478 5590 2603 5644 Deo.
2635 5589 2872 5663 siccum
2902 5589 3156 5647 omnibus
3182 5606 3323 5663 pene
3367 5605 3497 5663 mss.
3529 5592 3658 5647 edit.

2063 5661 2292 5723 Tornes.
2327 5665 2523 5720 Souhr.
2551 5672 2606 5717 et
2629 5661 2843 5718 Walch.
2874 5664 3166 5733 cunctique
3188 5661 3409 5719 codices
3440 5661 3660 5717 Cicero-

2060 5742 2205 5794 niani
2238 5755 2250 5791 :
2281 5737 2316 5792 2
2349 5737 2478 5808 Reg.
2511 5749 2647 5808 rec.,
2676 5752 2706 5789 a
2741 5749 2968 5808 superno
3003 5733 3151 5801 Deo;
3181 5738 3215 5791 5
3254 5735 3434 5803 εοιικ,
3461 5733 3656 5805 2_Reg.

2069 5823 2191 5867 eum
2222 5808 2406 5866 multis
2428 5803 2613 5877 Mitis,
2641 5823 2674 5861 a
2700 5803 2897 5861 rimimo
2924 5803 3055 5862 Deo.
