4174 6200
490 285 601 347 519

1563 282 1752 341 FIRM.
1794 275 2161 339 LACTANTII
2198 278 2403 339 DIVIN.
2443 281 2684 344 INSTIT.

3694 284 3804 343 520

495 406 683 463 notitia
716 410 1006 470 remotum,
1037 411 1241 470 tamen,
1270 400 1524 473 quoniam
1571 399 1859 471 imaginem
1891 397 2105 468 sapien-
2207 400 2393 456 mundi
2436 416 2504 457 ex
2542 400 2829 459 contrariis
2854 403 3152 460 constantis
3180 404 3463 462 elementis
3490 403 3806 461 similitudi-

498 500 589 555 tiae
635 497 904 566 tuebatur,
935 496 1270 553 intellexisse
1317 511 1424 551 non
1470 496 1572 551 nisi
1612 511 1643 550 a
1685 495 1795 551 Deo
1822 492 2098 550 hominem

499 592 740 665 potuisse
767 591 1058 663 generari?
1083 589 1189 646 Sed
1218 598 1398 646 tamen
1427 588 1623 644 divinis
1648 602 1784 658 opus
1826 595 1908 643 est
1943 585 2101 642 testi-

498 685 719 751 moniis,
748 699 817 741 ne
847 684 1025 740 minus
1056 682 1290 738 humana
1337 681 1627 738 sufﬁciant.
1675 680 1882 753 Sibylla
1923 678 2101 736 homi-

498 794 622 838 nem
651 780 744 838 Dei
773 794 910 851 opus
935 793 1058 836 esse
1086 787 1350 835 testatur:

743 899 794 956 ὃς
816 910 923 959 μόνος
948 908 1030 948 icti.
1051 909 1141 955 ϐιὸς
1162 908 1314 955 κτίστης
1336 906 1544 958 inﬁnitate;
1566 904 1747 957 ὓκᾶηων,

745 972 863 1018 Αὐτὸς
885 968 929 1009 δι
953 971 1116 1023 insignis
1140 971 1250 1009 τὺπον
1274 974 1415 1022 μορφῆς
1440 971 1658 1021 Mm,

748 1035 866 1081 Αὑτὸς
889 1032 988 1084 {ptis
1009 1034 1114 1085 γῦσιν
1135 1034 1278 1072 πάντων
1299 1037 1423 1083 γινιῆς
1449 1033 1607 1083 βιότοιο.

502 1128 709 1185 Eadem
740 1137 943 1183 sanctae
973 1127 1166 1183 littera:
1197 1126 1495 1182 continent.
1532 1126 1675 1180 Deus
1702 1138 1833 1195 ergo
1867 1120 1981 1178 veri
2011 1134 2107 1192 pa-

503 1223 601 1277 tris
629 1221 811 1277 ofﬁcio
839 1220 1054 1276 functus
1081 1230 1183 1279 est.
1214 1219 1333 1291 ipse
1360 1233 1560 1291 corpus
1586 1217 1826 1284 efﬁnxit;
1856 1216 1972 1289 ipse
1990 1214 2108 1270 ani-

504 1330 649 1371 mam
676 1330 781 1385 qua
812 1314 1083 1385 spiramus
1109 1312 1324 1369 infudit.
1349 1312 1495 1367 Illius
1522 1321 1605 1367 est
1624 1319 1817 1376 totum,
1847 1307 2109 1381 quidquid

505 1423 713 1466 sumus.
758 1406 1039 1474 Quomodo
1090 1405 1145 1461 id
1192 1405 1413 1470 iecerit,
1444 1405 1489 1460 si
1517 1418 1618 1459 nos
1644 1410 1921 1474 oporteret
1944 1399 2107 1468 scire,

505 1503 801 1572 docuisset,
833 1502 972 1558 sicut
999 1501 1183 1557 docuit
1220 1508 1415 1557 caetera
1457 1514 1578 1571 quae
1607 1497 1973 1570 cognitionem
2013 1508 2113 1552 no-

506 1595 609 1664 bis,
642 1605 698 1652 et
726 1595 936 1668 pristini
958 1595 1161 1653 erroris
1185 1602 1242 1649 et
1265 1593 1383 1650 veri
1408 1592 1631 1650 luminis
1657 1591 1974 1649 attulerunt.

1105 1729 1334 1788 CAPUT
1372 1729 1512 1787 XIII.

515 1871 688 1941 Quare
717 1870 819 1925 duo
848 1886 999 1926 sexus
1021 1870 1075 1926 in
1102 1870 1346 1925 homine:
1376 1868 1497 1939 quid
1527 1868 1595 1924 sit
1620 1882 1756 1922 mors
1779 1866 1890 1936 ejus
1920 1862 2107 1936 prima,

585 1963 708 2036 quid
747 1962 1006 2031 secunda;
1048 1971 1096 2018 et
1141 1963 1203 2017 de
1247 1962 1529 2034 primorum
1570 1969 1843 2033 parentum
1870 1958 2025 2028 culpa
2064 1966 2114 2013 et

586 2072 753 2129 paena.

585 2191 721 2248 Cum
751 2206 882 2265 ergo
909 2207 1114 2248 marem
1146 2191 1211 2248 ad
1242 2191 1645 2249 similitudinem
1684 2206 1837 2248 suam
1882 2190 2116 2261 primum

516 2282 795 2353 ﬁnxisset,
832 2295 943 2340 tum
970 2284 1133 2340 etiam
1163 2284 1442 2341 fteminam
1470 2283 1823 2355 eonliguravit
1848 2281 1916 2338 ad
1947 2282 2115 2353 ipsius

519 2376 755 2433 hominis
780 2376 1038 2449 efﬁgiem,
1060 2385 1119 2433 ut
1146 2377 1252 2433 duo
1282 2378 1425 2434 inter
1454 2392 1514 2433 se
1541 2378 1781 2449 permisti
1804 2391 1966 2432 sexus
1988 2390 2114 2447 pro—

517 2485 713 2542 pagare
740 2471 982 2527 sobolem
1015 2480 1264 2542 possent,
1319 2479 1374 2527 et
1401 2486 1614 2527 omnem
1644 2481 1841 2526 terram
1869 2469 2116 2525 multitu-

515 2564 643 2620 dine
672 2566 916 2636 opplere.
961 2565 1018 2621 In
1067 2566 1237 2636 ipsius
1265 2574 1447 2621 autem
1479 2564 1714 2619 hominis
1757 2563 1972 2619 ﬁctione
1999 2561 2116 2617 illa-

515 2670 634 2711 rum
660 2657 886 2713 duarum
919 2659 1289 2726 materiarum,
1319 2671 1454 2728 quas
1483 2657 1624 2712 inter
1650 2671 1709 2711 se
1737 2655 1970 2711 diximus
1995 2668 2118 2711 esse

515 2752 843 2817 contrarias,
878 2751 1016 2822 ignis
1044 2761 1095 2808 et
1126 2767 1313 2823 aquze,
1356 2752 1621 2808 conclusit
1660 2750 1989 2822 perfecitque
2024 2764 2116 2804 ra-

516 2842 741 2898 tionem.
775 2843 925 2899 Ficto
959 2846 1103 2901 enim
1135 2860 1395 2917 corpore,
1437 2845 1661 2917 spiravit
1698 2845 1749 2901 ei
1778 2844 2010 2900 animam
2049 2842 2119 2899 de

513 2937 662 2993 vitali
689 2938 836 2996 fonte
864 2940 1086 3011 spiritus
1112 2940 1238 3008 sui,
1278 2940 1372 3013 qui
1397 2949 1481 2998 est
1509 2940 1798 3012 perennis,
1850 2948 1909 2996 ut
1947 2937 2118 3010 ipsius

2203 508 2323 550 nem
2351 504 2582 566 gereret.
2614 495 2837 552 Constat
2875 496 3020 553 enim
3061 511 3129 553 ex
3165 498 3341 553 anima
3380 504 3435 553 et
3459 512 3707 567 corpore,
3749 495 3804 552 id

2201 596 2304 654 est,
2333 588 2484 659 quasi
2510 603 2541 644 e
2569 588 2708 645 caelo
2734 600 2791 645 et
2811 598 2953 646 terra
2974 606 2988 643 :
3012 589 3449 661 quandoquidem
3474 588 3673 654 anima,
3696 603 3807 660 qua

2200 681 2450 747 vivimus,
2480 683 2626 738 velut
2654 699 2686 739 e
2715 684 2878 751 coelo,
2908 682 3084 739 oritur
3112 698 3141 738 a
3174 683 3308 752 Deo,
3331 697 3531 756 corpus
3565 696 3598 740 e
3635 690 3803 753 terra,

2201 773 2357 844 cujus
2384 790 2415 830 e
2442 774 2570 830 limo
2596 775 2830 832 diximus
2862 790 2983 833 esse
3013 777 3322 832 formatum.

2275 867 2653 939 Empedocles,
2684 884 2843 941 quem
2884 871 3097 926 nescias
3138 880 3393 927 utrumne
3424 870 3566 927 inter
3592 879 3804 943 poetas,

2204 975 2271 1017 an
2300 961 2440 1017 inter
2471 961 2823 1033 philosophos
2855 976 3129 1031 numeres,
3158 963 3283 1035 quia
3313 963 3381 1020 de
3412 978 3590 1021 rerum
3616 972 3808 1019 natura

2204 1055 2450 1112 versibus
2468 1056 2703 1127 scripsit,
2727 1065 2788 1113 ut
2811 1056 2954 1129 apud
2982 1056 3258 1114 Romanos
3282 1058 3567 1116 Lucretius
3595 1067 3651 1114 et
3674 1057 3811 1115 Var-

2206 1162 2289 1215 ro,
2314 1156 2545 1219 quatuor
2563 1149 2833 1206 elementa
2855 1150 3159 1218 constituit,
3176 1150 3229 1206 id
3252 1160 3356 1217 est,
3372 1152 3571 1223 ignem,
3601 1165 3808 1219 aerem,

2207 1255 2397 1312 aquam
2421 1283 2435 1307 ,
2479 1250 2534 1298 et
2575 1251 2808 1311 terram;
2840 1241 3074 1300 fortasse
3113 1242 3527 1315 Trismegistum
3554 1253 3806 1309 secutus,

2207 1336 2299 1406 qui
2331 1342 2515 1391 nostra
2542 1350 2771 1406 corpora
2800 1352 2866 1392 ex
2899 1336 2985 1391 his
3015 1346 3247 1408 quatuor
3273 1337 3560 1393 elementis
3605 1335 3813 1393 consti-

2211 1434 2321 1482 tuta
2349 1441 2469 1483 esse
2498 1427 2633 1482 dixit
2658 1442 2688 1482 a
2725 1428 2874 1484 Deo:
2908 1428 3110 1485 habere
3153 1443 3383 1500 namque
3422 1428 3476 1485 in
3517 1443 3578 1485 se
3606 1426 3812 1499 aliquid

2209 1519 2351 1592 ignis
2370 1562 2384 1587 ,
2417 1520 2617 1591 aliquid
2644 1522 2819 1590 aeris,
2847 1522 3048 1594 aliquid
3076 1537 3264 1594 aquae,
3296 1521 3501 1593 aliquid
3533 1530 3727 1589 terrae;
3756 1529 3813 1578 et

2212 1627 2386 1684 neque
2412 1611 2590 1683 ignem
2621 1628 2766 1683 esse,
2797 1628 2971 1686 neque
3013 1629 3219 1681 aerem,
3248 1629 3425 1686 neque
3471 1629 3688 1687 aquam,
3712 1628 3811 1671 ne-

2214 1720 2318 1776 que
2351 1715 2548 1762 terram
2577 1726 2593 1762 :
2619 1722 2739 1778 quae
2765 1706 2983 1779 quidem
3013 1707 3146 1764 falsa
3177 1723 3286 1763 non
3313 1716 3458 1763 sunt.
3493 1706 3629 1763 Nam
3661 1717 3816 1764 teme

2141 1811 2190 1873 Β
2217 1799 2353 1855 ratio
2383 1800 2435 1855 in
2465 1815 2629 1857 carne
2656 1810 2773 1868 est;
2810 1800 3056 1858 humoris
3077 1842 3092 1867 ,
3135 1801 3189 1858 in
3230 1802 3523 1873 sanguine;
3553 1804 3729 1869 aeris,
3764 1803 3819 1860 in

2218 1891 2443 1962 spiritu;
2476 1892 2632 1964 ignis,
2664 1894 2717 1949 in
2756 1894 2939 1951 calore
2968 1894 3137 1950 vitali.
3171 1894 3279 1951 Sed
3318 1910 3495 1968 neque
3539 1895 3759 1967 sanguis
3790 1911 3822 1952 a

2219 2002 2447 2059 corpore
2471 1988 2680 2045 secerni
2712 1997 2907 2060 potest,
2935 1989 3073 2046 sicut
3102 1990 3299 2046 humor
3338 2004 3370 2045 a
3416 1999 3596 2058 terra;
3644 2006 3826 2063 neque

2222 2080 2373 2137 calor
2401 2080 2581 2136 vitalis
2608 2097 2638 2136 a
2666 2081 2881 2152 spiritu,
2908 2081 3047 2138 sicut
3065 2081 3203 2153 ignis
3221 2082 3290 2138 ab
3309 2096 3436 2138 aere
3455 2100 3469 2137 :
3489 2082 3626 2139 adeo
3642 2098 3825 2139 rerum

2221 2175 2462 2230 omnium
2512 2175 2621 2231 duo
2668 2174 2782 2231 sola
2831 2176 3178 2247 reperiuntur
3233 2176 3538 2241 elementa,
3589 2192 3821 2248 quorum

2223 2273 2399 2329 omnis
2425 2273 2562 2328 ratio
2592 2274 2644 2328 in
2672 2272 2842 2329 nostri
2870 2274 3114 2344 corporis
3155 2272 3373 2329 ﬁctione
3416 2273 3671 2330 conclusa
3715 2284 3823 2331 est.

2222 2368 2301 2425 Ex
2338 2369 2500 2425 rebus
2530 2368 2692 2440 igitur
2711 2366 2941 2424 diversis
2971 2382 3036 2424 ac
3060 2368 3485 2439 repugnantibus
3511 2368 3673 2424 homo
3713 2368 3829 2425 fac-

2221 2474 2308 2520 tus
2337 2472 2441 2529 est,
2471 2464 2611 2519 sicut
2645 2463 2760 2534 ipse
2786 2462 3020 2519 mundus
3050 2478 3115 2519 ex
3165 2462 3285 2519 luce
3330 2478 3394 2519 ae
3441 2464 3713 2531 tenebris,
3758 2479 3826 2522 ex

2219 2557 2330 2613 vita
2356 2565 2410 2613 et
2436 2566 2651 2613 morte:
2684 2571 2806 2628 quae
2831 2556 2937 2612 duo
2967 2556 3108 2613 inter
3142 2571 3202 2613 se
3227 2572 3467 2629 pugnare
3510 2558 3564 2613 in
3607 2558 3827 2616 homine

2220 2654 2498 2725 praecepit,
2530 2660 2590 2708 ut
2618 2652 2662 2708 si
2690 2651 2869 2707 anima
2900 2652 3272 2723 superaverit,
3304 2667 3425 2724 qua:
3452 2667 3517 2708 ex
3558 2652 3671 2708 Deo
3712 2654 3825 2709 ori-

2225 2756 2332 2814 tur,
2364 2748 2435 2803 sit
2461 2745 2805 2813 immortalis,
2837 2754 2889 2803 et
2918 2747 2971 2801 in
2999 2755 3258 2818 perpetua
3298 2745 3418 2802 luce
3468 2755 3747 2815 versetur;
3779 2749 3827 2806 si

2220 2854 2399 2900 autem
2426 2857 2625 2914 corpus
2656 2842 2848 2898 vicerit
2873 2842 3136 2910 animam,
3166 2840 3469 2912 ditionique
3511 2842 3824 2914 subjecerit,

2224 2936 2295 2992 sit
2321 2936 2375 2990 in
2403 2935 2640 2992 tenebris
2669 2933 3034 3006 sempiternis,
3061 2942 3117 2990 et
3141 2936 3196 2990 in
3219 2942 3411 2991 morte.
3441 2931 3606 3006 Cujus
3632 2949 3740 2992 non
3763 2950 3828 2992 ea

1861 3053 2228 3114 VARIORUM
2266 3051 2499 3110 ΝΟΤᾹΖ.

516 3180 521 3187 ’
588 3178 808 3250 Divinis.
841 3180 950 3238 Sed
978 3186 1183 3235 tantum
1210 3179 1361 3250 juxta
1388 3177 1669 3234 Ethnicos.

583 3247 675 3314 ‘0;
704 3253 866 3326 μόνος,
896 3259 1002 3307 etc.
1036 3247 1322 3321 Interp'ret.
1355 3250 1450 3305 lat.
1481 3267 1493 3303 :

608 3365 701 3426 Qui
723 3365 857 3417 solus
876 3372 954 3417 est
973 3366 1113 3416 Deus
1131 3369 1326 3415 creator
1352 3366 1565 3414 invictus
1585 3364 1828 3421 existens,

607 3429 719 3492 Ipse
740 3437 905 3479 autem
928 3429 1140 3479 ﬁrmavit
1154 3428 1361 3490 ﬁguram
1379 3426 1547 3476 formae
1571 3426 1945 3492 hominumque,

603 3487 718 3555 Ipse
738 3494 932 3544 miscuit
949 3499 1174 3542 naturam
1191 3487 1408 3541 omnium
1432 3488 1776 3551 generationis
1797 3487 1926 3539 vitm.

513 3597 641 3656 Hice
662 3600 903 3655 carmina
924 3614 992 3654 ex
1019 3597 1300 3671 Sibyllinis
1317 3596 1589 3663 Oraculis,
1618 3611 1783 3652 serm.
1812 3597 1862 3650 l.

585 3694 744 3754 Αὐτὸς
770 3692 923 3761 ἔμιξε.
963 3691 1037 3745 Ita
1071 3690 1201 3746 editi
1228 3699 1282 3745 et
1309 3705 1440 3744 mss.
1473 3689 1739 3761 prmter_l
1787 3686 2027 3761 Clarom.
2059 3696 2115 3761 et

514 3763 644 3819 edit.
682 3758 835 3817 liom.
868 3766 920 3815 in
948 3762 1143 3832 quibus
1164 3772 1268 3827 est,
1302 3764 1458 3821 Αὐτὸς
1476 3758 1641 3832 ἕλιξι.
1672 3758 1931 3832 Betuleius
1953 3760 2111 3832 resti-

516 3834 726 3958 ἓεὶνῧμ
752 3836 919 3909 αὐγὰς
945 3830 1077 3907 μίξς.
1128 3831 1292 3887 Isaaus
1318 3840 1502 3887 monet
1526 3832 1605 3886 sic
1633 3830 1816 3885 haberi
1845 3831 1899 3884 in
1925 3830 2113 3887 codice

559 3922 569 3958 Ι
618 3923 643 3958 ν
694 3921 802 3958 1110.

516 3904 802 4103 ἰιιῗδῖιξξιιὲἓί
835 3977 1034 4031 litterte.
1086 3975 1307 4031 Scilicet
1350 3973 1549 4031 Genes.
1614 3988 1667 4038 ι,
1733 3981 1788 4029 et
1844 3971 2007 4026 David
2058 3972 2113 4029 in

559 4062 616 4103 sa
644 4064 764 4102 nns.

559 4062 764 4103 saluus.

591 4138 848 4195 Hominis.
897 4140 954 4195 ιιι
998 4149 1109 4206 est,
1161 4139 1348 4206 maris,
1394 4138 1512 4195 viri.
1567 4137 1767 4194 lterum
1812 4136 1976 4193 homo
2007 4136 2124 4194 κατ’

514 4214 721 4280 ἐξοχὴν.
760 4227 854 4280 pro
893 4214 1018 4276 viro,
1053 4212 1211 4267 infra.
1245 4211 1378 4267 Bon.

585 4235 618 4266 i"
644 4236 721 4275 ην.
760 4235 854 4280 pro
893 4235 1018 4276 υηό,
1054 4235 1211 4267 ΙΙΙΙΙἹΙ.
1245 4235 1378 4267 DUN.

585 4235 818 4352 S‘Cpiravit
841 4286 886 4338 ei
912 4284 1135 4338 animam
1166 4284 1230 4338 de
1260 4283 1403 4337 vitali
1431 4284 1592 4353 fonte,
1616 4281 1995 4353 etc.Spiravit,
2019 4296 2120 4351 pro

510 4355 809 4416 inspiravit,
852 4356 993 4425 quod
1027 4366 1108 4409 est
1138 4356 1188 4410 in
1221 4371 1325 4410 ms.
1369 4356 1391 4409 1
1430 4352 1667 4411 Clarom.
1703 4352 1936 4409 Verbum
1982 4353 2116 4407 sim-

514 4427 638 4506 plex
673 4428 1090 4506 tirp_cntnposito
1119 4427 1384 4506 familiare
1409 4426 1900 4506 Lactantio._Supra
1923 4435 2113 4506 auctor
2135 4445 2190 4506 ι)

515 4505 699 4552 noster
724 4498 875 4561 dixit,
908 4495 1139 4553 animam
1168 4513 1289 4555 esse
1319 4497 1535 4569 igneum
1564 4497 1816 4567 quiddam
1859 4512 1921 4550 ac
1957 4495 2107 4569 calo.

515 4582 651 4633 rem,
681 4577 738 4641 _e_t
779 4568 880 4623 huc
909 4584 1028 4641 cap.
1070 4572 1205 4641 quod
1231 4571 1277 4624 si
1304 4568 1475 4624 anima
1503 4571 1635 4641 ignis
1662 4580 1734 4623 est
1754 4611 1767 4629 ,
1799 4578 1852 4622 ut
1888 4568 2110 4622 ostendi-

516 4656 647 4691 nms.
680 4639 778 4694 llic
804 4640 990 4694 scribit
1019 4639 1139 4696 esse
1181 4657 1246 4695 ex
1302 4642 1435 4708 Deo,
1490 4639 1552 4697 ac
1596 4642 1640 4695 si
1688 4641 1883 4695 anima:
1929 4648 2114 4693 essent

515 4709 793 4781 particulze
831 4711 1026 4766 divina:
1070 4712 1355 4776 essentia);
1400 4729 1521 4766 nam
1564 4721 1920 4781 prmterquam
1967 4708 2113 4776 quod

516 4780 601 4851 hic
630 4780 774 4835 dicat
802 4785 971 4838 Deum
1002 4784 1224 4850 spirasse
1249 4784 1476 4836 animam
1504 4780 1575 4837 de,
1601 4782 1742 4835 vitali
1782 4785 1940 4851 fonte,
1976 4780 2112 4836 infra

514 4850 617 4906 hoc
646 4854 943 4922 explicans,
976 4853 1107 4908 dicit
1136 4855 1278 4908 illam
1320 4870 1383 4909 ea:
1427 4854 1537 4909 Deo
1577 4854 1720 4913 oriri.
1753 4850 1862 4906 imo
1901 4867 1964 4905 ea:
2005 4851 2114 4905 Deo

513 4934 762 4977 constare.
798 4923 888 4979 Est
920 4942 982 4981 ex
1007 4926 1132 4980 calo
1159 4935 1203 4978 et
1229 4927 1336 4979 Deo
1356 4968 1370 4991 ,
1416 4926 1566 4979 addit
1608 4924 1771 4993 paulo
1800 4930 1951 4994 post;
1992 4936 2113 4993 quae

514 4994 675 5050 verba
708 4997 826 5067 ejus
854 5009 1088 5052 utentem
1120 4997 1251 5051 satis
1280 5004 1573 5066 exponunt.
1620 4994 1768 5051 Hanc
1804 4994 2113 5067 opinionem

513 5066 1073 5139 [elellitAugustinus
1122 5068 1177 5122 in
1227 5070 1387 5137 epist.
1439 5069 1503 5124 ad
1552 5068 1771 5123 Hieron.
1826 5066 1932 5139 287:
1985 5069 2113 5139 item

514 5137 752 5210 Thomas
783 5137 1044 5210 Aquinas,
1076 5150 1265 5195 contra
1296 5139 1498 5196 Gentes
1528 5139 1622 5194 lib.
1652 5156 1709 5201 ιι.
1739 5152 1858 5208 cap.
1890 5138 1979 5210 85.
2026 5137 2117 5210 Sic

514 5209 623 5264 Leo
665 5210 723 5278 Ι,
762 5212 831 5267 de
852 5209 958 5267 hac
988 5211 1280 5281 opinione:
1317 5210 1550 5265 Nimium
1578 5211 1735 5281 igitur
1777 5209 2004 5280 superbi,
2035 5209 2115 5262 ni—

514 5283 771 5350 miumque
799 5293 915 5338 sunt
947 5285 1088 5341 ca’ci.
1135 5285 1239 5353 qui,
1287 5300 1401 5338 cum
1444 5284 1615 5337 dicant
1664 5283 1890 5353 animant
1916 5282 2117 5353 humu-7

516 5369 633 5405 nam
661 5354 847 5408 divina:
869 5372 976 5411 esse
1000 5350 1313 5423 substantiae,
1347 5372 1449 5410 non
1478 5354 1791 5422 intelligunt,
1817 5352 1945 5405 nihil
1972 5350 2118 5405 aliud

516 5439 570 5476 se
600 5426 784 5487 dicere,
816 5442 967 5493 quam
998 5426 1161 5481 licunt
1212 5444 1320 5482 esse
1362 5425 1679 5488 mutabilem,
1709 5435 1755 5479 et
1784 5425 1954 5492 ipsum
2002 5438 2118 5492 per-

517 5495 619 5571 peti
669 5495 914 5571 quidquid
944 5508 1105 5565 potest
1133 5511 1330 5553 naturae
1359 5501 1475 5571 ejus
1509 5497 1707 5571 inferri.
1758 5496 1927 5571 Hujus
1965 5509 2117 5571 erro-

519 5567 595 5621 ris
624 5568 964 5621 occasinnem
996 5580 1348 5638 sumpserunt
1372 5565 1438 5624 ex
1467 5565 1587 5624 loco
1606 5567 1818 5633 Gen.u,
1838 5567 1946 5634 v.7,
1979 5565 2119 5638 male

520 5639 815 5703 intellecto,
844 5639 934 5694 tibi
967 5640 1080 5694 haec
1124 5636 1374 5710 leguntur
1404 5642 1567 5696 verba
1600 5658 1613 5693 :
1659 5638 1729 5694 Et
1756 5636 2022 5708 inspiravit
2064 5639 2119 5693 in

520 5711 701 5782 faciem
731 5713 841 5782 ejus
863 5711 1180 5781 spiraculum
1206 5712 1338 5766 uiue.
1381 5712 1513 5778 Quae
1552 5711 1698 5765 nullo
1723 5710 1883 5765 modo
1905 5710 2114 5782 dicunt,

523 5780 816 5856 inspirasse
862 5784 1046 5842 ﬂatum
1093 5784 1217 5843 vitae
1260 5797 1325 5841 es
1373 5799 1469 5842 sua
1511 5782 1810 5844 substantia
1846 5780 1983 5841 :sed
2015 5780 2118 5841 hoc

2143 3173 2189 3237 C
2223 3179 2428 3227 tantum
2460 3171 2710 3245 innuunt,
2729 3170 2906 3245 Deum
2935 3169 3198 3226 infudisse
3222 3171 3481 3245 animam,
3508 3186 3609 3245 qua
3630 3186 3830 3245 corpus

2230 3258 2262 3299 e
2290 3252 2431 3300 terra
2461 3242 2658 3299 factum
2691 3243 2932 3307 viveret;
2962 3256 3068 3297 non
3098 3242 3240 3313 quod
3269 3259 3340 3298 ex
3373 3243 3488 3313 ipsa
3520 3244 3611 3299 Dei
3636 3242 3828 3301 essen-

2231 3315 2301 3369 tia
2347 3315 2420 3371 sit
2467 3315 2743 3384 inspirata.
2790 3313 3134 3385 llocﬁtantum
3166 3312 3620 3385 Spiritui’Sancto
3661 3330 3830 3384 pecu-

2228 3386 2450 3454 culiare,
2483 3389 2571 3456 qui
2591 3385 2779 3456 Patris
2802 3395 2858 3440 et
2886 3384 3005 3439 Filii
3028 3393 3111 3440 est
3138 3384 3426 3456 eSSentiale
3450 3386 3777 3456 spiraculum
3810 3404 3827 3452 ;

2228 3467 2283 3528 et
2329 3458 2375 3513 si
2424 3455 2527 3511 hoc
2570 3455 2639 3512 de
2687 3457 2905 3528 homine
2936 3457 3009 3511 ita
3038 3455 3445 3528 intelligendum
3483 3455 3649 3526 esset,
3686 3458 3829 3515 Deus

2227 3526 2399 3585 factus
2431 3529 2637 3583 fuisset.
2668 3527 2959 3585 Cauneas.

2300 3600 2657 3670 Empedocles.
2690 3599 2912 3671 Legitur
2936 3599 3151 3669 quidem
3183 3599 3452 3671 ejusVita
3482 3599 3623 3671 apud
3656 3599 3826 3657 Laer-

2220 3672 2352 3725 tium
2383 3673 2523 3726 inter
2555 3670 2997 3740 philosophorum
3026 3670 3257 3727 aliorum
3278 3670 3427 3727 Vitas
3453 3689 3467 3725 :
3497 3670 3529 3725 a
3559 3672 3821 3728 Cicerone

2221 3741 2555 3813 frequentius
2585 3744 2724 3799 inter
2754 3754 2941 3813 poetas
2973 3753 3320 3807 numeratur;
3354 3742 3449 3798 sed
3482 3743 3533 3798 in
3560 3743 3737 3813 primo
3759 3744 3827 3801 de

2219 3812 2469 3886 Oratore,
2503 3823 2666 3883 negat
2691 3814 2879 3886 eadem
2914 3816 3122 3870 ratione
3142 3814 3249 3869 dici
3278 3814 3532 3886 physicos
3562 3812 3616 3869 et
3639 3824 3827 3884 poetas

2219 3885 2474 3945 eosdem.
2524 3888 2782 3957 quoniam
2825 3884 3184 3955 Empedocles
3242 3884 3499 3956 physicus
3546 3886 3826 3957 egregium

2223 3971 2410 4023 poema
2462 3957 2669 4012 fecerit.
2728 3955 2855 4025 Ejus
2901 3957 3140 4011 carmina
3196 3955 3425 4024 plurima
3469 3955 3718 4025 leguntur
3771 3958 3826 4012 in

2220 4024 2555 4083 CollectiOne
2582 4026 2797 4082 Henrici
2826 4028 3105 4098 Stephani,
3131 4029 3216 4083 cui
3248 4028 3467 4084 titulus:
3490 4024 3678 4084 l’oesis
3701 4027 3826 4083 Phi-

2225 4098 2521 4168 losopbica,
2551 4098 2694 4154 edita
2724 4099 2777 4152 in
2806 4108 2993 4154 octava
3028 4098 3219 4154 forma.

2300 4169 2535 4234 Quatuor
2590 4171 2854 4225 elementa.
2912 4171 2986 4225 De
3041 4170 3123 4225 his
3181 4169 3303 4225 vide
3357 4170 3415 4227 S.
3460 4169 3823 4241 Epiphanium

2222 4240 2315 4295 lib.
2346 4257 2402 4296 ιιι
2424 4283 2437 4306 ,
2466 4252 2653 4297 contra
2684 4241 2952 4304 llzereses;
2977 4250 3031 4296 et
3050 4241 3329 4297 Plutarch.
3354 4242 3423 4297 de
3448 4240 3667 4298 Placitis
3695 4243 3825 4297 Pni-

2223 4312 2528 4381 lnsophor.,
2553 4312 2649 4368 lib.
2678 4329 2728 4377 ι,
2764 4329 2884 4379 cap.
2916 4315 2969 4369 5.
3001 4311 3138 4368 Vide
3186 4323 3240 4369 et
3290 4312 3568 4369 Laertium
3601 4314 3652 4368 in
3687 4313 3825 4370 Vitis

2220 4382 2600 4456 Philosophor.
2653 4415 2724 4425 —
2777 4384 3252 4456 Entpedocles......
3316 4383 3499 4439 Varro.
3569 4385 3828 4456 Sequitur

2215 4455 2621 4524 Quintilianum,
2654 4456 2690 4511 I.
2721 4473 2772 4517 ι,
2805 4455 2963 4519 lnst.,
2993 4472 3041 4509 0.
3075 4456 3130 4511 4.
3167 4456 3498 4526 Empedocles
3521 4457 3573 4511 in
3605 4455 3824 4523 ercis,

2226 4526 2389 4581 Varro
2440 4545 2500 4582 ac
2555 4526 2821 4582 Lucretius
2875 4528 2929 4581 in
2972 4526 3182 4599 Latinis
3242 4538 3499 4599 prtecepta
3559 4529 3829 4599 sapientia:

2215 4599 2439 4653 versibus
2490 4599 2831 4653 tradiderunt.
2889 4598 3247 4658 Aristoteles.
3301 4599 3393 4654 lib.
3446 4599 3515 4654 de
3570 4599 3827 4667 Poetica,

2214 4670 2767 4797 EtihEmpedoclem
2813 4671 3100 4746 φυσιολόγων
3137 4672 3318 4743 μᾶλλον
3345 4669 3376 4731 ἦ
3400 4676 3609 4732 ποιητήν
3636 4670 3825 4743 appel-

2298 4782 2311 4795 .
2390 4757 2477 4796 un.
2665 4784 2672 4790 .

2238 4750 2311 4795 at.
2344 4750 2477 4796 BUN.

2287 4830 2672 4906 Trismegistum
2708 4841 2927 4888 secutus.
2977 4832 3071 4889 Est
3102 4833 3207 4889 tale
3236 4832 3366 4906 quid
3395 4834 3451 4889 in
3482 4834 3643 4890 tertio
3672 4832 3814 4888 Poe-

2217 4902 2429 4975 mandri
2459 4904 2699 4975 Dialogo.

2291 4973 2433 5049 [limit
2455 4993 2487 5029 α
2513 4973 2642 5049 Deo.
2683 4976 2811 5032 Vide
2842 4975 3090 5049 eumdem
3122 4976 3461 5049 Trismegist.
3494 4975 3637 5048 apud
3663 4974 3820 5032 Stob.

2218 5046 2272 5102 in
2301 5045 2528 5102 Collect.
2560 5045 2739 5102 Serm.
2778 5049 2837 5104 11
2872 5048 2939 5103 (10
2968 5050 3229 5105 Veritate.

2292 5116 2374 5191 Sit
2403 5118 2723 5191 immortalis.
2754 5119 2809 5175 Id
2836 5129 2938 5183 est,
2974 5122 3026 5176 in
3060 5129 3373 5191 perpetuum
3408 5123 3583 5177 beata.
3635 5118 3825 5188 Expli-

2218 5198 2304 5245 eat
2331 5189 2488 5258 ipse:
2523 5190 2574 5244 in
2615 5202 2857 5261 perpetua
2900 5194 3012 5246 luce
3054 5189 3299 5257 uersatur,
3331 5192 3474 5262 quod
3525 5191 3823 5247 notandum

2219 5269 2406 5333 contra
2452 5262 2809 5333 Dodvvellum.
2851 5263 2919 5317 de
2961 5279 3069 5333 quo
3115 5262 3266 5331 plura
3313 5264 3379 5320 ad
3423 5265 3461 5319 l.
3500 5279 3611 5329 vn,
3654 5278 3704 5319 c.
3748 5263 3819 5329 5;

2220 5330 2539 5387 Immortalis
2567 5345 2618 5387 et
2649 5330 3020 5389 immortalitas.
3057 5330 3190 5390 BUN.

2292 5422 2360 5477 Et
2386 5424 2441 5498 in
2470 5436 2648 5480 morte.
2700 5424 2887 5481 Mortis
2935 5440 3151 5491 nomen,
3200 5427 3322 5498 quia
3371 5426 3720 5498 amphibolon
3767 5427 3821 5483 in

2220 5496 2519 5564 qun'slione
2549 5512 2702 5569 sacra
2727 5507 2829 5564 est,
2862 5501 3184 5553 remuvcnda
3217 5496 3517 5567 gentilibus
3545 5499 3811 5569 ambigui-

2223 5574 2304 5640 tas
2334 5577 2469 5640 erat,
2502 5568 2696 5638 quibus
2723 5570 2911 5623 mortis
2959 5584 3154 5624 nomen
3203 5570 3311 5625 tale
3350 5570 3484 5624 nihil
3530 5568 3816 5640 significat.

2221 5638 2278 5712 In
2307 5639 2474 5694 sacris
2502 5656 2629 5696 vero
2657 5639 2883 5711 paginis,
2916 5641 3111 5696 aninue
3132 5658 3161 5695 a
3185 5656 3414 5712 corpore
3440 5638 3714 5696 discessus
3737 5657 3821 5712 ras

2221 5711 2334 5765 rius
2362 5713 2550 5783 mortis
2593 5714 2846 5777 nomine,
2890 5712 3225 5783 frequentius
3270 5711 3468 5783 quietis
3509 5722 3604 5769 aut
3646 5711 3822 5768 somni

2223 5795 2356 5840 voce
2380 5782 2733 5854 signiﬁcatur.
2787 5784 2878 5843 Sic
2920 5782 3160 5845 Lazarus
3210 5782 3451 5842 dormire
3496 5785 3727 5854 dicitur;
3770 5792 3827 5840 et
