4174 6200
533 250 641 315 325

1612 252 1799 316 FIBM.
1840 250 2206 317 LACTANTII
2245 252 2450 319 DIVIN.
2496 251 2742 321 INSTIT.

3737 269 3853 329 524

535 372 856 430 immortalis
887 380 1152 439 maneret,
1186 373 1232 429 si
1263 372 1710 443 transcendisset,
1744 382 1919 431 morte
1945 373 2132 431 afﬁce—
2156 384 2211 444 Α
2237 376 2344 448 igni
2376 378 2824 447 circumvallavit,
2856 393 2925 437 ne
2950 379 3114 438 homo
3143 389 3332 453 posset
3357 381 3640 452 accedere,
3665 383 3843 441 donec

535 477 709 524 retur.
742 466 799 522 Id
826 474 1010 523 autem
1050 474 1377 540 praeceptum
1415 465 1550 537 fuit,
1583 476 1641 524 ut
1669 483 1737 525 ex
1780 468 1975 525 arbore
2003 484 2129 538 una,

536 574 655 630 quas
680 567 797 614 erat
830 559 882 614 in
925 560 1107 616 medio
1148 560 1418 630 paradisi,
1471 576 1577 616 non
1617 569 1895 632 gustaret,
1936 561 1991 617 in
2029 576 2135 632 qua

535 659 791 721 posuerat
843 648 1263 724 intelligentiam
1293 652 1422 709 boni
1448 662 1502 708 et
1528 652 1678 708 mali.
1714 652 1851 708 Tum
1883 652 2135 709 crimina—

535 752 622 799 tor
671 744 762 800 ille
813 745 1064 803 invidens
1116 748 1375 818 Operibns
1416 747 1535 814 Dei,
1567 762 1758 803 omnes
1802 745 2043 803 fallacias
2082 756 2139 804 et

531 835 860 893 calliditates
902 842 1030 894 sua‘s
1075 839 1142 894 ad
1169 838 1545 909 decipiendum
1573 838 1846 895 hominem
1878 838 2129 906 intendit,

530 938 592 986 ut
618 932 668 985 ei
696 930 963 987 adimeret
1010 931 1498 988 immortalitatem.
1536 932 1604 988 Et
1646 933 1821 1003 primo
1852 933 2134 988 mulierem

533 1019 662 1077 dolo
692 1022 886 1088 illexit,
923 1030 982 1077 ut
1012 1025 1237 1079 vetitum
1270 1023 1450 1078 cibum
1483 1033 1760 1089 sumeret;
1791 1033 1844 1079 et
1881 1038 1980 1095 per
2016 1038 2135 1079 eam

533 1112 639 1183 ipsi
681 1129 899 1185 quoque
928 1114 1137 1169 homini
1169 1115 1453 1185 persuasit,
1500 1123 1559 1170 ut
1600 1114 2014 1172 transcenderet
2044 1115 2141 1171 Dei

531 1207 728 1278 legem.
763 1206 1024 1277 Percepta
1057 1208 1220 1279 igitur
1245 1207 1473 1264 scientia
1501 1207 1628 1263 boni
1659 1216 1713 1263 et
1740 1207 1899 1276 mali,
1935 1206 2140 1279 pudere

534 1316 661 1358 eum
709 1301 968 1357 uuditatis
1014 1316 1128 1357 sua:
1170 1301 1358 1372 coepit,
1400 1301 1790 1373 absconditqne
1830 1316 1890 1357 se
1932 1315 1962 1356 a
2002 1299 2144 1357 facie

533 1393 649 1458 Dei,
680 1392 823 1465 quod
852 1403 1012 1450 antea
1042 1410 1151 1450 non
1183 1393 1409 1449 solebat.
1436 1393 1574 1449 Tum
1604 1394 1751 1450 Deus
1781 1393 1941 1465 ejecit
1967 1392 2145 1449 homi-

531 1502 657 1545 nem
705 1487 776 1544 de
824 1488 1097 1559 paradiso,
1135 1490 1407 1546 sententia
1444 1490 1497 1545 in
1528 1497 1867 1561 peccatorem
1910 1490 2041 1558 lata,
2083 1501 2144 1546 ut

2238 483 2507 525 summum
2553 470 2817 542 judicium
2864 472 3025 528 faciat
3070 473 3124 528 in
3176 483 3340 539 terra,
3386 484 3442 531 et
3476 475 3653 547 justos
3696 480 3844 532 viros

2238 564 2476 620 cultores
2505 580 2631 621 suos
2673 566 2725 621 in
2757 566 3007 623 eumdem
3037 568 3213 625 locum
3242 578 3484 640 revocet,
3515 579 3692 627 morte
3717 570 3847 627 sub-

2239 657 2378 724 lata;
2429 658 2570 715 sicut
2594 674 2761 716 sacrm
2783 676 2945 717 voces
2974 661 3193 731 docent,
3247 672 3303 719 et
3329 662 3535 737 Sibylla
3558 664 3846 736 Erythraea

2244 747 2389 823 (Vid.
2416 749 2777 826 Theopliil.:ad
2803 754 3161 826 Amp/tiloclt.,
3189 756 3279 812 lib.
3299 755 3383 831 II),
3411 772 3534 815 cum
3564 759 3697 816 dicit
3728 777 3741 818 :

2490 903 2539 943 οἵ
2561 898 2605 941 δί
2626 903 2719 942 Oeam
2740 909 2913 954 τιμῶντας
2934 903 3120 954 ἀληθινὸν,
3141 900 3272 945 ἇινεὸν
3294 920 3335 956 γι

2493 987 2592 1034 Ma
2612 986 2892 1039 κληρονομοῦσι,
2912 989 2979 1037 τὴν
3000 989 3131 1036 me
3151 991 3279 1041 χρόνον
3301 990 3410 1030 αὐτοὶ

2491 1069 2683 1117 οιιιοῦντις
2703 1065 2929 1122 “restim
2951 1070 3048 1121 Mhi
3070 1071 3241 1124 M011“
3260 1076 3389 1121 κῆπον-

2243 1201 2444 1257 Verum
2467 1202 2723 1273 quoniam
2753 1201 2870 1259 hinc
2891 1212 3133 1260 extrema
3158 1213 3303 1272 sunt,
3320 1205 3371 1259 in
3400 1214 3642 1261 extrema
3669 1207 3852 1277 operis

2244 1294 2407 1368 hujus
2454 1306 2605 1369 parte
2644 1297 3017 1354 tractabimus.
3050 1296 3205 1354 Nunc
3233 1314 3315 1367 ea,
3350 1314 3470 1370 quae
3501 1299 3852 1371 primasunt,

2244 1391 2599 1463 explicemus.
2626 1391 2765 1448 Mors
2794 1391 2974 1465 itaque
3002 1400 3188 1448 secuta
3230 1402 3313 1449 est
3340 1392 3612 1450 hominem
3660 1410 3855 1451 secun-

2244 1484 2371 1540 dum
2420 1484 2513 1540 Dei
2555 1485 2915 1554 sententiam;
2942 1484 3085 1557 quod
3114 1487 3275 1543 etiam
3302 1485 3509 1560 Sibylla
3533 1488 3587 1546 in
3614 1490 3854 1549 carmine

529 1582 731 1639 victum
762 1579 865 1638 sibi
894 1581 1082 1639 labore
1108 1583 1479 1655 conquireret,
1509 1583 1798 1656 ipsumque
1827 1581 2139 1654 paradisum
2169 1571 2220 1634 B
2245 1595 2346 1644 suo
2374 1578 2554 1648 docet,
2585 1578 2813 1637 dicens:

1847 1716 2216 1777 VARIORUM
2253 1715 2485 1775 NOTAE.

532 1862 781 1937 (aliorum,
802 1873 1076 1937 repugnat
1119 1864 1178 1937 S.
1205 1862 1515 1933 Scripturie.
1553 1878 1673 1937 quae
1698 1860 1830 1917 dicit
1862 1860 2126 1918 Adamum

530 1952 559 1990 a
590 1936 698 1990 Deo
720 1936 773 1990 in
799 1935 1057 1991 Paradiso
1084 1936 1426 2000 collocatum,
1456 1944 1512 1989 ut
1537 1935 1743 1989 coleret
1770 1949 1932 1998 eum;
1962 1947 2131 2001 quare

533 2007 635 2062 hoc
661 2008 864 2062 dictum
894 2008 1101 2077 accipio
1124 2008 1192 2063 de
1227 2006 1456 2062 molesto
1503 2006 1685 2077 labore
1726 2014 1782 2060 et
1822 2004 2126 2073 doloriiico,

530 2078 629 2150 qui
648 2079 797 2133 solus
825 2089 909 2134 est
933 2076 1089 2150 poena
1125 2082 1351 2150 peccati.
1384 2077 1459 2132 Ita
1489 2076 1772 2150 Caucasus.

604 2148 921 2205 Immortalis
938 2146 1183 2203 maneret.
1215 2148 1342 2204 Haec
1366 2158 1557 2203 contra
1584 2146 2131 2217 Pelaginm,’ejusqne

530 2222 767 2277 asseclas
782 2221 1097 2276 Socinianos
1113 2220 1364 2284 militant,
1387 2219 1478 2289 qui
1504 2218 1840 2274 contendunt
1861 2218 2130 2273 Adamum

532 2301 720 2346 natura
767 2293 1049 2346 mortalem
1082 2291 1245 2346 fuisse
1271 2299 1535 2345 creatum.
1580 2289 1733 2357 Quod
1780 2290 1970 2344 falsum
2008 2304 2131 2344 esse

530 2363 785 2417 evincunt
810 2364 926 2418 loca
948 2363 1104 2417 Rom.
1136 2379 1209 2427 vi,
1237 2378 1286 2416 ν.
1319 2362 1412 2425 23,
1443 2370 1497 2415 et
1525 2377 1542 2415 ι
1568 2359 1691 2415 Cor.
1725 2376 1815 2425 xv,
1850 2376 1903 2416 v.
1937 2362 2028 2426 55,
2061 2360 2130 2416 54

532 2443 587 2489 et
633 2433 947 2490 damnatum
994 2432 1161 2490 fuisse
1212 2434 1266 2488 in
1293 2432 1537 2489 Concilio
1574 2432 1905 2500 Milevitano,
1957 2431 2010 2487 id
2037 2447 2135 2488 no-

534 2512 683 2559 tante
711 2505 867 2560 Isaeo.

606 2575 673 2631 Ut
697 2593 760 2632 ea:
787 2576 987 2644 arbore,
1020 2584 1123 2631 etc.
1153 2575 1264 2648 lloc
1283 2584 1386 2638 est,
1411 2576 1588 2648 fructu
1611 2573 1810 2648 arbaris
1834 2589 1853 2629 :
1880 2572 2022 2630 hanc
2046 2589 2134 2648 ar-

532 2648 717 2703 borem
745 2649 935 2720 vulgus
967 2650 1164 2703 malum
1198 2647 1385 2720 fuisse
1407 2645 1579 2716 putat,
1622 2645 1911 2720 deceptum
1950 2646 2129 2701 ambi-

529 2736 635 2790 guo
665 2721 803 2787 pomi
823 2716 1102 2784 vocabulo,
1128 2718 1271 2789 quod
1298 2716 1456 2772 latius
1479 2726 1705 2787 patet,et
1732 2717 1889 2772 ticum
1912 2733 2128 2788 quoque

530 2789 959 2871 comprehendit.
1013 2791 1238 2871 Veteres
1289 2805 1395 2871 non
1430 2792 1834 2871 consentiunt:
1884 2789 2127 2871 plerique

531 2860 705 2931 ﬁcum,
741 2865 831 2920 alii
859 2865 1039 2918 citrum
1070 2863 1231 2918 fuisse
1258 2861 1466 2926 volunt,
1495 2875 1724 2931 quorum
1750 2862 1864 2916 loca
1897 2860 2128 2917 Drusius

531 2932 706 2989 affert.
734 2936 838 2990 Sed
868 2951 955 2990 res
986 2933 1345 2990 incertissima
1374 2942 1475 2987 est.
1503 2932 1764 2988 Gnorlus.

606 3006 733 3072 Qua:
758 3018 887 3062 erat.
919 3006 996 3062 lta
1026 3020 1130 3062 ms.
1150 3003 1472 3077 Regio-Put.
1502 3014 1558 3059 et
1581 3003 1608 3059 1
1636 3005 1707 3059 al.
1743 3004 1877 3076 Reg.
1907 3003 2126 3075 optimae

532 3087 695 3132 110ιῖ2.

606 3147 684 3220 In,
697 3166 796 3220 qua
810 3158 1075 3220 posuerat,
1093 3157 1197 3202 etc.
1229 3145 1346 3202 Non
1374 3156 1459 3220 est
1480 3146 1597 3220 haec
1614 3145 1882 3220 sententia
1901 3146 1969 3200 ita
1988 3145 2131 3202 acci-

531 3216 746 3289 pienda,
776 3216 840 3275 ac
868 3223 912 3275 si
945 3221 1107 3275 arbor
1132 3227 1278 3273 esset
1302 3218 1602 3283 rationalis,
1638 3219 1817 3273 sciens
1840 3216 2041 3273 bonum
2074 3227 2130 3274 et

532 3288 732 3346 malum
771 3310 785 3347 :
832 3307 1008 3362 neque
1051 3291 1216 3362 etiam
1267 3300 1489 3362 vocatur
1526 3290 1689 3362 arbor
1716 3289 1960 3362 scientiae
2000 3288 2127 3344 boni

530 3371 587 3417 et
624 3363 776 3430 mali,
822 3378 888 3419 eo
922 3359 1076 3433 'qnod
1127 3361 1323 3417 habeat
1362 3361 1467 3415 vim
1508 3360 1671 3433 dandi
1716 3359 2130 3433 intelligentiam

532 3433 655 3488 boni
683 3443 739 3490 et
770 3435 891 3490 mali
916 3451 930 3500 ;
954 3430 1055 3490 sed
1083 3432 1150 3486 ab
1178 3442 1375 3488 eventu
1409 3434 1479 3486 ita
1513 3430 1843 3495 nominatur,
1873 3430 2001 3502 quia
2032 3431 2132 3488 ho-

531 3505 664 3561 mini
690 3505 791 3561 hoc
835 3508 1100 3571 eveniret,
1128 3512 1186 3558 ut
1213 3505 1377 3559 sciret
1411 3502 1538 3573 quid
1577 3503 1702 3558 boni
1729 3502 2036 3569 amisisset,
2067 3518 2132 3559 ac

532 3577 658 3631 mali
675 3578 1067 3648 acquisivisset,
1093 3575 1221 3646 quid
1244 3577 1531 3648 interesset
1550 3575 1691 3648 inter
1705 3573 2027 3648 obedientite
2046 3575 2134 3648 bo-

531 3663 658 3728 num
672 3657 726 3703 et
740 3644 936 3704 malum
948 3644 1347 3728 inobeiljentiie.
1359 3644 1925 3728 Han-cintelligentiam
1947 3644 2131 3728 habuit

532 3720 770 3774 Adamus
801 3729 922 3787 post
954 3735 1107 3776 esum
1136 3717 1343 3773 fructus
1374 3717 1552 3781 vetiti;
1587 3716 1768 3771 statim
1798 3716 1942 3787 eier
1963 3717 2132 3786 coepit

533 3805 654 3843 enm
701 3784 903 3859 pudere
924 3790 1029 3853 sui,
1080 3801 1136 3845 et
1181 3788 1315 3843 vidit
1366 3803 1425 3843 se
1449 3787 1649 3842 nudum
1687 3802 1827 3859 esse.
1869 3784 2126 3859 Exlsaio.

531 3857 859 3915 Criminator
877 3861 946 3915 de
971 3876 1079 3931 quo
1106 3859 1213 3923 hic,
1243 3860 1381 3914 alius
1408 3873 1513 3931 non
1538 3868 1623 3913 est
1649 3873 1680 3913 a
1707 3857 1947 3931 diabolo.

603 3931 685 3985 Ad
709 3926 1066 4002 decipiendum
1112 3930 1385 3985 hominem.
1418 3928 1494 4002 Ita
1540 3944 1663 4002 cum
1700 3926 2130 4002 Bon.,ﬂWiteb.,

532 4001 591 4056 Li
600 4018 706 4071 ps.,
726 3999 956 4059 lieimin.
975 4003 1096 4057 aliis
1109 4016 1237 4056 mss.
1256 4015 1445 4056 omnes
1458 3999 1569 4055 fere
1581 4000 1866 4055 editiones.
1883 3999 2129 4056 Emman.

532 4083 587 4128 et
608 4075 769 4130 Goth.
792 4074 1086 4129 etTornes.
1114 4072 1275 4137 1587,
1302 4071 1464 4136 1615,
1490 4072 1569 4125 Ad
1592 4071 1953 4141 dejiciendum
1970 4072 2135 4126 homi-

534 4160 683 4210 nem;
711 4157 863 4202 certe
893 4160 1051 4215 supra
1086 4154 1300 4214 captum
1323 4142 1714 4215 Librariorum,
1732 4158 1797 4197 ex
1818 4143 1978 4213 genio
1999 4142 2136 4199 Lac-

536 4218 689 4272 tantii
719 4217 757 4271 1.
787 4233 847 4273 ιιι
870 4252 897 4284 ,-
917 4212 974 4272 c.
995 4216 1089 4283 29,
1136 4212 1196 4271 Si
1224 4215 1351 4271 dolo
1381 4212 1512 4285 nihil
1550 4212 1860 4285 profecerit,
1893 4214 2136 4269 uiolentia

533 4287 768 4357 dejicere
790 4299 1023 4344 conatur.
1046 4288 1106 4343 L.
1131 4301 1270 4352 1v,c.
1295 4285 1363 4341 27
1390 4303 1402 4338 :
1438 4284 1705 4357 Dwmones
1735 4284 2019 4357 dejiciendi
2043 4288 2136 4340 ho-

533 4355 684 4413 minis
712 4377 871 4415 causa
922 4360 1161 4415 varios...
1190 4359 1429 4413 cultus...
1460 4356 1815 4411 condiderunt.
1847 4355 2131 4428 Cyprium,

533 4430 601 4485 de
631 4430 772 4487 Unit.
806 4431 957 4487 Eccl.
1015 4431 1186 4502 princ.
1221 4428 1544 4492 Persecutio,
1573 4442 1689 4502 qu_az
1740 4427 2042 4484 subruendis
2073 4445 2134 4483 ac

534 4501 851 4573 dejiciendis
881 4502 976 4558 Dei
1003 4498 1277 4557 servis...“
1304 4498 1593 4573 grassatur.
1629 4498 1761 4573 Buri.

611 4568 679 4627 Ut
728 4575 1104 4629 transcenderet
1147 4573 1248 4627 Dei
1295 4568 1699 4644 (egenuiiecte.
1752 4568 1883 4644 Vide
1926 4585 2134 4641 supra:

534 4642 692 4699 Dedit
715 4646 761 4698 ei
786 4655 923 4700 certa
953 4646 1215 4711 mandata,
1241 4642 1422 4715 quae...
1453 4643 1499 4696 si
1529 4642 1945 4709 transcendisset,
1976 4652 2137 4697 morte

534 4716 831 4787 afficeretur.
862 4715 959 4771 Ms.
989 4717 1014 4771 1
1042 4718 1177 4771 Bon.
1203 4714 1372 4787 antiq.
1397 4715 1566 4787 solus,
1596 4722 1654 4787 ut
1674 4714 2131 4787 transgrederetur.

610 4787 747 4842 Deus
775 4788 923 4858 ejecit
950 4788 1205 4842 hominem
1234 4786 1301 4839 de
1329 4783 1593 4858 paradiso.
1621 4783 1849 4851 Quidam
1878 4792 2138 4852 putarunt

537 4854 844 4928 paradiSnm
893 4859 1059 4913 fuisse
1114 4859 1292 4911 locum
1330 4854 1627 4926 quemdam
1669 4869 1940 4928 amomum
1982 4866 2135 4911 extra

534 4924 678 4985 hunc
717 4931 903 4986 orbem
951 4928 1329 4994 habitabilem;
1359 4924 1432 4981 'et
1474 4941 1597 4980 cum
1629 4924 1834 4994 primos
1884 4937 2136 4994 parentes

535 5011 756 5057 nostros
784 5017 849 5073 ex
883 5000 1366 5073 paradisoejectos
1392 4997 1451 5073 S.
1480 4996 1755 5073 Scriptura
1789 4996 2133 5073 tradittillud

534 5066 964 5145 intelligendum,
994 5088 1063 5145 ex
1099 5066 1367 5145 illo‘loco,
1403 5071 1458 5125 in
1501 5068 1762 5145 mundum
1786 5066 1933 5145 hunc
1964 5066 2134 5126 fuisse

534 5138 823 5218 relegatos.
855 5143 1009 5213 Quod
1042 5143 1190 5218 nullo
1213 5142 1435 5218 quidem
1463 5140 1648 5218 nititur
1667 5138 2042 5218 fu_ndai_nento,
2069 5155 2135 5196 ac

534 5211 894 5274 cont'rarium'
932 5211 1358 5288 patebitei'lqu‘i
1416 5212 1673 5288 attentius
1722 5211 2135 5288 inspiciet‘tex-

537 5298 684 5355 tum;
714 5290 787 5345 ibi
819 5282 961 5345 enim
995 5285 1197 5344 mentio
1244 5282 1302 5341 fit
1326 5283 1605 5340 ﬂuminum
1655 5284 1866 5338 hortum
1907 5282 2136 5354 irrigan-

535 5361 687 5431 tjum,
720 5376 841 5431 quae
890 5361 1186 5416 etiamnum
1214 5357 1391 5431 adhuc
1433 5365 1558 5431 sunt
1606 5355 1661 5410 in
1692 5370 1874 5431 rerum
1917 5361 2127 5410 natura.

536 5424 1052 5508 Quare-dicendum
1101 5439 1219 5495 est,
1275 5427 1499 5508 illos-in
1546 5425 1792 5508 paradiso
1843 5424 2129 5508 degentes,

535 5502 696 5555 etiam
728 5502 780 5555 in
815 5501 915 5556 hac
943 5509 1124 5556 nostra
1158 5511 1301 5557 terra
1328 5500 1621 5563 habitasse,
1645 5506 1845 5552 etcum
1871 5500 2135 5567 ejiceren—

537 5572 716 5626 tur-dc
742 5571 1016 5643 paradiso,
1049 5573 1170 5627 illos
1215 5582 1420 5627 tantum
1451 5579 1690 5625 mutasse
1718 5569 1897 5625 locum
1938 5568 1996 5624 in
2025 5568 2130 5625 hoc

534 5641 759 5700 mundo:
788 5641 1077 5700 Caunus.

607 5717 873 5773 Sententia
897 5718 951 5772 in
988 5721 1302 5788 peccatorem
1336 5712 1463 5767 tata.
1490 5712 1583 5788 _Ita
1626 5712 1841 5788 restitui
1874 5727 1963 5788 ex_
1994 5727 2125 5768 mss.

535 5789 841 5850 veterrimis
884 5781 1075 5859 Caua,
1120 5785 1158 5841 2
1203 5784 1436 5853 Bonon.,
1489 5783 1606 5843 Pal.
1660 5792 1713 5843 ct
1759 5785 1888 5843 edit.
1940 5781 2012 5842 Is.
2074 5792 2131 5840 et

2235 1859 2474 1931 Epitom.
2508 1873 2628 1932 cap.
2659 1857 2765 1925 27,
2799 1855 3107 1932 faventibus
3145 1858 3182 1914 2
3211 1852 3349 1932 Reg.
3381 1868 3437 1917 et
3471 1860 3541 1918 12
3591 1863 3749 1920 editis
3790 1864 3848 1921 in

2236 1930 2432 2007 quibus
2461 1938 2545 1987 est
2569 1930 2622 1984 in
2649 1940 2938 2007 peccatores
2957 1931 3085 2007 lata.
3107 1931 3241 2007 AAtA'l
3262 1930 3451 2007 scripti
3473 1933 3605 2006 Reg.
3637 1952 3700 1992 ex
3728 1938 3850 2007 qui-

2241 2004 2341 2058 bus
2371 2003 2479 2058 duo
2508 2011 2634 2056 sunt
2660 2002 3041 2072 antiquissimi,
3097 2002 3132 2059 6
3186 2004 3366 2064 Colb..
3421 2002 3575 2072 Jun.,
3618 2002 3780 2071 UltrI,
3811 2010 3849 2064 ‘2

2238 2072 2472 2151 Clarom_.
2509 2083 2564 2151 et
2592 2074 2754 2128 Brun.
2791 2089 2855 2128 ac
2872 2075 3002 2151 edit.
3034 2073 3263 2132 Tornes.
3296 2074 3591 2134 etWalch.
3622 2079 3841 2151 habent,

2240 2144 2491 2200 sententia
2517 2144 2570 2198 in
2597 2154 2886 2214 peccatores
2913 2145 3058 2200 data.

2311 2216 2660 2287 Conquireret.
2694 2216 2783 2271 Sic
2832 2217 3066 2271 emendo
3092 2231 3159 2271 ex
3200 2217 3454 2275 omnibus
3474 2234 3608 2275 mss.
3654 2229 3708 2277 et
3730 2222 3848 2277 edi-

2239 2287 2308 2342 iis
2340 2286 2497 2343 Rom.
2531 2286 2694 2351 1468,
2724 2288 2885 2360 1470,
2915 2297 2969 2343 et
2995 2287 3210 2343 Walch.
3237 2289 3340 2360 nisi
3364 2290 3506 2360 quod
3539 2292 3593 2346 in
3624 2292 3659 2347 5
3686 2294 3841 2349 Colb.

2239 2359 2434 2429 legitur
2459 2370 2818 2432 conquereret;
2852 2359 2906 2412 in
2948 2359 3057 2414 alio
3084 2361 3213 2414 item
3253 2358 3568 2417 Colbertino
3602 2366 3843 2432 acquire-

2238 2440 2344 2489 ret:
2376 2432 2428 2485 in
2456 2430 2621 2501 editis
2641 2429 2829 2485 decem
2868 2433 3252 2501 conquirerent,
3285 2433 3462 2489 minus
3504 2429 3848 2493 benéJDeus

2236 2502 2382 2557 enim
2409 2502 2583 2557 solum
2609 2500 2883 2557 hominem
2912 2502 2979 2555 ad
3021 2501 3263 2559 laborem
3293 2503 3610 2571 damnavit,
3642 2507 3845 2563 mulie-

2234 2587 2352 2649 rem
2374 2588 2504 2649 vero
2521 2572 2586 2627 ad
2607 2583 2789 2649 partus
2805 2572 3263 2649 doloremwenes.
3287 2575 3588 2649 c._nl,v.16,
3612 2578 3701 2643 17,
3728 2580 3845 2649 19.)

2305 2643 2427 2715 Igni
2451 2643 2878 2699 circumvatlavit.
2905 2642 3129 2699 Variant
3162 2659 3325 2714 super
3346 2646 3449 2703 hac
3476 2663 3538 2703 re
3562 2642 3846 2707 doctornni

2233 2717 2540 2772 sententiae.
2571 2715 2939 2770 Tertullianns
2968 2716 3304 2786 Apolegetic.
3337 2732 3456 2785 cap.
3484 2720 3579 2775 46.
3609 2719 3668 2776 S.
3698 2722 3849 2776 Tho-

2237 2797 2437 2861 masct
2476 2788 2566 2842 alii
2595 2786 2813 2861 quidam
2838 2786 3093 2861 dixerunt
3113 2829 3129 2855 ,
3163 2788 3369 2861 Mosen,
3388 2791 3633 2861 ﬁguratis
3659 2793 3846 2848 verbis

2233 2858 2542 2941 significare
2599 2858 2866 2941 voluisse,
2905 2858 3219 2941 paradisum
3291 2860 3394 2917 sub
3432 2858 3582 2917 'zona
3641 2865 3848 2941 torrida

2234 2931 2422 2997 situm,
2458 2929 2689 3004 ideoque
2716 2929 3024 2985 hominibus
3047 2930 3384 3004 inaccessum
3406 2947 3561 2999 esse;
3588 2936 3846 3004 quoniam

2235 3010 2451 3071 recepta
2506 3002 2783 3071 opinione,
2839 3016 2974 3056 zona
3027 3001 3230 3057 torrida
3276 3005 3347 3058 ob
3390 3001 3617 3061 nimium
3645 3016 3845 3063 aestum

2159 3056 2206 3123 C
2238 3056 2419 3146 putata
2446 3080 2531 3128 est
2546 3056 2687 3146 'oiim
2714 3056 3079 3146 inhabitabilis
3107 3056 3847 3146 {quam‘opihisaan'liﬁél

2232 3144 2427 3198 rientia
2462 3145 2635 3199 nostri
2662 3144 2846 3198 szeculi
2893 3144 3026 3199 satis
3054 3144 3271 3200 refellit.
3297 3144 3472 3202 Aliter
3501 3144 3844 3204 Ambrosius.

2231 3213 2477 3291 hyranu‘s
2528 3223 2584 3270 ut
2631 3215 2962 3291 Lactantius.
3008 3214 3385 3291 [intelligenda
3424 3219 3674 3275 videntur
3742 3235 3848 3291 per

2233 3286 2363 3370 illud
2420 3286 3279 3370 ﬂamma‘gladii,arinannibus
3327 3286 3621 3370 Cherubin)
3668 3286 3851 3362 angeli

2234 3356 2450 3429 hortum
2478 3356 2890 3424 custodiebant;
2925 3356 3247 3429 igneiscnm
3282 3360 3637 3419 mucronibus
3661 3404 3676 3427 ,
3705 3356 3850 3429 quos

2235 3428 2568 3501 horrendum
2609 3432 2659 3484 in
2694 3431 2914 3501 modum
2948 3428 3266 3499 vibrabant,
3298 3434 3607 3501 paradisum
3649 3428 3855 3491 redde-

2234 3499 2364 3555 bant
2394 3502 2759 3557 inacccssum.
2793 3500 2993 3556 Partim
3025 3519 3087 3558 ea:
3117 3499 3336 3559 Panaeti.

2306 3571 2482 3645 Donec
2510 3589 2764 3628 summum
2791 3572 3054 3645 judicium
3095 3577 3273 3645 faciat.
3307 3573 3441 3631 Cum
3481 3575 3846 3645 Tertulliano,

2234 3642 2393 3717 Apol.
2427 3660 2475 3701 c.
2507 3645 2599 3710 46,
2632 3653 2779 3699 errat
2806 3642 3138 3711 Lactantius,
3168 3645 3400 3702 dicendo
3421 3646 3599 3717 justas
3642 3650 3695 3703 in
3733 3642 3847 3703 Pa;

2235 3714 2474 3789 radisum
2506 3725 2842 3789 terrestrem,
2874 3728 3014 3789 ipost
3051 3717 3298 3789 ultimum
3352 3714 3642 3789 judicium,
3675 3722 3854 3781 intro-.-

2234 3785 2533 3858 ducendos.
2563 3786 2718 3858 Hanc,
2737 3785 3050 3857 opinionem
3084 3785 3376 3843 hauserant
3402 3790 3622 3858 quidam
3653 3806 3718 3847 ex
3745 3806 3854 3848 an-

2236 3856 2402 3931 tiquis
2429 3874 2458 3912 a
2491 3858 2653 3931 Papia
2685 3856 3126 3931 Hierapolitano,
3159 3861 3250 3928 qui
3279 3875 3346 3915 ex
3372 3856 3549 3929 capite
3576 3878 3647 3917 xx
3691 3861 3851 3931 Apo-

2235 3929 2518 4001 calypseos
2540 3929 2681 3984 male
2706 3929 2986 4002 intellecto
3006 3932 3415 3988 somniaverunt
3442 3947 3667 4002 regnum
3694 3929 3849 3989 mille

2235 4014 2533 4073 annorum,
2566 4010 2856 4073 antequam
2882 4001 3033 4073 Beati
3083 4002 3137 4057 in
3168 4003 3446 4058 caelestem
3491 4001 3718 4073 patriam
3760 4004 3853 4058 in-

2238 4069 2670 4127 troducerentur.
2713 4069 2830 4138 Qua
2879 4072 2948 4128 de
3000 4088 3059 4129 re
3110 4073 3234 4129 vide
3292 4069 3587 4130 Eusebi—um
3637 4075 3847 4130 llistor.

2238 4140 2553 4214 Ecclesiast.
2590 4144 2729 4198 libro
2781 4159 2909 4207 vni,
2955 4159 3074 4214 cap.
3108 4144 3198 4199 59.
3248 4143 3304 4201 Si
3344 4146 3570 4202 cteleste
3613 4162 3851 4213 regnum

2238 4213 2619 4281 intellexisset,
2650 4230 2837 4269 verum
2870 4213 3127 4281 dixisset;
3157 4214 3408 4271 Christus
3454 4220 3599 4272 enim
3639 4217 3850 4275 diserte

2238 4285 2640 4358 testaturtillos
2671 4287 3276 4358 ingressuros_regnum
3306 4287 3572 4343 caelorum
3592 4329 3608 4354 ,
3648 4287 3847 4343 Matth.

2241 4370 2376 4431 μιν,
2405 4372 2456 4431 vA.
2485 4356 2576 4422 54;
2608 4368 2659 4411 ct
2683 4356 2745 4431 Β.
2773 4357 2972 4431 Paulus
2996 4356 3042 4413 11
3067 4356 3286 4424 ϐήτην.
3311 4375 3362 4413 v.
3398 4360 3420 4413 1
3452 4378 3467 4415 :
3499 4359 3856 4431 Scimusquo-

2160 4460 2215 4524 ι)
2240 4427 2449 4524 niam‘si
2480 4429 2939 4524 terrestrisldgmus
2980 4441 3157 4484 nostra
3186 4431 3338 4524 I't‘ujus'
3365 4430 3692 4524 ItLabitationJis
3725 4427 3855 4487 ’άξε-

2235 4500 2484 4563 solvatur,
2508 4506 2644 4571 quod
2675 4500 3068 4567 aediﬁcationem
3089 4518 3153 4556 ea:
3184 4501 3291 4556 Deo
3319 4502 3565 4558 habemus
3589 4544 3604 4571 ,
3634 4503 3851 4561 domum

2239 4586 2338 4624 non
2372 4577 2743 4640 manufactam,
2772 4582 3012 4625 aeternam
3040 4573 3093 4627 in
3114 4574 3274 4627 caelis.

2313 4642 2492 4716 Sacra:
2521 4643 2907 4716 voces_do_ce_nt.
2946 4642 3038 4698 Sic
3077 4645 3292 4716 reposui
3331 4660 3396 4700 ex
3445 4644 3576 4701 edit.
3616 4643 3848 4716 Soubr.,

2238 4710 2381 4779 Bet.,
2410 4711 2880 4788 Tornes.,Walch.
2912 4722 2969 4788 et
2993 4710 3204 4770 cunctis
3220 4731 3399 4788 prope
3428 4716 3683 4772 mss.an
3702 4710 3845 4788 Reg;

2236 4793 2418 4838 rec.et
2436 4785 2714 4860 impressis
2736 4783 2803 4860 1?
2827 4785 3190 4860 legitnrsacra:
3209 4783 3488 4860 litterw.At
3509 4783 3851 4860 manuscrip-

2236 4862 2413 4927 torum
2455 4854 2613 4911 lectio
2656 4854 3013 4924 prieferenda,
3062 4872 3167 4927 qua
3208 4859 3371 4913 etiam
3415 4874 3547 4915 usus
3576 4871 3656 4914 est
3683 4854 3845 4916 Lac].

2234 4925 2329 4999 lib.
2365 4942 2437 4995 tv,
2483 4942 2603 4995 cap.
2635 4928 2730 4989 26;
2758 4937 2813 4983 et
2855 4925 3126 4999 Sulpicius
3147 4930 3382 4986 Severus
3403 4971 3421 4997 ,
3450 4930 3648 4986 Histor.
3681 4930 3847 4990 Sacr.

2235 4995 2329 5053 lib.
2360 5013 2420 5063 ιι,
2453 4999 2612 5070 paulo
2643 4995 2971 5072 post‘medq'
2995 4999 3064 5056 ad
3089 4995 3446 5057 Constantini
3473 5004 3651 5073 magni
3701 5011 3857 5059 tem—

2238 5084 2390 5141 pora.

2234 5180 2369 5238 οἶδέ
2388 5182 2533 5239 Θεὸν.
2576 5180 2864 5253 lnterpret.
2899 5181 3090 5239 Latina
3119 5201 3135 5238 ι

2236 5312 2329 5379 Qui
2354 5320 2519 5379 autem
2541 5312 2703 5379 Deum
2724 5314 2967 5379 honorant
2986 5328 3178 5378 verum,
3211 5317 3565 5379 sempiternam
3590 5315 3765 5379 utique

2235 5374 2394 5444 Xitam
2422 5376 2737 5444 haereditario
2749 5377 2865 5440 jure
2887 5374 3173 5444 possident,
3185 5392 3276 5443 per
3292 5374 3461 5444 saeculi
3481 5374 3800 5443 tempus-ipsi

2233 5436 2529 5489 Habitantes
2552 5436 2828 5503 paradisum
2851 5436 2997 5502 aique
3022 5455 3115 5505 per
3137 5436 3384 5493 amomum
3406 5436 3620 5493 hortuni.

2312 5565 2554 5622 Extrema
2580 5576 2717 5635 sunt,
2747 5565 2802 5645 in
2828 5576 3073 5624 extrema.
3102 5569 3231 5626 Mss.
3258 5584 3371 5627 rec.
3397 5579 3452 5626 et
3482 5570 3667 5642 plures
3682 5568 3852 5645 editi,

2237 5637 2482 5695 Extrema
2497 5648 2615 5693 sunt
2632 5648 2736 5692 tota
2762 5640 2815 5694 in
2843 5650 3087 5698 extrema.

2308 5710 2528 5783 Sibylla.
2563 5711 2635 5764 De
2659 5725 2764 5783 qua
2788 5711 2909 5768 vide
2930 5711 3104 5771 Serm.
3133 5728 3173 5783 ι,
3192 5712 3293 5771 sub
3315 5712 3547 5783 initium,
3575 5720 3630 5771 et
3651 5712 3851 5775 Serm.

2235 5781 2289 5841 8.
2320 5784 2462 5838 circa
2484 5779 2628 5841 med.

2275 5825 2289 5855 ’
2321 5824 2462 5838 νιινιι
2485 5824 2628 5841 ιυννιο
