4174 6200
461 214 568 277 559

1505 213 1694 275 FlllM.
1736 211 2105 275 LACTANTII
2146 210 2349 283 DIVIN.
2393 211 2635 287 INSTIT.

3663 213 3771 285 sta

456 331 713 399 numinis.
740 332 871 393 Inde
897 341 1002 400 εει,
1020 331 1166 402 quod
1192 331 1261 393 ab
1281 344 1488 401 augure
1525 328 1661 402 lapis
1691 328 1951 397 novacula
1970 328 2053 384 in-
2077 331 2133 394 Α
2160 337 2293 395 nunt
2317 343 2378 385 se
2407 327 2459 395 in
2490 327 2576 385 his
2605 326 2801 397 rebus,
2834 335 2893 393 ut
2919 341 3279 405 quaecumque
3305 342 3334 382 a
3368 327 3483 389 Deo
3511 325 3597 382 vel
3627 325 3771 397 facta

451 424 598 486 cisus
640 433 759 497 est;
806 422 950 495 quod
997 420 1141 477 Juno
1173 420 1419 483 Veiensis
1468 421 1703 492 migrare
1744 436 1804 483 se
1828 421 2059 481 Romam

455 516 599 577 velle
625 514 933 588 respondit;
964 513 1111 587 quod
1157 512 1398 575 Fortuna
1427 514 1711 581 muliebris
1755 513 2056 585 periculum

456 608 819 675 denuntiavit;
848 607 992 677 quod
1022 604 1257 669 Claudia!
1287 621 1504 667 manum
1536 607 1694 661 navis
1722 614 1909 662 secuta
1936 615 2053 673 est;

458 704 604 777 quod
636 703 690 759 in
721 704 1017 779 sacrilegos
1046 712 1102 761 et
1122 701 1263 763 Juno
1293 702 1512 768 nudata,
1536 712 1589 757 et
1610 700 1895 765 Locrensis
1922 700 2059 765 Pro-

458 797 697 869 serpina,
732 805 787 855 et
832 794 1000 857 Ceres
1026 793 1231 859 Milesia
1263 792 1587 860 vindicavit;
1617 802 1673 850 et
1701 792 1965 859 Hercules
1990 791 2059 859 de

459 887 665 965 Appio,
698 897 753 949 et
779 887 991 965 Jupiter
1020 888 1086 947 de
1114 888 1329 957 Atinio,
1361 897 1412 942 et
1438 886 1678 953 Minerva
1720 886 1787 947 de
1816 886 2053 947 Caesare.

459 964 811 1051 Hinc,'quod
848 994 1075 1053 serpens
1112 980 1302 1041 urbem
1325 978 1556 1041 Romam
1587 975 1890 1057 pestilentia
1924 977 2058 1035 libe—

451 1072 593 1133 ravit
622 1071 893 1145 Epidauro
918 1071 1234 1135 accersitus.
1257 1069 1391 1139 Nam
1412 1071 1537 1125 illuc
1554 1068 1919 1147 δαιμονιάρχης
1941 1068 2057 1139 ipse

451 1165 505 1220 in
538 1164 706 1235 ﬁgura
755 1178 851 1220 sua
893 1164 1013 1220 sine
1059 1161 1166 1221 ulla
1198 1161 1636 1223 dissimulatione
1667 1163 1903 1232 perlatus
1931 1170 2054 1233 est;

451 1256 721 1329 siquidem
751 1256 910 1327 legati
939 1254 1008 1311 ad
1033 1269 1151 1311 eam
1185 1270 1299 1309 rem
1329 1254 1512 1323 missil
1544 1252 1837 1321 draconem
1869 1266 2054 1309 secum

449 1350 600 1409 mira:
629 1334 1011 1420 magnitudinis
1036 1347 1389 1411 advexerunt.

516 1440 575 1501 In
623 1439 859 1501 oraculis
894 1447 1074 1507 autem
1118 1438 1203 1503 vel
1259 1436 1494 1495 maxime
1551 1435 1781 1509 fallunt,
1814 1452 2053 1513 quorum

447 1532 748 1603 praestigias
776 1529 986 1602 profani
1007 1545 1037 1584 a
1063 1528 1293 1585 veritate
1319 1528 1621 1603 intelligere
1646 1542 1750 1582 non
1782 1536 2008 1598 possunt
2035 1545 2050 1591 ;

448 1624 679 1697 ideoque
706 1622 775 1679 ab
804 1621 910 1678 illis
934 1619 1156 1681 attribui
1186 1629 1398 1697 putant,
1428 1628 1483 1689 et
1509 1618 1764 1693 imperia,
1792 1629 1845 1674 et
1874 1619 2047 1674 victo-

2163 432 2317 489 sunt,
2346 421 2428 477 vel
2459 421 2594 475 liunt
2614 462 2628 487 ,
2674 419 2773 490 ipsi
2801 419 3141 492 potissimum
3172 418 3386 488 facere,
3437 428 3531 475 aut
3576 419 3771 477 fecisse

2161 514 2466 570 videantur.
2511 514 2580 568 Et
2608 513 2822 583 quoties
2848 512 3007 585 alicui
3034 512 3233 583 papula
3264 513 3347 567 vel
3377 511 3533 585 urbi,
3568 528 3769 568 secun-

2162 605 2289 661 dum
2320 604 2413 660 Dei
2440 612 2701 659 statutum
2730 603 2857 658 boni
2888 605 3016 675 quid
3042 603 3319 675 impendet
3339 646 3353 670 ,
3389 602 3468 658 illi
3498 619 3559 660 se
3582 604 3636 659 id
3667 604 3771 661 fac-

2166 709 2316 754 turos
2344 698 2429 754 vel
2459 697 2752 769 prodigiis,
2785 697 2870 753 vel
2913 699 3139 754 somniis
3160 741 3174 766 ,
3222 699 3308 753 vol
3340 698 3577 754 oraculis
3604 699 3769 771 palli-

2162 797 2371 857 centur,
2404 790 2449 844 si
2480 790 2582 845 sibi
2630 790 2850 863 templa,
2892 792 2939 846 si
2971 790 3239 859 honores,
3286 792 3333 846 si
3374 792 3639 848 sacriﬁcia
3672 796 3771 849 tri-

2163 883 2392 937 buantur
2420 900 2431 935 :
2463 883 2657 953 quibus
2685 882 2861 951 datis,
2913 898 3037 939 cum
3083 884 3219 939 illud
3267 884 3565 953 acciderit,
3616 887 3765 958 quod

2162 990 2387 1032 necesse
2430 986 2544 1044 est,
2591 992 2858 1032 summam
2923 979 3025 1034 sibi
3074 979 3292 1051 pariunt
3334 982 3764 1038 venerationem.

2162 1069 2297 1125 Hinc
2340 1070 2539 1140 templa
2570 1069 2928 1138 devoventnr,
2960 1080 3015 1128 et
3058 1087 3212 1127 novas
3261 1074 3525 1145 imagines
3573 1090 3770 1132 conse-

2160 1171 2403 1230 crantur,
2429 1174 2735 1219 mactantur
2761 1179 2956 1236 greges
2987 1165 3310 1221 hostiarum.
3348 1166 3455 1223 Sed
3496 1182 3616 1223 cum
3647 1168 3766 1225 brcc

2162 1256 2298 1313 facta
2322 1266 2484 1325 sunt,
2514 1257 2866 1314 nihilominus
2889 1269 3067 1315 tamen
3093 1269 3147 1315 et
3169 1262 3301 1328 vita,
3324 1269 3379 1317 et
3403 1262 3549 1317 salus
3574 1277 3763 1320 eorum

2158 1351 2248 1422 qui
2274 1351 2390 1407 harc
2416 1350 2677 1421 fecerint,
2710 1353 3083 1408 immolantur.
3131 1352 3358 1421 Quoties
3398 1365 3579 1411 autem
3614 1358 3763 1427 peri-

2159 1443 2280 1499 cula
2304 1444 2653 1514 impendent,
2685 1445 2757 1501 ob
2796 1446 3029 1517 aliquam
3060 1446 3298 1517 ineptam
3332 1457 3387 1503 et
3428 1448 3601 1505 levem
3638 1465 3766 1505 catt-

2160 1552 2274 1594 sam
2303 1553 2364 1594 se
2392 1537 2717 1609 proﬁtentur
2741 1538 2907 1595 iratos
2939 1556 2953 1593 :
2985 1540 3126 1595 sicut
3154 1538 3295 1596 Juno
3326 1541 3553 1597 Varroni
3573 1585 3588 1611 ,
3618 1545 3762 1615 quod

2156 1634 2451 1689 formosum
2476 1648 2703 1705 puerum
2728 1635 2933 1689 intensa
2957 1633 3106 1689 Jovis
3127 1633 3192 1689 ad
3230 1635 3482 1691 excuvias
3505 1637 3763 1693 tenendas

446 1717 587 1784 rias,
615 1725 673 1781 et
699 1730 830 1787 opes
851 1756 863 1780 ,
894 1724 949 1769 et
977 1722 1206 1771 eventus
1246 1727 1537 1795 prosperos
1565 1728 1777 1784 rerum;
1818 1710 2045 1784 denique

2157 1724 2479 1790 collocarat;
2503 1734 2558 1780 et
2580 1724 2650 1781 ob
2668 1724 2808 1780 hanc
2836 1738 3056 1780 causam
3077 1725 3378 1781 Romanum
3398 1741 3596 1781 nomen
3619 1727 3762 1799 apud

446 1810 684 1879 ipsorum
715 1816 847 1862 nutu
876 1822 1022 1881 saepe
1052 1806 1442 1877 rempublicam
1474 1806 1728 1877 periculis
1758 1807 2046 1875 imminen-

444 1901 585 1965 tibus
613 1902 896 1961 liberatam
929 1919 942 1954 :
987 1916 1106 1979 qua:
1136 1901 1372 1972 pericula
1392 1942 1407 1969 ,
1436 1910 1493 1956 et
1522 1902 1800 1971 responsis
1829 1901 2045 1965 denun-

442 2000 710 2057 tiaveruut
729 2040 745 2067 ,
778 2008 831 2055 et
860 1997 1137 2061 sacriﬁciis
1162 1996 1356 2069 placati
1375 2004 1708 2063 averterunt.
1731 1995 1837 2059 Sed
1862 1996 2049 2067 omnia

445 2089 549 2147 ista
576 2088 803 2149 fallaciae
828 2096 973 2145 sunt.
1008 2088 1143 2149 Nam
1200 2103 1323 2143 cum
1357 2086 1742 2161 dispositiones
1784 2087 1879 2145 Dei
1912 2104 2051 2159 pra:-

443 2182 711 2253 sentiant,
739 2182 939 2265 quippe
964 2181 1055 2253 qui
1086 2179 1314 2247 ministri
1357 2178 1476 2248 ejus
1524 2180 1776 2253 fuerunt,
1809 2181 2053 2263 interpo;

2154 1816 2368 1874 Cannas
2394 1833 2535 1889 pene
2562 1817 2801 1874 deletum
2830 1827 2932 1873 est.
2958 1817 3114 1887 Quod
3142 1819 3189 1872 si
3222 1817 3364 1874 Juno
3392 1819 3624 1875 alterum
3656 1818 3765 1876 Ga-

2158 1912 2445 1984 nymedem
2474 1913 2783 1978 verebatur,
2825 1927 2925 1968 cur
2946 1911 3203 1982 juventus
3246 1912 3486 1969 Romana
3516 1914 3614 1969 luit
3643 1929 3760 1985 pa:-

2158 2005 2296 2059 nas?
2326 2004 2426 2061 Vel
2451 2005 2495 2061 si
2524 2005 2598 2060 dii
2644 2006 3017 2060 tantummodo
3046 2004 3213 2061 duces
3241 2017 3471 2075 curant,
3504 2016 3759 2064 ceteram

2160 2097 2559 2154 multitudinem
2591 2098 2902 2170 negligunt,
2934 2112 3032 2153 cur
3060 2096 3232 2153 Varro
3262 2099 3413 2155 solus
3443 2102 3637 2165 evasit.
3669 2104 3761 2175 qui

1764 2321 2130 2380 VARIORUM
2167 2322 2399 2379 NOTAE.

517 2466 743 2537 gugure.
772 2462 907 2537 Vide
921 2478 1103 2537 supra,
1121 2476 1176 2537 c.
1189 2460 1230 2537 _8
1251 2460 1475 2531 hujusce
1491 2460 1634 2537 libri,
1661 2459 2039 2537 post_ini_t_ium.

454 2610 467 2622 .
514 2530 947 2622 Jung‘i’ciensis.
972 2530 1119 2589 illanc
1152 2530 1414 2588 Monetam
1434 2532 1651 2587 vocavit
1680 2531 1854 2602 capite
1880 2531 1914 2587 8
1946 2530 2048 2585 hu-

449 2610 604 2681 jusce
627 2607 774 2662 libri.

524 2678 775 2735 Fortuna.
811 2676 942 2733 Vide
966 2675 1024 2734 S.
1051 2676 1427 2748 Augustinum,
1456 2674 1526 2735 de
1541 2672 1700 2735 Civil.
1730 2674 1823 2731 Dei
1850 2672 1943 2735 lib.
1968 2689 2044 2743 tv,

446 2749 684 2821 cap.l9.

522 2820 774 2876 Claudite.
808 2818 944 2875 Vide
973 2833 1156 2889 supra,
1188 2833 1309 2889 cap.
1342 2818 1395 2873 8.

516 2892 658 2946 Juno
699 2890 921 2953 nudata,
954 2886 1058 2944 etc}
1108 2890 1205 2944 Est
1234 2886 1376 2945 Juno
1423 2888 1640 2943 Lacinia
1669 2929 1684 2954 ,
1717 2886 1872 2957 cujus
1904 2897 2043 2942 tem-

450 2964 831 3035 plumliensor
856 2960 1078 3035 Fulvius
1101 2963 1295 3035 tegulis
1310 2961 1628 3035 marmoreis
1656 2958 1878 3035 nudavit
1902 2974 1932 3035 ἱ
1944 2959 2047 3015 La—

2155 2459 2342 2541 bienda
2372 2459 2475 2541 hoc
2523 2459 2685 2521 modo
2714 2459 2768 2517 in
2814 2467 3020 2541 textum
3052 2459 3335 2541 irrepsisse
3365 2469 3527 2531 puto;
3558 2477 3753 2541 nempe

2155 2530 2405 2585 librarios
2435 2532 2745 2601 ignorantes
2773 2530 2899 2601 quid
2929 2540 3074 2586 esset
3100 2530 3244 2585 tensa
3295 2530 3439 2602 (vo:
3486 2535 3630 2589 enim
3659 2530 3756 2591 ob-

2155 2602 2324 2676 soleta
2350 2608 2472 2668 est)
2512 2602 2855 2676 existimasse
2888 2603 3175 2676 legendum
3204 2617 3328 2658 esse
3356 2606 3578 2673 templo,
3613 2621 3751 2676 pra:-

2155 2675 2342 2737 serlim
2367 2687 2493 2745 cum,
2515 2675 2696 2745 statim
2724 2682 2982 2744 sequatur
3006 2672 3152 2743 Jouis
3173 2715 3188 2741 ,
3216 2684 3275 2745 et
3312 2672 3631 2745 principium
3659 2694 3755 2737 vn-

2154 2745 2232 2797 cis
2278 2755 2419 2798 tensa
2488 2744 2626 2817 haud
2669 2743 2934 2817 dissimile
2979 2744 3050 2799 sit
3080 2743 3342 2817 vocabulo
3370 2743 3597 2817 teirzplo;
3631 2749 3755 2805 hinc

2156 2824 2412 2883 putarunt
2445 2815 2773 2871 mentionem
2807 2815 2921 2869 ﬁeri
2951 2816 3135 2884 templi
3164 2816 3334 2871 Jovis.
3363 2820 3431 2872 Τὸ
3474 2815 3710 2873 excubias
3732 2862 3747 2885 ,

2151 2900 2251 2955 pro
2278 2887 2486 2941 exuvias
2508 2930 2522 2951 ,
2550 2901 2615 2939 eo
2645 2886 2804 2941 modo
2837 2887 3120 2955 irrepsisse
3148 2897 3368 2941 autumo
3391 2928 3405 2954 ,
3438 2905 3544 2955 quo
3566 2891 3749 2957 lsmus,

2153 2971 2350 3025 nempe
2375 2975 2471 3027 pro
2487 2959 2729 3022 exuvias;
2752 2957 2804 3011 in
2824 2958 3315 3030 manuscripturum
3334 2960 3565 3030 antiquis
3590 2961 3753 3017 fuisxe

449 3029 640 3089 curuis
672 3032 1019 3102 Proserpina,
1067 3029 1225 3101 quam
1276 3031 1516 3101 Pyrrhus
1563 3029 1813 3094 spoliavit
1844 3049 1857 3084 :
1892 3029 2044 3087 Ceres
2070 3035 2116 3097 C
2151 3030 2365 3085 cxubias
2385 3070 2401 3095 ,
2435 3030 2517 3084 vel
2547 3030 2807 3087 exsubias.
2835 3029 2943 3085 Pro
2972 3044 2999 3085 υ
3027 3031 3173 3091 enim
3203 3040 3415 3153 peteres
3445 3029 3473 3087 b
3503 3032 3753 3089 scribere

453 3105 689 3153 Milesia-
719 3118 840 3153 num
881 3102 1171 3153 Alexandri
1222 3104 1420 3153 milites
1465 3102 1755 3153 sacrilegos
1798 3103 2043 3153 caecitate
2149 3101 2433 3153 solebant.
2461 3111 2515 3153 et
2538 3101 2654 3153 vice
2682 3116 2875 3153 versa.
2924 3110 2983 3153 ut
3033 3101 3370 3153 ostemimus
3416 3102 3470 3153 in
3517 3103 3658 3153 notis
3684 3107 3749 3153 ad

452 3105 690 3166 Milesia,
719 3118 840 3173 quae
881 3102 1171 3157 Alexandri
1222 3104 1420 3156 milites
1465 3102 1755 3170 sacrilegos
1798 3103 2043 3173 excitate

452 3175 699 3229 multavit
734 3171 749 3228 Ξ
778 3173 1026 3227 Hercules
1054 3174 1117 3226 de
1147 3174 1338 3245 Appio,
1382 3188 1542 3245 quem
1574 3188 1695 3245 cum
1720 3187 1873 3245 sacra
1904 3171 2042 3228 Her-

451 3246 590 3300 culis
609 3246 676 3298 ad
699 3259 888 3299 servos
912 3243 1297 3311 transtulisset,
1322 3250 1461 3298 Deus
1485 3243 1776 3303 luminibus
1797 3243 2043 3308 orbavit;

453 3317 678 3382 Altinio,
710 3321 801 3386 qui
841 3316 1048 3369 senatui
1079 3314 1231 3370 Jovis
1270 3314 1420 3386 jussa
1464 3313 1899 3386 renuntiaverat;
1938 3314 2039 3370 Mi-

449 3403 623 3448 nerua.
642 3388 797 3454 ettjus
820 3387 1029 3456 species
1056 3386 1279 3445 Arlurio
1302 3386 1521 3449 Augusti
1547 3385 1757 3443 medico
1782 3400 2046 3454 apparue-

453 3468 570 3521 rat,
596 3472 854 3528 serpens,
886 3456 1252 3525 disculapius.
1284 3458 1359 3511 De
1390 3456 1474 3511 his
1503 3471 1664 3525 supra
1694 3471 1815 3522 cap.
1844 3458 1898 3510 8.

522 3527 925 3605 Δαιμοῄἁρχης.
958 3528 1083 3583 Haec
1113 3544 1215 3584 vox
1244 3528 1582 3585 desideratur
1613 3529 1667 3583 in
1696 3542 1825 3582 mss.
1848 3527 1883 3581 2
1908 3527 2040 3599 Reg.

452 3604 851 3659 vetustissimis.

524 3672 591 3726 In
618 3674 784 3743 ﬁgura
809 3688 923 3726 sua.
952 3670 1169 3743 Scilicet
1200 3670 1372 3743 forma
1399 3669 1688 3743 serpentis.

530 3740 768 3797 Feriatur
797 3754 890 3797 est.
923 3743 998 3797 lta
1019 3741 1229 3797 restitui
1258 3757 1325 3796 ex
1348 3740 1763 3810 quamplurimis
1788 3755 1920 3796 mss.
1949 3756 2047 3796 an-

454 3815 792 3883 tiquioribus.
822 3812 881 3867 In
910 3814 943 3867 3
975 3827 1136 3867 manu
1163 3812 1419 3879 exaratis,
1447 3822 1502 3867 et
1528 3811 1781 3866 omnibus
1824 3813 2048 3868 excusis

456 3886 669 3955 legitur,
703 3884 978 3955 perductus
1002 3892 1095 3937 est.

525 3953 869 4009 Advexerunt.
889 3954 1139 4009 Emman.
1154 3953 1378 4008 etGotb.
1401 3953 1700 4023 eleganter,
1713 3953 2044 4008 advexerunt.

455 4026 622 4082 Recte
639 4026 771 4080 vidit
792 4025 1085 4081 Torrentius
1108 4026 1160 4079 in
1185 4023 1363 4080 Valer.
1386 4025 1599 4078 Maxim.
1632 4024 1667 4077 l.
1695 4040 1733 4089 ι,
1753 4038 1803 4078 c.
1822 4024 1879 4089 8,
1910 4041 1964 4078 n.
1985 4024 2043 4092 2,

453 4112 562 4151 una
591 4112 722 4152 voce
748 4096 1051 4165 legendum,
1082 4097 1195 4149 urbi
1218 4112 1273 4151 se
1296 4106 1485 4150 nostra
1507 4094 1878 4149 advehendum
1905 4099 2049 4151 resti-

455 4169 568 4223 tuit.
593 4168 691 4225 Ubi
720 4167 835 4221 hanc
857 4167 1033 4222 fabula
1063 4168 1280 4222 uberius
1309 4167 1613 4237 exponitur.
1650 4167 1780 4221 Bon.

531 4239 776 4310 Profani.
812 4238 867 4310 Id
896 4250 1012 4306 est,
1036 4255 1066 4293 a
1097 4238 1201 4293 ﬁde
1225 4238 1409 4310 alieni.

527 4309 782 4365 Fuerunt.
807 4309 934 4364 Mss.
964 4325 1059 4364 sex
1083 4309 1411 4364 recentiores
1443 4309 1654 4379 fuerint.

2149 3101 2433 3167 solebant,
2461 3111 2515 3159 et
2538 3101 2654 3159 vice
2682 3116 2875 3167 versa,
2924 3110 2983 3155 ut
3033 3101 3370 3161 ostendimus
3416 3102 3470 3156 in
3517 3103 3658 3167 nolis
3684 3107 3750 3159 ad

2152 3170 2474 3244 Epitomen;
2525 3187 2550 3226 s
2602 3185 2819 3244 quoquo
2870 3180 2991 3242 post
3035 3187 3072 3226 ω
3128 3172 3443 3239 addebant,
3497 3185 3555 3228 ut
3608 3183 3753 3244 patet

2151 3242 2201 3315 in
2249 3259 2514 3314 exsequor,
2566 3242 2733 3315 exsul,
2776 3250 2882 3315 etc.
2926 3261 2939 3297 :
2990 3244 3113 3315 hinc
3158 3258 3255 3312 pro
3296 3258 3363 3298 eo
3409 3246 3554 3315 quod
3608 3242 3751 3303 nunc

2149 3312 2411 3388 dicimus:
2444 3314 2695 3388 exuvias,
2756 3314 2832 3367 illi
2881 3314 3203 3388 scribebant
3266 3312 3542 3388 exsubias,
3599 3318 3750 3388 cujus

2149 3386 2299 3438 vocis
2369 3385 2814 3454 signiﬁcationem
2881 3384 3082 3439 librarii
3156 3385 3294 3440 haud
3352 3384 3746 3456 assequentes,

2149 3457 2388 3510 excubias
2420 3458 2613 3528 vitiose
2641 3456 3063 3528 substlttterttnl.
3094 3457 3366 3528 (Steterunt
3389 3460 3519 3528 quid
3550 3461 3621 3514 sit
3642 3471 3751 3514 len-

2148 3543 2232 3601 sa,
2254 3538 2440 3601 notum
2467 3542 2530 3581 ex
2557 3526 3081 3601 SisinnioCapitone
3104 3528 3245 3601 apud
3271 3526 3522 3601 Festum;
3554 3546 3750 3601 nempe

2152 3598 2491 3664 vehiculum,
2523 3613 2629 3668 quo
2658 3600 2867 3655 exuviae
2899 3600 3122 3655 deorum
3155 3600 3294 3654 ludis
3319 3598 3746 3659 Circensibus-in

2149 3668 2351 3723 circum
2400 3679 2454 3724 et
2496 3668 2742 3738 pulvinar
2770 3669 3127 3725 vehebantur.
3163 3670 3276 3725 Hoc
3306 3672 3612 3729 vehiculum
3641 3682 3750 3729 tra-

2151 3740 2380 3796 hebatur
2411 3755 2515 3795 non
2561 3756 2591 3795 a
2627 3740 2919 3810 iumentis,
2972 3742 3067 3797 sed
3114 3743 3181 3795 ab
3231 3743 3541 3798 hominibus
3576 3763 3589 3796 :
3625 3749 3750 3802 hinc

2152 3810 2302 3867 Suet.
2338 3813 2390 3871 in
2412 3811 2599 3871 Octav.
2635 3814 2885 3881 August,
2908 3828 2958 3868 c.
2978 3814 3049 3869 45
3082 3830 3097 3868 :
3121 3814 3317 3866 Accidit
3345 3815 3522 3868 votivis
3544 3814 3751 3871 Circen-

2148 3882 2306 3947 sibus,
2331 3892 2384 3937 ut
2416 3893 2678 3952 correptus
2705 3883 2988 3937 valetudine
3015 3884 3191 3938 lectica
3229 3885 3419 3938 cubans
3467 3896 3636 3941 tensas
3659 3888 3750 3943 de-

2150 3954 2373 4008 duceret.
2408 3953 2485 4008 llli
2511 3965 2689 4009 autem
2721 3954 2811 4024 qui
2836 3953 3177 4010 deducebant
3207 3967 3387 4011 tensas
3410 3997 3425 4021 ,
3452 3960 3751 4015 adtensato—

2149 4041 2229 4077 res
2258 4024 2594 4097 dicebantur.
2627 4023 2797 4097 Erant
2825 4024 2878 4079 hi
2913 4024 3201 4095 plurimum
3236 4027 3367 4092 bini,
3396 4029 3487 4097 qui
3514 4031 3747 4087 vehendi

2150 4112 2286 4151 onus
2316 4096 2586 4153 subibant.
2639 4094 2721 4150 Ea:
2764 4094 3181 4165 [solm—Apud
3208 4094 3620 4165 Tertullianuut,
3650 4103 3744 4158 lib.

2150 4166 2217 4223 de
2246 4166 2602 4235 Spectaculis,
2632 4182 2750 4235 cap.
2774 4167 2831 4232 7,
2857 4168 2909 4223 in
2936 4167 3075 4227 ludis
3096 4166 3443 4225 Circensibus
3466 4177 3669 4227 mentio
3689 4173 3750 4229 ﬁt

2150 4237 2218 4291 de
2252 4238 2499 4297 curribus
2521 4281 2534 4307 ,
2569 4242 2635 4295 de
2662 4239 2816 4291 tensis
2837 4280 2850 4299 ,
2880 4238 2949 4294 de
2993 4238 3212 4299 sedibus
3233 4281 3249 4305 ,
3296 4240 3365 4294 de
3392 4244 3611 4299 coronis
3634 4285 3646 4307 ,
3676 4244 3747 4301 de

2149 4310 2364 4363 exuviis.
2398 4308 2527 4363 lude
2558 4319 2737 4380 patet,
2770 4309 2872 4379 legi
2900 4310 3100 4365 debere
3126 4311 3179 4364 in
3202 4321 3344 4365 tensa
3364 4310 3510 4367 lovis
3534 4317 3602 4368 ad
3624 4332 3749 4370 exu-

524 4380 626 4476 95‘
650 4380 1047 4476 ‘lf'i‘f'ff’fzflf
1063 4380 1677 4476 _f{"".'!df‘li..?’£-'_“.§8_:
1690 4380 2045 4476 ίῖἕῐίῗὲῗνηῖω
2069 4414 2126 4476 D
2152 4381 2262 4476 ³ἰῖαὲ
2274 4380 3034 4476 ξῗῖῗξῗωέἱλίῖἷῖΕΞἾἾἛδθέῗῖξ
3063 4381 3529 4476 ,Ἦδὶμὲἱὲδῖηθῗξ
3562 4386 3747 4476 lci?“

457 4453 637 4508 editis.
666 4452 724 4507 In
755 4453 972 4523 scriptis
999 4453 1034 4507 3
1063 4467 1175 4508 rec.
1204 4460 1259 4507 et
1283 4452 1443 4508 editis
1470 4460 1679 4523 septem
1710 4452 1908 4524 legitur
1934 4463 2045 4509 sta-

456 4536 584 4578 tum.

2159 4452 2431 4524 famosum.
2469 4452 2576 4524 Sed
2606 4450 2887 4521 legendum
2916 4466 3037 4509 esse
3057 4456 3340 4524 formosum
3370 4466 3599 4522 constat,
3616 4450 3746 4517 'tum

2157 4538 2223 4578 ex
2255 4523 2509 4581 omnibus
2557 4523 2819 4579 Lactantii
2852 4538 2983 4581 mss.
3018 4523 3073 4580 et
3099 4525 3259 4581 editis
3287 4526 3598 4591 codicibus,
3633 4539 3745 4586 tum

532 4593 684 4662 Quod
709 4596 990 4666 [annosum
1007 4610 1230 4666 puerum
1249 4594 1302 4647 in
1325 4601 1470 4666 tensa
1486 4592 1633 4649 locis
1652 4596 1722 4649 ad
1743 4596 1951 4650 exuuias
1980 4604 2054 4649 te-
2155 4610 2219 4666 ex
2251 4594 2460 4653 Valerio
2486 4594 2796 4666 Maxituoka
2826 4610 2933 4664 quo
2964 4596 3077 4650 lucc
3103 4596 3406 4666 desumpsit
3434 4597 3746 4657 Lactantius

456 4666 651 4720 nendas
680 4665 978 4737 collocarat.
1005 4664 1105 4719 Ed.
1140 4666 1357 4737 Sublac.
1390 4665 1551 4721 habet
1575 4666 1630 4723 in
1660 4666 1877 4737 templo,
1914 4679 2047 4733 pro,

459 4738 512 4792 in
536 4748 699 4790 tensa.
729 4734 786 4789 lu
819 4736 1071 4790 omnibus
1114 4736 1392 4805 impressis
1423 4745 1480 4791 et
1507 4739 1691 4792 multis
1731 4734 1861 4791 mss.
1898 4736 2048 4793 locus

456 4808 544 4863 hic
571 4807 953 4863 viotiosissime
984 4807 1201 4878 legitur.
1231 4806 1486 4861 Nonnulli
1519 4807 1739 4869 habent.
1773 4808 1829 4862 in
1854 4808 2047 4876 templo

453 4878 601 4934 lovis
620 4878 688 4933 ad
711 4879 949 4933 excubias
977 4881 1251 4945 tenendas;
1277 4879 1364 4933 alii
1387 4880 1440 4931 in
1463 4879 1651 4947 templo
1666 4878 1804 4949 jonis
1829 4878 1897 4931 ad
1921 4894 2048 4933 eatu-

452 4953 561 5006 aias
591 4952 834 5005 tenendas
865 4965 885 5004 :
906 4951 984 5005 sic
1016 4951 1215 5005 habent
1243 4965 1372 5004 mss.
1419 4950 1627 5003 Βοιιοη.
1650 4948 1673 5014 ,⁷
1694 4948 1848 5016 Jun.,
1876 4949 2042 5015 Tax.,

453 5022 611 5089 Pen.,
642 5024 677 5078 ὅ
706 5021 865 5091 Reg.,
900 5023 923 5077 l
969 5021 1153 5086 Sorb.,
1189 5021 1258 5076 19
1290 5021 1471 5091 Vatic.
1503 5030 1558 5075 et
1583 5020 1849 5076 editiones
1874 5022 1910 5076 2
1940 5021 2045 5075 Bo-

453 5109 608 5159 non.,
645 5090 884 5158 Veneta,
920 5092 1184 5159 Flurent.,
1230 5093 1408 5163 Junt.,_
1444 5090 1717 5163 Gymnic.,
1760 5092 2038 5158 Cratand.,

453 5164 658 5229 Aldin.,
692 5163 922 5234 Graph.,
956 5163 1195 5234 Tornes.
1216 5173 1273 5219 et
1300 5161 1468 5232 antiq.
1496 5161 1602 5229 38,
1634 5163 1881 5234 aliaeque.
1915 5163 1971 5217 In
2004 5165 2040 5220 6

454 5251 564 5291 rec.
596 5233 843 5303 scriptis,
885 5235 1098 5289 eximias
1123 5249 1143 5299 ;
1171 5233 1205 5289 6
1232 5234 1344 5299 ed.,
1384 5233 1640 5290 excubias.
1684 5233 1927 5289 Emendo
1953 5250 2040 5291 se-

454 5306 689 5360 cundum
724 5305 973 5362 meliores
999 5305 1216 5362 codices
1235 5348 1250 5373 ,
1284 5320 1380 5374 pro
1410 5307 1619 5375 templo,
1663 5315 1824 5369 tensa,
1856 5315 1907 5361 et
1939 5323 2038 5375 pro

452 5379 689 5449 excubias
709 5417 727 5449 ,_
753 5380 960 5449 exuvias
1005 5378 1208 5449 legens.
1238 5377 1327 5433 Sic
1366 5376 1548 5448 legunt
1596 5391 1727 5449 mss.
1773 5375 1889 5449 Pal.
1919 5386 1976 5433 et
2001 5380 2036 5435 5

454 5446 590 5517 Reg.
623 5447 794 5518 antiq.
838 5447 895 5501 ln
937 5448 1007 5503 Is.
1039 5446 1298 5518 itenttesa;
1330 5449 1382 5503 in
1423 5446 1584 5505 Cauc.
1619 5447 1815 5518 legitur
1841 5448 1894 5503 in
1925 5458 2036 5504 ten-

452 5527 611 5600 (casa;
634 5519 692 5600 _in
722 5517 851 5600 Em._
888 5528 1126 5599 tentesea.
1155 5517 1240 5574 ιο.
1262 5518 1428 5600 βίλιιοί
1474 5517 1927 5600 putatlibrarium
1954 5519 2035 5575 vi-

454 5588 589 5643 tiose
630 5588 702 5645 ita
748 5588 1063 5659 scripsisse,
1089 5604 1212 5659 _pro
1254 5591 1308 5644 in
1332 5588 1491 5659 tensa
1502 5632 1517 5659 ,
1568 5591 1654 5647 cui
1702 5591 2032 5659 conjectura:

455 5604 589 5643 uose
630 5604 702 5645 ita
748 5604 1063 5659 scripsisse,
1152 5604 1212 5645 ro
1254 5607 1308 5644 ιη
1344 5604 1517 5659 tensa,
1568 5605 1654 5647 cui
1702 5604 2031 5659 conjectura:

455 5659 755 5718 subscribo.
786 5657 918 5716 Mss.
946 5656 984 5715 2
1009 5669 1063 5716 et
1088 5604 1226 5717 liltr.
1261 5658 1457 5717 habent
1479 5669 1533 5717 tn
1553 5672 1792 5717 centesa:
1821 5662 1916 5717 sed
1944 5660 2031 5719 iti-

454 5729 577 5790 dem
621 5728 814 5793 vitiose
860 5746 956 5807 per
1001 5730 1341 5799 oscitantiam
1388 5730 1594 5805 librarii
1637 5732 1716 5789 sic
1743 5731 2022 5819 scriptum.

2156 4665 2295 4721 Hist.
2343 4666 2435 4722 lib.
2473 4682 2531 4741 _t,
2563 4680 2681 4735 cap.
2730 4662 2799 4741 2,
2827 4662 2932 4741 _itbi
2964 4667 3199 4741 legitur,
3243 4662 3431 4741 eximia
3470 4671 3601 4739 [acie
3622 4688 3747 4741 pue-

2153 4753 2305 4803 rum,
2337 4746 2440 4793 etc.
2469 4734 2601 4793 Item
2630 4734 2770 4805 apud
2811 4734 3108 4793 Arnobium
3151 4738 3203 4793 in
3235 4740 3342 4795 line
3372 4734 3492 4796 libri
3523 4758 3597 4805 tv,
3622 4734 3745 4801 haec

2152 4805 2675 4884 refere‘t_ttem.:7ln
2723 4818 2864 4862 tensa
2889 4808 3052 4863 lovis.
3085 4808 3311 4884 Tertull.
3360 4810 3428 4867 de
3477 4813 3741 4884 Spectat.,

2149 4893 2197 4933 c.
2234 4878 2414 4951 7,7lin.
2452 4895 2467 4951 ς
2497 4877 2559 4934 Si
2588 4896 2743 4933 unam
2792 4891 2984 4934 tensam
3012 4881 3182 4934 trahat
3210 4880 3422 4937 lovis...
3458 4877 3745 4951 plaustrum

2147 4948 2504 5025 est.__Egregie
2532 4951 2979 5025 nos_trum__Lact.
3010 4953 3187 5025 locum
3237 4948 3472 5025 illustrat
3497 4954 3742 5025 Cuperus

2147 5021 2199 5076 iu
2235 5021 2550 5094 llarpocrat.
2581 5021 2668 5076 ed.
2694 5021 2857 5088 iit-4°,
2886 5039 2936 5094 pr.
2971 5023 3073 5079 154
3099 5034 3152 5079 et
3177 5041 3259 5094 sq.
3289 5055 3359 5065 ——
3380 5022 3448 5079 In
3475 5021 3615 5082 tensa
3645 5025 3743 5082 Jo—

2146 5093 2219 5147 t'is
2261 5092 2329 5147 ad
2359 5094 2566 5168 exuvias
2595 5094 2855 5168 tenendas.
2888 5092 3284 5168 Tensmautem
3309 5137 3324 5163 ,
3354 5098 3467 5153 sive
3495 5099 3738 5168 thensa),

2144 5174 2272 5220 sunt
2300 5165 2546 5219 vehicula
2577 5164 2826 5228 deorum,
2859 5165 3051 5235 quibus
3083 5166 3135 5219 in
3162 5167 3375 5227 Circum
3397 5164 3741 5227 deducebat];

2146 5246 2249 5293 tur.
2278 5237 2570 5310 Suetonius
2591 5234 2726 5310 Aug.
2752 5235 2824 5310 45
2849 5234 3083 5310 {Accidit
3104 5237 3279 5293 votivis
3300 5238 3639 5304 Circensibus,
3660 5253 3738 5310 ut,

2142 5317 2408 5379 correptus
2439 5306 2751 5375 ualetudine,
2782 5309 2959 5362 lectica
2990 5308 3204 5376 cubans,
3249 5322 3416 5366 tensas
3442 5306 3736 5369 deducent.

3457 5383 3590 5441 Btuv.

2209 5473 2313 5530 Cur
2354 5473 2533 5528 Varro.
2580 5471 2816 5526 Historia
2844 5479 2930 5526 est
2977 5473 3115 5542 apud
3148 5473 3494 5542 Livium,lib.
3532 5492 3606 5542 η,
3647 5490 3739 5533 se-

2136 5544 2299 5619 cundi
2335 5544 2467 5619 belli
2496 5543 2707 5619 funici.
2742 5542 2874 5597 Vide
2906 5542 3085 5619 Yaler.
3115 5545 3332 5619 Maxim.
3365 5548 3464 5601 lib.
3512 5565 3563 5610 ι.
3608 5563 3731 5619 cap.

2134 5618 2203 5673 de
2230 5617 2473 5687 neglecta
2496 5612 3009 5685 Religione.—Cur
3041 5613 3203 5687 varro
3247 5617 3387 5671 solus
3423 5621 3597 5673 euasit.
3629 5612 3735 5676 rs-

2135 5686 2338 5744 rentius
2364 5686 2551 5754 Varro,
2578 5691 2788 5752 consul,
2805 5688 2972 5743 evasit
2991 5701 3055 5742 ex
3078 5686 3344 5743 Cannensi
3365 5690 3571 5760 ιιι-ωηο.
3596 5690 3726 5749 Βωι.
