4174 6200
387 247 489 301 511

1419 241 1623 300 LIBER
1663 240 1724 298 II.
1770 239 1859 298 DE
1901 237 2183 297 ORIGINE
2225 240 2548 298 ERRORIS.

3591 238 3697 297 512

387 366 490 420 hoc
521 363 675 430 fecit,
706 372 762 420 et
792 363 988 422 Paulus
1009 405 1022 427 ,
1050 363 1140 436 qui
1168 364 1303 422 nihil
1333 364 1564 428 meruit,
1611 361 1822 420 occisus
1853 360 1979 421 est?
2006 360 2062 420 Α
2086 360 2401 432 disputatio.
2421 359 2609 417 Diﬂ‘ert
2636 374 2788 431 ergo,
2819 360 2991 416 donec
3015 360 3194 416 veniat
3216 367 3517 430 temporum
3550 359 3692 425 linis,

387 455 648 516 Videlicet
675 453 748 516 nil
781 463 906 512 tunc
929 453 1186 516 Romanis
1209 455 1401 514 accidit

635 601 651 617 .
689 603 702 617 .
743 605 755 616 .
795 605 806 616 .
847 604 858 617 .
882 565 1022 620 Fatis
1038 565 1460 630 Jttnonisiuiqute,

388 687 514 728 cum
545 670 778 728 Annibal
809 670 946 728 duos
973 671 1245 726 exercitus
1275 670 1460 742 populi
1483 669 1733 737 Romani,
1761 678 1818 725 et
1841 676 1982 735 astu,

383 775 440 820 et
466 767 665 820 virtute
708 764 964 820 confecit.
996 763 1131 819 Nam
1171 763 1314 819 Juno
1353 763 1556 819 audere
1585 778 1690 819 non
1733 770 1982 833 poterat,

383 868 478 914 aut
506 858 888 929 Carthaginem
932 858 1225 914 defendere
1247 900 1263 924 ,
1297 859 1384 913 ubi
1438 873 1587 912 arma
1619 857 1737 927 ejus
1766 863 1824 912 et
1862 871 1987 910 cur-

386 967 483 1008 rus
512 952 610 1007 fuit
629 993 645 1019 ,
675 960 767 1005 aut
789 949 1050 1005 Romanis
1077 965 1274 1012 nocere
1295 989 1310 1015 ,
1339 949 1463 1026 quia

546 1106 555 1115 .
599 1108 606 1115 .
651 1103 661 1115 .
703 1103 714 1113 .
755 1102 768 1114 .
807 1064 1105 1128 Progeniem
1128 1063 1388 1128 Trojanoa
1412 1063 1656 1124 sanguine
1673 1061 1786 1112 duci

535 1128 793 1190 Audierat,
817 1126 988 1190 Tyrias
1011 1127 1126 1176 olim
1149 1126 1259 1190 quae
1294 1133 1520 1177 verteret
1542 1138 1704 1175 arces.

454 1231 564 1287 Sed
605 1231 825 1286 illorum
877 1238 1007 1286 sunt
1036 1231 1122 1285 isti
1171 1231 1356 1297 lusus,
1389 1231 1477 1301 qui
1524 1230 1627 1284 sub
1675 1228 1984 1285 nominibus

379 1333 716 1380 mortuorum
745 1323 1152 1388 delitescentes,
1186 1323 1490 1379 viventibus
1523 1323 1704 1394 plagas
1734 1322 1979 1378 tendunt.

379 1420 572 1490 Itaque
597 1419 710 1473 sive
735 1417 864 1473 illud
897 1419 1216 1489 perieulum,
1251 1417 1393 1488 quod
1425 1417 1672 1472 imminet
1699 1415 1857 1471 vitari
1887 1429 1986 1488 po-

378 1521 504 1575 test,
537 1510 710 1566 videri
737 1513 922 1565 volunt
948 1510 1000 1566 id
1031 1511 1218 1582 placati
1260 1511 1555 1576 avertisse;
1587 1509 1706 1564 sive
1745 1525 1852 1564 non
1883 1523 1982 1579 po-

376 1612 503 1670 test,
529 1603 582 1660 id
609 1614 805 1673 agunt,
837 1615 895 1658 ut
925 1612 1147 1674 propter
1188 1604 1401 1659 illorum
1446 1611 1812 1674 contemptum
1844 1602 1984 1658 acci—

373 1695 521 1750 disse
586 1695 853 1751 videatur.
904 1696 980 1750 Ita
1034 1696 1135 1752 sibi
1181 1696 1323 1766 apud
1384 1696 1634 1752 homines
1666 1737 1681 1763 ,
1737 1695 1830 1768 qui
1885 1710 1982 1752 eos

372 1789 643 1856 nesciunt,
699 1791 1104 1857 auctoritatem,
1154 1805 1218 1845 ac
1274 1791 1518 1846 timorem
1576 1790 1809 1859 pariunt.
1870 1789 1982 1845 Hac

371 1882 608 1936 versutia
635 1923 652 1949 ,
683 1891 735 1937 et
766 1883 850 1937 his
871 1882 1077 1938 artibus
1102 1925 1114 1948 ,
1166 1883 1413 1938 notitiam
1442 1883 1556 1937 veri
1585 1897 1646 1938 ac
1693 1883 1984 1953 singularis

378 1972 474 2028 Dei
505 1974 647 2043 apud
678 1987 870 2029 omnes
920 1983 1107 2046 gentes
1159 1975 1618 2031 inveteraverunt.
1669 1974 1794 2030 Suis
1837 1975 1982 2028 enim

369 2065 518 2120 vitiis
555 2065 773 2136 perditi,
806 2067 1056 2132 steviunt,
1082 2078 1134 2122 et
1155 2077 1474 2138 grassantur
1495 2111 1510 2134 ,
1538 2077 1595 2122 ut
1621 2067 1866 2137 perdant.
1896 2066 1983 2122 Id-

368 2158 516 2214 circo
528 2159 691 2214 etiam
717 2158 979 2214 humanas
996 2160 1199 2215 hostias
1216 2161 1660 2232 excogitaverunt
1680 2161 1778 2231 ipsi
1794 2161 1980 2217 hostes

373 2250 592 2305 humani
620 2252 860 2322 generis,
894 2261 952 2308 ut
974 2268 1133 2323 quam
1164 2254 1360 2309 multas
1390 2254 1716 2310 devorarent
1745 2255 1976 2309 animas.

938 2363 1164 2421 CAPUT
1194 2365 1381 2421 XVIII.

377 2474 458 2530 De
487 2473 585 2534 Dei
604 2477 851 2546 patientia
879 2488 927 2534 et
955 2479 1150 2536 ultione
1174 2521 1189 2546 ,
1233 2480 1526 2536 daemonum
1555 2484 1697 2538 cultu
1715 2524 1730 2551 ,
1757 2495 1803 2538 et
1831 2485 1978 2555 falsis

1020 2572 1368 2644 religionibus.

443 2679 597 2736 Dicet
644 2680 878 2751 aliquis:
913 2680 1023 2738 Cur
1055 2683 1198 2754 Ergo
1228 2684 1371 2740 Deus
1412 2684 1528 2742 haec
1580 2685 1696 2742 ﬁeri
1747 2688 1973 2758 patitur,

378 2784 485 2825 nec
509 2779 615 2826 tam
639 2772 795 2827 malis
817 2774 1087 2829 succurrit
1116 2775 1432 2831 erroribus?
1463 2777 1530 2833 Ut
1556 2779 1696 2834 mala
1728 2794 1851 2835 cum
1880 2781 1977 2837 bo-

370 2868 464 2919 nis
520 2875 791 2935 pugnent;
827 2873 884 2921 ut
927 2869 1053 2922 vitia
1110 2869 1220 2923 sint
1251 2870 1492 2925 .adversa
1542 2872 1874 2939 virtutibus;
1920 2884 1980 2932 ut

367 2957 567 3012 habeat
597 2959 752 3024 alios,
787 2973 925 3029 quos
962 2959 1184 3028 puniat;
1228 2961 1385 3028 alios,
1415 2977 1553 3032 quos
1595 2963 1848 3019 honoret.
1881 2964 1975 3021 Ul-

367 3051 516 3106 timis
542 3051 689 3108 enim
719 3052 1058 3123 temporibus
1103 3054 1294 3110 statuit
1335 3055 1406 3110 de
1455 3056 1593 3112 vivis
1634 3072 1698 3113 ac
1743 3060 1975 3114 mortuis

2090 466 2198 523 quo
2226 451 2468 508 eﬁ‘undat
2497 455 2629 508 iram
2664 467 2816 507 suam
2861 451 2912 506 in
2963 461 3232 522 potestate
3259 466 3323 506 ac
3356 453 3552 506 virtute
3580 465 3695 506 cos-

2087 547 2230 615 lesti,
2274 549 2414 604 sicut

2405 699 2416 710 .
2557 696 2570 708 .
2612 699 2624 710 .
2662 699 2674 710 .
2710 658 3142 724 Vatumprmdicta
3167 659 3354 724 piorum

2275 722 2507 774 Terribili
2527 723 2712 772 monitu
2737 722 3033 772 horriﬁcant.

2087 829 2241 888 Nunc
2296 839 2476 888 autem
2539 828 2736 901 patitur
2790 828 3041 884 homines
3097 837 3436 895 errare,-et
3498 829 3694 886 adver-

2089 939 2208 978 sum
2236 938 2296 979 se
2325 937 2541 994 quoque
2599 922 2792 994 impios
2843 936 3005 984 esse,
3059 923 3172 992 ipse
3223 921 3436 991 justus,
3489 931 3543 978 et
3591 923 3695 982 mi-

2089 1015 2179 1082 tis,
2209 1024 2266 1071 et
2296 1015 2528 1085 patiens.
2572 1013 2680 1070 Nec
2708 1013 2854 1070 enim
2884 1013 2997 1068 fieri
3038 1024 3240 1084 potest,
3277 1023 3333 1070 ut
3379 1030 3485 1076 non
3523 1015 3592 1081 is,
3639 1016 3692 1070 in

2087 1123 2196 1180 quo
2225 1107 2460 1178 perfecta
2487 1107 2558 1163 sit
2589 1107 2782 1170 virtus,
2824 1107 2895 1162 sit
2930 1106 3091 1160 etiam
3129 1107 3367 1176 perfecta
3409 1108 3690 1178 patientia.

2088 1203 2243 1260 Unde
2263 1204 2477 1272 quidam
2506 1212 2721 1273 putant,
2749 1219 2816 1255 ne
2838 1201 2994 1256 irasci
3013 1201 3229 1270 quidem
3258 1202 3424 1258 Deum
3445 1203 3687 1270 omnino,

2087 1294 2229 1365 quod
2260 1293 2564 1360 affectibus,
2589 1293 2680 1364 qui
2712 1300 2838 1347 sunt
2871 1291 3307 1362 perturbationes
3338 1294 3527 1359 animi,
3563 1294 3692 1349 sub-

2082 1391 2259 1461 jectus
2291 1405 2396 1444 non
2429 1389 2532 1454 sit';
2588 1389 2712 1459 quia
2762 1387 2951 1457 fragile
2983 1394 3067 1441 est
3112 1402 3275 1442 omne
3321 1388 3519 1444 animal
3547 1387 3692 1458 quod

2086 1483 2319 1539 afﬁcitur
2349 1492 2403 1538 ct
2432 1489 2826 1538 commovetur.
2871 1482 3002 1547 Qua:
3050 1479 3333 1549 persuasio
3363 1481 3644 1536 veritatem
3673 1521 3689 1546 ,

2085 1587 2246 1648 atque
2276 1577 2595 1647 religionem
2627 1573 2869 1630 funditus
2895 1573 3051 1628 tollit.
3078 1572 3184 1629 Sed
3217 1585 3510 1643 seponatur
3547 1575 3691 1631 inte-

2085 1669 2185 1724 rim
2218 1669 2368 1726 locus
2409 1669 2496 1724 hic
2525 1667 2681 1722 nobis
2721 1667 2788 1722 de
2818 1667 2896 1721 ira
2932 1667 3022 1721 Dei
3064 1666 3396 1734 disserendi,
3427 1667 3589 1738 {quod
3635 1679 3692 1724 et

2012 1759 2059 1818 B
2087 1761 2306 1816 uberior
2329 1770 2414 1816 est
2447 1759 2695 1823 materia,
2721 1768 2775 1814 et
2811 1773 2975 1828 opere
3007 1757 3227 1829 proprio
3248 1758 3387 1829 (Scit
3409 1760 3497 1814 lib.
3532 1760 3690 1816 delra

2090 1851 2211 1926 Dei)
2231 1854 2389 1909 latius
2411 1853 2750 1922 exequenda.
2775 1851 2900 1906 Illos
2916 1866 3047 1921 ergo
3073 1851 3438 1921 nequissimos
3460 1853 3685 1922 spiritus

2087 1946 2328 2016 quisquis
2359 1953 2649 2002 veneratus
2697 1943 2894 2010 fuerit,
2924 1953 2978 1998 et
3004 1954 3256 2009 secutus,
3301 1958 3478 2012 neque
3516 1944 3679 2009 coelo,

2088 2052 2260 2108 neque
2283 2037 2400 2092 luce
2433 2036 2690 2105 potietur,
2719 2049 2840 2104 quae
2867 2043 2995 2089 sunt
3024 2034 3118 2089 Dei
3147 2054 3159 2088 :
3187 2033 3283 2089 sed
3331 2035 3382 2088 in
3412 2033 3502 2089 illa
3529 2033 3682 2091 deei-

2085 2128 2198 2194 det,
2215 2128 2404 2197 quaein
2422 2125 2805 2184 distributione
2832 2141 3015 2180 rerum
3039 2125 3295 2180 attributa
3319 2125 3557 2195 esseipsi
3574 2142 3687 2182 ma-

2083 2223 2258 2279 lorum
2297 2223 2544 2292 principii
2575 2222 3000 2291 disputavimus;
3050 2220 3102 2276 in
3136 2220 3388 2278 tenebras
3433 2220 3681 2290 scilicet,

2083 2324 2138 2370 et
2168 2314 2389 2382 inferos,
2420 2325 2474 2371 et
2497 2314 2783 2385 suplicium
2814 2313 3232 2384 sempiternum.

2158 2411 2321 2465 Docui
2346 2409 2882 2481 religionesdeorum
2917 2407 3113 2481 triplici
3145 2407 3308 2462 modo
3335 2422 3501 2462 vanas
3520 2422 3642 2464 esse
3667 2425 3681 2462 :

2081 2519 2211 2570 uno,
2240 2502 2384 2574 quod
2411 2503 2702 2558 simulacra
2731 2498 2856 2568 ista,
2886 2517 3006 2572 quae
3035 2501 3307 2566 coluntur,
3341 2500 3552 2573 efﬁgies
3574 2502 3685 2557 sint

2082 2597 2364 2651 heminum
2395 2605 2772 2658 mortuorum;
2805 2609 2930 2650 esse
2955 2603 3136 2649 autem
3168 2607 3489 2663 perversum
3519 2605 3576 2648 et
3602 2595 3682 2652 in-

2079 2703 2416 2759 congruens,
2448 2697 2504 2744 ut
2532 2687 2878 2742 simulacrum
2913 2685 3147 2740 hominis
3193 2700 3222 2738 a
3254 2685 3550 2740 simulacro
3588 2685 3682 2742 Dei

2080 2782 2290 2838 colatur
2320 2799 2334 2837 :
2362 2781 2494 2837 colit
2514 2782 2656 2836 enim
2685 2779 2828 2850 quod
2859 2789 2942 2834 est
2973 2777 3211 2832 deterius
3242 2788 3294 2831 et
3327 2776 3676 2842 imbecillius;

2081 2883 2192 2930 tum
2225 2872 2553 2942 inexpiabile
2584 2871 2791 2926 facinus
2817 2884 2962 2937 esse,
2994 2869 3253 2923 deserere
3284 2867 3587 2935 viventem,
3622 2877 3683 2923 ut

2079 2964 2453 3021 defunctorum
2481 2963 2834 3018 monimentis
2851 2961 3078 3026 servias,
3114 2961 3204 3029 qui
3233 2975 3332 3015 nec
3361 2962 3552 3026 vitam,
3577 2975 3680 3016 nec

2078 3061 2255 3116 lucem
2275 3057 2405 3113 dare
2423 3056 2675 3126 cuiquam
2707 3064 3066 3125 possunt,qua
3083 3052 3185 3122 ipsi
3203 3062 3414 3118 carent;
3438 3068 3539 3110 nec
3557 3068 3679 3110 esse

361 3144 607 3215 judicare
638 3163 650 3199 :
693 3145 762 3202 de
791 3161 898 3216 quo
921 3146 1130 3218 judicio
1177 3146 1310 3202 mihi
1367 3147 1473 3204 erit
1501 3149 1552 3204 in
1602 3150 1791 3207 ultimo
1833 3152 1975 3209 libro
2002 3149 2048 3212 C
2081 3152 2244 3208 alium
2279 3165 2601 3226 quemquam
2625 3149 2816 3216 Deum,
2849 3155 3045 3219 praeter
3062 3162 3227 3202 unum
3250 3189 3265 3214 ,
3293 3147 3446 3218 cujus
3472 3147 3680 3218 judicio
3729 3150 3732 3152 ⁷

1700 3262 2064 3325 VARIORUM
2101 3264 2331 3322 NOTIE.

436 3369 663 3426 Paulus.
694 3371 794 3450 Qui
826 3371 1241 3450 pullo__s__'edace_s
1272 3374 1579 3450 habui_t,get
1611 3387 1789 3433 tamen
1819 3378 1967 3450 apud

367 3442 584 3516 Cannas
613 3442 843 3512 cecidit,
875 3454 933 3498 ut
960 3444 1034 3516 illi
1061 3445 1362 3516 Cyprianus
1387 3447 1581 3502 illudit.

441 3514 545 3580 Qui
591 3515 722 3589 nihil
757 3517 960 3589 meruit.
994 3515 1048 3570 Id
1081 3514 1159 3571 est
1193 3517 1326 3589 nihil
1374 3518 1498 3589 fecit
1537 3535 1692 3589 paena
1721 3519 1960 3589 dignum.

363 3585 567 3660 Iterum
599 3585 976 3660 Lactantiusl.
1006 3602 1242 3660 vn,cap.
1274 3588 1342 3642 10
1368 3607 1380 3641 :
1407 3585 1695 3645 Boni-nihil
1724 3585 1826 3648 tale
1849 3609 1960 3648 cre-

362 3657 558 3729 duntur
584 3660 786 3729 mereri,
814 3658 965 3728 quale
988 3675 1125 3729 stupe
1145 3657 1428 3729 patiuntur.
1463 3659 1590 3716 BUN.

362 3726 660 3854 liclqizua;
692 3726 836 3801 Virg.
867 3726 1317 3797 v111£rieid.,vs.
1338 3731 1464 3787 607.
1496 3732 1630 3788 Vide
1647 3731 1836 3791 Silium
1857 3733 1960 3790 Ita-

441 3839 457 3853 .
512 3817 524 3854 ι
571 3840 583 3852 .
661 3840 672 3852 .

385 3813 457 3853 lC.
489 3813 583 3854 Ill).
617 3815 672 3853 Χ.

434 3871 585 3946 Astu.
612 3870 762 3926 Lact.
793 3871 860 3927 de
883 3871 1114 3946 Opifica,
1141 3887 1241 3944 cap
1270 3872 1305 3926 2
1336 3891 1348 3926 :
1381 3877 1506 3929 Astu
1532 3891 1585 3930 se
1613 3885 1898 3946 protegant.

433 3941 641 3996 Audere
682 3961 783 3997 non
815 3941 1028 4013 poterat.
1063 3941 1408 4000 Heumannus
1439 3956 1585 4001 recte
1613 3941 1836 4013 eXpoiiit
1864 3963 1964 4002 non

360 4013 907 4089 audebat.Singular_is
923 4025 1097 4089 tamen
1117 4017 1642 4089 dictio,licetaudere
1671 4033 1766 4087 pro
1795 4035 1960 4089 posse,

360 4092 415 4156 et
434 4100 585 4156 posse
624 4100 723 4154 pro
762 4087 969 4151 audere,
1011 4087 1280 4142 interdum
1321 4097 1518 4156 ponant
1573 4087 1806 4144 veteres.
1838 4089 1958 4144 Vid.

361 4154 672 4228 Broukbus.
688 4157 752 4209 ad
771 4158 1016 4226 Pmpert.
1041 4159 1074 4210 Ι.
1094 4154 1420 4222 t,cl.15,vs.
1441 4160 1526 4221 57,
1547 4175 1599 4228 p.
1615 4160 1706 4226 61,
1725 4177 1806 4228 sq.
1829 4161 1958 4216 BDN.

363 4297 378 4352 Ι
435 4226 764 4308 Progeniem.
820 4228 996 4299 Virg.,
1039 4229 1235 4283 initior
1268 4229 1397 4286 Ain.
1433 4226 1566 4286 Vide
1611 4241 1666 4286 et
1697 4226 1963 4288 Valerium

385 4313 488 4352 oco
519 4309 704 4352 cuato.

385 4313 488 4353 0C0
519 4309 704 4352 enato.

2075 3379 2212 3436 Nam
2245 3379 2314 3434 ob
2342 3377 2450 3434 hoc
2477 3377 2654 3436 ipsum
2679 3378 2842 3432 mittit
2876 3377 3017 3434 Deus
3047 3377 3341 3434 efﬁcaciam
3366 3379 3630 3436 illusionis
3656 3402 3674 3429 ν

2075 3463 2129 3506 ιιι
2161 3451 2357 3506 Paulus
2382 3449 2450 3504 ad
2490 3449 2733 3503 Thessal.
2769 3449 2976 3510 scribit,
3018 3459 3073 3502 ut
3113 3449 3338 3504 credant
3365 3452 3672 3518 mendacio,

2072 3523 2462 3593 utjudicentur
2481 3536 2670 3574 omnes
2692 3520 2781 3593 qui
2812 3536 2917 3572 non
2950 3519 3300 3576 crediderunt
3321 3525 3554 3576 veritati.
3590 3524 3675 3578 In-

2069 3590 2238 3664 digni,
2265 3594 2316 3647 in
2362 3605 2508 3656 uam,
2535 3601 2660 3644 sunt
2684 3590 2833 3645 fonte
2874 3593 3017 3655 vivo,
3041 3595 3129 3662 qui
3163 3594 3428 3648 cisternas
3457 3593 3561 3648 sibi
3594 3596 3672 3648 lo-

2067 3664 2240 3718 diunt.
2284 3609 2481 3717 i‘ilicr.
2511 3661 2567 3714 2.
2604 3662 2810 3717 BETUL.

2109 3677 2240 3718 Iunt.
2284 3683 2301 3715 ι

2360 3663 2481 3716 licr.
2511 3661 2567 3714 2.
2604 3662 2810 3717 BETUL.

2073 3807 2111 3862 ς
2143 3735 2211 3818 In
2241 3741 2501 3806 potestate.
2523 3732 2580 3788 ld
2599 3742 2700 3799 est,
2720 3747 2818 3804 per
2835 3742 3177 3804 potestatem.
3208 3736 3396 3794 Modus
3415 3736 3671 3807 loquendi

2073 3842 2088 3861 ι
2115 3817 2387 3862 ενιυιυττρ.

2073 3809 2387 3862 Scripturre.

2155 3823 2612 3947 vgignrepmdicta
2639 3875 2866 3947 piorum.
2916 3876 2989 3931 Ita
3022 3881 3232 3934 restitui
3260 3895 3324 3936 ex
3356 3895 3487 3936 mss.
3517 3877 3554 3934 Ξ
3580 3895 3674 3935 ve-

2073 3946 2386 4005 tustissimis
2417 3949 2574 4017 Reg,
2600 3948 2734 4018 Zial.
2765 3946 2924 4018 Reg.,
2983 3947 3174 4012 Cauc.,
3223 3953 3257 4006 4
3286 3951 3464 4018 Colb.,
3519 3950 3670 4015 Em.,

2071 4032 2126 4075 et
2154 4037 2221 4076 ex
2254 4035 2384 4074 mss.
2411 4017 2693 4092 γεραίρω
2744 4017 3038 4092 δεῑεετὶρ.
3097 4026 3306 4092 rec.{et
3347 4025 3398 4078 in
3443 4017 3673 4092 vulgatis

2071 4101 2154 4166 est
2187 4135 2202 4157 ,
2260 4089 2529 4166 priorum;
2563 4089 2708 4160 Virg.
2759 4105 2810 4143 Iv
2866 4089 3015 4166 [Em
3055 4089 3372 4166 —_Vatum
3425 4089 3671 4166 pra’dicta

2075 4165 2300 4231 piorum.
2331 4163 2417 4218 Sic
2443 4164 2546 4217 edo
2581 4176 2648 4215 ex
2679 4175 2810 4215 mss.
2855 4162 3018 4216 Cauci
3061 4173 3113 4216 et
3143 4163 3386 4218 Emman.
3426 4162 3672 4219 diversis

2073 4237 2234 4306 typis.
2255 4235 2364 4306 Iﬂsl
2384 4233 2488 4306 hoc
2516 4243 2792 4306 receptum
2826 4234 3122 4306 epitheton.
3156 4235 3247 4289 Sic
3275 4235 3419 4306 Virg.
3450 4251 3504 4287 Vl
3535 4233 3666 4306 [Et].

2073 4303 2153 4376 vs.
2203 4305 2328 4364 66‘2.
2366 4305 2560 4376 Quique
2589 4303 2662 4374 pii
2691 4313 2844 4376 uates.
2880 4304 3048 4358 Silius
3079 4305 3218 4370 ltal.,
3254 4305 3288 4359 Ι.
3319 4303 3394 4372 vi,
3425 4321 3503 4360 vs.
3533 4304 3665 4373 288,

439 4370 569 4445 Sub,
602 4370 887 4445 nominibus
934 4381 1244 4445 mortuorum
1288 4373 1651 4429 delitescentes.
1710 4374 1966 4445 Sequitur
1989 4367 2043 4427 D
2072 4375 2184 4430 Nec
2210 4367 2407 4430 tacuere
2423 4367 2493 4445 pii
2526 4367 2678 4428 rates.
2706 4375 2838 4445 Buri.

361 4442 616 4506 Tcrtull.,
653 4444 808 4508 Apol.
840 4458 886 4496 c.
925 4443 987 4496 ‘21
1034 4461 1044 4496 :
1077 4443 1346 4498 Contraria
1387 4445 1625 4500 divinitas
1671 4442 1968 4501 delitescens

359 4515 458 4568 sub
489 4514 777 4587 nominibus
804 4523 850 4567 et
875 4515 1177 4586 imaginibus
1198 4525 1536 4579 mortuorum,
1565 4517 1868 4587 quibusdam
1894 4519 1968 4572 si-

358 4587 493 4660 quis
509 4594 557 4637 et
566 4585 846 4660 _miraculis
874 4596 917 4660 et
939 4585 1168 4660 oraculis
1216 4588 1369 4656 ﬁdem
1395 4585 1673 4642 divinitatis
1702 4598 1968 4660 aperatur.

359 4657 437 4710 Et
464 4657 533 4709 de
563 4655 744 4722 Spect.
765 4696 780 4722 ,
811 4670 860 4709 c.
896 4657 980 4712 10.
1040 4658 1169 4712 BUN.

456 4726 768 4781 Virentibus.
799 4727 924 4781 Mss.
974 4734 1007 4783 4
1046 4729 1314 4791 Culbert.,
1349 4729 1371 4782 1
1409 4725 1642 4786 Clarom.
1693 4739 1748 4786 et
1795 4730 1966 4786 Brun.

357 4799 575 4853 addunt
601 4799 910 4872 hominibus.
942 4799 1141 4856 Ibidem
1166 4799 1499 4872 Lactantius,
1526 4803 1706 4872 plagas
1729 4803 1963 4868 tendunt,

359 4884 468 4940 pro
495 4871 766 4942 intendunt
784 4911 799 4942 ,
827 4872 1054 4940 simplex
1086 4886 1184 4942 pro
1211 4871 1535 4941 composito,
1562 4871 1629 4929 ut
1653 4873 1784 4928 mihi
1813 4874 1965 4930 vide-

362 4954 480 5006 tur,
513 4956 612 5014 pro
643 4941 972 4996 insidiantur.
1054 4941 1101 5014 *ί
1684 4989 1688 4993 .

441 5011 597 5088 Apud
633 5027 804 5066 omnes
831 5023 1021 5088 gentes.
1053 5011 1443 5088 Extremavox
1470 5015 1872 5088 gentesLaddita
1901 5030 1967 5072 ex

358 5084 581 5160 cunctis
603 5097 731 5138 mss.
766 5093 821 5139 et
848 5084 1040 5160 editis,
1058 5095 1254 5160 praeter
1281 5084 1448 5160 Thys.
1471 5084 1622 5141 'Gall.
1660 5086 1855 5156 Spark.

443 5154 874 5208 Inveteraverunt.
911 5154 1110 5210 Confll
1169 5172 1226 5220 ιι,
1256 5171 1304 5211 c.
1349 5154 1403 5224 1,
1431 5154 1716 5211 inveterata
1752 5175 1964 5224 persua-

360 5228 536 5282 sione.
573 5225 730 5291 lbid.,
754 5241 802 5282 c.
837 5227 926 5290 19,
956 5229 1256 5282 inveteratas
1285 5244 1483 5282 errores
1508 5228 1664 5282 dixit.
1691 5229 1821 5284 BUN.

451 5296 635 5373 lli/fert
665 5315 803 5373 ergo.
849 5298 984 5373 Quia
1019 5315 1116 5353 nec
1144 5301 1362 5368 gravior
1405 5300 1498 5353 Dei
1534 5301 1634 5364 ira,
1667 5315 1766 5355 nec
1808 5315 1965 5373 pinna

363 5371 551 5437 major
588 5368 746 5443 nobis
783 5371 1069 5443 imminere
1101 5379 1299 5443 potest.
1329 5386 1488 5443 quam
1520 5385 1641 5425 cum
1677 5368 1822 5427 Deus
1844 5388 1968 5443 pec-

365 5452 492 5496 cata
524 5441 674 5510 punit
697 5442 949 5518 peccatis.
975 5442 1306 5518 Μᾳκρόουμος
1325 5441 1540 5513 quidem
1575 5443 1715 5496 Deus
1735 5441 1853 5518 est,
1867 5459 1967 5500 nec

370 5524 611 5568 mortem
644 5517 754 5564 vult
782 5515 1101 5582 peccatoris,
1136 5522 1229 5567 sed
1265 5522 1321 5568 ut
1349 5522 1700 5568 convertatur
1721 5526 1775 5570 et
1800 5517 1961 5581 vivat,

386 5583 696 5638 Ezechielis
717 5599 793 5639 tu.
823 5603 840 5634 ι
864 5583 1050 5656 Magna
1080 5584 1172 5639 Dei
1193 5584 1269 5638 ira
1293 5593 1394 5650 est,
1426 5594 1482 5640 ut
1506 5584 1867 5656 Hieronymus
1900 5585 1965 5642 ad

389 5656 724 5709 Castrutium
773 5655 1073 5710 Ezechielis
1118 5656 1435 5711 auctoritate
1471 5657 1658 5711 scribit
1687 5655 1726 5722 ,ί
1752 5658 1967 5727 quando

389 5735 611 5797 peccata
641 5740 748 5780 non
791 5727 1029 5794 corrigit,
1073 5727 1166 5782 scd
1193 5727 1485 5782 carcitatem
1529 5727 1771 5783 caecitate
1794 5729 1965 5800 punit.

2151 4448 2392 4514 Quidam.
2420 4443 2690 4516 Epicurei.
2714 4443 2848 4499 Vide
2872 4443 2938 4498 de
2966 4443 3046 4498 Ira
3071 4445 3187 4510 Dei,
3210 4461 3330 4516 cap.
3359 4449 3414 4502 4.

2147 4519 2230 4572 Ne
2256 4518 2408 4570 irasci
2427 4514 2628 4587 quidem
2652 4514 2814 4568 Deum
2846 4519 3073 4580 omnino,
3098 4518 3234 4586 quod
3250 4514 3536 4585 affectibus,
3557 4528 3662 4575 etc.

2072 4590 2169 4653 Ita,
2187 4599 2250 4659 ut
2266 4599 2321 4643 et
2343 4586 2459 4642 aliae
2479 4586 2780 4659 passiones,
2801 4587 2909 4659 Deo
2925 4587 3256 4642 conveniunt
3280 4605 3384 4644 non
3411 4589 3662 4659 alfective,

2072 4662 2167 4716 sed
2197 4658 2440 4727 eﬂ'ective,
2469 4669 2525 4712 ut
2556 4657 2716 4711 habet
2745 4658 2949 4727 regula.
2987 4659 3096 4712 lloc
3126 4670 3240 4725 est,
3275 4662 3352 4715 ira
3399 4679 3506 4716 non
3550 4657 3668 4717 tur;

2073 4732 2184 4798 bat,
2231 4747 2334 4786 non
2363 4730 2530 4784 afﬁcit
2551 4729 2717 4782 Deum
2739 4728 2949 4793 dolore,
3000 4739 3056 4783 ut
3085 4730 3333 4786 homines
3358 4751 3372 4790 :
3399 4734 3494 4789 sed
3525 4734 3667 4790 Deus

2072 4819 2192 4858 cum
2224 4803 2379 4876 irasci
2403 4800 2630 4876 dicitur,
2652 4798 2777 4853 facit
2807 4800 3073 4876 hocquod
3099 4802 3215 4856 irati
3247 4804 3444 4871 solent,
3470 4821 3667 4876 nempe

2072 4875 2242 4944 punit,
2268 4873 2483 4943 aﬂligit;
2519 4873 2596 4944 ira
2619 4872 2800 4944 itaque
2831 4872 2882 4924 in
2915 4873 3157 4944 Deoﬂnon
3182 4884 3264 4929 est
3295 4876 3535 4942 affectus,
3566 4872 3665 4932 sed

2071 4942 2320 5001 voluntas
2349 4942 2622 5014 puniendi.
2641 4942 3001 4998 GALLEUS.—-
3019 4943 3152 5000 Vide
3169 4945 3438 5003 S.Thom.
3468 4956 3660 5017 parm,

2071 5026 2258 5068 olimst.
2284 5016 2373 5068 21.
2407 5024 2508 5068 art.
2540 5014 2593 5068 5.

2110 5026 2258 5072 tuest.
2284 5018 2373 5083 21,
2407 5024 2508 5068 art.
2540 5018 2593 5068 5.

2069 5033 2258 5087 quam.
2284 5033 2373 5083 τι,
2407 5033 2508 5068 art.
2540 5033 2593 5068 ί).

2143 5087 2357 5157 Triplici
2380 5086 2550 5157 modo.
2586 5085 2676 5141 Sic
2703 5085 2824 5156 lego
2844 5101 2967 5142 cum
2998 5088 3156 5143 editis
3187 5087 3346 5143 Rom.
3369 5089 3526 5154 M70,
3560 5087 3662 5143 Be-

2072 5159 2196 5225 tul.,
2225 5156 2477 5222 'l‘nrues.,
2505 5156 2728 5223 Soubr.,
2758 5157 3287 5228 Cellargcunctisque
3305 5174 3434 5212 mss.
3466 5169 3664 5226 prmter

2072 5231 2190 5286 Em.
2223 5231 2275 5286 in
2307 5245 2413 5301 quo
2444 5229 2640 5300 legitur
2667 5229 2825 5284 tribus
2863 5231 3063 5296 modis;
3094 5231 3145 5284 in
3180 5229 3411 5299 vulgatis
3433 5230 3495 5284 11
3521 5272 3534 5297 ,
3569 5231 3662 5284 tri-

2072 5304 2194 5372 plici
2218 5304 2436 5355 ratione.

2131 5374 2282 5500 ἕνῖῗ).
2303 5373 2384 5452 Ex
2403 5387 2534 5427 mss.
2561 5381 2664 5443 est,
2691 5371 2834 5426 inter
2849 5385 2984 5442 quos
2997 5372 3235 5442 quinque
3257 5370 3664 5443 adduntmodo;

2177 5464 2206 5498 0
2273 5485 2284 5500 .
2313 5460 2434 5497 imo.

2071 5447 2092 5500 1
2131 5445 2284 5500 Colb.
2313 5445 2434 5497 imo.

2143 5515 2277 5571 Ista.
2307 5515 2560 5589 Oumium
2591 5526 2723 5567 mss.
2755 5519 2860 5580 est,
2896 5522 3096 5584 praeter
3125 5523 3359 5587 quatuor
3383 5524 3438 5573 et
3463 5517 3664 5589 editos,

2071 5589 2123 5642 in
2143 5589 2348 5712 auibus
2376 5596 2478 5652 est,
2520 5585 2653 5654 ipsa.

2192 5675 2270 5712 sse
2297 5668 2463 5712 autem
2487 5671 2653 5712 nerve:

2192 5675 2270 5713 sse
2297 5668 2463 5712 autem
2487 5671 2794 5726 perversum.
2817 5656 2907 5714 Sic
2922 5658 3144 5726 reposui
3164 5675 3230 5715 ex
3251 5659 3498 5716 omnibus
3523 5674 3656 5715 mss.

2070 5741 2123 5785 et
2152 5729 2430 5802 sequentia
2452 5727 2746 5799 postulant.
2775 5728 2830 5785 In
2860 5731 3077 5786 excusis
3108 5731 3324 5801 legitur,
3357 5739 3447 5783 est.
