4174 6200
504 282 609 341 315

1545 278 1729 337 FIRM.
1765 275 2129 336 ωιγιΑΝτιι
2172 274 2373 332 DIVIN.
2416 275 2659 336 INSTIT.

3705 273 3806 329 3M

505 415 572 455 ac
619 398 877 470 potestati
899 396 1076 453 omnis
1104 396 1282 451 anima
1318 393 1563 466 subjecta
1592 395 1682 450 sit.
1712 395 1930 463 Altero,
1962 390 2106 463 quod
2137 393 2190 451 A
2215 403 2311 445 eos
2326 391 2417 461 qui
2448 390 2532 448 vel
2561 392 2794 448 mortuis
2821 390 3148 463 supplicant,
3183 390 3267 446 vel
3304 397 3504 446 terram
3537 403 3809 445 veneran-

505 493 647 563 ἱρείη
667 492 927 562 imagines
955 503 1145 556 sacrm,
1178 487 1371 557 quibus
1398 486 1699 542 inanissimi
1728 485 1977 541 homines
1993 492 2131 537 ser-'

506 588 688 653 viunt,
720 585 865 640 omni
894 598 1058 639 sensu
1087 594 1297 648 carent,
1332 584 1587 653 quoidam
1628 590 1770 637 terra
1815 578 1943 634 sint.
1977 576 2107 644 Quis

502 689 684 734 autem
718 694 823 732 non
850 677 1145 747 intelligat,
1179 674 1332 731 nefas
1358 690 1479 731 esse
1509 684 1717 730 rectum
1755 670 1952 726 animal
1977 684 2105 725 cur-

499 772 638 838 vari,
688 778 745 826 ut
773 770 969 826 adoret
996 771 1237 825 terram?
1268 784 1387 839 qua:
1416 767 1619 822 idcirco
1650 764 1878 837 pedibus
1907 761 2107 817 nostris

502 862 749 933 subjecta
793 871 897 926 est,
932 872 989 917 ut
1019 860 1280 917 calcanda
1313 859 1491 926 nobis,
1535 874 1641 914 non
1669 853 1945 912 adoranda
1996 853 2102 919 sit,

498 955 594 1027 qui
619 969 808 1011 sumus
838 952 960 1009 ideo
987 952 1208 1008 excitati
1233 967 1298 1007 ex
1332 967 1428 1018 ea,
1465 960 1771 1020 statumque
1815 944 2099 1001 sublimem

505 1056 710 1117 praeter
735 1056 962 1102 caeteras
989 1044 1298 1100 animantes
1322 1043 1651 1112 accepimus,
1684 1049 1745 1096 ut
1784 1053 1893 1094 non
1919 1035 2103 1092 revol-

505 1153 702 1195 vamur
722 1137 1000 1204 deorsum,
1030 1152 1130 1192 nec
1154 1136 1298 1191 hunc
1326 1135 1607 1192 cmlestem
1626 1133 1832 1188 vultum
1858 1126 2107 1200 projicia-

508 1247 636 1287 mus
665 1231 730 1286 ad
774 1242 1007 1296 terram;
1057 1229 1154 1286 sed
1187 1229 1375 1285 oculos
1398 1243 1463 1282 eo
1494 1226 1810 1299 dirigamus,
1842 1237 1950 1294 quo
1984 1220 2104 1276 illos

502 1334 720 1378 natura:
768 1339 882 1378 suae
932 1321 1173 1377 conditio
1222 1320 1441 1385 dixerit,
1476 1318 1716 1388 nihilque
1741 1315 1885 1371 aliud
1910 1313 2105 1370 adore-

506 1431 651 1480 mus,
690 1414 823 1469 nihil
853 1414 1097 1469 colamus
1118 1455 1133 1478 ,
1166 1413 1270 1469 nisi
1298 1412 1466 1469 solius
1497 1410 1723 1466 artiﬁcis
1753 1409 2103 1481 parentisque

502 1507 676 1562 nostri
708 1506 923 1561 unicum
956 1521 1155 1560 numen
1190 1522 1203 1558 :
1236 1504 1329 1575 qui
1358 1512 1641 1573 propterea
1668 1500 1942 1556 hominem
1972 1498 2100 1570 rigi-

492 1598 625 1655 dum
657 1598 926 1666 figuravit,
958 1606 1015 1653 ut
1034 1598 1287 1662 sciamus,
1312 1611 1411 1651 nos
1439 1596 1506 1651 ad
1528 1610 1759 1666 superna
1782 1602 1839 1650 et
1858 1592 2097 1649 cmlestia

495 1689 805 1761 provocari.
835 1689 1041 1754 Tertio.
1075 1687 1219 1760 quod
1268 1687 1513 1758 spiritus,
1551 1686 1640 1758 qui
1680 1694 1918 1756 praesunt
1968 1682 2098 1753 ipsis

2216 492 2325 551 tur,
2359 484 2446 541 vel
2489 486 2770 556 spiritibus
2799 484 3027 557 impuris
3053 484 3265 539 animas
3291 498 3419 540 suas
3461 482 3807 553 mancipaut,

2219 580 2488 634 rationem
2522 578 2803 635 hominum
2831 594 2937 634 non
2968 589 3175 647 tenere,
3204 591 3409 647 eosque
3433 573 3728 647 impietatis
3750 588 3817 629 ac

2213 670 2443 726 sceleris
2464 672 2548 726 sui
2580 671 2847 742 supplicia
2867 685 3152 743 pensuros,
3181 672 3272 743 qui
3294 668 3526 726 rebelles
3547 668 3818 723 adversus

2212 772 2494 833 parentem
2532 764 2752 835 generis
2781 763 3001 818 humani
3032 763 3223 827 Deum,
3258 760 3532 833 susceptis
3570 758 3816 830 inexpia-

2211 857 2414 915 bilibus
2443 858 2614 915 sacris
2642 856 2723 914 l'as
2750 872 2916 914 omne
2934 855 3280 912 violaverint.

2784 994 3014 1053 CAPUT
3042 993 3189 1052 XIX.

2387 1111 2467 1167 De
2491 1112 2820 1167 simulacrum
2843 1122 2893 1169 et
2916 1121 3232 1169 terrenarum
3252 1112 3435 1169 'rerum
3456 1114 3626 1169 cultu.

2278 1222 2615 1296 Quicumque
2642 1226 2804 1295 igitur
2836 1238 3241 1283 sacramentum
3285 1226 3523 1282 hominis
3546 1226 3705 1294 tueri,
3722 1242 3813 1283 ra-

2206 1314 2521 1386 tionemque
2569 1328 2776 1373 natura:
2806 1333 2921 1373 sure
2972 1319 3165 1375 nititur
3192 1319 3460 1386 obtinere,
3493 1319 3611 1389 ipse
3648 1333 3711 1374 se
3737 1318 3810 1374 ab

2204 1407 2372 1463 humo
2421 1409 2669 1476 suscitet,
2699 1419 2753 1466 et
2802 1420 2983 1468 erecta
3038 1421 3222 1468 mente
3245 1413 3433 1468 oculos
3465 1426 3593 1467 suos
3620 1411 3810 1468 tendat

2203 1500 2261 1556 in
2294 1501 2535 1557 caelum:
2567 1518 2677 1559 non
2727 1503 2829 1560 sub
2887 1504 3114 1576 pedibus
3152 1514 3363 1577 quaerat
3418 1505 3611 1573 Deum,
3645 1520 3748 1561 nec
3778 1521 3809 1560 a

2203 1594 2449 1665 vestigiis
2492 1597 2606 1651 suis
2637 1608 2790 1653 eruat
2817 1597 2962 1668 quod
2993 1596 3187 1653 adoret
3236 1596 3383 1671 (quia
3415 1595 3678 1668 quidquid
3713 1597 3814 1654 ho-

2203 1687 2334 1743 mini
2366 1688 2631 1760 subjacet,
2657 1689 2793 1746 intra
2828 1689 3106 1748 hominem
3159 1692 3231 1747 sit
3258 1706 3485 1748 necesse
3530 1690 3635 1764 est)
3669 1708 3685 1757 ;
3716 1691 3812 1749 sed

494 1781 870 1853 religionibus,
900 1778 1246 1835 condemnati
1272 1788 1327 1835 et
1342 1779 1536 1848 abjecti
1561 1794 1589 1831 a
1624 1778 1754 1844 Deo,
1777 1791 1873 1847 per
1896 1784 2096 1830 terram
2132 1786 2180 1846 Β
2207 1790 2416 1853 quan-at
2445 1783 2499 1839 in
2526 1783 2766 1852 sublimi,
2795 1794 3005 1856 qum-ai,
3026 1786 3079 1841 in
3107 1800 3322 1842 summa
3343 1802 3360 1853 ς
3393 1787 3519 1857 quia
3545 1787 3682 1842 nihil
3705 1801 3808 1857 po.

500 1876 818 1932 volutentur
840 1896 852 1929 :
877 1874 966 1944 qui
995 1888 1102 1929 non
1125 1881 1331 1927 tantum
1362 1871 1495 1927 nihil
1524 1878 1783 1941 praestare
1804 1866 2101 1924 cultoribus

499 1966 617 2023 suis
640 1965 871 2036 possint,
888 1965 1143 2034 quoniam
1160 1978 1339 2018 rerum
1361 1970 1599 2032 potestas
1626 1976 1792 2031 penes
1812 1975 1972 2014 unum
1994 1968 2100 2025 est,

509 2071 702 2114 verum
750 2057 911 2113 etiam
962 2056 1255 2111 mortiferis
1302 2070 1397 2111 eos
1428 2054 1702 2110 illecebris
1729 2060 1783 2109 et
1826 2050 2104 2108 erroribus

501 2148 766 2220 perdant;
821 2147 1075 2219 quoniam
1108 2148 1210 2202 hoc
1242 2147 1347 2202 illis
1374 2146 1746 2218 quotidianum
1805 2145 1876 2200 sit
1913 2158 2051 2214 opus
2072 2184 2089 2210 ,

505 2242 764 2298 tenebras
793 2239 1106 2295 hominibus
1133 2238 1437 2304 obducere,
1473 2252 1540 2293 ne
1587 2245 1860 2309 qumratur
1889 2235 1957 2290 ab
1996 2235 2101 2289 illis

504 2348 670 2388 verus
699 2332 865 2387 Deus.
899 2330 1017 2385 Non
1051 2330 1211 2402 igitur
1231 2329 1441 2386 colendi
1470 2339 1616 2397 sunt,
1648 2329 1774 2400 quia
1822 2327 2103 2383 sententia:

503 2422 603 2478 Dei
621 2421 918 2489 subjacent.
941 2422 1191 2478 Estenim
1218 2422 1483 2492 piaculum
1498 2421 1822 2484 maximum,
1847 2418 2103 2475 addicere

514 2532 577 2573 se
606 2516 853 2586 potestati
882 2532 1091 2582 eorum,
1120 2516 1334 2588 quibus,
1366 2517 1410 2570 si
1432 2515 1693 2585 justitiam
1724 2527 1973 2584 sequare,
2003 2527 2098 2582 po-

518 2609 724 2665 tentior
740 2624 862 2664 esse
886 2610 1080 2680 possis,
1115 2620 1166 2664 et
1192 2625 1285 2665 eos
1311 2609 1649 2678 adjuratione
1676 2606 1843 2663 divini
1873 2605 2104 2661 nominis

511 2701 807 2772 expellere,
830 2716 895 2757 ac
924 2701 1130 2773 fugare.
1164 2702 1315 2771 Quod
1334 2703 1377 2757 si
1397 2712 1638 2773 apparet,
1669 2700 1955 2770 religiones
1974 2698 2103 2755 istas

516 2801 602 2848 tot
626 2792 801 2848 modis
831 2808 953 2850 esse
996 2809 1182 2862 vanas,
1212 2794 1406 2865 quibus
1426 2793 1621 2867 docui,
1649 2793 1991 2849 manifestum
2019 2801 2102 2848 est

2206 1883 2311 1931 test
2337 1875 2563 1933 homine
2588 1878 2765 1949 majus
2792 1891 2936 1945 esse,
2968 1877 3072 1934 nisi
3127 1876 3271 1949 quod
3299 1876 3463 1935 fuerit
3516 1892 3679 1949 supra
3704 1878 3806 1935 ho-

2209 1967 2409 2023 minem
2437 1984 2452 2033 ;
2483 1968 2625 2024 Deus
2649 1977 2828 2025 autem
2851 1969 3025 2040 major
3049 1978 3133 2025 est
3158 1969 3377 2027 homine
3410 1988 3427 2037 ;
3459 1984 3621 2043 supra
3648 1987 3800 2042 ergo,

2209 2074 2317 2115 non
2357 2058 2494 2116 inira
2523 2071 2627 2125 est,
2658 2076 2759 2117 nec
2810 2061 2865 2116 in
2910 2060 3018 2117 ima
3045 2062 3247 2133 potius,
3275 2062 3372 2118 sed
3404 2062 3459 2119 in
3484 2076 3691 2119 summa
3718 2078 3813 2120 re-

2208 2151 2371 2223 gione
2398 2151 2722 2223 quaerendus
2745 2161 2850 2208 est.
2906 2151 3089 2220 Quare
3126 2168 3234 2208 non
3278 2162 3364 2210 est
3407 2152 3631 2209 dubium
3679 2154 3811 2223 quin

2208 2243 2403 2314 religio
2445 2242 2590 2297 nulla
2629 2243 2721 2309 sit,
2763 2242 3089 2314 ubicumque
3124 2243 3481 2300 simulacrum
3522 2254 3628 2300 est.
3674 2243 3813 2302 Nam

2210 2336 2256 2391 si
2282 2334 2472 2405 religio
2493 2349 2559 2389 ex
2591 2333 2788 2391 divinis
2819 2335 2984 2391 rebus
3013 2344 3117 2402 est,
3146 2335 3314 2392 divini
3340 2344 3523 2393 autem
3550 2335 3682 2391 nihil
3704 2345 3809 2406 est,

2210 2426 2314 2481 nisi
2357 2426 2410 2480 in
2437 2425 2752 2481 coelestibus
2787 2426 2947 2481 rebus
2978 2442 2994 2493 ;
3023 2435 3210 2482 carent
3259 2443 3392 2499 ergo
3437 2428 3704 2499 religione
3739 2429 3816 2485 si-

2209 2517 2469 2583 mulacra,
2500 2518 2626 2586 quia
2649 2517 2780 2572 nihil
2808 2527 2983 2588 potest
3011 2533 3135 2574 esse
3161 2519 3385 2576 caeleste
3412 2520 3467 2575 in
3498 2535 3561 2575 ea
3587 2536 3668 2586 re,
3689 2536 3817 2592 quae

2211 2607 2272 2663 lit
2299 2622 2364 2663 ex
2391 2617 2555 2663 terra.
2588 2607 2743 2676 Quod
2767 2608 2986 2679 quidem
3025 2609 3096 2665 de
3133 2610 3352 2666 nomine
3402 2607 3522 2682 ipso
3548 2626 3819 2682 apparere

2209 2699 2439 2771 sapienti
2466 2708 2663 2769 potest.
2694 2699 2965 2771 Quidquid
2997 2701 3144 2756 enim
3190 2702 3490 2769 simulatur,
3530 2703 3581 2758 id
3622 2703 3819 2760 falsum

2210 2792 2281 2848 sit
2303 2806 2527 2849 necesse
2567 2800 2691 2859 est;
2719 2806 2822 2848 nec
2850 2801 3028 2865 potest
3078 2809 3311 2867 unquam
3344 2795 3457 2852 veri
3488 2811 3687 2855 nomen
3711 2812 3816 2854 ac-

1802 2930 2164 2989 VARIORUM
2198 2929 2429 2988 NOTAE.

586 3075 778 3130 Altero.
831 3074 957 3130 Haec
1004 3074 1166 3128 lectio
1197 3073 1231 3128 5
1261 3073 1531 3128 editorum
1572 3080 1629 3127 et
1671 3070 1924 3142 omnium
1962 3084 2095 3142 mss.
2128 3079 2173 3142 ρ
2206 3069 2346 3142 sicut
2368 3067 2777 3142 pauloinl‘erius
2799 3068 3025 3142 verbum
3059 3068 3422 3142 mancipaudi.
3450 3070 3582 3127 Nam
3610 3071 3825 3131 addicti

514 3156 619 3210 est,
653 3161 879 3216 quorum
930 3146 1169 3215 quinque
1212 3158 1497 3216 perperam
1524 3142 1732 3216 addunt
1777 3140 2099 3216 vocabulum

513 3211 688 3282 modo,
719 3217 859 3286 quod
886 3211 994 3281 jam
1029 3211 1325 3285 praecessit.
1370 3215 1562 3269 Cteteri
1617 3213 1867 3281 impressi
1902 3211 2106 3266 habent

513 3286 699 3349 altera,
729 3298 781 3340 et
810 3287 944 3341 intra
975 3288 1145 3351 tertia,
1163 3302 1259 3356 pro
1282 3287 1447 3347 tertio.
1473 3286 1612 3355 quod
1642 3293 1822 3340 cunct.
1844 3291 2100 3356 mss._est.

587 3357 907 3412 lnanissimi.
939 3357 1055 3413 N0u
1085 3354 1241 3428 aliter
1269 3354 1528 3428 legiturin
1560 3371 1690 3410 mss.
1716 3357 1824 3428 fere
1849 3354 2102 3428 omnibus

511 3439 570 3486 et
597 3430 647 3484 in
678 3429 862 3483 decem
894 3430 1075 3485 editis.
1104 3430 1129 3484 1
1161 3426 1509 3483 (Σοιιιίιιίιὺθι
1554 3427 1895 3480 inmanissimi
1926 3468 1940 3490 ,
1984 3438 2104 3479 cor-

514 3510 706 3571 rupte;
743 3511 791 3554 et
818 3502 841 3554 1
881 3499 1035 3555 Colb.
1062 3516 1182 3555 cum
1215 3514 1309 3554 sex
1348 3499 1645 3571 impressis,
1676 3497 1957 3571 vanissimi.

590 3569 690 3636 οιιί
714 3588 889 3625 sumus
923 3574 1036 3625 ideo
1066 3572 1272 3626 exeunti
1311 3586 1374 3624 ea:
1402 3587 1479 3623 ea.
1523 3569 1599 3624 Ita
1648 3570 1817 3624 codex
1851 3569 2104 3637 antiquus

514 3641 880 3698 Bononiensis
903 3652 958 3696 et
987 3652 1096 3698 tres
1116 3641 1386 3705 Vaticani;
1408 3640 1548 3710 quod
1577 3655 1797 3695 sensum
1819 3638 1989 3695 efﬁcit
2017 3654 2104 3694 ra-

517 3714 655 3770 tioni
679 3716 849 3781 magis
866 3724 1313 3777 consentaneum,
1344 3713 1420 3765 ait
1448 3711 1794 3766 'l‘hotnasius.

590 3783 676 3838 Ea:
719 3801 800 3849 ea,
848 3794 1134 3853 statumque
1176 3783 1463 3836 sublimem.
1523 3783 1595 3835 Ita
1639 3781 1891 3847 emendo,
1933 3781 2107 3853 et_§ic

513 3851 1118 3925 prml'erttntveterritni
1150 3867 1303 3925 mss,
1338 3854 1362 3925 1
1401 3853 1632 3925 Bonon.,
1657 3854 1691 3908 5
1716 3853 1897 3925 1ης..
1939 3851 1973 3905 ’5
2003 3851 2106 3925 Vu-

515 3922 638 3986 iic..
669 3926 703 3980 5
725 3923 902 3983 Colb..
936 3923 1100 3990 Ultr.,
1128 3924 1287 3985 Tax.,
1339 3923 1510 3992 Lips.,
1542 3924 1688 3989 Etn.,
1712 3924 1900 3981 Brun..
1935 3933 1989 3976 et
2016 3922 2104 3976 ed.

514 3996 711 4058 Torn.,
742 3995 1015 4050 Soubron.
1041 3994 1098 4049 lu
1130 3996 1155 4051 1
1195 3996 1439 4049 Clarum.
1462 4006 1515 4049 et
1536 3994 1815 4059 impressis
1836 3992 2103 4059 Florent.,

516 4065 738 4138 Spark.,
770 4064 1005 4127 W:tlclt.,
1048 4077 1095 4121 et
1126 4083 1206 4138 ex,
1245 4083 1303 4119 ea
1330 4075 1518 4119 statum
1547 4065 1927 4138 sublimem.;_itt
1972 4064 2105 4120 edit.

515 4136 615 4205 Is},
649 4155 711 4192 ex
730 4154 887 4207 eaque
912 4148 1098 4192 statum
1126 4137 1416 4203 sublimem,
1444 4136 1702 4207 mendose
1729 4136 1948 4207 omnino
1973 4151 1984 4187 :
2008 4151 2107 4191 nec

515 4210 715 4265 melius
745 4205 893 4278 legas
920 4210 970 4263 in
1000 4225 1131 4264 m~s.
1162 4208 1198 4263 2
1219 4209 1291 4263 al.
1323 4209 1454 4279 Reg.
1489 4224 1625 4274 rec.,
1670 4206 1864 4279 Cane,
1896 4205 2018 4261 Jun.
2054 4215 2109 4261 et

515 4282 573 4338 in
602 4281 734 4336 edit.
772 4277 928 4334 Rom.
965 4280 1104 4336 1470
1134 4292 1185 4334 et
1209 4280 1328 4333 aliis
1354 4277 1609 4349 quinque.
1631 4279 1685 4332 In
1716 4280 1735 4332 1
1766 4277 2029 4339 Clar0tn.,
2052 4285 2108 4331 ut

515 4369 584 4407 ea:
610 4368 690 4415 eo,
721 4353 886 4418 male;
919 4352 982 4405 ad
1011 4352 1138 4421 quid
1170 4351 1309 4404 enim
1344 4349 1574 4403 refertur
1604 4366 1667 4405 ex
1709 4349 1811 4403 eo?
1839 4363 2012 4415 neque
2039 4363 2106 4402 ex

514 4432 661 4478 terra
690 4423 929 4487 excitati,
976 4438 1040 4477 ea:
1066 4439 1127 4476 ea
1154 4433 1344 4476 statum
1384 4422 1651 4474 sublimem
1680 4421 2004 4487 accepimus.
2036 4448 2108 4459 -—

2208 3138 2528 3211 dicebantur
2555 3139 2780 3195 obarrati
2798 3148 2853 3195 et
2880 3140 3025 3209 nexi,
3057 3141 3147 3211 qui
3179 3138 3255 3195 ob
3277 3156 3353 3196 ms
3375 3142 3609 3197 alienum
3637 3145 3830 3200 credi-

2209 3210 2423 3265 toribus
2490 3210 2543 3265 in
2602 3213 2985 3280 temporariam
3061 3210 3378 3266 servitutem
3435 3213 3825 3273 tradebantur.

2207 3280 2342 3335 Nam
2363 3282 2454 3353 qui
2483 3293 2890 3351 peceat.servus
2915 3289 2998 3338 est
3015 3283 3238 3353 peccati,
3258 3283 3413 3352 juxta
3437 3282 3684 3340 Paulum.
3705 3286 3830 3342 0h—

2208 3367 2390 3427 serva,
2425 3353 2569 3427 quod
2599 3354 2876 3427 religionis
2917 3371 3112 3427 nomen
3138 3370 3234 3427 pro
3262 3369 3329 3409 eo
3359 3368 3616 3427 usurpat.
3663 3361 3819 3427 quod

2209 3421 2522 3499 Grgeeisest
2548 3423 2942 3499 δεισιδαιμονία.
2974 3425 3025 3480 in
3062 3421 3256 3499 malam
3284 3421 3537 3499 nimirum
3565 3421 3773 3496 partem
3807 3449 3825 3486 :

2210 3495 2305 3550 sed
2341 3495 2393 3550 id
2421 3496 2534 3551 lere
2562 3496 2614 3550 in
2652 3495 2843 3560 plurali
2865 3511 3096 3552 numero
3123 3496 3406 3552 duntaxat.
3442 3495 3774 3556 BBTULEIUS.

2282 3565 2571 3638 Justitiam.
2608 3566 2661 3621 ld
2690 3577 2793 3633 est,
2823 3582 3006 3622 veram
3037 3568 3381 3638 religionem.

2296 3636 2623 3692 i'iolaverint.
2656 3638 2745 3694 Sic
2769 3640 3071 3709 reperimus
3101 3636 3163 3692 in
3183 3640 3572 3696 vetusrioribus
3599 3651 3657 3697 et
3695 3656 3832 3698 me-

2208 3707 2438 3762 lioribus
2486 3707 2885 3776 manuscripti‘s,
2938 3708 3243 3766 faventibus
3291 3724 3386 3765 sex
3433 3713 3584 3777 aliis.
3632 3721 3689 3767 et
3715 3714 3825 3769 ed.

2210 3778 2370 3852 ijom.
2405 3778 2543 3835 1468
2574 3789 2632 3852 et_
2653 3780 2818 3852 1470,
2849 3780 2901 3835 ἱη
2939 3781 3132 3850 quibus
3178 3792 3262 3837 est
3309 3784 3662 3852 violaverunt;
3696 3783 3753 3839 in
3792 3786 3824 3842 1

2209 3847 2362 3904 Colb.
2394 3865 2503 3905 rec.
2536 3859 2590 3904 et
2612 3850 2680 3904 12
2705 3847 3010 3920 impressis,
3041 3853 3374 3907 violaverunt.

2282 3920 2694 3997 sacramentum.
2741 3922 2865 3977 llzec
2892 3924 3076 3997 voxiu
3126 3923 3409 3979 Lactantio
3438 3940 3584 3997 saepe
3616 3928 3688 3981 ita
3719 3940 3835 3983 oc—

2209 3992 2395 4065 currit,
2431 4002 2487 4065 ut
2507 3992 2772 4063 signiticet
2799 3996 3138 4065 mysterium,
3159 4010 3222 4050 ac
3249 3992 3676 4053 reconditionem
3708 3999 3829 4055 ali-

2210 4061 2363 4131 cujus
2385 4064 2461 4119 rei
2490 4061 2964 4131 signiﬁcationem.

2283 4132 2405 4200 Ipse
2425 4152 2478 4189 se
2498 4132 2568 4211 Aab
2595 4136 2749 4211 Immo
2769 4136 2999 4211 suscitet.
3031 4135 3164 4211 Illud
3186 4153 3254 4211 se
3299 4137 3351 4192 in
3377 4139 3648 4195 nonnullis
3676 4139 3828 4211 imp.

2210 4203 2359 4275 deest
2382 4223 2395 4260 :
2417 4206 2511 4259 sed
2554 4206 2875 4275 exprimitur
2898 4207 2950 4260 in
2993 4208 3229 4261 melioris
3264 4218 3408 4264 notae
3436 4226 3563 4265 mss.
3595 4219 3648 4265 et
3676 4203 3828 4269 edit.

2284 4273 2401 4351 Nec,
2426 4277 2478 4330 in
2509 4275 2613 4330 ima
2627 4273 2828 4351 potius,
2864 4278 2953 4332 sed
2975 4277 3029 4332 in
3055 4295 3254 4332 summa
3278 4280 3483 4351 regione
3509 4287 3836 4350 quan-cndu;

2208 4355 2301 4402 est.
2349 4347 2437 4402 Sic
2488 4348 2895 4402 emendavimus
2926 4365 2989 4402 ex
3023 4351 3274 4404 omnibus
3304 4347 3440 4419 pene
3469 4347 3596 4408 mss.
3628 4366 3681 4409 et
3707 4356 3833 4410 im-

2215 4419 2413 4508 pressis
2443 4437 2455 4473 :
2479 4419 2616 4508 uirile
2632 4430 2813 4508 autem
2839 4420 2940 4508 in‘5
2960 4419 3092 4508 Reg:
3110 4430 3164 4475 et
3188 4422 3404 4508 totidem
3434 4426 3832 4508 rec.led.._leg.,

520 4493 748 4548 Excitati
778 4509 841 4547 ea:
876 4508 958 4551 ea.
1005 4503 1307 4559 statumque.
1355 4495 1608 4563 Attamen
1644 4502 1699 4543 ut
1726 4490 2109 4563 hiceatcitatum
2134 4487 2189 4547 D
2216 4490 2483 4563 religione.
2514 4488 2649 4544 Nunt
2668 4490 2872 4563 rectius
2895 4487 3197 4561 legeretur,
3231 4501 3291 4547 ut
3318 4494 3514 4563 placuit
3552 4487 3831 4562 Cellzirio;

519 4580 585 4620 ea:
617 4580 673 4617 ea
698 4562 912 4635 (terra),
937 4566 1023 4635 _sic
1054 4564 1089 4616 Ι.
1120 4580 1177 4629 ιι,
1212 4578 1332 4631 cap.
1374 4564 1421 4627 Ι,
1458 4561 1727 4635 Ife/tumo
1754 4561 2110 4635 subleuatum;

518 4636 558 4690 l.
590 4649 685 4695 vn,
708 4631 766 4687 Vc.
795 4631 955 4700 9,Ἁὸ
978 4635 1131 4687 humo
1161 4635 1466 4699 excitatum;
1495 4633 1625 4688 ibid.
1657 4648 1709 4687 c.
1739 4635 1790 4700 6,
1826 4631 2112 4685 Allcvatum

521 4705 830 4761 exitumo...
864 4706 1109 4759 excitasse
1129 4705 1283 4759 dixit.
1319 4704 1449 4759 BUN.

596 4774 864 4829 Prmter...
888 4776 1193 4830 animantes.
1227 4774 1283 4830 ld
1310 4786 1411 4838 cst,
1446 4790 1553 4844 pne
1582 4774 1797 4828 ctetetis
1822 4771 2113 4844 animanti-

522 4847 651 4915 bus.
681 4845 798 4901 Vid.
822 4847 858 4900 l.
878 4862 916 4912 ι,
943 4847 1130 4914 cap.7.
1152 4846 1265 4901 Huc
1281 4840 1510 4915 pertinet
1528 4845 1596 4900 de
1621 4845 1702 4900 ira
1727 4858 1851 4915 cap.
1869 4840 2113 4898 14.8w.

598 4914 713 4971 Nec
764 4920 900 4971 hunc
944 4913 1215 4973 cretestem.
1252 4913 1461 4987 Sequor
1512 4924 1727 4987 veteres
1756 4913 2037 4987 editiones
2060 4922 2120 4987 et

522 5001 715 5044 omnes
740 4987 854 5045 fere
880 5004 1011 5045 mss.
1036 4989 1106 5046 At
1136 4990 1331 5061 legitur
1346 4985 1429 5056 ne,
1455 4990 1506 5044 in
1529 4990 1560 5044 tl
1581 4986 1797 5057 scriptis
1824 5000 1934 5041 rec.
1969 4997 2023 5040 et
2052 4985 2117 5041 12

518 5062 771 5125 vulgatis.

600 5128 891 5197 Nisisolius
904 5132 1138 5202 arti/iris.
1159 5131 1256 5188 Ms.
1276 5129 1440 5186 Cauc.
1453 5140 1507 5186 et
1524 5130 1592 5202 10
1606 5129 1907 5202 impressis,
1926 5128 2114 5202 solum,

524 5213 812 5273 corrupte;
842 5204 968 5273 quid
996 5198 1138 5260 cnim
1170 5204 1268 5258 sibi
1300 5202 1414 5257 vult
1454 5200 1622 5273 solum
1650 5201 1853 5273 unicum
1872 5215 2070 5273 numen
2092 5198 2118 5252 ?

604 5270 824 5329 Unicum
853 5270 1057 5330 numen.
1098 5275 1225 5331 Mss.
1254 5274 1325 5330 26
1352 5283 1404 5330 et
1425 5272 1513 5329 ed.
1561 5272 1717 5327 Rom.
1751 5271 1890 5327 1470
1919 5270 2119 5325 habent

518 5361 727 5402 nomen.

596 5416 863 5486 Rigidum.
882 5417 936 5473 Id
957 5427 1059 5483 est,
1081 5417 1483 5473 erectum.Vide
1494 5431 1612 5487 cap.
1630 5428 1743 5485 seq.
1767 5411 1909 5467 circa
1931 5411 2111 5469 tinent.

599 5487 967 5551 Quotidianum
1010 5499 1075 5543 sit
1101 5506 1249 5555 opus.
1281 5505 1410 5545 mss.
1443 5498 1547 5554 est,
1592 5495 1788 5558 praeter
1833 5499 1995 5538 unum
2032 5498 2117 5538 re-

527 5560 861 5630 (acutiorem;
891 5570 993 5619 est.
1023 5561 1161 5630 typis
1187 5560 1384 5630 vulgat.

597 5627 855 5682 Tenebras
909 5625 1194 5684 hominibus
1245 5625 1511 5684 obducere.
1563 5630 1699 5685 Hinc
1726 5627 1893 5682 Tnur.
1944 5625 2110 5695 Epit.,

526 5699 1022 5772 c.28,obduxerunt
1048 5701 1270 5755 humano
1295 5702 1471 5772 generi
1501 5700 1751 5756 tenebras.
1770 5697 1981 5772 Cicero,
2010 5697 2043 5751 Ι.
2062 5712 2113 5751 ιν

521 5771 691 5828 Acad.
717 5778 771 5839 o‘,
804 5772 1051 5828 obducere
1080 5769 1310 5827 tenebras
1336 5774 1483 5827 rebus
1507 5772 1828 5827 clarissimis.
1866 5769 2001 5825 BUN.

526 5902 534 5913 ,
598 5845 846 5901 Atldicere
873 5863 949 5901 se.
993 5844 1228 5916 Usurpnt
1265 5846 1492 5902 verbum
1518 5843 1641 5916 jure
1686 5841 2063 5902 consultorum
2091 5881 2107 5908 ,

2221 4559 2334 4615 Nec
2362 4563 2414 4614 in
2439 4562 2563 4628 ima,
2587 4562 2676 4616 sed
2695 4562 2864 4630 potius
2894 4559 3196 4627 insumma,
3217 4559 3409 4619 eth—
3434 4559 3834 4624 Heumannnsi

2221 4631 2418 4713 Probo,
2441 4632 2628 4713 inquit,
2646 4632 2853 4713 codicis
2862 4648 2891 4687 a
2915 4630 3364 4713 Cellarioﬁlaudati
3381 4637 3520 4707 (scil.
3537 4637 3767 4713 Emman
3780 4641 3836 4713 .)

2216 4704 2717 4777 scripturam,_ima,
2764 4707 2853 4777 sed
2907 4705 3096 4773 potius.
3130 4704 3429 4777 ,Probarem
3459 4720 3512 4762 et
3540 4708 3677 4777 ipse,
3709 4704 3839 4768 nisi

2217 4776 2529 4844 cogitarem,
2577 4772 3095 4847 Lactantiumsaepe
3126 4776 3255 4831 illud
3288 4778 3457 4847 potius
3502 4772 3689 4835 contra
3721 4797 3836 4838 re-

2217 4853 2430 4916 ceptum
2463 4859 2691 4916 _morem
2744 4845 2819 4900 illi
2850 4846 2939 4900 sed
2970 4845 3312 4916 prtemittere.
3359 4848 3509 4904 Unde
3538 4850 3706 4905 tutius
3730 4861 3834 4910 tot

2221 4928 2351 4969 mss.
2379 4914 2432 4969 in
2461 4913 2544 4986 his
2565 4913 2823 4986 Reimm.,
2846 4913 2993 4986 Lips.
3025 4926 3078 4971 et
3103 4916 3290 4978 60th..
3322 4929 3377 4975 et
3401 4919 3668 4976 editiones
3694 4939 3841 4978 om-

2220 4999 2320 5041 nes
2366 4984 2701 5060 sequi‘._\lide
2753 5003 2873 5057 qua:
2899 4984 3052 5060 i'noto
3090 4988 3155 5042 ad
3208 4988 3364 5055 infra,
3397 5007 3572 5047 non...
3605 4994 3840 5060 potissi-

2220 5072 2426 5133 mum...
2460 5056 2549 5111 sed
2572 5057 2658 5133 ;-Ιἶ
2689 5056 2838 5121 νιίε.
2887 5057 2976 5133 12,
3010 5060 3309 5133 aerumnae
3350 5062 3438 5116 ille
3486 5056 3616 5117 uou'
3637 5067 3841 5133 potius

2219 5127 2486 5207 incaute...
2514 5128 2604 5182 sed
2640 5130 2932 5207 ignorantia
2959 5130 3081 5185 veri.
3129 5130 3281 5199 lbid.,
3316 5146 3367 5187 c.
3399 5134 3490 5201 16,
3522 5127 3681 5189 necf"
3707 5153 3833 5207 po-

2221 5198 2489 5253 tissimum.
2502 5236 2538 5252 ..
2570 5198 2678 5254 sed.
2719 5200 2853 5255 BUN.

2294 5268 2359 5322 In
2383 5286 2445 5324 ea
2499 5286 2572 5325 re.
2606 5271 2659 5324 In
2685 5272 2709 5325 1
2737 5272 2974 5328 Claram.
3002 5273 3159 5340 quod,
3198 5272 3457 5331 mendose
3484 5289 3499 5339 ;
3553 5275 3606 5329 in
3637 5274 3841 5335 altero

2219 5338 2455 5418 plarom.
2485 5341 2671 5418 3_Beg.
2697 5357 2832 5418 rec.,
2853 5338 3110 5418 _2ucolb.,
3146 5344 3171 5399 1
3206 5343 3459 5418 Tornes.,
3486 5338 3513 5401 1
3546 5345 3838 5418 Sorbon.,

2219 5410 2367 5485 Lips.
2391 5422 2446 5467 et
2470 5412 2597 5468 edit.
2623 5413 2781 5468 Rom.
2807 5414 2964 5478 1468,
2987 5414 3041 5468 in
3060 5430 3162 5469 tere
3185 5417 3340 5485 quod.

2294 5482 2444 5551 Quod
2468 5485 2670 5559 quidem
2692 5486 2759 5559 de
2775 5486 3105 5559 noutiuejpso
3127 5482 3374 5559 apparere
3387 5488 3607 5558 sapienti
3620 5498 3839 5559 potest-

2218 5552 2346 5632 _Htec
2373 5552 2491 5632 (μιᾳέ
2523 5556 2717 5610 desunt
2748 5557 2798 5610 in
2826 5572 2928 5632 ms.
2972 5552 3299 5632 Bpnoniensi
3339 5552 3591 5632 antiquo,
3620 5552 3844 5621 exuunt

2217 5628 2273 5700 iit
2300 5628 2550 5700 omnibus
2578 5643 2706 5681 mss.
2731 5636 2785 5682 et
2804 5627 2983 5691 editis.
3010 5628 3305 5700 'l‘hysianu,
3337 5627 3726 5696 Thomasiauo.
3772 5649 3846 5694 et

2215 5694 2641 5777 Cantabrigieusi
2672 5702 2941 5777 exceptis,
2966 5694 3235 5771 inquibus
3262 5702 3404 5758 male
3427 5704 3625 5760 omissa
3650 5694 3837 5777 sunt,

2215 5768 2338 5841 quia
2367 5785 2453 5824 res
2482 5768 2534 5825 et
2555 5784 2744 5826 sensus
2768 5768 3055 5840 postulant.

2290 5839 2619 5912 Quidquid...
2645 5839 2929 5900 simulatur.
2955 5845 3093 5914 Apte
3116 5842 3410 5915 iuvenalis,
3439 5856 3541 5906 sat.
3564 5863 3633 5917 νι,
3651 5846 3788 5906 524
3826 5870 3843 5909 :
