4174 6200
382 286 487 348 3ιό

1590 290 1932 352 ANALYSIS
1957 293 2138 351 LIBRI
2179 295 2438 354 TERTII.

3580 301 3690 362 διδ

379 407 582 478 cipere,
607 406 750 478 quod
779 409 1058 466 veritatem
1107 409 1230 467 fuco
1268 417 1326 467 et
1365 411 1661 467 imitatione
1694 411 1970 467 mentitur.
2003 411 2058 472 A
2080 415 2313 484 suscepti
2359 417 2539 486 operis
2589 416 2798 487 portio;
2828 425 2882 473 et
2914 415 3195 488 majestate
3247 416 3455 474 caelesti
3488 433 3688 491 sugge-

379 500 437 555 Si
465 509 645 555 autem
685 502 863 557 omnis
895 501 1145 569 imitatio,
1174 518 1279 559 non
1311 518 1400 558 res
1445 504 1785 574 potissimum
1817 504 1980 570 seria,

380 592 478 647 sed
510 593 662 664 quasi
690 592 848 648 ludus
886 609 948 648 ac
991 594 1148 664 jocus
1175 603 1276 662 cst,
1304 611 1412 650 non
1459 596 1648 667 religio
1681 597 1730 649 in
1756 595 1982 651 simula-

378 687 511 751 cris,
539 685 636 742 sed
661 688 860 742 mimus
899 688 1174 758 religionis
1203 699 1305 744 est.
1338 689 1742 745 Praeferendum
1772 699 1853 745 est
1883 689 1982 758 igi-

381 786 469 833 tur
499 793 694 833 verum
734 781 985 835 omnibus
1015 779 1200 840 falsis:
1239 782 1492 838 calcanda
1519 791 1755 849 terrena,
1785 793 1842 838 ut
1867 797 1979 838 coe-

373 867 533 925 lestia
563 885 982 942 consequamur.
1025 871 1101 926 Ita
1129 873 1272 928 enim
1322 889 1413 929 res
1446 889 1506 929 se
1539 875 1720 941 habet,
1751 883 1809 930 ut
1835 875 1985 945 quis-

374 963 500 1033 quis
548 963 786 1018 animam
824 979 976 1020 suam
1005 1006 1020 1030 ,
1070 965 1226 1034 cujus
1255 966 1406 1037 origo
1455 966 1524 1022 de
1585 967 1726 1023 coelo
1775 976 1880 1033 est,
1914 967 1982 1023 ad

376 1053 593 1110 inferna
645 1066 699 1111 et
756 1055 861 1110 ima
909 1057 1286 1127 prostraverit,
1325 1073 1391 1112 eo
1421 1057 1580 1114 cadat
1619 1073 1723 1128 quo
1754 1075 1814 1114 se
1863 1062 1980 1130 ipse

381 1145 670 1216 dejecerit.
692 1146 927 1218 Ideoque
954 1157 1168 1218 oportet
1193 1150 1436 1216 rationis,
1461 1165 1524 1205 ac
1552 1159 1724 1206 status
1755 1151 1836 1206 sui
1867 1165 1982 1207 me-

373 1253 611 1305 morem,
642 1254 747 1294 non
778 1240 879 1294 nisi
908 1240 974 1294 ad
999 1256 1231 1312 superna
1263 1243 1358 1297 niti
1381 1258 1616 1313 semper,
1649 1258 1711 1299 ac
1739 1245 1980 1300 tendere.

373 1329 532 1398 Quod
589 1335 678 1402 qni
735 1331 915 1387 fecerit
952 1376 966 1400 ,
1007 1333 1096 1388 hic
1150 1334 1305 1404 plane
1354 1337 1610 1405 sapiens,
1662 1335 1750 1391 hic
1785 1337 1983 1406 justus,

373 1422 466 1477 hic
493 1424 674 1488 homo,
697 1423 783 1478 hic
802 1424 1033 1495 denique
1059 1428 1200 1482 cmlo
1225 1427 1421 1498 dignus
1438 1429 1767 1498 judicabitur
1787 1447 1802 1489 :
1823 1447 1985 1502 quem

375 1529 514 1569 suns
545 1531 740 1585 parens
769 1533 874 1572 non
907 1517 1188 1587 humilem,
1221 1536 1322 1576 nec
1349 1523 1415 1576 ad
1448 1531 1646 1578 terram
1674 1538 1826 1580 more
1852 1539 1985 1595 qna-

374 1607 680 1677 drupedum
709 1609 998 1680 abjectum,
1019 1611 1115 1666 sed
1153 1622 1386 1669 stantem
1421 1615 1621 1684 potius,
1649 1630 1713 1671 ac
1743 1625 1978 1686 rectum,

376 1698 516 1754 sicut
536 1714 662 1755 eum
690 1699 839 1769 fecit,
864 1703 1171 1774 agnoverit.

989 1838 1218 1897 CAPUT
1257 1841 1376 1898 XX.

741 1958 820 2016 De
850 1960 1193 2032 philosOphis,
1217 1967 1376 2036 deque
1399 1969 1625 2023 veritate.

454 2079 681 2136 Peracta
741 2090 826 2138 est
871 2081 1032 2153 igitur
1072 2084 1148 2157 (ni
1197 2085 1375 2156 fallor)
1422 2103 1614 2159 magna
1653 2099 1706 2145 et
1744 2089 1976 2148 difﬁcilis

2017 1881 2066 1939 B

2087 516 2241 562 rente
2272 509 2428 564 nobis
2477 509 2691 564 dicendi
2724 508 3056 577 facultatem,
3101 509 3432 566 inveteratas
3473 511 3686 582 depuli-

2088 616 2207 655 mus
2237 616 2476 658 errores.
2506 603 2658 658 Nunc
2708 619 2838 657 vero
2889 603 3061 673 major
3091 603 3270 669 nobis,
3315 619 3379 659 ac
3415 604 3691 662 difﬁcilior

2087 713 2207 754 cum
2256 700 2589 772 philosophis
2648 703 2921 773 proposita
2976 703 3196 759 luctatio
3237 711 3322 758 est
3378 719 3391 755 :
3449 716 3682 772 quorum

2087 806 2297 848 summa
2325 795 2568 852 doctrina
2612 805 2667 852 et
2715 797 3046 868 eloquentia,
3107 796 3264 868 quasi
3313 795 3484 852 moles
3512 795 3686 866 aliqua

2087 887 2220 943 mihi
2247 890 2557 959 opponitur.
2591 891 2722 946 Nam
2754 904 2812 946 ut
2860 892 2972 947 illic
3020 891 3097 964 (id
3123 900 3217 959 εει,
3258 893 3312 944 in
3361 888 3599 946 secundo
3625 889 3688 944 li-

2087 979 2212 1052 bro)
2258 982 2626 1051 multitudine,
2676 1000 2740 1040 ac
2774 998 2942 1056 prope
2993 997 3263 1038 consensu
3293 982 3533 1037 omnium
3555 995 3689 1052 gen-

2089 1075 2221 1130 tium
2245 1076 2660 1145 premebamur;
2695 1079 2766 1132 ita
2810 1077 2899 1132 hic
2949 1077 3268 1133 auctoritate
3319 1076 3687 1148 praestantium

2089 1169 2235 1223 omni
2264 1171 2656 1239 generelaudis
2679 1171 2936 1225 virorum.
2961 1171 3094 1238 Quis
3121 1179 3300 1225 autem
3323 1170 3547 1232 nesciat,
3569 1167 3688 1238 plus

2091 1275 2212 1315 esse
2241 1263 2499 1316 momenti
2531 1264 2584 1317 in
2617 1263 2962 1332 paucioribus
3006 1262 3206 1328 doctis,
3237 1278 3397 1332 quam
3428 1262 3479 1316 in
3512 1260 3686 1331 pluri-

2090 1353 2192 1408 bus
2229 1353 2493 1423 imperitis
2518 1355 2541 1408 ?
2571 1354 2676 1410 Sed
2706 1369 2810 1409 non
2843 1363 2927 1408 est
2952 1353 3373 1423 desperandum,
3400 1354 3531 1407 istos
3554 1367 3688 1423 quo-

2089 1460 2197 1515 que
2225 1445 2294 1500 de
2315 1446 2607 1512 sententia,
2639 1447 2748 1501 Deo
2774 1462 2837 1501 ac
2866 1448 3092 1501 veritate
3130 1446 3376 1512 ducibus,
3407 1459 3564 1514 posse
3589 1443 3688 1498 de-

2090 1537 2255 1608 pelli:
2290 1554 2389 1593 nec
2438 1548 2546 1593 tam
2590 1540 2892 1609 pertinaces
2933 1539 3048 1594 fore
3086 1539 3342 1604 arbitror,
3375 1547 3434 1592 ut
3457 1536 3694 1593 clarissi-

2093 1649 2241 1688 mum
2289 1633 2460 1688 solem
2491 1633 2638 1688 sanis
2669 1648 2732 1688 ac
2761 1633 3066 1703 patentibus
3094 1632 3265 1687 oculis
3296 1631 3483 1686 videre
3511 1645 3570 1686 se
3596 1645 3691 1686 ne-

2091 1735 2238 1796 gent.
2270 1724 2427 1781 Modo
2465 1725 2593 1780 illud
2621 1741 2808 1781 verum
2858 1727 2946 1788 sit,
2977 1725 3119 1796 quod
3167 1725 3268 1794 ipsi
3317 1724 3494 1778 solent
3520 1724 3688 1794 profi-

2099 1820 2222 1886 teri,
2259 1818 2438 1874 studio
2459 1819 2845 1888 investiganda:
2871 1817 3118 1874 veritatis
3145 1831 3204 1871 se
3234 1816 3430 1881 teneri,
3455 1814 3688 1870 efﬁciam

2096 1911 2359 1981 profecto,
2409 1920 2466 1966 ut
2513 1913 2794 1982 quaesitam
2855 1911 3140 1966 veritatem
3171 1908 3286 1974 diu,
3317 1916 3371 1962 et
3399 1906 3692 1976 aliquando

2085 2002 2357 2059 inventam
2402 2018 2523 2058 esse
2551 2003 2795 2070 credant,
2828 2011 2883 2058 et
2925 2001 3174 2058 humanis
3197 1999 3428 2071 ingeniis
3461 1997 3689 2054 inveniri

2087 2111 2194 2151 non
2217 2097 2462 2168 potuisse
2503 2095 2786 2150 fateantur.

1694 2204 2060 2265 VARIORUM
2102 2208 2336 2265 ΝΟΤᾸΞ.

533 2312 613 2379 Nil
638 2315 700 2363 ibi
729 2328 820 2377 per
845 2315 1012 2366 ludum
1034 2317 1343 2368 simulabitur
1369 2355 1383 2379 ,
1409 2320 1571 2368 omnia
1595 2317 1715 2369 ﬁent

534 2376 608 2425 Ad
633 2376 826 2427 verum.

386 2458 633 2543 SioCic.,
660 2461 728 2516 de
763 2462 1099 2543 A_micitia,c.
1131 2463 1223 2532 25,
1267 2464 1468 2520 Fucata
1498 2475 1548 2522 et
1588 2467 1830 2522 simulata
1883 2469 1987 2524 sin-

385 2535 507 2587 ceris
523 2543 672 2600 atque
700 2535 831 2588 veris
859 2536 1098 2602 opponit.

451 2605 525 2674 Ae
541 2606 691 2674 jocu:
722 2615 815 2658 εει.
844 2603 899 2660 Id
925 2621 990 2659 ex
1021 2605 1238 2662 Terent.
1264 2607 1314 2660 in
1341 2608 1590 2664 Eunuch.

452 2672 646 2728 Minius
671 2676 933 2746 religionis
960 2686 1052 2731 εει.
1070 2678 1219 2734 Hanc
1249 2680 1535 2735 lectionem
1563 2681 1819 2736 exhibent.
1848 2697 1978 2738 mss.

387 2753 493 2818 tres
522 2748 796 2818 veterrimi
851 2747 1012 2818 Reg,
1058 2748 1248 2813 Cauc.,
1305 2749 1456 2816 Jun.,
1503 2753 1538 2806 2
1586 2752 1979 2818 Colb.,Goth.,

382 2815 553 2890 Lips"
581 2816 744 2882 Ultr.,
778 2815 1086 2890 Pal.,Em.,
1114 2820 1395 2887 Cantalir.,
1433 2815 1454 2876 l
1488 2815 1761 2890 Clarom.,
1785 2815 1979 2888 Brum,

383 2889 415 2946 5
438 2899 543 2943 vet.
579 2889 720 2959 typis
751 2889 957 2954 excusi,
1015 2905 1076 2944 ac
1102 2892 1135 2946 3
1163 2907 1270 2946 rec.
1327 2893 1392 2946 Et
1432 2895 1571 2959 apud
1605 2889 1864 2948 Senecam
1898 2912 1985 2951 re-

384 2959 610 3030 peritur,
667 2961 702 3012 I.
730 2976 784 3035 v_,
831 2961 990 3035 epist.
1035 2978 1189 3035 xxvi.
1225 2963 1277 3016 In
1324 2964 1359 3016 2
1409 2964 1540 3035 Reg.
1580 2976 1631 3019 et
1660 2966 1694 3018 2
1722 2966 1874 3020 Coll).
1901 2978 1983 3021 est

385 3048 588 3107 munus,
624 3031 768 3107 quod
805 3047 899 3101 per
930 3033 1270 3107 librariorum
1322 3031 1659 3089 nscitaiitiam
1692 3037 1982 3107 contigisse

387 3103 500 3170 quis
529 3117 636 3156 non
666 3101 868 3168 videat,
899 3105 1195 3160 mutatione
1229 3107 1384 3159 trium
1412 3101 1977 3172 elementorum,inim

2098 2341 2148 2381 c.
2182 2325 2286 2378 25:
2321 2324 2436 2380 Una
2466 2325 2610 2379 nobis
2633 2335 2678 2379 et
2700 2341 2887 2395 magna
2931 2334 2977 2378 et
3001 2324 3262 2395 prtecipua
3287 2341 3401 2378 cum
3435 2341 3586 2380 carne
3613 2326 3694 2380 luo

2098 2399 2253 2451 elatio
2293 2407 2386 2450 est.
2420 2395 2560 2460 Cic.,
2589 2396 2657 2451 de
2699 2393 2850 2462 Fato,
2883 2412 2931 2450 c.
2983 2394 3017 2450 6
3048 2393 3390 2467 :Cltrysippe,
3446 2397 3536 2452 tibi
3576 2413 3693 2453 cum

2097 2467 2326 2522 Diodoro
2357 2486 2540 2536 magna
2571 2469 2778 2522 luctatio
2805 2478 2896 2522 est.
2924 2467 3057 2522 BUN.

2171 2540 2329 2604 Quasi
2360 2539 2535 2594 moles.
2570 2539 2882 2594 Difﬁcultas.
2907 2539 3096 2609 Virgil.
3125 2555 3140 2593 :

2221 2653 2393 2704 Tanta:
2411 2653 2556 2704 molis
2581 2659 2690 2704 erat
2713 2652 2978 2702 Romanam
3003 2651 3216 2702 condere
3241 2653 3472 2716 gentem!

2088 2779 2159 2791 -—-
2193 2750 2354 2815 Quasi
2381 2750 2608 2804 moles...
2658 2748 2784 2802 mihi
2835 2747 3131 2818 apponitur.
3164 2743 3490 2802 Observatus
3529 2753 3613 2800 est
3642 2746 3690 2801 ei

2087 2819 2278 2876 Cicero
2307 2822 2358 2875 in
2386 2819 2631 2886 Verrem,
2685 2818 2723 2872 l.
2765 2835 2818 2883 v,
2865 2817 3002 2872 urat.
3031 2817 3118 2880 10,
3144 2819 3240 2872 e.l
3277 2835 3288 2870 :
3333 2817 3496 2885 Quasi
3521 2833 3694 2871 murus

2087 2892 2295 2961 quidam
2327 2894 2442 2946 boni
2473 2907 2718 2944 nomen...
2771 2891 3064 2960 opponitur.
3093 2889 3224 2961 ΒυΝ.

2162 2964 2236 3016 Ac
2263 2980 2421 3034 prope
2447 2978 2694 3016 consensu
2721 2959 2943 3016 omnium
2963 2960 3186 3034 gentium
3210 2959 3586 3034 premebantur.
3615 2959 3691 3034 lla

2087 3034 2294 3088 restitui
2355 3030 2418 3088 ex
2468 3034 2715 3088 omnibus
2765 3047 2900 3101 pone
2942 3047 3097 3097 mss.,
3146 3033 3179 3085 8
3233 3031 3388 3100 Reg.,
3441 3030 3692 3097 Cauc.,5

2091 3103 2272 3170 C0lb.,
2307 3105 2697 3172 Lipsiensihus,
2747 3104 2782 3156 2
2829 3103 3088 3161 Sorlmn.,
3130 3101 3293 3163 Nav.,
3321 3101 3481 3168 Vict.,
3533 3102 3690 3166 Gat.,

390 3152 438 3228 in
468 3190 610 3235 mun,
665 3189 729 3228 ex
779 3152 1076 3228 litterarum
1121 3177 1361 3242 apicibus
1419 3178 1578 3231 ducta
1613 3152 1982 3233 similitudine.
2017 3152 2060 3214 (ἶ
2095 3152 2306 3242 Marum,
2349 3152 2498 3240 J'un.,
2531 3175 2623 3228 Pal
2657 3152 2697 3240 ,’
2721 3176 2864 3240 Εηι.,
2895 3175 3226 3242 Cantabrig,
3263 3152 3425 3227 Rruu.
3457 3152 3512 3227 et
3542 3152 3694 3228 vetu:

390 3244 510 3299 Mss.
538 3260 658 3320 ser,
689 3246 819 3298 edit.
853 3245 1009 3320 Rom.
1033 3245 1196 3320 “68_,
1229 3259 1282 3300 et
1309 3248 1375 3300 12
1400 3263 1507 3302 rec.
1533 3249 1658 3302 editi
1691 3251 1870 3320 legunt
1894 3252 1988 3304 mi-

395 3333 502 3376 nus,
535 3317 846 3390 sedscnsu
896 3317 1094 3390 alieno.
1150 3318 1423 3390 Qapterum
1482 3321 1666 3374 animus
1725 3317 1990 3390 religionis

395 3399 531 3442 recte
561 3387 760 3440 dicitur
782 3387 1058 3459 gentilium
1088 3388 1275 3458 religio
1298 3431 1311 3453 ,
1339 3391 1461 3459 quia
1487 3391 1635 3444 mimi
1667 3387 1840 3445 instat"
1862 3393 1988 3445 reli-

397 3459 593 3527 gionem
626 3467 836 3510 tantum
886 3458 1147 3524 imitatur,
1179 3458 1462 3516 veritatem
1503 3478 1608 3516 non
1639 3461 1821 3518 habet.
1852 3461 1986 3517 Par-

399 3529 476 3580 tim
497 3545 556 3583 ea:
580 3527 840 3584 Gaudeo.

461 3599 828 3674 Hic_denique
866 3600 992 3654 ειειο
1046 3601 1250 3674 dignus.
1299 3603 1386 3658 Sic
1432 3605 1647 3674 reposui
1676 3620 1738 3658 ex
1789 3621 1918 3659 mss.
1961 3608 1984 3658 7

401 3671 544 3744 Reg,
576 3671 720 3744 inter
745 3686 888 3744 quos
904 3681 1031 3744 sunt
1053 3672 1158 3727 duo
1178 3677 1474 3738 veterrimi,
1492 3671 1527 3728 2
1546 3675 1776 3738 Bonon.,
1795 3674 1982 3744 Cauc.,

398 3741 638 3815 3Vatic.,
694 3741 726 3796 6
767 3741 1042 3815 _Colb.,2
1088 3745 1350 3810 Clarom.,
1380 3746 1415 3798 2
1463 3747 1634 3815 Lips.,
1667 3749 1689 3800 I
1725 3741 1984 3812 Sorhon.,

400 3813 526 3884 PaL,
557 3813 727 3884 Tax,
767 3813 923 3880 Pen.,
976 3813 1137 3877 Ultr.,
1172 3817 1315 3879 Em.,
1366 3813 1553 3880 Brun.,
1615 3818 1745 3871 edit.
1780 3818 1982 3884 Graph.

399 3883 459 3959 Is.
493 3887 550 3959 _in
577 3885 684 3959 alio
707 3883 855 3959 Lips.
891 3901 987 3959 pg)
1011 3886 1247 3959 denique,
1283 3899 1365 3942 est
1414 3891 1620 3959 utique:
1651 3890 1700 3942 itt
1740 3883 1984 3959 pluribus

399 3953 656 4010 Vaticanis
683 3964 737 4009 et
764 3957 895 4009 edit.
923 3955 1115 4025 Thys.,
1143 3953 1312 4022 Call.,
1346 3953 1566 4027 Spark.,
1596 3961 1678 4012 ltic
1704 3953 1810 4013 Ifeo
1833 3963 1986 4015 coelo-

399 4042 480 4094 que
529 4030 754 4100 dignus;
784 4028 852 4100 in,
879 4029 1098 4096 scriptis
1125 4028 1160 4082 2
1205 4031 1358 4100 Iieg.,
1388 4031 1538 4095 Jun.,
1569 4030 1898 4099 Cantabrig.,
1929 4043 1983 4086 ct

400 4098 1022 4172 vet.‘excusissquinquc,
1053 4100 1136 4172 Ιιὶε
1187 4098 1310 4154 τωιὸ
1360 4100 1567 4171 Deoque
1608 4098 1980 4172 dignusteo-

401 4183 484 4236 que
510 4169 595 4224 hic
628 4169 838 4222 inutilis
867 4170 1082 4223 videtur
1106 4171 1254 4239 juxta
1287 4169 1659 4227 Thomasium.

460 4239 695 4294 Peracta.
754 4239 867 4295 Hoc
904 4253 1065 4311 caput
1097 4253 1180 4297 est
1211 4245 1376 4298 veluti
1417 4245 1670 4300 transitus
1701 4245 1766 4299 ad
1791 4245 1986 4300 librum

401 4316 622 4367 tertium.

458 4381 625 4454 Major
649 4384 866 4438 nobis...
891 4399 1006 4436 cum
1034 4385 1420 4456 p/tilosOp/tis...
1455 4388 1683 4442 luctatio.
1717 4387 1868 4442 Lact.
1912 4404 1986 4454 tv,

2093 3249 2425 3302 stiorihusac
2451 3245 3123 3318 pt'arslnntioribuseditis,
3153 3247 3186 3298 5
3217 3245 3400 3318 Rom.,
3422 3243 3690 3318 Flogent”

2094 3319 2241 3384 Ald,
2277 3315 2474 3384 Parisr,
2507 3319 2670 3382 1525,
2712 3320 2883 3382 Crat.,
2911 3316 3141 3383 Cruplt.,
3187 3317 3408 3381 Cellar.,
3438 3325 3492 3369 et
3520 3315 3686 3370 Turn.

2091 3389 2142 3443 in
2173 3406 2280 3460 quo
2307 3391 2457 3444 deest
2509 3391 2756 3460 gentium.
2785 3388 2838 3441 In
2887 3406 2986 3441 ms.
3035 3387 3267 3460 'I‘orncs_.
3310 3403 3371 3439 ac
3422 3402 3693 3460 pe‘ne_con-

2090 3456 2238 3514 senati
2267 3463 2488 3514 omnium
2510 3456 2923 3530 'prentebatnur;
2955 3460 3004 3511 in
3040 3457 3358 3530 Iiegio—Put.
3389 3466 3442 3511 et.
3470 3457 3493 3510 I
3531 3456 3686 3512 Colb.

2091 3533 2195 3587 eti
2233 3533 2489 3597 (.‘larom.,
2525 3529 2861 3600 premebatur,
2906 3529 3203 3590 mendose;
3239 3529 3289 3600 in
3331 3529 3364 3580 8
3417 3530 3692 3600 impressis

2092 3619 2204 3657 rec.
2240 3604 2423 3658 veritas
2466 3595 2819 3672 premebatur;
2863 3601 2915 3654 in
2957 3600 3170 3668 scriptis
3202 3601 3226 3653 1
3268 3599 3401 3668 Reg.
3425 3599 3530 3653 eli
3569 3595 3693 3653 Cla-

2093 3690 2230 3728 ront.
2259 3675 2442 3727 veritas
2464 3683 2794 3744 premeretur.

2167 3745 2242 3798 De
2273 3739 2592 3798 sententia...
2628 3744 2832 3812 depelli.
2878 3743 3046 3812 Supra
3085 3740 3216 3812 dixit
3258 3739 3327 3796 de
3353 3740 3643 3812 luctatione
3675 3757 3689 3805 ;

2091 3815 2374 3886 eleganter
2405 3819 2564 3886 igitur
2595 3815 2664 3870 dc
2695 3831 2752 3868 re
2780 3811 3092 3886 gladiatoria
3120 3811 3206 3866 hic
3234 3811 3529 3886 transfert”
3549 3813 3582 3864 l.
3611 3827 3687 3886 ιιι,

2091 3904 2141 3940 c.
2177 3883 2263 3945 ἱϐ.
2299 3888 2362 3940 de
2387 3883 2635 3942 sententia
2665 3887 2843 3955 pulsus
2874 3897 2968 3940 εει.
2992 3883 3150 3939 Conl'.
3170 3900 3218 3937 c.
3242 3884 3342 3947 I7;
3372 3883 3408 3937 I.
3438 3898 3496 3955 v,
3523 3897 3572 3936 c.
3601 3885 3689 3955 I3.

2091 3958 2264 4014 Nullis
2285 3959 2578 4014 terroribus
2595 3954 2672 4014 de
2687 3959 2966 4013 sententia:
2988 3956 3261 4028 pr0posito
3287 3969 3445 4079 possBe
3470 3954 3688 4024 depelli.

3440 4041 3528 4079 us.

3440 4041 3528 4080 ΗΝ.

2158 4101 2267 4156 Deo
2301 4119 2358 4156 ac
2389 4103 2591 4156 veritate
2633 4100 2868 4155 ducibus.
2901 4097 3134 4166 Corrigit
3187 4097 3454 4164 vulgatum
3511 4096 3640 4151 illud
3674 4114 3689 4150 :

2091 4171 2235 4227 Duce
2264 4176 2465 4241 virtute,
2510 4175 2694 4227 cernite
2745 4171 3000 4225 Fortuna.
3037 4170 3220 4229 Docet,
3255 4168 3393 4241 sicut
3445 4166 3694 4241 citristiaf

2094 4260 2220 4298 num
2252 4246 2431 4309 decet,
2452 4237 2578 4298 non
2611 4245 2838 4313 propriis
2888 4243 3114 4304 viribus,
3159 4255 3264 4292 non
3297 4237 3689 4313 Fortunzetsed

2091 4316 2204 4370 Deo
2252 4317 2376 4386 Opt.
2416 4307 2564 4370 Max.
2602 4307 2857 4386 omnium
2897 4313 3156 4366 bonorum
3204 4309 3434 4374 auctori,
3485 4307 3690 4376 optima

2094 4385 2322 4458 quicque
2347 4403 2469 4442 esse
2501 4388 2803 4443 tribuenda.
2844 4385 3044 4439 Βετυι..

406 4515 3667 4546 mm

1354 4637 1906 4722 ANALYSIS
1965 4638 2283 4722 LIBRI
2336 4636 2738 4720 TERTII

1729 4835 2157 4908 LACTAN
2163 4836 2268 4907 TI
2278 4835 2345 4908 Ι.

1236 4985 1531 5045 VANITAS
1570 4988 2044 5046 PIIILOSOPIIIzE
2089 4989 2174 5045 ET
2213 4986 2812 5045 PHILOSOPHORUM.

1693 5135 1892 5175 «+30
1900 5132 1986 5180 ἐξελε
2000 5129 2367 5183 Sami-«+-

454 5268 640 5324 Partes
688 5262 849 5333 hujus
904 5263 1024 5317 libri
1058 5271 1166 5317 tres
1205 5268 1368 5314 sunt:
1414 5258 1595 5333 Prima
1625 5257 1692 5312 de.
1738 5259 1975 5333 philoso-

376 5341 529 5413 phia,
561 5330 791 5413 secunda
811 5336 878 5413 tie
921 5333 1365 5412 philosophorum
1391 5330 1649 5413 vanitate,
1682 5332 1829 5384 tertia
1859 5347 1982 5413 rur-

377 5401 504 5471 'sum
519 5401 927 5479 philosophiam
952 5421 1074 5479 non
1097 5401 1216 5479 esse
1256 5403 1575 5479 sapientiam
1621 5401 1973 5479 demonstrat.

459 5472 762 5537 Ili-exordio
821 5487 969 5548 optat
1015 5477 1114 5532 sibi
1169 5475 1468 5548 Tullianam
1517 5472 1974 5548 eloquentiamad

377 5543 873 5612 demonstrandam
921 5545 1274 5618 philosophia:
1312 5545 1628 5618 vanitatem,
1667 5559 1826 5618 quam
1859 5543 1976 5611 phi-

377 5623 687 5692 Iosophiam
716 5614 935 5675 inanem
954 5630 1008 5673 et
1035 5614 1219 5692 falsam
1246 5631 1387 5692 esse,
1418 5614 1502 5667 his
1529 5617 1860 5692 argumentis
1886 5631 1975 5667 os-

376 5688 576 5754 tendit.
601 5722 670 5733 —
691 5692 729 5747 I.
766 5691 1111 5760 Philosophia
1138 5698 1219 5743 est
1249 5688 1491 5760 studium
1512 5689 1820 5760 sapientiae;
1851 5701 1978 5755 ergo

377 5784 494 5827 non
527 5778 609 5820 est
634 5757 1063 5834 sapientior—II.
1097 5759 1194 5834 Illo
1224 5759 1402 5834 studio
1431 5758 1504 5834 ad
1521 5757 1838 5834 sapientiam
1871 5773 1977 5811 non

378 5829 741 5914 pervenitur}
773 5849 904 5904 ergo
947 5851 1011 5888 nc
1033 5831 1248 5903 quidem
1279 5830 1554 5899 sapientitc
1599 5829 1822 5885 studiosi
1855 5840 1977 5885 sunt

2085 5257 2386 5328 philosophi
2423 5256 2583 5327 (ϐαρ.
2611 5255 2690 5329 2).
2737 5285 2809 5330 έ-
2851 5255 2934 5330 Ill.
2968 5254 3024 5308 In
3073 5249 3411 5322 philosophia
3443 5261 3686 5330 tneque

2083 5327 2308 5386 Scientia
2338 5337 2439 5393 est,
2470 5327 2908 5398 neqne'opinatio
2932 5342 2944 5390 ;
2969 5340 3106 5398 ergo
3131 5338 3236 5398 non
3259 5329 3343 5375 est
3371 5327 3636 5398 sapientia
3671 5338 3682 5374 :

2082 5417 2188 5455 non
2212 5402 2320 5461 illa,
2343 5401 2464 5469 quia
2489 5393 2737 5453 Socrates
2759 5408 2812 5451 et
2839 5393 3144 5469 Academici
3175 5409 3292 5447 eam
3311 5393 3642 5469 sustulerunt
3666 5411 3678 5459 ;

2082 5487 2188 5528 non
2217 5462 2491 5538 ha-chuia
2527 5471 2706 5523 Zenon
2735 5478 2789 5522 et
2813 5467 2979 5522 Stoici
3003 5481 3124 5520 eam
3154 5465 3505 5538 repudiarunt
3530 5462 3681 5538 (Cap.

2079 5544 2158 5608 4).
2186 5573 2253 5582 -
2276 5542 2361 5596 IV.
2391 5535 2736 5609 PhilosOphia
2765 5542 2999 5605 seipsam
3025 5538 3270 5609 conficit.
3295 5535 3429 5590 Nam
3461 5536 3683 5609 singula:

2082 5606 2247 5670 sectzc
2277 5614 2566 5666 multarum
2601 5606 2870 5665 sectarum
2921 5609 3124 5679 judicio
3174 5608 3416 5662 stultitia:
3458 5606 3684 5679 convin-

2086 5699 2282 5739 cuntur
2310 5701 2323 5746 ;
2367 5699 2555 5737 mnnes
2590 5684 2749 5752 igitur
2770 5675 2933 5737 vanae
2963 5691 3089 5736 sunt
3119 5690 3173 5736 et
3203 5682 3388 5735 inanes
3421 5679 3573 5752 (Cap.
3595 5675 3676 5752 ι).

2083 5757 2221 5810 —V.
2257 5759 2457 5810 Autest
2479 5747 2684 5809 natura:
2711 5757 2956 5814 scientia,
2987 5763 3078 5807 aut
3104 5768 3207 5808 non
3232 5761 3335 5816 est,
3362 5759 3417 5824 ut
3443 5748 3553 5824 vult
3581 5747 3678 5824 ᾼτ-

2085 5827 2294 5886 cesilas.
2326 5826 2441 5881 Non
2490 5827 2640 5893 illud,
2675 5826 2797 5896 quia
2851 5826 2994 5901 nulla
3021 5833 3194 5896 potest
3227 5838 3346 5877 esse
3378 5821 3428 5874 in
3460 5819 3641 5873 homin
