  <div class='ocr_page' id='page_1' title='image "/cluster/home/n/w/nwhite01/storage/ocr_20150623/6/hvd.32044096580345/180.png"; bbox 0 0 4174 6200; ppageno 0'>
   <div class='ocr_carea' id='block_1_1' title="bbox 380 215 490 272">
    <p class='ocr_par' dir='ltr' id='par_1_1' title="bbox 380 215 490 272">
     <span class='ocr_line' id='line_1_1' title="bbox 380 215 490 272; baseline 0.009 -1"><span class='ocrx_word' id='word_1_1' title='bbox 380 215 490 272; x_wconf 74' lang='grc'><strong>540</strong></span> 
     </span>
    </p>
   </div>
   <div class='ocr_carea' id='block_1_2' title="bbox 1239 210 2816 293">
    <p class='ocr_par' dir='ltr' id='par_1_2' title="bbox 1239 210 2816 293">
     <span class='ocr_line' id='line_1_2' title="bbox 1239 210 2816 293; baseline 0.002 -23"><span class='ocrx_word' id='word_1_2' title='bbox 1239 213 1447 271; x_wconf 82' lang='lat' dir='ltr'><strong>LIBER</strong></span> <span class='ocrx_word' id='word_1_3' title='bbox 1484 212 1572 273; x_wconf 92' lang='grc' dir='ltr'><strong>ιιι.</strong></span> <span class='ocrx_word' id='word_1_4' title='bbox 1615 212 1709 287; x_wconf 73' lang='lat' dir='ltr'><strong>pa</strong></span> <span class='ocrx_word' id='word_1_5' title='bbox 1744 210 1971 283; x_wconf 64' lang='lat' dir='ltr'><strong>capsa</strong></span> <span class='ocrx_word' id='word_1_6' title='bbox 2010 211 2369 293; x_wconf 57' lang='lat' dir='ltr'><strong>supremis</strong></span> <span class='ocrx_word' id='word_1_7' title='bbox 2412 216 2816 291; x_wconf 71' lang='grc' dir='ltr'><strong>Ριιιιοεοριι.</strong></span> 
     </span>
    </p>
   </div>
   <div class='ocr_carea' id='block_1_3' title="bbox 3575 212 3684 283">
    <p class='ocr_par' dir='ltr' id='par_1_3' title="bbox 3575 212 3684 283">
     <span class='ocr_line' id='line_1_3' title="bbox 3575 212 3684 283; baseline 0 0"><span class='ocrx_word' id='word_1_8' title='bbox 3575 212 3684 283; x_wconf 69' lang='lat'><strong>550</strong></span> 
     </span>
    </p>
   </div>
   <div class='ocr_carea' id='block_1_4' title="bbox 451 325 3687 413">
    <p class='ocr_par' dir='ltr' id='par_1_4' title="bbox 451 325 3687 413">
     <span class='ocr_line' id='line_1_4' title="bbox 451 325 3687 413; baseline 0.002 -30"><span class='ocrx_word' id='word_1_9' title='bbox 451 325 558 383; x_wconf 88' lang='lat' dir='ltr'><strong>Sed</strong></span> <span class='ocrx_word' id='word_1_10' title='bbox 587 326 840 398; x_wconf 90' lang='lat' dir='ltr'><strong>quoniam</strong></span> <span class='ocrx_word' id='word_1_11' title='bbox 871 326 1013 383; x_wconf 88' lang='lat' dir='ltr'><strong>Deus</strong></span> <span class='ocrx_word' id='word_1_12' title='bbox 1053 329 1193 383; x_wconf 90' lang='lat' dir='ltr'><strong>hanc</strong></span> <span class='ocrx_word' id='word_1_13' title='bbox 1225 329 1395 391; x_wconf 86' lang='lat' dir='ltr'><strong>voluit</strong></span> <span class='ocrx_word' id='word_1_14' title='bbox 1414 328 1496 407; x_wconf 81' lang='lat' dir='ltr'><strong>rei</strong></span> <span class='ocrx_word' id='word_1_15' title='bbox 1535 343 1659 389; x_wconf 87' lang='lat' dir='ltr'><strong>esse</strong></span> <span class='ocrx_word' id='word_1_16' title='bbox 1702 336 1977 396; x_wconf 90' lang='lat' dir='ltr'><strong>naturam,</strong></span> <span class='ocrx_word' id='word_1_17' title='bbox 2008 332 2061 394; x_wconf 82' lang='grc' dir='ltr'>Α</span> <span class='ocrx_word' id='word_1_18' title='bbox 2088 332 2369 409; x_wconf 69' lang='lat' dir='ltr'><strong>prehendo</strong></span> <span class='ocrx_word' id='word_1_19' title='bbox 2418 349 2608 403; x_wconf 67' lang='lat' dir='ltr'><strong>earum</strong></span> <span class='ocrx_word' id='word_1_20' title='bbox 2649 336 2920 405; x_wconf 85' lang='lat' dir='ltr'><strong>studium,</strong></span> <span class='ocrx_word' id='word_1_21' title='bbox 2967 336 3057 413; x_wconf 85' lang='lat' dir='ltr'><strong>qui</strong></span> <span class='ocrx_word' id='word_1_22' title='bbox 3087 335 3371 407; x_wconf 78' lang='lat' dir='ltr'><strong>veritatem</strong></span> <span class='ocrx_word' id='word_1_23' title='bbox 3403 336 3545 399; x_wconf 82' lang='lat' dir='ltr'><strong>scire</strong></span> <span class='ocrx_word' id='word_1_24' title='bbox 3591 349 3687 391; x_wconf 76' lang='lat' dir='ltr'><strong>vo-</strong></span> 
     </span>
    </p>
   </div>
   <div class='ocr_carea' id='block_1_5' title="bbox 381 420 1980 496">
    <p class='ocr_par' dir='ltr' id='par_1_5' title="bbox 381 420 1980 496">
     <span class='ocr_line' id='line_1_5' title="bbox 381 420 1980 496; baseline 0.002 -21"><span class='ocrx_word' id='word_1_25' title='bbox 381 430 443 476; x_wconf 90' lang='lat' dir='ltr'><strong>ut</strong></span> <span class='ocrx_word' id='word_1_26' title='bbox 468 420 700 491; x_wconf 82' lang='lat' dir='ltr'><strong>simplex</strong></span> <span class='ocrx_word' id='word_1_27' title='bbox 747 428 803 476; x_wconf 90' lang='lat' dir='ltr'><strong>et</strong></span> <span class='ocrx_word' id='word_1_28' title='bbox 849 420 990 475; x_wconf 88' lang='lat' dir='ltr'><strong>nuda</strong></span> <span class='ocrx_word' id='word_1_29' title='bbox 1033 423 1234 478; x_wconf 89' lang='lat' dir='ltr'><strong>veritas</strong></span> <span class='ocrx_word' id='word_1_30' title='bbox 1262 429 1406 479; x_wconf 91' lang='lat' dir='ltr'><strong>esset</strong></span> <span class='ocrx_word' id='word_1_31' title='bbox 1449 423 1810 491; x_wconf 76' lang='lat' dir='ltr'><strong>luculentior,</strong></span> <span class='ocrx_word' id='word_1_32' title='bbox 1853 422 1980 496; x_wconf 84' lang='lat' dir='ltr'><strong>quia</strong></span> 
     </span>
    </p>
   </div>
   <div class='ocr_carea' id='block_1_6' title="bbox 378 512 1987 595">
    <p class='ocr_par' dir='ltr' id='par_1_6' title="bbox 378 512 1987 595">
     <span class='ocr_line' id='line_1_6' title="bbox 378 512 1987 595; baseline 0.002 -26"><span class='ocrx_word' id='word_1_33' title='bbox 378 512 515 569; x_wconf 85' lang='lat' dir='ltr'><strong>satis</strong></span> <span class='ocrx_word' id='word_1_34' title='bbox 544 520 733 568; x_wconf 87' lang='lat' dir='ltr'><strong>ornata</strong></span> <span class='ocrx_word' id='word_1_35' title='bbox 762 526 859 582; x_wconf 90' lang='lat' dir='ltr'><strong>per</strong></span> <span class='ocrx_word' id='word_1_36' title='bbox 885 528 945 569; x_wconf 89' lang='lat' dir='ltr'><strong>se</strong></span> <span class='ocrx_word' id='word_1_37' title='bbox 973 522 1076 583; x_wconf 92' lang='lat' dir='ltr'><strong>est,</strong></span> <span class='ocrx_word' id='word_1_38' title='bbox 1106 514 1335 595; x_wconf 82' lang='lat' dir='ltr'><strong>ideoque</strong></span> <span class='ocrx_word' id='word_1_39' title='bbox 1361 517 1693 578; x_wconf 88' lang='lat' dir='ltr'><strong>ornamentis</strong></span> <span class='ocrx_word' id='word_1_40' title='bbox 1715 516 1987 572; x_wconf 82' lang='lat' dir='ltr'><strong>extrinse-</strong></span> 
     </span>
    </p>
   </div>
   <div class='ocr_carea' id='block_1_7' title="bbox 377 605 1988 685">
    <p class='ocr_par' dir='ltr' id='par_1_7' title="bbox 377 605 1988 685">
     <span class='ocr_line' id='line_1_7' title="bbox 377 605 1988 685; baseline 0 -21"><span class='ocrx_word' id='word_1_41' title='bbox 377 622 479 664; x_wconf 87' lang='lat' dir='ltr'><strong>cus</strong></span> <span class='ocrx_word' id='word_1_42' title='bbox 507 606 706 662; x_wconf 85' lang='lat' dir='ltr'><strong>additis</strong></span> <span class='ocrx_word' id='word_1_43' title='bbox 732 605 905 663; x_wconf 78' lang='lat' dir='ltr'><strong>fucata</strong></span> <span class='ocrx_word' id='word_1_44' title='bbox 923 609 1310 685; x_wconf 78' lang='lat' dir='ltr'><strong>corrumpitur,</strong></span> <span class='ocrx_word' id='word_1_45' title='bbox 1337 608 1677 665; x_wconf 81' lang='lat' dir='ltr'><strong>mendacium</strong></span> <span class='ocrx_word' id='word_1_46' title='bbox 1704 624 1835 666; x_wconf 90' lang='lat' dir='ltr'><strong>vero</strong></span> <span class='ocrx_word' id='word_1_47' title='bbox 1863 623 1988 680; x_wconf 90' lang='lat' dir='ltr'><strong>spe-</strong></span> 
     </span>
    </p>
   </div>
   <div class='ocr_carea' id='block_1_8' title="bbox 378 702 1987 779">
    <p class='ocr_par' dir='ltr' id='par_1_8' title="bbox 378 702 1987 779">
     <span class='ocr_line' id='line_1_8' title="bbox 378 702 1987 779; baseline -0.001 -21"><span class='ocrx_word' id='word_1_48' title='bbox 378 703 469 758; x_wconf 90' lang='lat' dir='ltr'><strong>cie</strong></span> <span class='ocrx_word' id='word_1_49' title='bbox 499 702 741 772; x_wconf 79' lang='lat' dir='ltr'><strong>placeret</strong></span> <span class='ocrx_word' id='word_1_50' title='bbox 766 702 942 757; x_wconf 84' lang='lat' dir='ltr'><strong>aliena</strong></span> <span class='ocrx_word' id='word_1_51' title='bbox 963 744 978 768; x_wconf 97' lang='lat'><strong>,</strong></span> <span class='ocrx_word' id='word_1_52' title='bbox 1020 702 1143 779; x_wconf 86' lang='lat' dir='ltr'><strong>quia</strong></span> <span class='ocrx_word' id='word_1_53' title='bbox 1172 717 1272 775; x_wconf 87' lang='lat' dir='ltr'><strong>per</strong></span> <span class='ocrx_word' id='word_1_54' title='bbox 1297 716 1356 758; x_wconf 92' lang='lat' dir='ltr'><strong>se</strong></span> <span class='ocrx_word' id='word_1_55' title='bbox 1399 711 1713 779; x_wconf 88' lang='lat' dir='ltr'><strong>corruptum</strong></span> <span class='ocrx_word' id='word_1_56' title='bbox 1742 702 1987 759; x_wconf 84' lang='lat' dir='ltr'><strong>vanescit</strong></span> 
     </span>
    </p>
   </div>
   <div class='ocr_carea' id='block_1_9' title="bbox 377 776 1983 873">
    <p class='ocr_par' dir='ltr' id='par_1_9' title="bbox 377 776 1983 873">
     <span class='ocr_line' id='line_1_9' title="bbox 377 776 1983 873; baseline 0.002 -26"><span class='ocrx_word' id='word_1_57' title='bbox 377 808 446 848; x_wconf 87' lang='lat' dir='ltr'><strong>ac</strong></span> <span class='ocrx_word' id='word_1_58' title='bbox 474 790 689 862; x_wconf 78' lang='lat' dir='ltr'><strong>difﬂuit,</strong></span> <span class='ocrx_word' id='word_1_59' title='bbox 734 792 839 849; x_wconf 89' lang='lat' dir='ltr'><strong>nisi</strong></span> <span class='ocrx_word' id='word_1_60' title='bbox 882 776 1076 848; x_wconf 87' lang='lat' dir='ltr'><strong>ornatu</strong></span> <span class='ocrx_word' id='word_1_61' title='bbox 1107 793 1325 849; x_wconf 83' lang='lat' dir='ltr'><strong>aliunde</strong></span> <span class='ocrx_word' id='word_1_62' title='bbox 1370 776 1598 871; x_wconf 85' lang='lat' dir='ltr'><strong>quaesito</strong></span> <span class='ocrx_word' id='word_1_63' title='bbox 1624 794 1983 873; x_wconf 75' lang='lat' dir='ltr'><strong>circumlitum</strong></span> 
     </span>
    </p>
   </div>
   <div class='ocr_carea' id='block_1_10' title="bbox 376 883 1988 959">
    <p class='ocr_par' dir='ltr' id='par_1_10' title="bbox 376 883 1988 959">
     <span class='ocr_line' id='line_1_10' title="bbox 376 883 1988 959; baseline 0.002 -19"><span class='ocrx_word' id='word_1_64' title='bbox 376 885 543 941; x_wconf 87' lang='lat' dir='ltr'><strong>fuerit</strong></span> <span class='ocrx_word' id='word_1_65' title='bbox 560 899 625 941; x_wconf 89' lang='lat' dir='ltr'><strong>ac</strong></span> <span class='ocrx_word' id='word_1_66' title='bbox 639 883 898 957; x_wconf 88' lang='lat' dir='ltr'><strong>politum:</strong></span> <span class='ocrx_word' id='word_1_67' title='bbox 918 888 1075 959; x_wconf 69' lang='lat' dir='ltr'><strong>aequo&quot;</strong></span> <span class='ocrx_word' id='word_1_68' title='bbox 1089 886 1270 942; x_wconf 91' lang='lat' dir='ltr'><strong>animo</strong></span> <span class='ocrx_word' id='word_1_69' title='bbox 1289 886 1425 954; x_wconf 90' lang='lat' dir='ltr'><strong>fero,</strong></span> <span class='ocrx_word' id='word_1_70' title='bbox 1448 888 1717 959; x_wconf 87' lang='lat' dir='ltr'><strong>ingenium</strong></span> <span class='ocrx_word' id='word_1_71' title='bbox 1738 886 1865 943; x_wconf 91' lang='lat' dir='ltr'><strong>mihi</strong></span> <span class='ocrx_word' id='word_1_72' title='bbox 1881 902 1988 944; x_wconf 81' lang='lat' dir='ltr'><strong>tne-</strong></span> 
     </span>
    </p>
   </div>
   <div class='ocr_carea' id='block_1_11' title="bbox 375 977 1982 1065">
    <p class='ocr_par' dir='ltr' id='par_1_11' title="bbox 375 977 1982 1065">
     <span class='ocr_line' id='line_1_11' title="bbox 375 977 1982 1065; baseline 0.001 -31"><span class='ocrx_word' id='word_1_73' title='bbox 375 978 567 1035; x_wconf 88' lang='lat' dir='ltr'><strong>diocre</strong></span> <span class='ocrx_word' id='word_1_74' title='bbox 584 977 752 1035; x_wconf 79' lang='lat' dir='ltr'><strong>fuisse</strong></span> <span class='ocrx_word' id='word_1_75' title='bbox 778 992 1117 1036; x_wconf 85' lang='lat' dir='ltr'><strong>concessum.</strong></span> <span class='ocrx_word' id='word_1_76' title='bbox 1148 979 1349 1037; x_wconf 82' lang='lat' dir='ltr'><strong>Verum</strong></span> <span class='ocrx_word' id='word_1_77' title='bbox 1377 996 1478 1059; x_wconf 83' lang='lat' dir='ltr'><strong>ego</strong></span> <span class='ocrx_word' id='word_1_78' title='bbox 1505 998 1612 1038; x_wconf 88' lang='lat' dir='ltr'><strong>non</strong></span> <span class='ocrx_word' id='word_1_79' title='bbox 1636 982 1982 1065; x_wconf 63' lang='lat' dir='ltr'><strong>eloquentia},</strong></span> 
     </span>
    </p>
   </div>
   <div class='ocr_carea' id='block_1_12' title="bbox 375 1069 1985 1155">
    <p class='ocr_par' dir='ltr' id='par_1_12' title="bbox 375 1069 1985 1155">
     <span class='ocr_line' id='line_1_12' title="bbox 375 1069 1985 1155; baseline 0.004 -28"><span class='ocrx_word' id='word_1_80' title='bbox 375 1069 474 1127; x_wconf 87' lang='lat' dir='ltr'><strong>sed</strong></span> <span class='ocrx_word' id='word_1_81' title='bbox 506 1070 753 1126; x_wconf 79' lang='lat' dir='ltr'><strong>veritatis</strong></span> <span class='ocrx_word' id='word_1_82' title='bbox 776 1070 973 1127; x_wconf 85' lang='lat' dir='ltr'><strong>fiducia</strong></span> <span class='ocrx_word' id='word_1_83' title='bbox 1004 1075 1217 1144; x_wconf 88' lang='lat' dir='ltr'><strong>suscepi</strong></span> <span class='ocrx_word' id='word_1_84' title='bbox 1240 1073 1344 1129; x_wconf 88' lang='lat' dir='ltr'><strong>hoc</strong></span> <span class='ocrx_word' id='word_1_85' title='bbox 1373 1089 1532 1147; x_wconf 78' lang='lat' dir='ltr'><strong>Opus,</strong></span> <span class='ocrx_word' id='word_1_86' title='bbox 1556 1072 1788 1135; x_wconf 80' lang='lat' dir='ltr'><strong>fortasse</strong></span> <span class='ocrx_word' id='word_1_87' title='bbox 1811 1073 1985 1155; x_wconf 80' lang='lat' dir='ltr'><strong>majus</strong></span> 
     </span>
    </p>
   </div>
   <div class='ocr_carea' id='block_1_13' title="bbox 376 1164 1980 1239">
    <p class='ocr_par' dir='ltr' id='par_1_13' title="bbox 376 1164 1980 1239">
     <span class='ocr_line' id='line_1_13' title="bbox 376 1164 1980 1239; baseline 0.004 -21"><span class='ocrx_word' id='word_1_88' title='bbox 376 1178 542 1234; x_wconf 86' lang='lat' dir='ltr'><strong>quam</strong></span> <span class='ocrx_word' id='word_1_89' title='bbox 572 1173 631 1218; x_wconf 92' lang='lat' dir='ltr'><strong>ut</strong></span> <span class='ocrx_word' id='word_1_90' title='bbox 663 1164 832 1236; x_wconf 88' lang='lat' dir='ltr'><strong>possit</strong></span> <span class='ocrx_word' id='word_1_91' title='bbox 868 1166 1004 1223; x_wconf 89' lang='lat' dir='ltr'><strong>meis</strong></span> <span class='ocrx_word' id='word_1_92' title='bbox 1034 1165 1240 1222; x_wconf 89' lang='lat' dir='ltr'><strong>viribus</strong></span> <span class='ocrx_word' id='word_1_93' title='bbox 1270 1166 1525 1223; x_wconf 86' lang='lat' dir='ltr'><strong>sustineri</strong></span> <span class='ocrx_word' id='word_1_94' title='bbox 1557 1184 1572 1223; x_wconf 87' lang='lat'><strong>:</strong></span> <span class='ocrx_word' id='word_1_95' title='bbox 1604 1168 1746 1239; x_wconf 92' lang='lat' dir='ltr'><strong>quod</strong></span> <span class='ocrx_word' id='word_1_96' title='bbox 1779 1177 1980 1239; x_wconf 90' lang='lat' dir='ltr'><strong>tamen,</strong></span> 
     </span>
    </p>
   </div>
   <div class='ocr_carea' id='block_1_14' title="bbox 375 1256 1982 1333">
    <p class='ocr_par' dir='ltr' id='par_1_14' title="bbox 375 1256 1982 1333">
     <span class='ocr_line' id='line_1_14' title="bbox 375 1256 1982 1333; baseline 0.001 -20"><span class='ocrx_word' id='word_1_97' title='bbox 375 1257 591 1313; x_wconf 88' lang='lat' dir='ltr'><strong>etiamsi</strong></span> <span class='ocrx_word' id='word_1_98' title='bbox 632 1272 735 1328; x_wconf 92' lang='lat' dir='ltr'><strong>ego</strong></span> <span class='ocrx_word' id='word_1_99' title='bbox 778 1257 1093 1326; x_wconf 88' lang='lat' dir='ltr'><strong>defeeerim,</strong></span> <span class='ocrx_word' id='word_1_100' title='bbox 1144 1259 1255 1315; x_wconf 92' lang='lat' dir='ltr'><strong>Deo</strong></span> <span class='ocrx_word' id='word_1_101' title='bbox 1299 1259 1477 1333; x_wconf 86' lang='lat' dir='ltr'><strong>(cujus</strong></span> <span class='ocrx_word' id='word_1_102' title='bbox 1504 1259 1721 1317; x_wconf 89' lang='lat' dir='ltr'><strong>esthoc</strong></span> <span class='ocrx_word' id='word_1_103' title='bbox 1763 1256 1982 1333; x_wconf 89' lang='lat' dir='ltr'><strong>munus)</strong></span> 
     </span>
    </p>
   </div>
   <div class='ocr_carea' id='block_1_15' title="bbox 375 1349 1981 1421">
    <p class='ocr_par' dir='ltr' id='par_1_15' title="bbox 375 1349 1981 1421">
     <span class='ocr_line' id='line_1_15' title="bbox 375 1349 1981 1421; baseline 0.002 -18"><span class='ocrx_word' id='word_1_104' title='bbox 375 1349 691 1420; x_wconf 72' lang='lat' dir='ltr'><strong>adiuvante,</strong></span> <span class='ocrx_word' id='word_1_105' title='bbox 717 1350 917 1405; x_wconf 89' lang='lat' dir='ltr'><strong>veritas</strong></span> <span class='ocrx_word' id='word_1_106' title='bbox 948 1349 1062 1420; x_wconf 90' lang='lat' dir='ltr'><strong>ipsa</strong></span> <span class='ocrx_word' id='word_1_107' title='bbox 1087 1350 1402 1421; x_wconf 85' lang='lat' dir='ltr'><strong>complebit.</strong></span> <span class='ocrx_word' id='word_1_108' title='bbox 1434 1352 1641 1407; x_wconf 85' lang='lat' dir='ltr'><strong>Etenim</strong></span> <span class='ocrx_word' id='word_1_109' title='bbox 1670 1367 1790 1407; x_wconf 92' lang='lat' dir='ltr'><strong>cum</strong></span> <span class='ocrx_word' id='word_1_110' title='bbox 1814 1352 1981 1408; x_wconf 89' lang='lat' dir='ltr'><strong>sciam</strong></span> 
     </span>
    </p>
   </div>
   <div class='ocr_carea' id='block_1_16' title="bbox 374 1443 1983 1514">
    <p class='ocr_par' dir='ltr' id='par_1_16' title="bbox 374 1443 1983 1514">
     <span class='ocr_line' id='line_1_16' title="bbox 374 1443 1983 1514; baseline 0.002 -16"><span class='ocrx_word' id='word_1_111' title='bbox 374 1443 645 1499; x_wconf 84' lang='lat' dir='ltr'><strong>maximos</strong></span> <span class='ocrx_word' id='word_1_112' title='bbox 674 1456 890 1514; x_wconf 90' lang='lat' dir='ltr'><strong>quoque</strong></span> <span class='ocrx_word' id='word_1_113' title='bbox 931 1451 1178 1500; x_wconf 89' lang='lat' dir='ltr'><strong>oratores</strong></span> <span class='ocrx_word' id='word_1_114' title='bbox 1220 1458 1250 1497; x_wconf 93' lang='lat' dir='ltr'><strong>a</strong></span> <span class='ocrx_word' id='word_1_115' title='bbox 1288 1443 1577 1501; x_wconf 86' lang='lat' dir='ltr'><strong>causidicis</strong></span> <span class='ocrx_word' id='word_1_116' title='bbox 1622 1443 1983 1501; x_wconf 86' lang='lat' dir='ltr'><strong>mediocribus</strong></span> 
     </span>
    </p>
   </div>
   <div class='ocr_carea' id='block_1_17' title="bbox 370 1535 1983 1608">
    <p class='ocr_par' dir='ltr' id='par_1_17' title="bbox 370 1535 1983 1608">
     <span class='ocr_line' id='line_1_17' title="bbox 370 1535 1983 1608; baseline 0.002 -17"><span class='ocrx_word' id='word_1_117' title='bbox 370 1549 524 1605; x_wconf 74' lang='lat' dir='ltr'><strong>saepe</strong></span> <span class='ocrx_word' id='word_1_118' title='bbox 552 1535 743 1603; x_wconf 86' lang='lat' dir='ltr'><strong>victos,</strong></span> <span class='ocrx_word' id='word_1_119' title='bbox 791 1535 933 1608; x_wconf 90' lang='lat' dir='ltr'><strong>quod</strong></span> <span class='ocrx_word' id='word_1_120' title='bbox 979 1542 1125 1593; x_wconf 90' lang='lat' dir='ltr'><strong>tanta</strong></span> <span class='ocrx_word' id='word_1_121' title='bbox 1174 1544 1259 1592; x_wconf 91' lang='lat' dir='ltr'><strong>est</strong></span> <span class='ocrx_word' id='word_1_122' title='bbox 1317 1536 1554 1608; x_wconf 89' lang='lat' dir='ltr'><strong>potentia</strong></span> <span class='ocrx_word' id='word_1_123' title='bbox 1606 1536 1867 1605; x_wconf 82' lang='lat' dir='ltr'><strong>veritatis,</strong></span> <span class='ocrx_word' id='word_1_124' title='bbox 1924 1549 1983 1599; x_wconf 90' lang='lat' dir='ltr'><strong>ut</strong></span> 
     </span>
    </p>
   </div>
   <div class='ocr_carea' id='block_1_18' title="bbox 370 1627 1983 1711">
    <p class='ocr_par' dir='ltr' id='par_1_18' title="bbox 370 1627 1983 1711">
     <span class='ocr_line' id='line_1_18' title="bbox 370 1627 1983 1711; baseline 0.003 -29"><span class='ocrx_word' id='word_1_125' title='bbox 370 1628 635 1697; x_wconf 87' lang='lat' dir='ltr'><strong>seipsam,</strong></span> <span class='ocrx_word' id='word_1_126' title='bbox 668 1628 913 1698; x_wconf 81' lang='lat' dir='ltr'><strong>quamvis</strong></span> <span class='ocrx_word' id='word_1_127' title='bbox 939 1627 993 1683; x_wconf 90' lang='lat' dir='ltr'><strong>in</strong></span> <span class='ocrx_word' id='word_1_128' title='bbox 1022 1628 1183 1684; x_wconf 87' lang='lat' dir='ltr'><strong>rebus</strong></span> <span class='ocrx_word' id='word_1_129' title='bbox 1212 1629 1444 1703; x_wconf 80' lang='lat' dir='ltr'><strong>exiguis,</strong></span> <span class='ocrx_word' id='word_1_130' title='bbox 1473 1644 1570 1685; x_wconf 88' lang='lat' dir='ltr'><strong>sua</strong></span> <span class='ocrx_word' id='word_1_131' title='bbox 1596 1630 1858 1711; x_wconf 51' lang='lat' dir='ltr'><strong>gelaritate</strong></span> <span class='ocrx_word' id='word_1_132' title='bbox 1888 1629 1983 1687; x_wconf 88' lang='lat' dir='ltr'><strong>de-</strong></span> 
     </span>
    </p>
   </div>
   <div class='ocr_carea' id='block_1_19' title="bbox 2089 422 3688 499">
    <p class='ocr_par' dir='ltr' id='par_1_19' title="bbox 2089 422 3688 499">
     <span class='ocr_line' id='line_1_19' title="bbox 2089 422 3688 499; baseline 0.004 -22"><span class='ocrx_word' id='word_1_133' title='bbox 2089 422 2322 493; x_wconf 91' lang='lat' dir='ltr'><strong>luerunt,</strong></span> <span class='ocrx_word' id='word_1_134' title='bbox 2352 426 2473 496; x_wconf 90' lang='lat' dir='ltr'><strong>quia</strong></span> <span class='ocrx_word' id='word_1_135' title='bbox 2503 434 2749 482; x_wconf 89' lang='lat' dir='ltr'><strong>naturam</strong></span> <span class='ocrx_word' id='word_1_136' title='bbox 2782 427 3013 487; x_wconf 84' lang='lat' dir='ltr'><strong>hominis</strong></span> <span class='ocrx_word' id='word_1_137' title='bbox 3043 427 3184 495; x_wconf 81' lang='lat' dir='ltr'><strong>Deus</strong></span> <span class='ocrx_word' id='word_1_138' title='bbox 3212 427 3325 495; x_wconf 81' lang='lat' dir='ltr'><strong>veri</strong></span> <span class='ocrx_word' id='word_1_139' title='bbox 3348 422 3688 499; x_wconf 82' lang='lat' dir='ltr'><strong>adipiscendi</strong></span> 
     </span>
    </p>
   </div>
   <div class='ocr_carea' id='block_1_20' title="bbox 2093 515 3689 593">
    <p class='ocr_par' dir='ltr' id='par_1_20' title="bbox 2093 515 3689 593">
     <span class='ocr_line' id='line_1_20' title="bbox 2093 515 3689 593; baseline 0.005 -23"><span class='ocrx_word' id='word_1_140' title='bbox 2093 515 2551 591; x_wconf 86' lang='lat' dir='ltr'><strong>cupientissimam</strong></span> <span class='ocrx_word' id='word_1_141' title='bbox 2574 518 2695 575; x_wconf 91' lang='lat' dir='ltr'><strong>fecit</strong></span> <span class='ocrx_word' id='word_1_142' title='bbox 2727 536 2739 572; x_wconf 92' lang='lat'><strong>:</strong></span> <span class='ocrx_word' id='word_1_143' title='bbox 2771 520 2866 575; x_wconf 89' lang='lat' dir='ltr'><strong>sed</strong></span> <span class='ocrx_word' id='word_1_144' title='bbox 2896 519 2947 575; x_wconf 92' lang='lat' dir='ltr'><strong>id</strong></span> <span class='ocrx_word' id='word_1_145' title='bbox 2974 533 3161 593; x_wconf 81' lang='lat' dir='ltr'><strong>arguo,</strong></span> <span class='ocrx_word' id='word_1_146' title='bbox 3191 519 3241 579; x_wconf 88' lang='lat' dir='ltr'><strong>id</strong></span> <span class='ocrx_word' id='word_1_147' title='bbox 3266 519 3516 591; x_wconf 70' lang='lat' dir='ltr'><strong>revincti,</strong></span> <span class='ocrx_word' id='word_1_148' title='bbox 3542 517 3689 591; x_wconf 78' lang='lat' dir='ltr'><strong>quod</strong></span> 
     </span>
    </p>
   </div>
   <div class='ocr_carea' id='block_1_21' title="bbox 2088 605 3681 686">
    <p class='ocr_par' dir='ltr' id='par_1_21' title="bbox 2088 605 3681 686">
     <span class='ocr_line' id='line_1_21' title="bbox 2088 605 3681 686; baseline 0.003 -26"><span class='ocrx_word' id='word_1_149' title='bbox 2088 605 2368 686; x_wconf 75' lang='lat' dir='ltr'><strong>honestam</strong></span> <span class='ocrx_word' id='word_1_150' title='bbox 2396 608 2610 664; x_wconf 90' lang='lat' dir='ltr'><strong>illorum</strong></span> <span class='ocrx_word' id='word_1_151' title='bbox 2636 617 2691 669; x_wconf 90' lang='lat' dir='ltr'><strong>et</strong></span> <span class='ocrx_word' id='word_1_152' title='bbox 2715 609 2973 680; x_wconf 89' lang='lat' dir='ltr'><strong>optimam</strong></span> <span class='ocrx_word' id='word_1_153' title='bbox 3000 611 3332 672; x_wconf 82' lang='lat' dir='ltr'><strong>voluntatem</strong></span> <span class='ocrx_word' id='word_1_154' title='bbox 3364 624 3471 673; x_wconf 84' lang='lat' dir='ltr'><strong>non</strong></span> <span class='ocrx_word' id='word_1_155' title='bbox 3497 611 3566 667; x_wconf 90' lang='lat' dir='ltr'><strong>sit</strong></span> <span class='ocrx_word' id='word_1_156' title='bbox 3591 624 3681 671; x_wconf 80' lang='lat' dir='ltr'><strong>se-</strong></span> 
     </span>
    </p>
   </div>
   <div class='ocr_carea' id='block_1_22' title="bbox 2087 697 3687 775">
    <p class='ocr_par' dir='ltr' id='par_1_22' title="bbox 2087 697 3687 775">
     <span class='ocr_line' id='line_1_22' title="bbox 2087 697 3687 775; baseline 0.003 -22"><span class='ocrx_word' id='word_1_157' title='bbox 2087 707 2244 754; x_wconf 88' lang='lat' dir='ltr'><strong>cutus</strong></span> <span class='ocrx_word' id='word_1_158' title='bbox 2265 697 2525 768; x_wconf 73' lang='lat' dir='ltr'><strong>effectus;</strong></span> <span class='ocrx_word' id='word_1_159' title='bbox 2554 702 2676 771; x_wconf 90' lang='lat' dir='ltr'><strong>quia</strong></span> <span class='ocrx_word' id='word_1_160' title='bbox 2719 716 2894 772; x_wconf 84' lang='lat' dir='ltr'><strong>neque</strong></span> <span class='ocrx_word' id='word_1_161' title='bbox 2931 700 3060 775; x_wconf 90' lang='lat' dir='ltr'><strong>quid</strong></span> <span class='ocrx_word' id='word_1_162' title='bbox 3102 711 3249 759; x_wconf 83' lang='lat' dir='ltr'><strong>esset</strong></span> <span class='ocrx_word' id='word_1_163' title='bbox 3281 717 3465 763; x_wconf 80' lang='lat' dir='ltr'><strong>verum</strong></span> <span class='ocrx_word' id='word_1_164' title='bbox 3510 702 3687 773; x_wconf 78' lang='lat' dir='ltr'><strong>ipsum</strong></span> 
     </span>
    </p>
   </div>
   <div class='ocr_carea' id='block_1_23' title="bbox 2086 789 3689 865">
    <p class='ocr_par' dir='ltr' id='par_1_23' title="bbox 2086 789 3689 865">
     <span class='ocr_line' id='line_1_23' title="bbox 2086 789 3689 865; baseline 0.002 -20"><span class='ocrx_word' id='word_1_165' title='bbox 2086 789 2370 860; x_wconf 89' lang='lat' dir='ltr'><strong>sciebant,</strong></span> <span class='ocrx_word' id='word_1_166' title='bbox 2403 807 2576 864; x_wconf 91' lang='lat' dir='ltr'><strong>neque</strong></span> <span class='ocrx_word' id='word_1_167' title='bbox 2606 791 2897 863; x_wconf 90' lang='lat' dir='ltr'><strong>quomodo,</strong></span> <span class='ocrx_word' id='word_1_168' title='bbox 2926 804 3016 847; x_wconf 89' lang='lat' dir='ltr'><strong>aut</strong></span> <span class='ocrx_word' id='word_1_169' title='bbox 3062 793 3173 862; x_wconf 92' lang='lat' dir='ltr'><strong>ubi,</strong></span> <span class='ocrx_word' id='word_1_170' title='bbox 3224 802 3316 848; x_wconf 88' lang='lat' dir='ltr'><strong>aut</strong></span> <span class='ocrx_word' id='word_1_171' title='bbox 3360 809 3465 865; x_wconf 90' lang='lat' dir='ltr'><strong>qua</strong></span> <span class='ocrx_word' id='word_1_172' title='bbox 3507 802 3689 859; x_wconf 78' lang='lat' dir='ltr'><strong>mente</strong></span> 
     </span>
    </p>
   </div>
   <div class='ocr_carea' id='block_1_24' title="bbox 2086 883 3687 954">
    <p class='ocr_par' dir='ltr' id='par_1_24' title="bbox 2086 883 3687 954">
     <span class='ocr_line' id='line_1_24' title="bbox 2086 883 3687 954; baseline 0.004 -16"><span class='ocrx_word' id='word_1_173' title='bbox 2086 884 2457 954; x_wconf 75' lang='lat' dir='ltr'><strong>qmerendum.</strong></span> <span class='ocrx_word' id='word_1_174' title='bbox 2500 883 2575 939; x_wconf 87' lang='lat' dir='ltr'><strong>lta</strong></span> <span class='ocrx_word' id='word_1_175' title='bbox 2604 884 2730 940; x_wconf 91' lang='lat' dir='ltr'><strong>dum</strong></span> <span class='ocrx_word' id='word_1_176' title='bbox 2776 900 3094 943; x_wconf 87' lang='lat' dir='ltr'><strong>succurrere</strong></span> <span class='ocrx_word' id='word_1_177' title='bbox 3125 885 3374 945; x_wconf 89' lang='lat' dir='ltr'><strong>humanis</strong></span> <span class='ocrx_word' id='word_1_178' title='bbox 3403 886 3687 947; x_wconf 82' lang='lat' dir='ltr'><strong>erroribus</strong></span> 
     </span>
    </p>
   </div>
   <div class='ocr_carea' id='block_1_25' title="bbox 2085 978 3687 1057">
    <p class='ocr_par' dir='ltr' id='par_1_25' title="bbox 2085 978 3687 1057">
     <span class='ocr_line' id='line_1_25' title="bbox 2085 978 3687 1057; baseline 0.007 -24"><span class='ocrx_word' id='word_1_179' title='bbox 2085 978 2326 1057; x_wconf 76' lang='lat' dir='ltr'><strong>cupiunt,</strong></span> <span class='ocrx_word' id='word_1_180' title='bbox 2357 979 2457 1051; x_wconf 90' lang='lat' dir='ltr'><strong>ipsi</strong></span> <span class='ocrx_word' id='word_1_181' title='bbox 2498 995 2556 1035; x_wconf 92' lang='lat' dir='ltr'><strong>se</strong></span> <span class='ocrx_word' id='word_1_182' title='bbox 2587 980 2638 1034; x_wconf 90' lang='lat' dir='ltr'><strong>in</strong></span> <span class='ocrx_word' id='word_1_183' title='bbox 2684 980 2899 1051; x_wconf 83' lang='lat' dir='ltr'><strong>plagas,</strong></span> <span class='ocrx_word' id='word_1_184' title='bbox 2935 988 2989 1036; x_wconf 89' lang='lat' dir='ltr'><strong>et</strong></span> <span class='ocrx_word' id='word_1_185' title='bbox 3028 994 3244 1037; x_wconf 88' lang='lat' dir='ltr'><strong>errores</strong></span> <span class='ocrx_word' id='word_1_186' title='bbox 3293 983 3559 1049; x_wconf 76' lang='lat' dir='ltr'><strong>maximos</strong></span> <span class='ocrx_word' id='word_1_187' title='bbox 3602 982 3687 1045; x_wconf 83' lang='lat' dir='ltr'><strong>itt-</strong></span> 
     </span>
    </p>
   </div>
   <div class='ocr_carea' id='block_1_26' title="bbox 2086 1068 3683 1147">
    <p class='ocr_par' dir='ltr' id='par_1_26' title="bbox 2086 1068 3683 1147">
     <span class='ocr_line' id='line_1_26' title="bbox 2086 1068 3683 1147; baseline 0.007 -24"><span class='ocrx_word' id='word_1_188' title='bbox 2086 1068 2374 1147; x_wconf 65' lang='lat' dir='ltr'><strong>duxerunl.</strong></span> <span class='ocrx_word' id='word_1_189' title='bbox 2406 1068 2489 1128; x_wconf 84' lang='lat' dir='ltr'><strong>Ad</strong></span> <span class='ocrx_word' id='word_1_190' title='bbox 2517 1069 2620 1125; x_wconf 92' lang='lat' dir='ltr'><strong>hoc</strong></span> <span class='ocrx_word' id='word_1_191' title='bbox 2648 1070 2812 1142; x_wconf 82' lang='lat' dir='ltr'><strong>igitur</strong></span> <span class='ocrx_word' id='word_1_192' title='bbox 2856 1087 2944 1131; x_wconf 91' lang='lat' dir='ltr'><strong>me</strong></span> <span class='ocrx_word' id='word_1_193' title='bbox 2973 1087 3112 1141; x_wconf 89' lang='lat' dir='ltr'><strong>opus</strong></span> <span class='ocrx_word' id='word_1_194' title='bbox 3137 1073 3467 1144; x_wconf 83' lang='lat' dir='ltr'><strong>coarguendi</strong></span> <span class='ocrx_word' id='word_1_195' title='bbox 3504 1074 3683 1146; x_wconf 78' lang='lat' dir='ltr'><strong>philo-</strong></span> 
     </span>
    </p>
   </div>
   <div class='ocr_carea' id='block_1_27' title="bbox 2084 1160 3489 1243">
    <p class='ocr_par' dir='ltr' id='par_1_27' title="bbox 2084 1160 3489 1243">
     <span class='ocr_line' id='line_1_27' title="bbox 2084 1160 3489 1243; baseline 0.006 -26"><span class='ocrx_word' id='word_1_196' title='bbox 2084 1160 2352 1233; x_wconf 83' lang='lat' dir='ltr'><strong>sophiam,</strong></span> <span class='ocrx_word' id='word_1_197' title='bbox 2383 1173 2647 1243; x_wconf 70' lang='lat' dir='ltr'><strong>susceptae</strong></span> <span class='ocrx_word' id='word_1_198' title='bbox 2673 1165 2913 1221; x_wconf 65' lang='lat' dir='ltr'><strong>materiae</strong></span> <span class='ocrx_word' id='word_1_199' title='bbox 2938 1165 3075 1235; x_wconf 78' lang='lat' dir='ltr'><strong>ordo</strong></span> <span class='ocrx_word' id='word_1_200' title='bbox 3102 1165 3219 1237; x_wconf 89' lang='lat' dir='ltr'><strong>ipse</strong></span> <span class='ocrx_word' id='word_1_201' title='bbox 3245 1167 3489 1231; x_wconf 78' lang='lat' dir='ltr'><strong>deduxit.</strong></span> 
     </span>
    </p>
   </div>
   <div class='ocr_carea' id='block_1_28' title="bbox 2157 1253 3687 1330">
    <p class='ocr_par' dir='ltr' id='par_1_28' title="bbox 2157 1253 3687 1330">
     <span class='ocr_line' id='line_1_28' title="bbox 2157 1253 3687 1330; baseline 0.005 -19"><span class='ocrx_word' id='word_1_202' title='bbox 2157 1253 2289 1311; x_wconf 89' lang='lat' dir='ltr'><strong>Nam</strong></span> <span class='ocrx_word' id='word_1_203' title='bbox 2325 1269 2447 1310; x_wconf 90' lang='lat' dir='ltr'><strong>cum</strong></span> <span class='ocrx_word' id='word_1_204' title='bbox 2474 1270 2629 1329; x_wconf 71' lang='lat' dir='ltr'><strong>error</strong></span> <span class='ocrx_word' id='word_1_205' title='bbox 2650 1259 2849 1323; x_wconf 91' lang='lat' dir='ltr'><strong>omnis,</strong></span> <span class='ocrx_word' id='word_1_206' title='bbox 2873 1268 2965 1327; x_wconf 82' lang='lat' dir='ltr'><strong>aut</strong></span> <span class='ocrx_word' id='word_1_207' title='bbox 2992 1273 3058 1313; x_wconf 79' lang='lat' dir='ltr'><strong>ex</strong></span> <span class='ocrx_word' id='word_1_208' title='bbox 3081 1260 3349 1330; x_wconf 81' lang='lat' dir='ltr'><strong>religione</strong></span> <span class='ocrx_word' id='word_1_209' title='bbox 3376 1260 3509 1325; x_wconf 78' lang='lat' dir='ltr'><strong>faISa</strong></span> <span class='ocrx_word' id='word_1_210' title='bbox 3538 1261 3687 1318; x_wconf 87' lang='lat' dir='ltr'><strong>oria-</strong></span> 
     </span>
    </p>
   </div>
   <div class='ocr_carea' id='block_1_29' title="bbox 2086 1348 3692 1423">
    <p class='ocr_par' dir='ltr' id='par_1_29' title="bbox 2086 1348 3692 1423">
     <span class='ocr_line' id='line_1_29' title="bbox 2086 1348 3692 1423; baseline 0.007 -22"><span class='ocrx_word' id='word_1_211' title='bbox 2086 1354 2193 1415; x_wconf 89' lang='lat' dir='ltr'><strong>tur,</strong></span> <span class='ocrx_word' id='word_1_212' title='bbox 2226 1356 2319 1403; x_wconf 86' lang='lat' dir='ltr'><strong>aut</strong></span> <span class='ocrx_word' id='word_1_213' title='bbox 2343 1362 2409 1403; x_wconf 83' lang='lat' dir='ltr'><strong>ex</strong></span> <span class='ocrx_word' id='word_1_214' title='bbox 2437 1348 2724 1423; x_wconf 76' lang='lat' dir='ltr'><strong>sapientia,</strong></span> <span class='ocrx_word' id='word_1_215' title='bbox 2756 1349 2808 1421; x_wconf 83' lang='lat' dir='ltr'><strong>in</strong></span> <span class='ocrx_word' id='word_1_216' title='bbox 2841 1364 2907 1405; x_wconf 93' lang='lat' dir='ltr'><strong>co</strong></span> <span class='ocrx_word' id='word_1_217' title='bbox 2936 1350 3311 1417; x_wconf 82' lang='lat' dir='ltr'><strong>convincendo</strong></span> <span class='ocrx_word' id='word_1_218' title='bbox 3353 1368 3579 1411; x_wconf 85' lang='lat' dir='ltr'><strong>necesse</strong></span> <span class='ocrx_word' id='word_1_219' title='bbox 3606 1363 3692 1412; x_wconf 88' lang='lat' dir='ltr'><strong>est</strong></span> 
     </span>
    </p>
   </div>
   <div class='ocr_carea' id='block_1_30' title="bbox 2085 1440 3693 1521">
    <p class='ocr_par' dir='ltr' id='par_1_30' title="bbox 2085 1440 3693 1521">
     <span class='ocr_line' id='line_1_30' title="bbox 2085 1440 3693 1521; baseline 0.005 -25"><span class='ocrx_word' id='word_1_220' title='bbox 2085 1451 2377 1521; x_wconf 85' lang='lat' dir='ltr'><strong>utrumque</strong></span> <span class='ocrx_word' id='word_1_221' title='bbox 2420 1440 2761 1501; x_wconf 84' lang='lat' dir='ltr'><strong>subvertere.</strong></span> <span class='ocrx_word' id='word_1_222' title='bbox 2811 1442 2944 1498; x_wconf 89' lang='lat' dir='ltr'><strong>Cum</strong></span> <span class='ocrx_word' id='word_1_223' title='bbox 2992 1443 3135 1501; x_wconf 90' lang='lat' dir='ltr'><strong>enim</strong></span> <span class='ocrx_word' id='word_1_224' title='bbox 3183 1445 3254 1511; x_wconf 85' lang='lat' dir='ltr'><strong>sit</strong></span> <span class='ocrx_word' id='word_1_225' title='bbox 3299 1444 3456 1503; x_wconf 89' lang='lat' dir='ltr'><strong>nobis</strong></span> <span class='ocrx_word' id='word_1_226' title='bbox 3495 1445 3693 1511; x_wconf 80' lang='lat' dir='ltr'><strong>divinis</strong></span> 
     </span>
    </p>
   </div>
   <div class='ocr_carea' id='block_1_31' title="bbox 2083 1534 3693 1613">
    <p class='ocr_par' dir='ltr' id='par_1_31' title="bbox 2083 1534 3693 1613">
     <span class='ocr_line' id='line_1_31' title="bbox 2083 1534 3693 1613; baseline 0.004 -25"><span class='ocrx_word' id='word_1_227' title='bbox 2083 1534 2282 1590; x_wconf 85' lang='lat' dir='ltr'><strong>litteris</strong></span> <span class='ocrx_word' id='word_1_228' title='bbox 2311 1535 2590 1602; x_wconf 90' lang='lat' dir='ltr'><strong>traditum,</strong></span> <span class='ocrx_word' id='word_1_229' title='bbox 2620 1535 2983 1606; x_wconf 83' lang='lat' dir='ltr'><strong>cogitationes</strong></span> <span class='ocrx_word' id='word_1_230' title='bbox 3016 1536 3470 1613; x_wconf 77' lang='lat' dir='ltr'><strong>philosophorum</strong></span> <span class='ocrx_word' id='word_1_231' title='bbox 3500 1539 3693 1603; x_wconf 83' lang='lat' dir='ltr'><strong>stultas</strong></span> 
     </span>
    </p>
   </div>
   <div class='ocr_carea' id='block_1_32' title="bbox 2085 1626 3691 1709">
    <p class='ocr_par' dir='ltr' id='par_1_32' title="bbox 2085 1626 3691 1709">
     <span class='ocr_line' id='line_1_32' title="bbox 2085 1626 3691 1709; baseline 0.004 -27"><span class='ocrx_word' id='word_1_232' title='bbox 2085 1641 2230 1692; x_wconf 90' lang='lat' dir='ltr'><strong>esse,</strong></span> <span class='ocrx_word' id='word_1_233' title='bbox 2272 1626 2326 1682; x_wconf 92' lang='lat' dir='ltr'><strong>id</strong></span> <span class='ocrx_word' id='word_1_234' title='bbox 2371 1628 2548 1696; x_wconf 89' lang='lat' dir='ltr'><strong>ipsum</strong></span> <span class='ocrx_word' id='word_1_235' title='bbox 2579 1644 2640 1683; x_wconf 90' lang='lat' dir='ltr'><strong>re</strong></span> <span class='ocrx_word' id='word_1_236' title='bbox 2666 1639 2720 1684; x_wconf 90' lang='lat' dir='ltr'><strong>et</strong></span> <span class='ocrx_word' id='word_1_237' title='bbox 2767 1629 3097 1709; x_wconf 83' lang='lat' dir='ltr'><strong>argumentis</strong></span> <span class='ocrx_word' id='word_1_238' title='bbox 3124 1629 3431 1685; x_wconf 91' lang='lat' dir='ltr'><strong>docendum</strong></span> <span class='ocrx_word' id='word_1_239' title='bbox 3461 1641 3548 1687; x_wconf 91' lang='lat' dir='ltr'><strong>est</strong></span> <span class='ocrx_word' id='word_1_240' title='bbox 3580 1650 3592 1687; x_wconf 89' lang='lat'><strong>:</strong></span> <span class='ocrx_word' id='word_1_241' title='bbox 3624 1649 3691 1689; x_wconf 89' lang='lat' dir='ltr'><strong>ne</strong></span> 
     </span>
    </p>
   </div>
   <div class='ocr_carea' id='block_1_33' title="bbox 372 1718 3691 1798">
    <p class='ocr_par' dir='ltr' id='par_1_33' title="bbox 372 1718 3691 1798">
     <span class='ocr_line' id='line_1_33' title="bbox 372 1718 3691 1798; baseline 0.001 -19"><span class='ocrx_word' id='word_1_242' title='bbox 372 1721 597 1779; x_wconf 87' lang='lat' dir='ltr'><strong>fendat:</strong></span> <span class='ocrx_word' id='word_1_243' title='bbox 628 1737 727 1777; x_wconf 90' lang='lat' dir='ltr'><strong>cur</strong></span> <span class='ocrx_word' id='word_1_244' title='bbox 756 1721 895 1778; x_wconf 89' lang='lat' dir='ltr'><strong>hanc</strong></span> <span class='ocrx_word' id='word_1_245' title='bbox 926 1738 1027 1794; x_wconf 87' lang='lat' dir='ltr'><strong>ego</strong></span> <span class='ocrx_word' id='word_1_246' title='bbox 1058 1724 1112 1778; x_wconf 93' lang='lat' dir='ltr'><strong>in</strong></span> <span class='ocrx_word' id='word_1_247' title='bbox 1138 1725 1368 1779; x_wconf 81' lang='lat' dir='ltr'><strong>maxima</strong></span> <span class='ocrx_word' id='word_1_248' title='bbox 1393 1739 1556 1780; x_wconf 90' lang='lat' dir='ltr'><strong>causa</strong></span> <span class='ocrx_word' id='word_1_249' title='bbox 1581 1766 1597 1792; x_wconf 96' lang='lat'><strong>,</strong></span> <span class='ocrx_word' id='word_1_250' title='bbox 1626 1724 1695 1780; x_wconf 89' lang='lat' dir='ltr'><strong>ab</strong></span> <span class='ocrx_word' id='word_1_251' title='bbox 1736 1724 1980 1798; x_wconf 87' lang='lat' dir='ltr'><strong>ingenio—</strong></span> <span class='ocrx_word' id='word_1_252' title='bbox 2009 1727 2056 1786; x_wconf 85' lang='grc' dir='ltr'>Β</span> <span class='ocrx_word' id='word_1_253' title='bbox 2084 1720 2204 1790; x_wconf 90' lang='lat' dir='ltr'><strong>quis</strong></span> <span class='ocrx_word' id='word_1_254' title='bbox 2233 1718 2462 1775; x_wconf 89' lang='lat' dir='ltr'><strong>honesto</strong></span> <span class='ocrx_word' id='word_1_255' title='bbox 2502 1720 2782 1791; x_wconf 83' lang='lat' dir='ltr'><strong>sapientiae</strong></span> <span class='ocrx_word' id='word_1_256' title='bbox 2813 1721 3031 1776; x_wconf 88' lang='lat' dir='ltr'><strong>nomine</strong></span> <span class='ocrx_word' id='word_1_257' title='bbox 3077 1720 3348 1790; x_wconf 89' lang='lat' dir='ltr'><strong>inductus,</strong></span> <span class='ocrx_word' id='word_1_258' title='bbox 3393 1733 3484 1778; x_wconf 90' lang='lat' dir='ltr'><strong>aut</strong></span> <span class='ocrx_word' id='word_1_259' title='bbox 3516 1725 3691 1782; x_wconf 86' lang='lat' dir='ltr'><strong>inanis</strong></span> 
     </span>
    </p>
   </div>
   <div class='ocr_carea' id='block_1_34' title="bbox 370 1813 1977 1895">
    <p class='ocr_par' dir='ltr' id='par_1_34' title="bbox 370 1813 1977 1895">
     <span class='ocr_line' id='line_1_34' title="bbox 370 1813 1977 1895; baseline 0.001 -26"><span class='ocrx_word' id='word_1_260' title='bbox 370 1814 452 1870; x_wconf 89' lang='lat' dir='ltr'><strong>sis</strong></span> <span class='ocrx_word' id='word_1_261' title='bbox 477 1813 698 1887; x_wconf 89' lang='lat' dir='ltr'><strong>quidem</strong></span> <span class='ocrx_word' id='word_1_262' title='bbox 728 1813 833 1869; x_wconf 91' lang='lat' dir='ltr'><strong>illis</strong></span> <span class='ocrx_word' id='word_1_263' title='bbox 857 1829 922 1870; x_wconf 86' lang='lat' dir='ltr'><strong>ac</strong></span> <span class='ocrx_word' id='word_1_264' title='bbox 941 1814 1162 1870; x_wconf 89' lang='lat' dir='ltr'><strong>disertis</strong></span> <span class='ocrx_word' id='word_1_265' title='bbox 1188 1814 1353 1895; x_wconf 81' lang='lat' dir='ltr'><strong>viris,</strong></span> <span class='ocrx_word' id='word_1_266' title='bbox 1395 1814 1489 1871; x_wconf 90' lang='lat' dir='ltr'><strong>sed</strong></span> <span class='ocrx_word' id='word_1_267' title='bbox 1527 1824 1704 1872; x_wconf 87' lang='lat' dir='ltr'><strong>tamen</strong></span> <span class='ocrx_word' id='word_1_268' title='bbox 1732 1814 1864 1871; x_wconf 86' lang='lat' dir='ltr'><strong>falsa</strong></span> <span class='ocrx_word' id='word_1_269' title='bbox 1895 1814 1977 1871; x_wconf 93' lang='lat' dir='ltr'><strong>di-</strong></span> 
     </span>
    </p>
   </div>
   <div class='ocr_carea' id='block_1_35' title="bbox 371 1906 1977 1979">
    <p class='ocr_par' dir='ltr' id='par_1_35' title="bbox 371 1906 1977 1979">
     <span class='ocr_line' id='line_1_35' title="bbox 371 1906 1977 1979; baseline -0.001 -16"><span class='ocrx_word' id='word_1_270' title='bbox 371 1906 647 1973; x_wconf 89' lang='lat' dir='ltr'><strong>centibus,</strong></span> <span class='ocrx_word' id='word_1_271' title='bbox 682 1921 1003 1977; x_wconf 88' lang='lat' dir='ltr'><strong>oppressum</strong></span> <span class='ocrx_word' id='word_1_272' title='bbox 1035 1907 1097 1963; x_wconf 90' lang='lat' dir='ltr'><strong>iri</strong></span> <span class='ocrx_word' id='word_1_273' title='bbox 1128 1907 1349 1979; x_wconf 85' lang='lat' dir='ltr'><strong>putem?</strong></span> <span class='ocrx_word' id='word_1_274' title='bbox 1379 1922 1441 1962; x_wconf 90' lang='lat' dir='ltr'><strong>ac</strong></span> <span class='ocrx_word' id='word_1_275' title='bbox 1467 1923 1571 1961; x_wconf 90' lang='lat' dir='ltr'><strong>non</strong></span> <span class='ocrx_word' id='word_1_276' title='bbox 1627 1906 1741 1975; x_wconf 91' lang='lat' dir='ltr'><strong>illa,</strong></span> <span class='ocrx_word' id='word_1_277' title='bbox 1786 1907 1831 1962; x_wconf 93' lang='lat' dir='ltr'><strong>si</strong></span> <span class='ocrx_word' id='word_1_278' title='bbox 1874 1907 1977 1962; x_wconf 88' lang='lat' dir='ltr'><strong>mi-</strong></span> 
     </span>
    </p>
   </div>
   <div class='ocr_carea' id='block_1_36' title="bbox 370 1990 1979 2071">
    <p class='ocr_par' dir='ltr' id='par_1_36' title="bbox 370 1990 1979 2071">
     <span class='ocr_line' id='line_1_36' title="bbox 370 1990 1979 2071; baseline 0.001 -17"><span class='ocrx_word' id='word_1_279' title='bbox 370 2014 477 2054; x_wconf 88' lang='lat' dir='ltr'><strong>nus</strong></span> <span class='ocrx_word' id='word_1_280' title='bbox 524 1998 773 2055; x_wconf 89' lang='lat' dir='ltr'><strong>oratione</strong></span> <span class='ocrx_word' id='word_1_281' title='bbox 815 2010 1020 2065; x_wconf 86' lang='lat' dir='ltr'><strong>nostra,</strong></span> <span class='ocrx_word' id='word_1_282' title='bbox 1069 1990 1192 2071; x_wconf 70' lang='lat' dir='ltr'><strong>qua:</strong></span> <span class='ocrx_word' id='word_1_283' title='bbox 1234 1999 1301 2054; x_wconf 91' lang='lat' dir='ltr'><strong>de</strong></span> <span class='ocrx_word' id='word_1_284' title='bbox 1330 1999 1475 2060; x_wconf 90' lang='lat' dir='ltr'><strong>tenui</strong></span> <span class='ocrx_word' id='word_1_285' title='bbox 1504 1999 1649 2055; x_wconf 90' lang='lat' dir='ltr'><strong>fonte</strong></span> <span class='ocrx_word' id='word_1_286' title='bbox 1691 1999 1979 2056; x_wconf 85' lang='lat' dir='ltr'><strong>admodum</strong></span> 
     </span>
    </p>
   </div>
   <div class='ocr_carea' id='block_1_37' title="bbox 370 2093 1982 2162">
    <p class='ocr_par' dir='ltr' id='par_1_37' title="bbox 370 2093 1982 2162">
     <span class='ocr_line' id='line_1_37' title="bbox 370 2093 1982 2162; baseline -0.001 -12"><span class='ocrx_word' id='word_1_287' title='bbox 370 2094 534 2151; x_wconf 72' lang='lat' dir='ltr'><strong>exilis</strong></span> <span class='ocrx_word' id='word_1_288' title='bbox 569 2104 805 2162; x_wconf 87' lang='lat' dir='ltr'><strong>emanat,</strong></span> <span class='ocrx_word' id='word_1_289' title='bbox 857 2094 1062 2151; x_wconf 89' lang='lat' dir='ltr'><strong>lumine</strong></span> <span class='ocrx_word' id='word_1_290' title='bbox 1116 2106 1293 2153; x_wconf 90' lang='lat' dir='ltr'><strong>tamen</strong></span> <span class='ocrx_word' id='word_1_291' title='bbox 1344 2111 1444 2151; x_wconf 91' lang='lat' dir='ltr'><strong>suo</strong></span> <span class='ocrx_word' id='word_1_292' title='bbox 1490 2096 1636 2151; x_wconf 90' lang='lat' dir='ltr'><strong>clara</strong></span> <span class='ocrx_word' id='word_1_293' title='bbox 1686 2093 1982 2150; x_wconf 89' lang='lat' dir='ltr'><strong>etillustris</strong></span> 
     </span>
    </p>
   </div>
   <div class='ocr_carea' id='block_1_38' title="bbox 369 2186 1981 2260">
    <p class='ocr_par' dir='ltr' id='par_1_38' title="bbox 369 2186 1981 2260">
     <span class='ocr_line' id='line_1_38' title="bbox 369 2186 1981 2260; baseline -0.001 -18"><span class='ocrx_word' id='word_1_294' title='bbox 369 2188 669 2259; x_wconf 84' lang='lat' dir='ltr'><strong>appareat?</strong></span> <span class='ocrx_word' id='word_1_295' title='bbox 692 2187 803 2243; x_wconf 91' lang='lat' dir='ltr'><strong>Nec</strong></span> <span class='ocrx_word' id='word_1_296' title='bbox 834 2187 878 2242; x_wconf 90' lang='lat' dir='ltr'><strong>si</strong></span> <span class='ocrx_word' id='word_1_297' title='bbox 924 2188 1231 2260; x_wconf 79' lang='lat' dir='ltr'><strong>phiIOSOphi</strong></span> <span class='ocrx_word' id='word_1_298' title='bbox 1262 2189 1515 2245; x_wconf 90' lang='lat' dir='ltr'><strong>doctrina</strong></span> <span class='ocrx_word' id='word_1_299' title='bbox 1542 2189 1843 2244; x_wconf 89' lang='lat' dir='ltr'><strong>litterarum</strong></span> <span class='ocrx_word' id='word_1_300' title='bbox 1877 2186 1981 2241; x_wconf 91' lang='lat' dir='ltr'><strong>mi-</strong></span> 
     </span>
    </p>
   </div>
   <div class='ocr_carea' id='block_1_39' title="bbox 373 2278 1989 2357">
    <p class='ocr_par' dir='ltr' id='par_1_39' title="bbox 373 2278 1989 2357">
     <span class='ocr_line' id='line_1_39' title="bbox 373 2278 1989 2357; baseline 0.003 -24"><span class='ocrx_word' id='word_1_301' title='bbox 373 2278 581 2334; x_wconf 89' lang='lat' dir='ltr'><strong>rabiles</strong></span> <span class='ocrx_word' id='word_1_302' title='bbox 602 2278 919 2348; x_wconf 81' lang='lat' dir='ltr'><strong>extiterunt,</strong></span> <span class='ocrx_word' id='word_1_303' title='bbox 957 2294 1058 2357; x_wconf 90' lang='lat' dir='ltr'><strong>ego</strong></span> <span class='ocrx_word' id='word_1_304' title='bbox 1096 2281 1258 2338; x_wconf 90' lang='lat' dir='ltr'><strong>etiam</strong></span> <span class='ocrx_word' id='word_1_305' title='bbox 1290 2280 1398 2336; x_wconf 92' lang='lat' dir='ltr'><strong>illis</strong></span> <span class='ocrx_word' id='word_1_306' title='bbox 1424 2280 1710 2335; x_wconf 88' lang='lat' dir='ltr'><strong>scientiam</strong></span> <span class='ocrx_word' id='word_1_307' title='bbox 1750 2278 1863 2334; x_wconf 88' lang='lat' dir='ltr'><strong>veri</strong></span> <span class='ocrx_word' id='word_1_308' title='bbox 1892 2291 1989 2338; x_wconf 80' lang='lat' dir='ltr'><strong>eo.—</strong></span> 
     </span>
    </p>
   </div>
   <div class='ocr_carea' id='block_1_40' title="bbox 369 2368 1984 2447">
    <p class='ocr_par' dir='ltr' id='par_1_40' title="bbox 369 2368 1984 2447">
     <span class='ocr_line' id='line_1_40' title="bbox 369 2368 1984 2447; baseline -0.001 -20"><span class='ocrx_word' id='word_1_309' title='bbox 369 2372 782 2443; x_wconf 86' lang='lat' dir='ltr'><strong>gnitionemque</strong></span> <span class='ocrx_word' id='word_1_310' title='bbox 821 2373 1207 2447; x_wconf 88' lang='lat' dir='ltr'><strong>concesserim,</strong></span> <span class='ocrx_word' id='word_1_311' title='bbox 1259 2388 1418 2446; x_wconf 90' lang='lat' dir='ltr'><strong>quam</strong></span> <span class='ocrx_word' id='word_1_312' title='bbox 1465 2387 1627 2428; x_wconf 90' lang='lat' dir='ltr'><strong>nemo</strong></span> <span class='ocrx_word' id='word_1_313' title='bbox 1675 2368 1984 2447; x_wconf 89' lang='lat' dir='ltr'><strong>cogitando,</strong></span> 
     </span>
    </p>
   </div>
   <div class='ocr_carea' id='block_1_41' title="bbox 373 2463 1989 2548">
    <p class='ocr_par' dir='ltr' id='par_1_41' title="bbox 373 2463 1989 2548">
     <span class='ocr_line' id='line_1_41' title="bbox 373 2463 1989 2548; baseline -0.002 -30"><span class='ocrx_word' id='word_1_314' title='bbox 373 2474 472 2519; x_wconf 88' lang='lat' dir='ltr'><strong>aut</strong></span> <span class='ocrx_word' id='word_1_315' title='bbox 501 2463 827 2536; x_wconf 79' lang='lat' dir='ltr'><strong>diSputando</strong></span> <span class='ocrx_word' id='word_1_316' title='bbox 874 2464 1086 2535; x_wconf 89' lang='lat' dir='ltr'><strong>assequi</strong></span> <span class='ocrx_word' id='word_1_317' title='bbox 1132 2472 1329 2537; x_wconf 88' lang='lat' dir='ltr'><strong>potest.</strong></span> <span class='ocrx_word' id='word_1_318' title='bbox 1366 2463 1559 2548; x_wconf 88' lang='lat' dir='ltr'><strong>Neque</strong></span> <span class='ocrx_word' id='word_1_319' title='bbox 1587 2477 1687 2539; x_wconf 89' lang='lat' dir='ltr'><strong>ego</strong></span> <span class='ocrx_word' id='word_1_320' title='bbox 1729 2476 1871 2517; x_wconf 91' lang='lat' dir='ltr'><strong>nunc</strong></span> <span class='ocrx_word' id='word_1_321' title='bbox 1901 2474 1989 2515; x_wconf 86' lang='lat' dir='ltr'><strong>re-</strong></span> 
     </span>
    </p>
   </div>
   <div class='ocr_carea' id='block_1_42' title="bbox 2086 1811 3690 1884">
    <p class='ocr_par' dir='ltr' id='par_1_42' title="bbox 2086 1811 3690 1884">
     <span class='ocr_line' id='line_1_42' title="bbox 2086 1811 3690 1884; baseline 0.001 -16"><span class='ocrx_word' id='word_1_322' title='bbox 2086 1812 2409 1883; x_wconf 74' lang='lat' dir='ltr'><strong>eloquentite</strong></span> <span class='ocrx_word' id='word_1_323' title='bbox 2439 1811 2732 1882; x_wconf 85' lang='lat' dir='ltr'><strong>splendore</strong></span> <span class='ocrx_word' id='word_1_324' title='bbox 2758 1819 3041 1882; x_wconf 80' lang='lat' dir='ltr'><strong>deceptus,</strong></span> <span class='ocrx_word' id='word_1_325' title='bbox 3072 1812 3323 1868; x_wconf 81' lang='lat' dir='ltr'><strong>humanis</strong></span> <span class='ocrx_word' id='word_1_326' title='bbox 3352 1814 3504 1869; x_wconf 88' lang='lat' dir='ltr'><strong>malit</strong></span> <span class='ocrx_word' id='word_1_327' title='bbox 3529 1831 3690 1884; x_wconf 89' lang='lat' dir='ltr'><strong>quam</strong></span> 
     </span>
    </p>
   </div>
   <div class='ocr_carea' id='block_1_43' title="bbox 2087 1902 3692 1974">
    <p class='ocr_par' dir='ltr' id='par_1_43' title="bbox 2087 1902 3692 1974">
     <span class='ocr_line' id='line_1_43' title="bbox 2087 1902 3692 1974; baseline 0.004 -16"><span class='ocrx_word' id='word_1_328' title='bbox 2087 1902 2283 1959; x_wconf 87' lang='lat' dir='ltr'><strong>divinis</strong></span> <span class='ocrx_word' id='word_1_329' title='bbox 2311 1903 2570 1969; x_wconf 89' lang='lat' dir='ltr'><strong>credere;</strong></span> <span class='ocrx_word' id='word_1_330' title='bbox 2604 1918 2724 1974; x_wconf 72' lang='lat' dir='ltr'><strong>qum</strong></span> <span class='ocrx_word' id='word_1_331' title='bbox 2767 1904 2985 1973; x_wconf 87' lang='lat' dir='ltr'><strong>quidem</strong></span> <span class='ocrx_word' id='word_1_332' title='bbox 3038 1904 3232 1960; x_wconf 87' lang='lat' dir='ltr'><strong>tradita</strong></span> <span class='ocrx_word' id='word_1_333' title='bbox 3280 1918 3405 1961; x_wconf 87' lang='lat' dir='ltr'><strong>sunt</strong></span> <span class='ocrx_word' id='word_1_334' title='bbox 3454 1906 3692 1964; x_wconf 88' lang='lat' dir='ltr'><strong>breviter</strong></span> 
     </span>
    </p>
   </div>
   <div class='ocr_carea' id='block_1_44' title="bbox 2088 1994 3691 2071">
    <p class='ocr_par' dir='ltr' id='par_1_44' title="bbox 2088 1994 3691 2071">
     <span class='ocr_line' id='line_1_44' title="bbox 2088 1994 3691 2071; baseline 0.007 -22"><span class='ocrx_word' id='word_1_335' title='bbox 2088 2010 2153 2050; x_wconf 92' lang='lat' dir='ltr'><strong>ac</strong></span> <span class='ocrx_word' id='word_1_336' title='bbox 2178 1994 2342 2050; x_wconf 91' lang='lat' dir='ltr'><strong>nude.</strong></span> <span class='ocrx_word' id='word_1_337' title='bbox 2372 1994 2486 2050; x_wconf 89' lang='lat' dir='ltr'><strong>Nec</strong></span> <span class='ocrx_word' id='word_1_338' title='bbox 2509 1996 2656 2053; x_wconf 90' lang='lat' dir='ltr'><strong>enim</strong></span> <span class='ocrx_word' id='word_1_339' title='bbox 2706 1996 2934 2051; x_wconf 88' lang='lat' dir='ltr'><strong>decebat</strong></span> <span class='ocrx_word' id='word_1_340' title='bbox 2955 1997 3132 2071; x_wconf 82' lang='lat' dir='ltr'><strong>aliter,</strong></span> <span class='ocrx_word' id='word_1_341' title='bbox 3169 2007 3225 2053; x_wconf 91' lang='lat' dir='ltr'><strong>ut</strong></span> <span class='ocrx_word' id='word_1_342' title='bbox 3271 2014 3391 2054; x_wconf 91' lang='lat' dir='ltr'><strong>cum</strong></span> <span class='ocrx_word' id='word_1_343' title='bbox 3449 2000 3592 2059; x_wconf 85' lang='lat' dir='ltr'><strong>Deus</strong></span> <span class='ocrx_word' id='word_1_344' title='bbox 3619 2003 3691 2059; x_wconf 88' lang='lat' dir='ltr'><strong>ad</strong></span> 
     </span>
    </p>
   </div>
   <div class='ocr_carea' id='block_1_45' title="bbox 2090 2085 3692 2171">
    <p class='ocr_par' dir='ltr' id='par_1_45' title="bbox 2090 2085 3692 2171">
     <span class='ocr_line' id='line_1_45' title="bbox 2090 2085 3692 2171; baseline 0.006 -30"><span class='ocrx_word' id='word_1_345' title='bbox 2090 2086 2362 2143; x_wconf 87' lang='lat' dir='ltr'><strong>hominem</strong></span> <span class='ocrx_word' id='word_1_346' title='bbox 2390 2085 2725 2158; x_wconf 86' lang='lat' dir='ltr'><strong>loqueretur,</strong></span> <span class='ocrx_word' id='word_1_347' title='bbox 2771 2089 3104 2171; x_wconf 81' lang='lat' dir='ltr'><strong>argumentis</strong></span> <span class='ocrx_word' id='word_1_348' title='bbox 3132 2101 3403 2151; x_wconf 89' lang='lat' dir='ltr'><strong>assereret</strong></span> <span class='ocrx_word' id='word_1_349' title='bbox 3439 2108 3566 2151; x_wconf 90' lang='lat' dir='ltr'><strong>suas</strong></span> <span class='ocrx_word' id='word_1_350' title='bbox 3590 2109 3692 2151; x_wconf 85' lang='lat' dir='ltr'><strong>vo-</strong></span> 
     </span>
    </p>
   </div>
   <div class='ocr_carea' id='block_1_46' title="bbox 2094 2179 3692 2259">
    <p class='ocr_par' dir='ltr' id='par_1_46' title="bbox 2094 2179 3692 2259">
     <span class='ocr_line' id='line_1_46' title="bbox 2094 2179 3692 2259; baseline 0.006 -24"><span class='ocrx_word' id='word_1_351' title='bbox 2094 2194 2207 2248; x_wconf 91' lang='lat' dir='ltr'><strong>ces,</strong></span> <span class='ocrx_word' id='word_1_352' title='bbox 2264 2190 2516 2252; x_wconf 89' lang='lat' dir='ltr'><strong>tanquam</strong></span> <span class='ocrx_word' id='word_1_353' title='bbox 2552 2179 2685 2236; x_wconf 82' lang='lat' dir='ltr'><strong>ﬁdes</strong></span> <span class='ocrx_word' id='word_1_354' title='bbox 2714 2180 2761 2236; x_wconf 92' lang='lat' dir='ltr'><strong>ei</strong></span> <span class='ocrx_word' id='word_1_355' title='bbox 2791 2196 2897 2237; x_wconf 93' lang='lat' dir='ltr'><strong>non</strong></span> <span class='ocrx_word' id='word_1_356' title='bbox 2932 2181 3227 2240; x_wconf 88' lang='lat' dir='ltr'><strong>haberetur</strong></span> <span class='ocrx_word' id='word_1_357' title='bbox 3252 2204 3265 2242; x_wconf 87' lang='lat'><strong>:</strong></span> <span class='ocrx_word' id='word_1_358' title='bbox 3292 2184 3409 2254; x_wconf 88' lang='lat' dir='ltr'><strong>sed,</strong></span> <span class='ocrx_word' id='word_1_359' title='bbox 3443 2197 3501 2243; x_wconf 90' lang='lat' dir='ltr'><strong>ut</strong></span> <span class='ocrx_word' id='word_1_360' title='bbox 3530 2202 3692 2259; x_wconf 88' lang='lat' dir='ltr'><strong>opor-</strong></span> 
     </span>
    </p>
   </div>
   <div class='ocr_carea' id='block_1_47' title="bbox 2091 2272 3693 2343">
    <p class='ocr_par' dir='ltr' id='par_1_47' title="bbox 2091 2272 3693 2343">
     <span class='ocr_line' id='line_1_47' title="bbox 2091 2272 3693 2343; baseline 0.006 -15"><span class='ocrx_word' id='word_1_361' title='bbox 2091 2274 2233 2340; x_wconf 88' lang='lat' dir='ltr'><strong>tuit,</strong></span> <span class='ocrx_word' id='word_1_362' title='bbox 2285 2280 2369 2328; x_wconf 89' lang='lat' dir='ltr'><strong>est</strong></span> <span class='ocrx_word' id='word_1_363' title='bbox 2419 2272 2663 2338; x_wconf 91' lang='lat' dir='ltr'><strong>locutus,</strong></span> <span class='ocrx_word' id='word_1_364' title='bbox 2713 2272 2865 2343; x_wconf 90' lang='lat' dir='ltr'><strong>quasi</strong></span> <span class='ocrx_word' id='word_1_365' title='bbox 2916 2289 3096 2329; x_wconf 89' lang='lat' dir='ltr'><strong>rerum</strong></span> <span class='ocrx_word' id='word_1_366' title='bbox 3130 2276 3373 2337; x_wconf 88' lang='lat' dir='ltr'><strong>omnium</strong></span> <span class='ocrx_word' id='word_1_367' title='bbox 3424 2282 3693 2341; x_wconf 80' lang='lat' dir='ltr'><strong>maximus</strong></span> 
     </span>
    </p>
   </div>
   <div class='ocr_carea' id='block_1_48' title="bbox 2086 2365 3690 2449">
    <p class='ocr_par' dir='ltr' id='par_1_48' title="bbox 2086 2365 3690 2449">
     <span class='ocr_line' id='line_1_48' title="bbox 2086 2365 3690 2449; baseline 0.008 -31"><span class='ocrx_word' id='word_1_368' title='bbox 2086 2365 2273 2437; x_wconf 81' lang='lat' dir='ltr'><strong>jndex,</strong></span> <span class='ocrx_word' id='word_1_369' title='bbox 2307 2365 2461 2443; x_wconf 82' lang='lat' dir='ltr'><strong>cujus</strong></span> <span class='ocrx_word' id='word_1_370' title='bbox 2489 2372 2575 2420; x_wconf 91' lang='lat' dir='ltr'><strong>est</strong></span> <span class='ocrx_word' id='word_1_371' title='bbox 2603 2380 2708 2419; x_wconf 91' lang='lat' dir='ltr'><strong>non</strong></span> <span class='ocrx_word' id='word_1_372' title='bbox 2740 2369 3136 2449; x_wconf 73' lang='lat' dir='ltr'><strong>argumentari,</strong></span> <span class='ocrx_word' id='word_1_373' title='bbox 3177 2367 3273 2424; x_wconf 90' lang='lat' dir='ltr'><strong>sed</strong></span> <span class='ocrx_word' id='word_1_374' title='bbox 3323 2371 3690 2441; x_wconf 84' lang='lat' dir='ltr'><strong>pronuntiare.</strong></span> 
     </span>
    </p>
   </div>
   <div class='ocr_carea' id='block_1_49' title="bbox 2090 2456 3693 2539">
    <p class='ocr_par' dir='ltr' id='par_1_49' title="bbox 2090 2456 3693 2539">
     <span class='ocr_line' id='line_1_49' title="bbox 2090 2456 3693 2539; baseline 0.006 -28"><span class='ocrx_word' id='word_1_375' title='bbox 2090 2456 2289 2513; x_wconf 75' lang='lat' dir='ltr'><strong>Verum</strong></span> <span class='ocrx_word' id='word_1_376' title='bbox 2319 2457 2455 2528; x_wconf 90' lang='lat' dir='ltr'><strong>ipse,</strong></span> <span class='ocrx_word' id='word_1_377' title='bbox 2489 2466 2546 2512; x_wconf 91' lang='lat' dir='ltr'><strong>ut</strong></span> <span class='ocrx_word' id='word_1_378' title='bbox 2573 2456 2733 2513; x_wconf 88' lang='lat' dir='ltr'><strong>Deus.</strong></span> <span class='ocrx_word' id='word_1_379' title='bbox 2767 2456 2877 2517; x_wconf 87' lang='lat' dir='ltr'><strong>Nos</strong></span> <span class='ocrx_word' id='word_1_380' title='bbox 2910 2467 3116 2531; x_wconf 85' lang='lat' dir='ltr'><strong>autem,</strong></span> <span class='ocrx_word' id='word_1_381' title='bbox 3146 2474 3268 2515; x_wconf 93' lang='lat' dir='ltr'><strong>cum</strong></span> <span class='ocrx_word' id='word_1_382' title='bbox 3296 2461 3363 2518; x_wconf 91' lang='lat' dir='ltr'><strong>ad</strong></span> <span class='ocrx_word' id='word_1_383' title='bbox 3393 2477 3480 2520; x_wconf 90' lang='lat' dir='ltr'><strong>res</strong></span> <span class='ocrx_word' id='word_1_384' title='bbox 3510 2464 3693 2539; x_wconf 87' lang='lat' dir='ltr'><strong>singu-</strong></span> 
     </span>
    </p>
   </div>
   <div class='ocr_carea' id='block_1_50' title="bbox 1723 2570 2346 2631">
    <p class='ocr_par' dir='ltr' id='par_1_50' title="bbox 1723 2570 2346 2631">
     <span class='ocr_line' id='line_1_50' title="bbox 1723 2570 2346 2631; baseline -0.006 -1"><span class='ocrx_word' id='word_1_385' title='bbox 1723 2571 2081 2631; x_wconf 79' lang='lat' dir='ltr'><strong>VARIORUM</strong></span> <span class='ocrx_word' id='word_1_386' title='bbox 2118 2570 2346 2628; x_wconf 65' lang='lat' dir='ltr'><strong>NOTAE.</strong></span> 
     </span>
    </p>
   </div>
   <div class='ocr_carea' id='block_1_51' title="bbox 369 2692 1962 2765">
    <p class='ocr_par' dir='ltr' id='par_1_51' title="bbox 369 2692 1962 2765">
     <span class='ocr_line' id='line_1_51' title="bbox 369 2692 1962 2765; baseline -0.001 -15"><span class='ocrx_word' id='word_1_387' title='bbox 369 2708 497 2750; x_wconf 84' lang='lat' dir='ltr'><strong>eam</strong></span> <span class='ocrx_word' id='word_1_388' title='bbox 530 2708 653 2765; x_wconf 76' lang='lat' dir='ltr'><strong>quae</strong></span> <span class='ocrx_word' id='word_1_389' title='bbox 681 2701 762 2749; x_wconf 91' lang='lat' dir='ltr'><strong>est</strong></span> <span class='ocrx_word' id='word_1_390' title='bbox 786 2693 1009 2763; x_wconf 68' lang='lat' dir='ltr'><strong>iustitiae</strong></span> <span class='ocrx_word' id='word_1_391' title='bbox 1040 2692 1337 2760; x_wconf 79' lang='lat' dir='ltr'><strong>adulatrix;</strong></span> <span class='ocrx_word' id='word_1_392' title='bbox 1370 2704 1430 2749; x_wconf 91' lang='lat' dir='ltr'><strong>ut</strong></span> <span class='ocrx_word' id='word_1_393' title='bbox 1458 2695 1511 2749; x_wconf 93' lang='lat' dir='ltr'><strong>in</strong></span> <span class='ocrx_word' id='word_1_394' title='bbox 1544 2692 1918 2765; x_wconf 82' lang='lat' dir='ltr'><strong>GorgiaPlato</strong></span> <span class='ocrx_word' id='word_1_395' title='bbox 1944 2732 1962 2758; x_wconf 92' lang='lat'><strong>,</strong></span> 
     </span>
    </p>
   </div>
   <div class='ocr_carea' id='block_1_52' title="bbox 369 2763 1968 2837">
    <p class='ocr_par' dir='ltr' id='par_1_52' title="bbox 369 2763 1968 2837">
     <span class='ocr_line' id='line_1_52' title="bbox 369 2763 1968 2837; baseline -0.001 -16"><span class='ocrx_word' id='word_1_396' title='bbox 369 2775 432 2822; x_wconf 89' lang='lat' dir='ltr'><strong>et</strong></span> <span class='ocrx_word' id='word_1_397' title='bbox 454 2763 814 2837; x_wconf 73' lang='lat' dir='ltr'><strong>Quintilianus</strong></span> <span class='ocrx_word' id='word_1_398' title='bbox 835 2766 927 2819; x_wconf 91' lang='lat' dir='ltr'><strong>lib.</strong></span> <span class='ocrx_word' id='word_1_399' title='bbox 960 2781 1020 2830; x_wconf 87' lang='grc' dir='ltr'><strong>ιι,</strong></span> <span class='ocrx_word' id='word_1_400' title='bbox 1052 2780 1173 2836; x_wconf 92' lang='lat' dir='ltr'><strong>cap.</strong></span> <span class='ocrx_word' id='word_1_401' title='bbox 1200 2764 1287 2830; x_wconf 82' lang='grc'><strong>16,</strong></span> <span class='ocrx_word' id='word_1_402' title='bbox 1316 2776 1373 2820; x_wconf 84' lang='grc' dir='ltr'><strong>ιιι</strong></span> <span class='ocrx_word' id='word_1_403' title='bbox 1400 2763 1713 2837; x_wconf 84' lang='lat' dir='ltr'><strong>prudenter,</strong></span> <span class='ocrx_word' id='word_1_404' title='bbox 1743 2764 1814 2819; x_wconf 91' lang='lat' dir='ltr'><strong>ita</strong></span> <span class='ocrx_word' id='word_1_405' title='bbox 1842 2777 1968 2819; x_wconf 89' lang='lat' dir='ltr'><strong>vere</strong></span> 
     </span>
    </p>
   </div>
   <div class='ocr_carea' id='block_1_53' title="bbox 367 2835 1056 2893">
    <p class='ocr_par' dir='ltr' id='par_1_53' title="bbox 367 2835 1056 2893">
     <span class='ocr_line' id='line_1_53' title="bbox 367 2835 1056 2893; baseline -0.003 -1"><span class='ocrx_word' id='word_1_406' title='bbox 367 2836 702 2892; x_wconf 89' lang='lat' dir='ltr'><strong>docuerunt.</strong></span> <span class='ocrx_word' id='word_1_407' title='bbox 733 2835 1056 2893; x_wconf 75' lang='lat' dir='ltr'><strong>BETULEIUS.</strong></span> 
     </span>
    </p>
   </div>
   <div class='ocr_carea' id='block_1_54' title="bbox 457 2901 1973 2978">
    <p class='ocr_par' dir='ltr' id='par_1_54' title="bbox 457 2901 1973 2978">
     <span class='ocr_line' id='line_1_54' title="bbox 457 2901 1973 2978; baseline 0.001 -16"><span class='ocrx_word' id='word_1_408' title='bbox 457 2905 526 2962; x_wconf 93' lang='lat' dir='ltr'><strong>Ut</strong></span> <span class='ocrx_word' id='word_1_409' title='bbox 552 2906 789 2976; x_wconf 73' lang='lat' dir='ltr'><strong>simplex,</strong></span> <span class='ocrx_word' id='word_1_410' title='bbox 819 2918 925 2962; x_wconf 91' lang='lat' dir='ltr'><strong>etc.</strong></span> <span class='ocrx_word' id='word_1_411' title='bbox 970 2907 1105 2962; x_wconf 83' lang='lat' dir='ltr'><strong>Hinc</strong></span> <span class='ocrx_word' id='word_1_412' title='bbox 1136 2906 1364 2978; x_wconf 84' lang='lat' dir='ltr'><strong>gentiles</strong></span> <span class='ocrx_word' id='word_1_413' title='bbox 1392 2908 1727 2963; x_wconf 87' lang='lat' dir='ltr'><strong>occasionem</strong></span> <span class='ocrx_word' id='word_1_414' title='bbox 1758 2901 1973 2963; x_wconf 89' lang='lat' dir='ltr'><strong>ridendi</strong></span> 
     </span>
    </p>
   </div>
   <div class='ocr_carea' id='block_1_55' title="bbox 372 2977 1971 3048">
    <p class='ocr_par' dir='ltr' id='par_1_55' title="bbox 372 2977 1971 3048">
     <span class='ocr_line' id='line_1_55' title="bbox 372 2977 1971 3048; baseline -0.001 -13"><span class='ocrx_word' id='word_1_415' title='bbox 372 2978 440 3035; x_wconf 87' lang='lat' dir='ltr'><strong>S.</strong></span> <span class='ocrx_word' id='word_1_416' title='bbox 466 2979 797 3047; x_wconf 87' lang='lat' dir='ltr'><strong>Scripturam</strong></span> <span class='ocrx_word' id='word_1_417' title='bbox 826 2992 1108 3048; x_wconf 88' lang='lat' dir='ltr'><strong>sumpsere</strong></span> <span class='ocrx_word' id='word_1_418' title='bbox 1132 2977 1155 3044; x_wconf 33' lang='lat'><strong>,’</strong></span> <span class='ocrx_word' id='word_1_419' title='bbox 1176 2988 1230 3035; x_wconf 91' lang='lat' dir='ltr'><strong>et</strong></span> <span class='ocrx_word' id='word_1_420' title='bbox 1259 2995 1365 3035; x_wconf 91' lang='lat' dir='ltr'><strong>non</strong></span> <span class='ocrx_word' id='word_1_421' title='bbox 1404 2979 1581 3037; x_wconf 87' lang='lat' dir='ltr'><strong>solum</strong></span> <span class='ocrx_word' id='word_1_422' title='bbox 1630 2981 1691 3033; x_wconf 88' lang='lat' dir='ltr'><strong>S.</strong></span> <span class='ocrx_word' id='word_1_423' title='bbox 1723 2977 1971 3047; x_wconf 86' lang='lat' dir='ltr'><strong>Scriptu-</strong></span> 
     </span>
    </p>
   </div>
   <div class='ocr_carea' id='block_1_56' title="bbox 2149 2689 3684 2767">
    <p class='ocr_par' dir='ltr' id='par_1_56' title="bbox 2149 2689 3684 2767">
     <span class='ocr_line' id='line_1_56' title="bbox 2149 2689 3684 2767; baseline 0.005 -20"><span class='ocrx_word' id='word_1_424' title='bbox 2149 2689 2382 2767; x_wconf 67' lang='lat' dir='ltr'><strong>Pountia</strong></span> <span class='ocrx_word' id='word_1_425' title='bbox 2422 2691 2664 2767; x_wconf 65' lang='lat' dir='ltr'><strong>veritatis,</strong></span> <span class='ocrx_word' id='word_1_426' title='bbox 2711 2701 2775 2767; x_wconf 75' lang='lat' dir='ltr'><strong>ut</strong></span> <span class='ocrx_word' id='word_1_427' title='bbox 2813 2694 3101 2767; x_wconf 80' lang='lat' dir='ltr'><strong>seipsam...</strong></span> <span class='ocrx_word' id='word_1_428' title='bbox 3143 2695 3405 2767; x_wconf 77' lang='lat' dir='ltr'><strong>defendat.</strong></span> <span class='ocrx_word' id='word_1_429' title='bbox 3440 2695 3684 2767; x_wconf 84' lang='lat' dir='ltr'><strong>Apparet</strong></span> 
     </span>
    </p>
   </div>
   <div class='ocr_carea' id='block_1_57' title="bbox 2075 2759 3691 2837">
    <p class='ocr_par' dir='ltr' id='par_1_57' title="bbox 2075 2759 3691 2837">
     <span class='ocr_line' id='line_1_57' title="bbox 2075 2759 3691 2837; baseline 0.004 -22"><span class='ocrx_word' id='word_1_430' title='bbox 2075 2759 2286 2837; x_wconf 70' lang='lat' dir='ltr'><strong>Cicero,</strong></span> <span class='ocrx_word' id='word_1_431' title='bbox 2313 2760 2461 2817; x_wconf 76' lang='lat' dir='ltr'><strong>Orat.</strong></span> <span class='ocrx_word' id='word_1_432' title='bbox 2494 2777 2590 2837; x_wconf 78' lang='lat' dir='ltr'><strong>pro</strong></span> <span class='ocrx_word' id='word_1_433' title='bbox 2609 2764 2801 2837; x_wconf 69' lang='lat' dir='ltr'><strong>Gmlio,</strong></span> <span class='ocrx_word' id='word_1_434' title='bbox 2830 2759 2947 2835; x_wconf 73' lang='lat' dir='ltr'><strong>cap.</strong></span> <span class='ocrx_word' id='word_1_435' title='bbox 2979 2766 3090 2821; x_wconf 78' lang='lat'><strong>‘26:</strong></span> <span class='ocrx_word' id='word_1_436' title='bbox 3127 2764 3172 2819; x_wconf 89' lang='lat'><em>0</em></span> <span class='ocrx_word' id='word_1_437' title='bbox 3206 2759 3396 2837; x_wconf 76' lang='lat' dir='ltr'><strong>magna</strong></span> <span class='ocrx_word' id='word_1_438' title='bbox 3418 2759 3691 2823; x_wconf 39' lang='lat' dir='ltr'><strong>vis’v&#39;erita-</strong></span> 
     </span>
    </p>
   </div>
   <div class='ocr_carea' id='block_1_58' title="bbox 2078 2834 3691 2915">
    <p class='ocr_par' dir='ltr' id='par_1_58' title="bbox 2078 2834 3691 2915">
     <span class='ocr_line' id='line_1_58' title="bbox 2078 2834 3691 2915; baseline 0.004 -29"><span class='ocrx_word' id='word_1_439' title='bbox 2078 2834 2164 2915; x_wconf 75' lang='lat' dir='ltr'><strong>tis,</strong></span> <span class='ocrx_word' id='word_1_440' title='bbox 2192 2848 2308 2903; x_wconf 78' lang='lat' dir='ltr'><strong>qua:</strong></span> <span class='ocrx_word' id='word_1_441' title='bbox 2332 2843 2511 2915; x_wconf 83' lang='lat' dir='ltr'><strong>contra</strong></span> <span class='ocrx_word' id='word_1_442' title='bbox 2538 2835 2800 2915; x_wconf 57' lang='lat' dir='ltr'><strong>hominum</strong></span> <span class='ocrx_word' id='word_1_443' title='bbox 2836 2834 3067 2915; x_wconf 62' lang='lat' dir='ltr'><strong>ingenia,</strong></span> <span class='ocrx_word' id='word_1_444' title='bbox 3115 2834 3453 2915; x_wconf 70' lang='lat' dir='ltr'><strong>calliditatem</strong></span> <span class='ocrx_word' id='word_1_445' title='bbox 3476 2880 3492 2903; x_wconf 93' lang='lat'><strong>,</strong></span> <span class='ocrx_word' id='word_1_446' title='bbox 3524 2839 3691 2893; x_wconf 81' lang='lat' dir='ltr'><strong>soler-</strong></span> 
     </span>
    </p>
   </div>
   <div class='ocr_carea' id='block_1_59' title="bbox 2078 2913 2541 2975">
    <p class='ocr_par' dir='ltr' id='par_1_59' title="bbox 2078 2913 2541 2975">
     <span class='ocr_line' id='line_1_59' title="bbox 2078 2913 2541 2975; baseline 0.004 -18"><span class='ocrx_word' id='word_1_447' title='bbox 2078 2913 2222 2975; x_wconf 81' lang='lat' dir='ltr'><strong>tiam,</strong></span> <span class='ocrx_word' id='word_1_448' title='bbox 2266 2913 2541 2975; x_wconf 72' lang='lat' dir='ltr'><strong>contraque</strong></span> 
     </span>
    </p>
   </div>
   <div class='ocr_carea' id='block_1_60' title="bbox 2584 2900 3692 2982">
    <p class='ocr_par' dir='ltr' id='par_1_60' title="bbox 2584 2900 3692 2982">
     <span class='ocr_line' id='line_1_60' title="bbox 2584 2900 3692 2982; baseline 0.008 -25"><span class='ocrx_word' id='word_1_449' title='bbox 2584 2900 2730 2982; x_wconf 68' lang='lat' dir='ltr'><strong>ligas</strong></span> <span class='ocrx_word' id='word_1_450' title='bbox 2758 2900 2986 2964; x_wconf 71' lang='lat' dir='ltr'><strong>omnium</strong></span> <span class='ocrx_word' id='word_1_451' title='bbox 3033 2900 3254 2964; x_wconf 75' lang='lat' dir='ltr'><strong>insidias</strong></span> <span class='ocrx_word' id='word_1_452' title='bbox 3312 2900 3487 2982; x_wconf 69' lang='lat' dir='ltr'><strong>facile</strong></span> <span class='ocrx_word' id='word_1_453' title='bbox 3509 2926 3564 2964; x_wconf 78' lang='lat' dir='ltr'><strong>se</strong></span> <span class='ocrx_word' id='word_1_454' title='bbox 3603 2925 3692 2980; x_wconf 76' lang='lat' dir='ltr'><strong>per</strong></span> 
     </span>
    </p>
   </div>
   <div class='ocr_carea' id='block_1_61' title="bbox 2082 2973 2763 3047">
    <p class='ocr_par' dir='ltr' id='par_1_61' title="bbox 2082 2973 2763 3047">
     <span class='ocr_line' id='line_1_61' title="bbox 2082 2973 2763 3047; baseline 0.004 -18"><span class='ocrx_word' id='word_1_455' title='bbox 2082 2973 2309 3047; x_wconf 69' lang='lat' dir='ltr'><strong>seipsam</strong></span> <span class='ocrx_word' id='word_1_456' title='bbox 2330 2973 2608 3047; x_wconf 33' lang='lat' dir='ltr'><strong>defendat:</strong></span> <span class='ocrx_word' id='word_1_457' title='bbox 2625 2975 2763 3035; x_wconf 81' lang='lat' dir='ltr'><strong>BUN.</strong></span> 
     </span>
    </p>
   </div>
   <div class='ocr_carea' id='block_1_62' title="bbox 369 3040 3697 3176">
    <p class='ocr_par' dir='ltr' id='par_1_62' title="bbox 369 3040 3697 3176">
     <span class='ocr_line' id='line_1_62' title="bbox 369 3040 3697 3123; baseline 0.001 -18"><span class='ocrx_word' id='word_1_458' title='bbox 369 3065 521 3113; x_wconf 84' lang='lat' dir='ltr'><strong>ram,</strong></span> <span class='ocrx_word' id='word_1_459' title='bbox 558 3040 742 3105; x_wconf 80' lang='lat' dir='ltr'><strong>verum</strong></span> <span class='ocrx_word' id='word_1_460' title='bbox 770 3058 823 3104; x_wconf 91' lang='lat' dir='ltr'><strong>et</strong></span> <span class='ocrx_word' id='word_1_461' title='bbox 851 3040 1268 3106; x_wconf 84' lang='lat' dir='ltr'><strong>christianorum</strong></span> <span class='ocrx_word' id='word_1_462' title='bbox 1295 3051 1488 3118; x_wconf 86' lang='lat' dir='ltr'><strong>scripta</strong></span> <span class='ocrx_word' id='word_1_463' title='bbox 1516 3092 1532 3118; x_wconf 97' lang='lat'><strong>,</strong></span> <span class='ocrx_word' id='word_1_464' title='bbox 1587 3059 1673 3107; x_wconf 90' lang='lat' dir='ltr'><strong>tan</strong></span> <span class='ocrx_word' id='word_1_465' title='bbox 1718 3040 1970 3107; x_wconf 56' lang='lat' dir='ltr'><strong>uam&#39;mi-</strong></span> <span class='ocrx_word' id='word_1_466' title='bbox 2005 3040 2052 3105; x_wconf 80' lang='grc' dir='ltr'>Ο</span> <span class='ocrx_word' id='word_1_467' title='bbox 2157 3040 2259 3105; x_wconf 82' lang='lat' dir='ltr'><strong>Cur</strong></span> <span class='ocrx_word' id='word_1_468' title='bbox 2288 3040 2423 3101; x_wconf 75' lang='lat' dir='ltr'><strong>hanc</strong></span> <span class='ocrx_word' id='word_1_469' title='bbox 2439 3062 2551 3116; x_wconf 84' lang='lat' dir='ltr'><strong>ego.</strong></span> <span class='ocrx_word' id='word_1_470' title='bbox 2576 3044 2666 3102; x_wconf 90' lang='lat' dir='ltr'><strong>Sic</strong></span> <span class='ocrx_word' id='word_1_471' title='bbox 2686 3048 2967 3105; x_wconf 82' lang='lat' dir='ltr'><strong>emendavi</strong></span> <span class='ocrx_word' id='word_1_472' title='bbox 2996 3064 3063 3106; x_wconf 82' lang='lat' dir='ltr'><strong>ex</strong></span> <span class='ocrx_word' id='word_1_473' title='bbox 3097 3051 3318 3121; x_wconf 86' lang='lat' dir='ltr'><strong>optimis</strong></span> <span class='ocrx_word' id='word_1_474' title='bbox 3339 3059 3392 3105; x_wconf 91' lang='lat' dir='ltr'><strong>et</strong></span> <span class='ocrx_word' id='word_1_475' title='bbox 3426 3052 3697 3123; x_wconf 75' lang='lat' dir='ltr'><strong>antiquis-</strong></span> 
     </span>
     <span class='ocr_line' id='line_1_63' title="bbox 373 3067 3696 3176; baseline 0.001 -2"><span class='ocrx_word' id='word_1_476' title='bbox 373 3136 488 3174; x_wconf 84' lang='lat' dir='ltr'><strong>mts</strong></span> <span class='ocrx_word' id='word_1_477' title='bbox 538 3132 728 3173; x_wconf 88' lang='lat' dir='ltr'><strong>ornata</strong></span> <span class='ocrx_word' id='word_1_478' title='bbox 770 3129 823 3174; x_wconf 90' lang='lat' dir='ltr'><strong>et</strong></span> <span class='ocrx_word' id='word_1_479' title='bbox 851 3121 1120 3176; x_wconf 80' lang='lat' dir='ltr'><strong>simplicia</strong></span> <span class='ocrx_word' id='word_1_480' title='bbox 1159 3121 1506 3176; x_wconf 83' lang='lat' dir='ltr'><strong>snernebant.</strong></span> <span class='ocrx_word' id='word_1_481' title='bbox 1541 3067 1745 3176; x_wconf 53' lang='lat' dir='ltr'><strong>Arno‘i).</strong></span> <span class='ocrx_word' id='word_1_482' title='bbox 1790 3119 1885 3175; x_wconf 91' lang='lat' dir='ltr'><strong>lib.</strong></span> <span class='ocrx_word' id='word_1_483' title='bbox 1913 3133 1932 3175; x_wconf 87' lang='grc' dir='ltr'><strong>ι</strong></span> <span class='ocrx_word' id='word_1_484' title='bbox 1963 3136 1976 3175; x_wconf 94' lang='lat'><strong>:</strong></span> <span class='ocrx_word' id='word_1_485' title='bbox 2087 3116 2238 3171; x_wconf 88' lang='lat' dir='ltr'><strong>simis</strong></span> <span class='ocrx_word' id='word_1_486' title='bbox 2266 3132 2395 3172; x_wconf 88' lang='lat' dir='ltr'><strong>mss.</strong></span> <span class='ocrx_word' id='word_1_487' title='bbox 2438 3133 2500 3172; x_wconf 88' lang='lat' dir='ltr'><strong>ac</strong></span> <span class='ocrx_word' id='word_1_488' title='bbox 2525 3117 2775 3176; x_wconf 84' lang='lat' dir='ltr'><strong>omnibus</strong></span> <span class='ocrx_word' id='word_1_489' title='bbox 2825 3135 2967 3176; x_wconf 85' lang='lat' dir='ltr'><strong>nene</strong></span> <span class='ocrx_word' id='word_1_490' title='bbox 2999 3122 3179 3176; x_wconf 87' lang='lat' dir='ltr'><strong>editis.</strong></span> <span class='ocrx_word' id='word_1_491' title='bbox 3217 3118 3413 3176; x_wconf 79' lang='lat' dir='ltr'><strong>Seribti</strong></span> <span class='ocrx_word' id='word_1_492' title='bbox 3453 3139 3547 3176; x_wconf 83' lang='lat' dir='ltr'><strong>sex</strong></span> <span class='ocrx_word' id='word_1_493' title='bbox 3585 3124 3696 3176; x_wconf 74' lang='lat' dir='ltr'><strong>et5</strong></span> 
     </span>
    </p>
   </div>
   <div class='ocr_carea' id='block_1_63' title="bbox 373 3119 1976 3188">
    <p class='ocr_par' dir='ltr' id='par_1_63' title="bbox 373 3119 1976 3188">
     <span class='ocr_line' id='line_1_64' title="bbox 373 3119 1976 3188; baseline 0.001 -14"><span class='ocrx_word' id='word_1_494' title='bbox 373 3136 488 3174; x_wconf 86' lang='lat' dir='ltr'><strong>nus</strong></span> <span class='ocrx_word' id='word_1_495' title='bbox 538 3132 728 3173; x_wconf 88' lang='lat' dir='ltr'><strong>ornata</strong></span> <span class='ocrx_word' id='word_1_496' title='bbox 770 3129 823 3174; x_wconf 90' lang='lat' dir='ltr'><strong>et</strong></span> <span class='ocrx_word' id='word_1_497' title='bbox 851 3121 1120 3188; x_wconf 80' lang='lat' dir='ltr'><strong>simplicia</strong></span> <span class='ocrx_word' id='word_1_498' title='bbox 1159 3121 1506 3188; x_wconf 79' lang='lat' dir='ltr'><strong>spernebant.</strong></span> <span class='ocrx_word' id='word_1_499' title='bbox 1541 3119 1745 3177; x_wconf 85' lang='lat' dir='ltr'><strong>Arnob.</strong></span> <span class='ocrx_word' id='word_1_500' title='bbox 1790 3119 1885 3175; x_wconf 91' lang='lat' dir='ltr'><strong>lib.</strong></span> <span class='ocrx_word' id='word_1_501' title='bbox 1913 3133 1932 3175; x_wconf 87' lang='grc' dir='ltr'><strong>ι</strong></span> <span class='ocrx_word' id='word_1_502' title='bbox 1963 3136 1976 3175; x_wconf 94' lang='lat'><strong>:</strong></span> 
     </span>
    </p>
   </div>
   <div class='ocr_carea' id='block_1_64' title="bbox 373 3191 1985 3263">
    <p class='ocr_par' dir='ltr' id='par_1_64' title="bbox 373 3191 1985 3263">
     <span class='ocr_line' id='line_1_65' title="bbox 373 3191 1985 3263; baseline 0 -18"><span class='ocrx_word' id='word_1_503' title='bbox 373 3191 724 3263; x_wconf 69' lang='lat' dir='ltr'><strong>Barbarismis</strong></span> <span class='ocrx_word' id='word_1_504' title='bbox 751 3201 798 3263; x_wconf 78' lang='lat' dir='ltr'><strong>et</strong></span> <span class='ocrx_word' id='word_1_505' title='bbox 824 3192 1119 3263; x_wconf 71' lang='lat' dir='ltr'><strong>solaecismis</strong></span> <span class='ocrx_word' id='word_1_506' title='bbox 1148 3191 1324 3249; x_wconf 77' lang='lat' dir='ltr'><strong>obsita:</strong></span> <span class='ocrx_word' id='word_1_507' title='bbox 1344 3234 1356 3253; x_wconf 90' lang='lat'><strong>,</strong></span> <span class='ocrx_word' id='word_1_508' title='bbox 1387 3192 1591 3263; x_wconf 90' lang='lat' dir='ltr'><strong>inquit,</strong></span> <span class='ocrx_word' id='word_1_509' title='bbox 1622 3203 1739 3249; x_wconf 79' lang='lat' dir='ltr'><strong>sunt</strong></span> <span class='ocrx_word' id='word_1_510' title='bbox 1768 3208 1847 3245; x_wconf 86' lang='lat' dir='ltr'><strong>res</strong></span> <span class='ocrx_word' id='word_1_511' title='bbox 1872 3207 1985 3263; x_wconf 68' lang='lat' dir='ltr'><strong>pes-</strong></span> 
     </span>
    </p>
   </div>
   <div class='ocr_carea' id='block_1_65' title="bbox 378 3260 1980 3333">
    <p class='ocr_par' dir='ltr' id='par_1_65' title="bbox 378 3260 1980 3333">
     <span class='ocr_line' id='line_1_66' title="bbox 378 3260 1980 3333; baseline 0.003 -20"><span class='ocrx_word' id='word_1_512' title='bbox 378 3273 499 3317; x_wconf 73' lang='lat' dir='ltr'><strong>trte.</strong></span> <span class='ocrx_word' id='word_1_513' title='bbox 534 3262 664 3318; x_wconf 86' lang='lat' dir='ltr'><strong>Item</strong></span> <span class='ocrx_word' id='word_1_514' title='bbox 696 3260 931 3317; x_wconf 82' lang='lat' dir='ltr'><strong>Isidorus</strong></span> <span class='ocrx_word' id='word_1_515' title='bbox 966 3262 1260 3324; x_wconf 81' lang='lat' dir='ltr'><strong>Pelusiota,</strong></span> <span class='ocrx_word' id='word_1_516' title='bbox 1297 3263 1389 3318; x_wconf 91' lang='lat' dir='ltr'><strong>lib.</strong></span> <span class='ocrx_word' id='word_1_517' title='bbox 1428 3260 1477 3318; x_wconf 85' lang='lat' dir='ltr'><strong>Iv</strong></span> <span class='ocrx_word' id='word_1_518' title='bbox 1504 3306 1519 3330; x_wconf 96' lang='lat'><strong>,</strong></span> <span class='ocrx_word' id='word_1_519' title='bbox 1559 3260 1715 3333; x_wconf 85' lang='lat' dir='ltr'><strong>epist.</strong></span> <span class='ocrx_word' id='word_1_520' title='bbox 1746 3262 1837 3318; x_wconf 70' lang='lat'><strong>27.</strong></span> <span class='ocrx_word' id='word_1_521' title='bbox 1870 3260 1980 3319; x_wconf 78' lang='lat' dir='ltr'><strong>HB-</strong></span> 
     </span>
    </p>
   </div>
   <div class='ocr_carea' id='block_1_66' title="bbox 376 3333 1983 3404">
    <p class='ocr_par' dir='ltr' id='par_1_66' title="bbox 376 3333 1983 3404">
     <span class='ocr_line' id='line_1_67' title="bbox 376 3333 1983 3404; baseline -0.001 -16"><span class='ocrx_word' id='word_1_522' title='bbox 376 3349 546 3388; x_wconf 71' lang='lat' dir='ltr'><strong>BALD.</strong></span> <span class='ocrx_word' id='word_1_523' title='bbox 580 3360 654 3374; x_wconf 90' lang='lat'><strong>-</strong></span> <span class='ocrx_word' id='word_1_524' title='bbox 682 3333 756 3389; x_wconf 83' lang='lat' dir='ltr'><strong>De</strong></span> <span class='ocrx_word' id='word_1_525' title='bbox 802 3335 1011 3389; x_wconf 89' lang='lat' dir='ltr'><strong>ratione</strong></span> <span class='ocrx_word' id='word_1_526' title='bbox 1052 3333 1281 3404; x_wconf 91' lang='lat' dir='ltr'><strong>simplici</strong></span> <span class='ocrx_word' id='word_1_527' title='bbox 1331 3334 1575 3391; x_wconf 83' lang='lat' dir='ltr'><strong>veritatis</strong></span> <span class='ocrx_word' id='word_1_528' title='bbox 1611 3334 1983 3400; x_wconf 68' lang='lat' dir='ltr'><strong>enucleandm,</strong></span> 
     </span>
    </p>
   </div>
   <div class='ocr_carea' id='block_1_67' title="bbox 376 3404 1984 3477">
    <p class='ocr_par' dir='ltr' id='par_1_67' title="bbox 376 3404 1984 3477">
     <span class='ocr_line' id='line_1_68' title="bbox 376 3404 1984 3477; baseline 0.001 -20"><span class='ocrx_word' id='word_1_529' title='bbox 376 3404 511 3460; x_wconf 87' lang='lat' dir='ltr'><strong>vide</strong></span> <span class='ocrx_word' id='word_1_530' title='bbox 530 3405 817 3477; x_wconf 53' lang='lat' dir='ltr'><strong>Platonem</strong></span> <span class='ocrx_word' id='word_1_531' title='bbox 843 3404 900 3477; x_wconf 85' lang='lat' dir='ltr'><strong>in</strong></span> <span class='ocrx_word' id='word_1_532' title='bbox 927 3404 1167 3477; x_wconf 78' lang='lat' dir='ltr'><strong>Cratylo.</strong></span> <span class='ocrx_word' id='word_1_533' title='bbox 1190 3435 1264 3477; x_wconf 68' lang='grc' dir='ltr'><strong>-τ</strong></span> <span class='ocrx_word' id='word_1_534' title='bbox 1291 3404 1527 3474; x_wconf 71' lang='lat' dir='ltr'><strong>Simplex</strong></span> <span class='ocrx_word' id='word_1_535' title='bbox 1549 3416 1596 3460; x_wconf 88' lang='lat' dir='ltr'><strong>et</strong></span> <span class='ocrx_word' id='word_1_536' title='bbox 1619 3406 1757 3461; x_wconf 87' lang='lat' dir='ltr'><strong>nuda</strong></span> <span class='ocrx_word' id='word_1_537' title='bbox 1775 3405 1984 3477; x_wconf 82' lang='lat' dir='ltr'><strong>veritas,</strong></span> 
     </span>
    </p>
   </div>
   <div class='ocr_carea' id='block_1_68' title="bbox 377 3474 1988 3546">
    <p class='ocr_par' dir='ltr' id='par_1_68' title="bbox 377 3474 1988 3546">
     <span class='ocr_line' id='line_1_69' title="bbox 377 3474 1988 3546; baseline 0 -15"><span class='ocrx_word' id='word_1_538' title='bbox 377 3487 493 3531; x_wconf 89' lang='lat' dir='ltr'><strong>etc.</strong></span> <span class='ocrx_word' id='word_1_539' title='bbox 526 3474 724 3530; x_wconf 81' lang='lat' dir='ltr'><strong>Minue.</strong></span> <span class='ocrx_word' id='word_1_540' title='bbox 759 3474 902 3539; x_wconf 84' lang='lat' dir='ltr'><strong>Fel.,</strong></span> <span class='ocrx_word' id='word_1_541' title='bbox 931 3474 1194 3546; x_wconf 62' lang='lat' dir='ltr'><strong>cap.&#39;l6:</strong></span> <span class='ocrx_word' id='word_1_542' title='bbox 1227 3475 1342 3542; x_wconf 85' lang='lat' dir='ltr'><strong>Quo</strong></span> <span class='ocrx_word' id='word_1_543' title='bbox 1369 3477 1653 3544; x_wconf 84' lang='lat' dir='ltr'><strong>imperitior</strong></span> <span class='ocrx_word' id='word_1_544' title='bbox 1670 3493 1858 3541; x_wconf 83' lang='lat' dir='ltr'><strong>sermo,</strong></span> <span class='ocrx_word' id='word_1_545' title='bbox 1893 3476 1988 3531; x_wconf 83' lang='lat' dir='ltr'><strong>hoc</strong></span> 
     </span>
    </p>
   </div>
   <div class='ocr_carea' id='block_1_69' title="bbox 375 3546 1989 3620">
    <p class='ocr_par' dir='ltr' id='par_1_69' title="bbox 375 3546 1989 3620">
     <span class='ocr_line' id='line_1_70' title="bbox 375 3546 1989 3620; baseline 0 -20"><span class='ocrx_word' id='word_1_546' title='bbox 375 3547 640 3620; x_wconf 74' lang='lat' dir='ltr'><strong>illustrior</strong></span> <span class='ocrx_word' id='word_1_547' title='bbox 665 3549 797 3620; x_wconf 79' lang='lat' dir='ltr'><strong>ratio</strong></span> <span class='ocrx_word' id='word_1_548' title='bbox 830 3556 946 3620; x_wconf 76' lang='lat' dir='ltr'><strong>est:</strong></span> <span class='ocrx_word' id='word_1_549' title='bbox 972 3549 1215 3618; x_wconf 84' lang='lat' dir='ltr'><strong>quoniam</strong></span> <span class='ocrx_word' id='word_1_550' title='bbox 1242 3564 1343 3603; x_wconf 88' lang='lat' dir='ltr'><strong>non</strong></span> <span class='ocrx_word' id='word_1_551' title='bbox 1364 3552 1567 3620; x_wconf 80' lang='lat' dir='ltr'><strong>fucatur</strong></span> <span class='ocrx_word' id='word_1_552' title='bbox 1588 3564 1775 3620; x_wconf 83' lang='lat' dir='ltr'><strong>pompa</strong></span> <span class='ocrx_word' id='word_1_553' title='bbox 1804 3546 1989 3620; x_wconf 71' lang='lat' dir='ltr'><strong>facun-</strong></span> 
     </span>
    </p>
   </div>
   <div class='ocr_carea' id='block_1_70' title="bbox 376 3616 1989 3690">
    <p class='ocr_par' dir='ltr' id='par_1_70' title="bbox 376 3616 1989 3690">
     <span class='ocr_line' id='line_1_71' title="bbox 376 3616 1989 3690; baseline 0.002 -21"><span class='ocrx_word' id='word_1_554' title='bbox 376 3618 488 3690; x_wconf 63' lang='lat' dir='ltr'><strong>dia</strong></span> <span class='ocrx_word' id='word_1_555' title='bbox 510 3627 558 3671; x_wconf 83' lang='lat' dir='ltr'><strong>et</strong></span> <span class='ocrx_word' id='word_1_556' title='bbox 583 3619 796 3690; x_wconf 83' lang='lat' dir='ltr'><strong>gratiae,</strong></span> <span class='ocrx_word' id='word_1_557' title='bbox 827 3617 916 3690; x_wconf 82' lang='lat' dir='ltr'><strong>sed</strong></span> <span class='ocrx_word' id='word_1_558' title='bbox 957 3616 1012 3675; x_wconf 81' lang='lat' dir='ltr'><strong>ut</strong></span> <span class='ocrx_word' id='word_1_559' title='bbox 1049 3628 1158 3683; x_wconf 75' lang='lat' dir='ltr'><strong>est,</strong></span> <span class='ocrx_word' id='word_1_560' title='bbox 1194 3621 1316 3674; x_wconf 84' lang='lat' dir='ltr'><strong>recti</strong></span> <span class='ocrx_word' id='word_1_561' title='bbox 1342 3616 1520 3690; x_wconf 76' lang='lat' dir='ltr'><strong>regula</strong></span> <span class='ocrx_word' id='word_1_562' title='bbox 1552 3616 1846 3690; x_wconf 74' lang='lat' dir='ltr'><strong>sustinetur.</strong></span> <span class='ocrx_word' id='word_1_563' title='bbox 1884 3616 1989 3689; x_wconf 86' lang='lat' dir='ltr'><strong>Cy-</strong></span> 
     </span>
    </p>
   </div>
   <div class='ocr_carea' id='block_1_71' title="bbox 383 3688 1991 3760">
    <p class='ocr_par' dir='ltr' id='par_1_71' title="bbox 383 3688 1991 3760">
     <span class='ocr_line' id='line_1_72' title="bbox 383 3688 1991 3760; baseline 0 -16"><span class='ocrx_word' id='word_1_564' title='bbox 383 3689 571 3760; x_wconf 84' lang='lat' dir='ltr'><strong>prian,</strong></span> <span class='ocrx_word' id='word_1_565' title='bbox 599 3689 638 3747; x_wconf 89' lang='lat' dir='ltr'><strong>l.</strong></span> <span class='ocrx_word' id='word_1_566' title='bbox 668 3705 727 3755; x_wconf 89' lang='grc' dir='ltr'><strong>ιι,</strong></span> <span class='ocrx_word' id='word_1_567' title='bbox 758 3704 845 3759; x_wconf 91' lang='lat' dir='ltr'><strong>ep.</strong></span> <span class='ocrx_word' id='word_1_568' title='bbox 875 3688 932 3756; x_wconf 75' lang='grc' dir='ltr'><strong>Ξ,</strong></span> <span class='ocrx_word' id='word_1_569' title='bbox 960 3690 1028 3745; x_wconf 90' lang='lat' dir='ltr'><strong>ad</strong></span> <span class='ocrx_word' id='word_1_570' title='bbox 1062 3689 1325 3747; x_wconf 88' lang='lat' dir='ltr'><strong>Donatum</strong></span> <span class='ocrx_word' id='word_1_571' title='bbox 1360 3707 1374 3743; x_wconf 92' lang='lat'><strong>:</strong></span> <span class='ocrx_word' id='word_1_572' title='bbox 1403 3688 1533 3745; x_wconf 75' lang='lat' dir='ltr'><strong>Cum</strong></span> <span class='ocrx_word' id='word_1_573' title='bbox 1563 3690 1626 3745; x_wconf 85' lang='lat' dir='ltr'><strong>de</strong></span> <span class='ocrx_word' id='word_1_574' title='bbox 1672 3688 1893 3744; x_wconf 87' lang='lat' dir='ltr'><strong>Domino</strong></span> <span class='ocrx_word' id='word_1_575' title='bbox 1932 3688 1991 3760; x_wconf 73' lang='lat' dir='ltr'><strong>et</strong></span> 
     </span>
    </p>
   </div>
   <div class='ocr_carea' id='block_1_72' title="bbox 375 3759 1991 3832">
    <p class='ocr_par' dir='ltr' id='par_1_72' title="bbox 375 3759 1991 3832">
     <span class='ocr_line' id='line_1_73' title="bbox 375 3759 1991 3832; baseline 0.001 -19"><span class='ocrx_word' id='word_1_576' title='bbox 375 3765 454 3813; x_wconf 84' lang='lat' dir='ltr'><strong>de</strong></span> <span class='ocrx_word' id='word_1_577' title='bbox 482 3760 589 3814; x_wconf 89' lang='lat' dir='ltr'><strong>Deo</strong></span> <span class='ocrx_word' id='word_1_578' title='bbox 616 3776 712 3814; x_wconf 72' lang='lat' dir='ltr'><strong>vos;</strong></span> <span class='ocrx_word' id='word_1_579' title='bbox 731 3771 826 3826; x_wconf 79' lang='lat' dir='ltr'><strong>est,</strong></span> <span class='ocrx_word' id='word_1_580' title='bbox 857 3763 990 3816; x_wconf 80' lang='lat' dir='ltr'><strong>vocis</strong></span> <span class='ocrx_word' id='word_1_581' title='bbox 1013 3777 1144 3832; x_wconf 88' lang='lat' dir='ltr'><strong>pura</strong></span> <span class='ocrx_word' id='word_1_582' title='bbox 1164 3762 1430 3816; x_wconf 72' lang='lat' dir='ltr'><strong>sinceritas</strong></span> <span class='ocrx_word' id='word_1_583' title='bbox 1458 3778 1559 3814; x_wconf 89' lang='lat' dir='ltr'><strong>non</strong></span> <span class='ocrx_word' id='word_1_584' title='bbox 1588 3761 1890 3832; x_wconf 58' lang='lat' dir='ltr'><strong>eloquentia:</strong></span> <span class='ocrx_word' id='word_1_585' title='bbox 1914 3759 1991 3815; x_wconf 66' lang='lat' dir='ltr'><strong>tti-</strong></span> 
     </span>
    </p>
   </div>
   <div class='ocr_carea' id='block_1_73' title="bbox 378 3829 1991 3902">
    <p class='ocr_par' dir='ltr' id='par_1_73' title="bbox 378 3829 1991 3902">
     <span class='ocr_line' id='line_1_74' title="bbox 378 3829 1991 3902; baseline 0.001 -17"><span class='ocrx_word' id='word_1_586' title='bbox 378 3832 533 3886; x_wconf 80' lang='lat' dir='ltr'><strong>ribus</strong></span> <span class='ocrx_word' id='word_1_587' title='bbox 575 3832 752 3887; x_wconf 80' lang='lat' dir='ltr'><strong>nititur</strong></span> <span class='ocrx_word' id='word_1_588' title='bbox 780 3832 849 3888; x_wconf 87' lang='lat' dir='ltr'><strong>ad</strong></span> <span class='ocrx_word' id='word_1_589' title='bbox 884 3829 1022 3899; x_wconf 72' lang='lat' dir='ltr'><strong>ﬁdei</strong></span> <span class='ocrx_word' id='word_1_590' title='bbox 1050 3842 1385 3902; x_wconf 83' lang='lat' dir='ltr'><strong>argumenta,</strong></span> <span class='ocrx_word' id='word_1_591' title='bbox 1432 3832 1521 3887; x_wconf 81' lang='lat' dir='ltr'><strong>sed</strong></span> <span class='ocrx_word' id='word_1_592' title='bbox 1560 3829 1725 3887; x_wconf 84' lang='lat' dir='ltr'><strong>rebus.</strong></span> <span class='ocrx_word' id='word_1_593' title='bbox 1759 3829 1991 3900; x_wconf 77' lang='lat' dir='ltr'><strong>Denique</strong></span> 
     </span>
    </p>
   </div>
   <div class='ocr_carea' id='block_1_74' title="bbox 379 3902 1991 3974">
    <p class='ocr_par' dir='ltr' id='par_1_74' title="bbox 379 3902 1991 3974">
     <span class='ocr_line' id='line_1_75' title="bbox 379 3902 1991 3974; baseline 0.003 -20"><span class='ocrx_word' id='word_1_594' title='bbox 379 3902 571 3971; x_wconf 83' lang='lat' dir='ltr'><strong>accipe</strong></span> <span class='ocrx_word' id='word_1_595' title='bbox 599 3919 699 3956; x_wconf 87' lang='lat' dir='ltr'><strong>non</strong></span> <span class='ocrx_word' id='word_1_596' title='bbox 726 3905 948 3967; x_wconf 82' lang='lat' dir='ltr'><strong>diserta,</strong></span> <span class='ocrx_word' id='word_1_597' title='bbox 990 3902 1079 3957; x_wconf 82' lang='lat' dir='ltr'><strong>sed</strong></span> <span class='ocrx_word' id='word_1_598' title='bbox 1118 3906 1272 3974; x_wconf 84' lang='lat' dir='ltr'><strong>fortia</strong></span> <span class='ocrx_word' id='word_1_599' title='bbox 1293 3946 1307 3967; x_wconf 94' lang='lat'><strong>,</strong></span> <span class='ocrx_word' id='word_1_600' title='bbox 1341 3920 1542 3957; x_wconf 87' lang='lat' dir='ltr'><strong>nec.....</strong></span> <span class='ocrx_word' id='word_1_601' title='bbox 1586 3904 1723 3957; x_wconf 87' lang='lat' dir='ltr'><strong>culto</strong></span> <span class='ocrx_word' id='word_1_602' title='bbox 1760 3918 1991 3959; x_wconf 79' lang='lat' dir='ltr'><strong>sermone</strong></span> 
     </span>
    </p>
   </div>
   <div class='ocr_carea' id='block_1_75' title="bbox 378 3974 1990 4045">
    <p class='ocr_par' dir='ltr' id='par_1_75' title="bbox 378 3974 1990 4045">
     <span class='ocr_line' id='line_1_76' title="bbox 378 3974 1990 4045; baseline 0.002 -19"><span class='ocrx_word' id='word_1_603' title='bbox 378 3976 613 4045; x_wconf 82' lang='lat' dir='ltr'><strong>fucata,</strong></span> <span class='ocrx_word' id='word_1_604' title='bbox 655 3976 809 4028; x_wconf 82' lang='lat' dir='ltr'><strong>sed...</strong></span> <span class='ocrx_word' id='word_1_605' title='bbox 865 3975 984 4027; x_wconf 87' lang='lat' dir='ltr'><strong>rudi</strong></span> <span class='ocrx_word' id='word_1_606' title='bbox 1037 3977 1246 4045; x_wconf 69' lang='lat' dir='ltr'><strong>veritate</strong></span> <span class='ocrx_word' id='word_1_607' title='bbox 1286 3974 1562 4045; x_wconf 82' lang='lat' dir='ltr'><strong>simplicia.</strong></span> <span class='ocrx_word' id='word_1_608' title='bbox 1604 3974 1774 4045; x_wconf 69' lang='lat' dir='ltr'><strong>Adde</strong></span> <span class='ocrx_word' id='word_1_609' title='bbox 1828 3988 1990 4029; x_wconf 88' lang='lat' dir='ltr'><strong>aurea</strong></span> 
     </span>
    </p>
   </div>
   <div class='ocr_carea' id='block_1_76' title="bbox 378 4042 1987 4117">
    <p class='ocr_par' dir='ltr' id='par_1_76' title="bbox 378 4042 1987 4117">
     <span class='ocr_line' id='line_1_77' title="bbox 378 4042 1987 4117; baseline 0.001 -21"><span class='ocrx_word' id='word_1_610' title='bbox 378 4042 828 4117; x_wconf 24' lang='lat' dir='ltr'><strong>verbaAOrigenis</strong></span> <span class='ocrx_word' id='word_1_611' title='bbox 845 4054 1032 4101; x_wconf 86' lang='lat' dir='ltr'><strong>contra</strong></span> <span class='ocrx_word' id='word_1_612' title='bbox 1056 4042 1272 4101; x_wconf 87' lang='lat' dir='ltr'><strong>Celsum</strong></span> <span class='ocrx_word' id='word_1_613' title='bbox 1302 4045 1340 4101; x_wconf 91' lang='lat' dir='ltr'><strong>l.</strong></span> <span class='ocrx_word' id='word_1_614' title='bbox 1370 4042 1449 4111; x_wconf 73' lang='lat' dir='ltr'><strong>in,</strong></span> <span class='ocrx_word' id='word_1_615' title='bbox 1473 4044 1562 4103; x_wconf 88' lang='lat' dir='ltr'><strong>ed.</strong></span> <span class='ocrx_word' id='word_1_616' title='bbox 1582 4044 1836 4117; x_wconf 86' lang='lat' dir='ltr'><strong>Cantab.,</strong></span> <span class='ocrx_word' id='word_1_617' title='bbox 1867 4060 1987 4117; x_wconf 85' lang='lat' dir='ltr'><strong>pag.</strong></span> 
     </span>
    </p>
   </div>
   <div class='ocr_carea' id='block_1_77' title="bbox 339 4113 1987 4243">
    <p class='ocr_par' dir='ltr' id='par_1_77' title="bbox 339 4113 1987 4243">
     <span class='ocr_line' id='line_1_78' title="bbox 339 4113 1987 4243; baseline 0 -72"><span class='ocrx_word' id='word_1_618' title='bbox 339 4182 355 4196; x_wconf 51' lang='lat'><strong>.</strong></span> <span class='ocrx_word' id='word_1_619' title='bbox 378 4113 517 4172; x_wconf 77' lang='grc'><strong>155.</strong></span> <span class='ocrx_word' id='word_1_620' title='bbox 557 4113 780 4189; x_wconf 79' lang='lat' dir='ltr'><strong>Egregie</strong></span> <span class='ocrx_word' id='word_1_621' title='bbox 808 4117 1091 4188; x_wconf 81' lang='lat' dir='ltr'><strong>Euripides</strong></span> <span class='ocrx_word' id='word_1_622' title='bbox 1118 4117 1171 4173; x_wconf 90' lang='lat' dir='ltr'><strong>in</strong></span> <span class='ocrx_word' id='word_1_623' title='bbox 1201 4118 1495 4186; x_wconf 76' lang='lat' dir='ltr'><strong>Pliteniss.,</strong></span> <span class='ocrx_word' id='word_1_624' title='bbox 1526 4116 1822 4243; x_wconf 47' lang='grc' dir='ltr'><strong>γὲῗΝέἰίἶἺ</strong></span> <span class='ocrx_word' id='word_1_625' title='bbox 1823 4113 1987 4189; x_wconf 79' lang='lat' dir='ltr'><strong>seqq.</strong></span> 
     </span>
    </p>
   </div>
   <div class='ocr_carea' id='block_1_78' title="bbox 1608 4204 1842 4244">
    <p class='ocr_par' dir='ltr' id='par_1_78' title="bbox 1608 4204 1842 4244">
     <span class='ocr_line' id='line_1_79' title="bbox 1608 4204 1842 4244; baseline -0.004 -2"><span class='ocrx_word' id='word_1_626' title='bbox 1608 4204 1842 4244; x_wconf 75' lang='lat' dir='ltr'><strong>UNEIIAN.</strong></span> 
     </span>
    </p>
   </div>
   <div class='ocr_carea' id='block_1_79' title="bbox 460 4255 1989 4331">
    <p class='ocr_par' dir='ltr' id='par_1_79' title="bbox 460 4255 1989 4331">
     <span class='ocr_line' id='line_1_80' title="bbox 460 4255 1989 4331; baseline 0.003 -20"><span class='ocrx_word' id='word_1_627' title='bbox 460 4255 718 4331; x_wconf 62' lang='lat' dir='ltr'><strong>Placere}.</strong></span> <span class='ocrx_word' id='word_1_628' title='bbox 749 4256 977 4331; x_wconf 66' lang='lat' dir='ltr'><strong>Restitui</strong></span> <span class='ocrx_word' id='word_1_629' title='bbox 1008 4274 1073 4317; x_wconf 79' lang='lat' dir='ltr'><strong>ex</strong></span> <span class='ocrx_word' id='word_1_630' title='bbox 1105 4274 1238 4331; x_wconf 80' lang='lat' dir='ltr'><strong>mss.</strong></span> <span class='ocrx_word' id='word_1_631' title='bbox 1269 4260 1294 4314; x_wconf 97' lang='grc'><strong>1</strong></span> <span class='ocrx_word' id='word_1_632' title='bbox 1329 4258 1539 4315; x_wconf 90' lang='lat' dir='ltr'><strong>Bonon.</strong></span> <span class='ocrx_word' id='word_1_633' title='bbox 1569 4258 1772 4331; x_wconf 85' lang='lat' dir='ltr'><strong>autiq.,</strong></span> <span class='ocrx_word' id='word_1_634' title='bbox 1795 4258 1839 4331; x_wconf 72' lang='lat'><strong>2</strong></span> <span class='ocrx_word' id='word_1_635' title='bbox 1854 4257 1989 4331; x_wconf 84' lang='lat' dir='ltr'><strong>Reg.</strong></span> 
     </span>
    </p>
   </div>
   <div class='ocr_carea' id='block_1_80' title="bbox 381 4327 1580 4401">
    <p class='ocr_par' dir='ltr' id='par_1_80' title="bbox 381 4327 1580 4401">
     <span class='ocr_line' id='line_1_81' title="bbox 381 4327 1580 4401; baseline 0 -17"><span class='ocrx_word' id='word_1_636' title='bbox 381 4328 568 4398; x_wconf 74' lang='lat' dir='ltr'><strong>Lips,</strong></span> <span class='ocrx_word' id='word_1_637' title='bbox 604 4328 743 4396; x_wconf 68' lang='grc' dir='ltr'><strong>νει..</strong></span> <span class='ocrx_word' id='word_1_638' title='bbox 778 4329 804 4384; x_wconf 85' lang='grc'><strong>1</strong></span> <span class='ocrx_word' id='word_1_639' title='bbox 847 4327 999 4385; x_wconf 88' lang='lat' dir='ltr'><strong>Colb.</strong></span> <span class='ocrx_word' id='word_1_640' title='bbox 1049 4340 1103 4386; x_wconf 91' lang='lat' dir='ltr'><strong>et</strong></span> <span class='ocrx_word' id='word_1_641' title='bbox 1146 4332 1170 4389; x_wconf 87' lang='grc'><strong>1</strong></span> <span class='ocrx_word' id='word_1_642' title='bbox 1214 4330 1405 4397; x_wconf 89' lang='lat' dir='ltr'><strong>Brun.,</strong></span> <span class='ocrx_word' id='word_1_643' title='bbox 1438 4330 1580 4401; x_wconf 90' lang='lat' dir='ltr'><strong>quod</strong></span> 
     </span>
    </p>
   </div>
   <div class='ocr_carea' id='block_1_81' title="bbox 378 4400 1984 4473">
    <p class='ocr_par' dir='ltr' id='par_1_81' title="bbox 378 4400 1984 4473">
     <span class='ocr_line' id='line_1_82' title="bbox 378 4400 1984 4473; baseline 0.001 -18"><span class='ocrx_word' id='word_1_644' title='bbox 378 4402 635 4473; x_wconf 80' lang='lat' dir='ltr'><strong>exigunt,</strong></span> <span class='ocrx_word' id='word_1_645' title='bbox 663 4410 718 4455; x_wconf 88' lang='lat' dir='ltr'><strong>ut</strong></span> <span class='ocrx_word' id='word_1_646' title='bbox 736 4400 954 4470; x_wconf 73' lang='lat' dir='ltr'><strong>simplex</strong></span> <span class='ocrx_word' id='word_1_647' title='bbox 992 4412 1038 4455; x_wconf 90' lang='lat' dir='ltr'><strong>et</strong></span> <span class='ocrx_word' id='word_1_648' title='bbox 1076 4402 1216 4457; x_wconf 86' lang='lat' dir='ltr'><strong>nuda</strong></span> <span class='ocrx_word' id='word_1_649' title='bbox 1244 4404 1431 4459; x_wconf 83' lang='lat' dir='ltr'><strong>veritas</strong></span> <span class='ocrx_word' id='word_1_650' title='bbox 1466 4411 1596 4461; x_wconf 84' lang='lat' dir='ltr'><strong>esset</strong></span> <span class='ocrx_word' id='word_1_651' title='bbox 1618 4400 1984 4473; x_wconf 71' lang='lat' dir='ltr'><strong>luculentior...</strong></span> 
     </span>
    </p>
   </div>
   <div class='ocr_carea' id='block_1_82' title="bbox 377 4470 1983 4544">
    <p class='ocr_par' dir='ltr' id='par_1_82' title="bbox 377 4470 1983 4544">
     <span class='ocr_line' id='line_1_83' title="bbox 377 4470 1983 4544; baseline 0.003 -22"><span class='ocrx_word' id='word_1_652' title='bbox 377 4470 713 4544; x_wconf 63' lang='lat' dir='ltr'><strong>mendacium</strong></span> <span class='ocrx_word' id='word_1_653' title='bbox 765 4487 879 4527; x_wconf 75' lang='lat' dir='ltr'><strong>vero</strong></span> <span class='ocrx_word' id='word_1_654' title='bbox 931 4473 1097 4544; x_wconf 71' lang='lat' dir='ltr'><strong>specie</strong></span> <span class='ocrx_word' id='word_1_655' title='bbox 1144 4474 1374 4544; x_wconf 72' lang='lat' dir='ltr'><strong>placeret</strong></span> <span class='ocrx_word' id='word_1_656' title='bbox 1400 4473 1587 4528; x_wconf 82' lang='lat' dir='ltr'><strong>aliena.</strong></span> <span class='ocrx_word' id='word_1_657' title='bbox 1615 4472 1785 4544; x_wconf 16' lang='lat' dir='ltr'><strong>‘Alter</strong></span> <span class='ocrx_word' id='word_1_658' title='bbox 1811 4470 1983 4529; x_wconf 88' lang='lat' dir='ltr'><strong>Brun.</strong></span> 
     </span>
    </p>
   </div>
   <div class='ocr_carea' id='block_1_83' title="bbox 384 4541 1894 4617">
    <p class='ocr_par' dir='ltr' id='par_1_83' title="bbox 384 4541 1894 4617">
     <span class='ocr_line' id='line_1_84' title="bbox 384 4541 1894 4617; baseline 0.001 -21"><span class='ocrx_word' id='word_1_659' title='bbox 384 4541 559 4617; x_wconf 74' lang='lat' dir='ltr'><strong>habet</strong></span> <span class='ocrx_word' id='word_1_660' title='bbox 584 4542 805 4617; x_wconf 73' lang='lat' dir='ltr'><strong>placere2</strong></span> <span class='ocrx_word' id='word_1_661' title='bbox 839 4542 1097 4617; x_wconf 74' lang='lat' dir='ltr'><strong>mendose</strong></span> <span class='ocrx_word' id='word_1_662' title='bbox 1116 4541 1285 4609; x_wconf 41' lang='lat' dir='ltr'><strong>(mss.</strong></span> <span class='ocrx_word' id='word_1_663' title='bbox 1314 4541 1384 4617; x_wconf 66' lang='grc'><strong>14</strong></span> <span class='ocrx_word' id='word_1_664' title='bbox 1414 4559 1536 4601; x_wconf 85' lang='lat' dir='ltr'><strong>cum</strong></span> <span class='ocrx_word' id='word_1_665' title='bbox 1564 4541 1679 4612; x_wconf 86' lang='lat' dir='ltr'><strong>ed.,</strong></span> <span class='ocrx_word' id='word_1_666' title='bbox 1709 4543 1894 4617; x_wconf 79' lang='lat' dir='ltr'><strong>placet.</strong></span> 
     </span>
    </p>
   </div>
   <div class='ocr_carea' id='block_1_84' title="bbox 476 4612 1386 4671">
    <p class='ocr_par' dir='ltr' id='par_1_84' title="bbox 476 4612 1386 4671">
     <span class='ocr_line' id='line_1_85' title="bbox 476 4612 1386 4671; baseline 0.002 -6"><span class='ocrx_word' id='word_1_667' title='bbox 476 4612 730 4668; x_wconf 75' lang='lat' dir='ltr'><strong>Vanescit.</strong></span> <span class='ocrx_word' id='word_1_668' title='bbox 760 4613 867 4670; x_wconf 87' lang='lat' dir='ltr'><strong>Mss</strong></span> <span class='ocrx_word' id='word_1_669' title='bbox 894 4612 928 4669; x_wconf 84' lang='grc'>5</span> <span class='ocrx_word' id='word_1_670' title='bbox 955 4631 1063 4670; x_wconf 89' lang='lat' dir='ltr'><strong>rec.</strong></span> <span class='ocrx_word' id='word_1_671' title='bbox 1096 4616 1386 4671; x_wconf 87' lang='lat' dir='ltr'><strong>inanescit..</strong></span> 
     </span>
    </p>
   </div>
   <div class='ocr_carea' id='block_1_85' title="bbox 464 4682 1992 4756">
    <p class='ocr_par' dir='ltr' id='par_1_85' title="bbox 464 4682 1992 4756">
     <span class='ocr_line' id='line_1_86' title="bbox 464 4682 1992 4756; baseline 0.005 -20"><span class='ocrx_word' id='word_1_672' title='bbox 464 4682 681 4756; x_wconf 60' lang='lat' dir='ltr'><strong>Dimus&#39;t.</strong></span> <span class='ocrx_word' id='word_1_673' title='bbox 715 4684 803 4741; x_wconf 90' lang='lat' dir='ltr'><strong>Sic</strong></span> <span class='ocrx_word' id='word_1_674' title='bbox 841 4688 1053 4755; x_wconf 86' lang='lat' dir='ltr'><strong>reposui</strong></span> <span class='ocrx_word' id='word_1_675' title='bbox 1094 4703 1158 4743; x_wconf 84' lang='lat' dir='ltr'><strong>ex</strong></span> <span class='ocrx_word' id='word_1_676' title='bbox 1189 4686 1259 4741; x_wconf 70' lang='lat'><strong>‘24</strong></span> <span class='ocrx_word' id='word_1_677' title='bbox 1298 4701 1427 4743; x_wconf 92' lang='lat' dir='ltr'><strong>mss.</strong></span> <span class='ocrx_word' id='word_1_678' title='bbox 1458 4701 1522 4749; x_wconf 85' lang='lat' dir='ltr'><strong>ac</strong></span> <span class='ocrx_word' id='word_1_679' title='bbox 1560 4682 1790 4756; x_wconf 87' lang='lat' dir='ltr'><strong>vulgatis</strong></span> <span class='ocrx_word' id='word_1_680' title='bbox 1832 4682 1902 4749; x_wconf 85' lang='lat' dir='ltr'><strong>Is.</strong></span> <span class='ocrx_word' id='word_1_681' title='bbox 1936 4693 1992 4744; x_wconf 90' lang='lat' dir='ltr'><strong>et</strong></span> 
     </span>
    </p>
   </div>
   <div class='ocr_carea' id='block_1_86' title="bbox 381 4754 1991 4831">
    <p class='ocr_par' dir='ltr' id='par_1_86' title="bbox 381 4754 1991 4831">
     <span class='ocr_line' id='line_1_87' title="bbox 381 4754 1991 4831; baseline 0.005 -23"><span class='ocrx_word' id='word_1_682' title='bbox 381 4754 591 4831; x_wconf 57' lang='lat' dir='ltr'><strong>Gella&#39;r.</strong></span> <span class='ocrx_word' id='word_1_683' title='bbox 631 4755 829 4831; x_wconf 73' lang='lat' dir='ltr'><strong>Demait</strong></span> <span class='ocrx_word' id='word_1_684' title='bbox 854 4754 935 4812; x_wconf 80' lang='lat' dir='ltr'><strong>est</strong></span> <span class='ocrx_word' id='word_1_685' title='bbox 962 4758 1014 4812; x_wconf 91' lang='lat' dir='ltr'><strong>in</strong></span> <span class='ocrx_word' id='word_1_686' title='bbox 1065 4758 1098 4813; x_wconf 91' lang='lat'><strong>8</strong></span> <span class='ocrx_word' id='word_1_687' title='bbox 1130 4775 1241 4815; x_wconf 86' lang='lat' dir='ltr'><strong>rec.</strong></span> <span class='ocrx_word' id='word_1_688' title='bbox 1282 4756 1527 4831; x_wconf 87' lang='lat' dir='ltr'><strong>scriptis,</strong></span> <span class='ocrx_word' id='word_1_689' title='bbox 1573 4767 1628 4814; x_wconf 90' lang='lat' dir='ltr'><strong>et</strong></span> <span class='ocrx_word' id='word_1_690' title='bbox 1658 4754 1710 4813; x_wconf 86' lang='lat' dir='ltr'><strong>in</strong></span> <span class='ocrx_word' id='word_1_691' title='bbox 1742 4758 1991 4819; x_wconf 86' lang='lat' dir='ltr'><strong>omnibus</strong></span> 
     </span>
    </p>
   </div>
   <div class='ocr_carea' id='block_1_87' title="bbox 386 4826 838 4899">
    <p class='ocr_par' dir='ltr' id='par_1_87' title="bbox 386 4826 838 4899">
     <span class='ocr_line' id='line_1_88' title="bbox 386 4826 838 4899; baseline -0.002 -19"><span class='ocrx_word' id='word_1_692' title='bbox 386 4826 526 4899; x_wconf 62' lang='lat' dir='ltr'><strong>fere</strong></span> <span class='ocrx_word' id='word_1_693' title='bbox 539 4826 838 4899; x_wconf 78' lang='lat' dir='ltr'><strong>impressis.</strong></span> 
     </span>
    </p>
   </div>
   <div class='ocr_carea' id='block_1_88' title="bbox 472 4896 1993 4971">
    <p class='ocr_par' dir='ltr' id='par_1_88' title="bbox 472 4896 1993 4971">
     <span class='ocr_line' id='line_1_89' title="bbox 472 4896 1993 4971; baseline 0.005 -21"><span class='ocrx_word' id='word_1_694' title='bbox 472 4896 594 4971; x_wconf 64' lang='lat' dir='ltr'><strong>Nisi</strong></span> <span class='ocrx_word' id='word_1_695' title='bbox 620 4896 808 4971; x_wconf 74' lang='lat' dir='ltr'><strong>ornatu</strong></span> <span class='ocrx_word' id='word_1_696' title='bbox 846 4900 1057 4957; x_wconf 82' lang='lat' dir='ltr'><strong>aliunde</strong></span> <span class='ocrx_word' id='word_1_697' title='bbox 1099 4901 1312 4971; x_wconf 79' lang='lat' dir='ltr'><strong>qutesito</strong></span> <span class='ocrx_word' id='word_1_698' title='bbox 1340 4899 1682 4958; x_wconf 86' lang='lat' dir='ltr'><strong>circumlitum</strong></span> <span class='ocrx_word' id='word_1_699' title='bbox 1732 4900 1887 4971; x_wconf 78' lang='lat' dir='ltr'><strong>fuerit</strong></span> <span class='ocrx_word' id='word_1_700' title='bbox 1931 4916 1993 4957; x_wconf 84' lang='lat' dir='ltr'><strong>ac</strong></span> 
     </span>
    </p>
   </div>
   <div class='ocr_carea' id='block_1_89' title="bbox 384 4967 1936 5045">
    <p class='ocr_par' dir='ltr' id='par_1_89' title="bbox 384 4967 1936 5045">
     <span class='ocr_line' id='line_1_90' title="bbox 384 4967 1936 5045; baseline 0.002 -21"><span class='ocrx_word' id='word_1_701' title='bbox 384 4967 635 5045; x_wconf 75' lang='lat' dir='ltr'><strong>politum.</strong></span> <span class='ocrx_word' id='word_1_702' title='bbox 649 4968 798 5045; x_wconf 61' lang='lat' dir='ltr'><strong>ﬂmc</strong></span> <span class='ocrx_word' id='word_1_703' title='bbox 838 4986 891 5045; x_wconf 9' lang='lat' dir='ltr'><strong>ag</strong></span> <span class='ocrx_word' id='word_1_704' title='bbox 911 4967 1183 5027; x_wconf 85' lang='lat' dir='ltr'><strong>nonnullis</strong></span> <span class='ocrx_word' id='word_1_705' title='bbox 1202 4973 1383 5045; x_wconf 21' lang='lat' dir='ltr'><strong>“novis</strong></span> <span class='ocrx_word' id='word_1_706' title='bbox 1425 4967 1936 5045; x_wconf 28' lang='lat' dir='ltr'><strong>editoribusfueglec</strong></span> 
     </span>
    </p>
   </div>
   <div class='ocr_carea' id='block_1_90' title="bbox 394 5040 1951 5115">
    <p class='ocr_par' dir='ltr' id='par_1_90' title="bbox 394 5040 1951 5115">
     <span class='ocr_line' id='line_1_91' title="bbox 394 5040 1951 5115; baseline 0.004 -20"><span class='ocrx_word' id='word_1_707' title='bbox 394 5040 615 5115; x_wconf 76' lang='lat' dir='ltr'><strong>restitui</strong></span> <span class='ocrx_word' id='word_1_708' title='bbox 649 5040 933 5115; x_wconf 75' lang='lat' dir='ltr'><strong>Lactantio</strong></span> <span class='ocrx_word' id='word_1_709' title='bbox 975 5058 1041 5098; x_wconf 82' lang='lat' dir='ltr'><strong>ex</strong></span> <span class='ocrx_word' id='word_1_710' title='bbox 1068 5043 1320 5115; x_wconf 86' lang='lat' dir='ltr'><strong>omnibus</strong></span> <span class='ocrx_word' id='word_1_711' title='bbox 1351 5058 1517 5115; x_wconf 89' lang='lat' dir='ltr'><strong>prope</strong></span> <span class='ocrx_word' id='word_1_712' title='bbox 1539 5044 1769 5115; x_wconf 85' lang='lat' dir='ltr'><strong>vulgatis</strong></span> <span class='ocrx_word' id='word_1_713' title='bbox 1793 5040 1893 5108; x_wconf 39' lang='lat' dir='ltr'><strong>[et</strong></span> <span class='ocrx_word' id='word_1_714' title='bbox 1924 5047 1951 5115; x_wconf 70' lang='grc'><strong>4</strong></span> 
     </span>
    </p>
   </div>
   <div class='ocr_carea' id='block_1_91' title="bbox 394 5111 1997 5187">
    <p class='ocr_par' dir='ltr' id='par_1_91' title="bbox 394 5111 1997 5187">
     <span class='ocr_line' id='line_1_92' title="bbox 394 5111 1997 5187; baseline 0.002 -21"><span class='ocrx_word' id='word_1_715' title='bbox 394 5126 533 5166; x_wconf 85' lang='lat' dir='ltr'><strong>mss.</strong></span> <span class='ocrx_word' id='word_1_716' title='bbox 565 5111 664 5169; x_wconf 90' lang='lat' dir='ltr'><strong>nisi</strong></span> <span class='ocrx_word' id='word_1_717' title='bbox 710 5112 851 5187; x_wconf 74' lang='lat' dir='ltr'><strong>qugd</strong></span> <span class='ocrx_word' id='word_1_718' title='bbox 874 5156 906 5187; x_wconf 21' lang='grc' dir='ltr'><strong>,Α</strong></span> <span class='ocrx_word' id='word_1_719' title='bbox 935 5128 1032 5180; x_wconf 91' lang='lat' dir='ltr'><strong>pro</strong></span> <span class='ocrx_word' id='word_1_720' title='bbox 1061 5111 1429 5185; x_wconf 65' lang='lat' dir='ltr'><strong>circumlitum,</strong></span> <span class='ocrx_word' id='word_1_721' title='bbox 1452 5111 1489 5172; x_wconf 74' lang='grc'><strong>’1</strong></span> <span class='ocrx_word' id='word_1_722' title='bbox 1524 5111 1656 5187; x_wconf 54' lang='lat' dir='ltr'><strong>Reg:</strong></span> <span class='ocrx_word' id='word_1_723' title='bbox 1691 5115 1850 5171; x_wconf 90' lang='lat' dir='ltr'><strong>habet</strong></span> <span class='ocrx_word' id='word_1_724' title='bbox 1894 5114 1997 5169; x_wconf 82' lang='lat' dir='ltr'><strong>cir—</strong></span> 
     </span>
    </p>
   </div>
   <div class='ocr_carea' id='block_1_92' title="bbox 388 5182 1313 5252">
    <p class='ocr_par' dir='ltr' id='par_1_92' title="bbox 388 5182 1313 5252">
     <span class='ocr_line' id='line_1_93' title="bbox 388 5182 1313 5252; baseline 0.003 -15"><span class='ocrx_word' id='word_1_725' title='bbox 388 5195 714 5237; x_wconf 78' lang='lat' dir='ltr'><strong>cumventum</strong></span> <span class='ocrx_word' id='word_1_726' title='bbox 738 5202 757 5250; x_wconf 89' lang='lat'><strong><em>;</em></strong></span> <span class='ocrx_word' id='word_1_727' title='bbox 782 5182 965 5240; x_wconf 85' lang='lat' dir='ltr'><strong>Christ</strong></span> <span class='ocrx_word' id='word_1_728' title='bbox 990 5225 1006 5252; x_wconf 96' lang='lat'><strong>,</strong></span> <span class='ocrx_word' id='word_1_729' title='bbox 1040 5186 1313 5241; x_wconf 71' lang='lat' dir='ltr'><strong>excultum.</strong></span> 
     </span>
    </p>
   </div>
   <div class='ocr_carea' id='block_1_93' title="bbox 1671 4330 2052 4397">
    <p class='ocr_par' dir='ltr' id='par_1_93' title="bbox 1671 4330 2052 4397">
     <span class='ocr_line' id='line_1_94' title="bbox 1671 4330 2052 4397; baseline 0.01 -12"><span class='ocrx_word' id='word_1_730' title='bbox 1671 4330 1993 4389; x_wconf 81' lang='lat' dir='ltr'><strong>raccedenlia</strong></span> <span class='ocrx_word' id='word_1_731' title='bbox 2044 4392 2052 4397; x_wconf 87' lang='lat'><strong><em>_</em></strong></span> 
     </span>
    </p>
   </div>
   <div class='ocr_carea' id='block_1_94' title="bbox 2087 3116 3696 3193">
    <p class='ocr_par' dir='ltr' id='par_1_94' title="bbox 2087 3116 3696 3193">
     <span class='ocr_line' id='line_1_95' title="bbox 2087 3116 3696 3193; baseline 0.006 -22"><span class='ocrx_word' id='word_1_732' title='bbox 2087 3116 2238 3193; x_wconf 84' lang='lat' dir='ltr'><strong>simis</strong></span> <span class='ocrx_word' id='word_1_733' title='bbox 2266 3132 2395 3172; x_wconf 89' lang='lat' dir='ltr'><strong>mss.</strong></span> <span class='ocrx_word' id='word_1_734' title='bbox 2438 3117 2775 3193; x_wconf 70' lang='lat' dir='ltr'><strong>acomnibus</strong></span> <span class='ocrx_word' id='word_1_735' title='bbox 2824 3135 2967 3193; x_wconf 72' lang='lat' dir='ltr'><strong>pelle</strong></span> <span class='ocrx_word' id='word_1_736' title='bbox 2999 3116 3179 3177; x_wconf 75' lang='lat' dir='ltr'><strong>editis.</strong></span> <span class='ocrx_word' id='word_1_737' title='bbox 3217 3118 3413 3193; x_wconf 70' lang='lat' dir='ltr'><strong>Seripti</strong></span> <span class='ocrx_word' id='word_1_738' title='bbox 3453 3116 3696 3180; x_wconf 55' lang='lat' dir='ltr'><strong>sex&#39;etS</strong></span> 
     </span>
    </p>
   </div>
   <div class='ocr_carea' id='block_1_95' title="bbox 2088 3188 3148 3264">
    <p class='ocr_par' dir='ltr' id='par_1_95' title="bbox 2088 3188 3148 3264">
     <span class='ocr_line' id='line_1_96' title="bbox 2088 3188 3148 3264; baseline 0.005 -21"><span class='ocrx_word' id='word_1_739' title='bbox 2088 3189 2472 3264; x_wconf 79' lang='lat' dir='ltr'><strong>rec_._impl‘essi</strong></span> <span class='ocrx_word' id='word_1_740' title='bbox 2508 3188 2701 3264; x_wconf 63' lang='lat' dir='ltr'><strong>(erunt,</strong></span> <span class='ocrx_word' id='word_1_741' title='bbox 2714 3188 2984 3264; x_wconf 14' lang='lat' dir='ltr'><strong>Acur&#39;ltanc</strong></span> <span class='ocrx_word' id='word_1_742' title='bbox 3010 3210 3148 3264; x_wconf 86' lang='lat' dir='ltr'><strong>ergo.</strong></span> 
     </span>
    </p>
   </div>
   <div class='ocr_carea' id='block_1_96' title="bbox 2158 3254 3696 3340">
    <p class='ocr_par' dir='ltr' id='par_1_96' title="bbox 2158 3254 3696 3340">
     <span class='ocr_line' id='line_1_97' title="bbox 2158 3254 3696 3340; baseline 0.003 -25"><span class='ocrx_word' id='word_1_743' title='bbox 2158 3254 2342 3340; x_wconf 62' lang='lat' dir='ltr'><strong>Neque</strong></span> <span class='ocrx_word' id='word_1_744' title='bbox 2368 3276 2484 3330; x_wconf 87' lang='lat' dir='ltr'><strong>ego.</strong></span> <span class='ocrx_word' id='word_1_745' title='bbox 2515 3259 2642 3319; x_wconf 74' lang='lat' dir='ltr'><strong>Mss.</strong></span> <span class='ocrx_word' id='word_1_746' title='bbox 2676 3262 2742 3317; x_wconf 83' lang='grc'><strong>15</strong></span> <span class='ocrx_word' id='word_1_747' title='bbox 2773 3278 2880 3318; x_wconf 90' lang='lat' dir='ltr'><strong>rec.</strong></span> <span class='ocrx_word' id='word_1_748' title='bbox 2920 3276 2974 3321; x_wconf 87' lang='lat' dir='ltr'><strong>et</strong></span> <span class='ocrx_word' id='word_1_749' title='bbox 3002 3254 3243 3337; x_wconf 72' lang='lat' dir='ltr'><strong>plérique</strong></span> <span class='ocrx_word' id='word_1_750' title='bbox 3271 3263 3503 3337; x_wconf 82' lang='lat' dir='ltr'><strong>vulgati,</strong></span> <span class='ocrx_word' id='word_1_751' title='bbox 3535 3281 3696 3337; x_wconf 76' lang='lat' dir='ltr'><strong>neque</strong></span> 
     </span>
    </p>
   </div>
   <div class='ocr_carea' id='block_1_97' title="bbox 2091 3347 2243 3385">
    <p class='ocr_par' dir='ltr' id='par_1_97' title="bbox 2091 3347 2243 3385">
     <span class='ocr_line' id='line_1_98' title="bbox 2091 3347 2243 3385; baseline -0.013 0"><span class='ocrx_word' id='word_1_752' title='bbox 2091 3347 2243 3385; x_wconf 81' lang='lat' dir='ltr'><strong>enim.</strong></span> 
     </span>
    </p>
   </div>
   <div class='ocr_carea' id='block_1_98' title="bbox 2164 3400 3694 3475">
    <p class='ocr_par' dir='ltr' id='par_1_98' title="bbox 2164 3400 3694 3475">
     <span class='ocr_line' id='line_1_99' title="bbox 2164 3400 3694 3475; baseline 0.003 -18"><span class='ocrx_word' id='word_1_753' title='bbox 2164 3400 2845 3475; x_wconf 57' lang='lat' dir='ltr'><strong>NaturamjtominisDeue</strong></span> <span class='ocrx_word' id='word_1_754' title='bbox 2874 3407 2977 3475; x_wconf 69' lang='lat' dir='ltr'><strong>ueri</strong></span> <span class='ocrx_word' id='word_1_755' title='bbox 3005 3405 3323 3475; x_wconf 78' lang='lat' dir='ltr'><strong>adipiscendi</strong></span> <span class='ocrx_word' id='word_1_756' title='bbox 3364 3407 3694 3473; x_wconf 76' lang='lat' dir='ltr'><strong>cupientissi-</strong></span> 
     </span>
    </p>
   </div>
   <div class='ocr_carea' id='block_1_99' title="bbox 2094 3468 3691 3547">
    <p class='ocr_par' dir='ltr' id='par_1_99' title="bbox 2094 3468 3691 3547">
     <span class='ocr_line' id='line_1_100' title="bbox 2094 3468 3691 3547; baseline 0.006 -24"><span class='ocrx_word' id='word_1_757' title='bbox 2094 3473 2398 3547; x_wconf 59' lang='lat' dir='ltr'><strong>plaaneCil:</strong></span> <span class='ocrx_word' id='word_1_758' title='bbox 2421 3470 2644 3547; x_wconf 82' lang='lat' dir='ltr'><strong>_Rec_t_ins</strong></span> <span class='ocrx_word' id='word_1_759' title='bbox 2677 3474 2786 3531; x_wconf 86' lang='lat' dir='ltr'><strong>Deo</strong></span> <span class='ocrx_word' id='word_1_760' title='bbox 2814 3468 2996 3547; x_wconf 81' lang='lat' dir='ltr'><strong>tribuit</strong></span> <span class='ocrx_word' id='word_1_761' title='bbox 3020 3517 3035 3542; x_wconf 90' lang='lat'><strong>,</strong></span> <span class='ocrx_word' id='word_1_762' title='bbox 3065 3468 3224 3547; x_wconf 83' lang='lat' dir='ltr'><strong>quam</strong></span> <span class='ocrx_word' id='word_1_763' title='bbox 3255 3468 3443 3534; x_wconf 83' lang='lat' dir='ltr'><strong>Cicero</strong></span> <span class='ocrx_word' id='word_1_764' title='bbox 3468 3488 3691 3545; x_wconf 83' lang='lat' dir='ltr'><strong>natura,</strong></span> 
     </span>
    </p>
   </div>
   <div class='ocr_carea' id='block_1_100' title="bbox 2090 3540 3695 3619">
    <p class='ocr_par' dir='ltr' id='par_1_100' title="bbox 2090 3540 3695 3619">
     <span class='ocr_line' id='line_1_101' title="bbox 2090 3540 3695 3619; baseline 0.004 -21"><span class='ocrx_word' id='word_1_765' title='bbox 2090 3544 2129 3619; x_wconf 77' lang='lat' dir='ltr'><strong>l.</strong></span> <span class='ocrx_word' id='word_1_766' title='bbox 2159 3559 2195 3600; x_wconf 83' lang='grc' dir='ltr'><strong>ιι</strong></span> <span class='ocrx_word' id='word_1_767' title='bbox 2218 3540 2456 3619; x_wconf 31' lang='lat' dir='ltr'><strong>[finali</strong></span> <span class='ocrx_word' id='word_1_768' title='bbox 2468 3561 2479 3595; x_wconf 90' lang='lat'><strong>:</strong></span> <span class='ocrx_word' id='word_1_769' title='bbox 2510 3542 2717 3601; x_wconf 81' lang='lat' dir='ltr'><strong>Natura</strong></span> <span class='ocrx_word' id='word_1_770' title='bbox 2743 3540 3097 3615; x_wconf 55' lang='lat' dir='ltr'><strong>cupiditatent&#39;</strong></span> <span class='ocrx_word' id='word_1_771' title='bbox 3119 3549 3347 3619; x_wconf 81' lang='lat' dir='ltr'><strong>ingenuit</strong></span> <span class='ocrx_word' id='word_1_772' title='bbox 3368 3548 3563 3602; x_wconf 83' lang='lat' dir='ltr'><strong>homini</strong></span> <span class='ocrx_word' id='word_1_773' title='bbox 3589 3540 3695 3604; x_wconf 81' lang='lat' dir='ltr'><strong>veri</strong></span> 
     </span>
    </p>
   </div>
   <div class='ocr_carea' id='block_1_101' title="bbox 2090 3613 2556 3670">
    <p class='ocr_par' dir='ltr' id='par_1_101' title="bbox 2090 3613 2556 3670">
     <span class='ocr_line' id='line_1_102' title="bbox 2090 3613 2556 3670; baseline 0.002 -3"><span class='ocrx_word' id='word_1_774' title='bbox 2090 3614 2396 3670; x_wconf 83' lang='lat' dir='ltr'><strong>inveniendi.</strong></span> <span class='ocrx_word' id='word_1_775' title='bbox 2420 3613 2556 3670; x_wconf 78' lang='lat' dir='ltr'><strong>BUN.</strong></span> 
     </span>
    </p>
   </div>
   <div class='ocr_carea' id='block_1_102' title="bbox 2165 3682 3694 3759">
    <p class='ocr_par' dir='ltr' id='par_1_102' title="bbox 2165 3682 3694 3759">
     <span class='ocr_line' id='line_1_103' title="bbox 2165 3682 3694 3759; baseline 0.003 -18"><span class='ocrx_word' id='word_1_776' title='bbox 2165 3682 2507 3759; x_wconf 51' lang='lat' dir='ltr'><strong>(adnuerunt.</strong></span> <span class='ocrx_word' id='word_1_777' title='bbox 2576 3684 2815 3759; x_wconf 12' lang='lat' dir='ltr'><strong>Legitur,</strong></span> <span class='ocrx_word' id='word_1_778' title='bbox 2862 3687 3156 3745; x_wconf 79' lang='lat' dir='ltr'><strong>Induerunt</strong></span> <span class='ocrx_word' id='word_1_779' title='bbox 3196 3688 3335 3758; x_wconf 92' lang='lat' dir='ltr'><strong>apud</strong></span> <span class='ocrx_word' id='word_1_780' title='bbox 3363 3688 3694 3759; x_wconf 88' lang='lat' dir='ltr'><strong>Buneman.,</strong></span> 
     </span>
    </p>
   </div>
   <div class='ocr_carea' id='block_1_103' title="bbox 2093 3754 3695 3831">
    <p class='ocr_par' dir='ltr' id='par_1_103' title="bbox 2093 3754 3695 3831">
     <span class='ocr_line' id='line_1_104' title="bbox 2093 3754 3695 3831; baseline 0.002 -19"><span class='ocrx_word' id='word_1_781' title='bbox 2093 3757 2185 3831; x_wconf 84' lang='lat' dir='ltr'><strong>qui</strong></span> <span class='ocrx_word' id='word_1_782' title='bbox 2228 3754 2282 3815; x_wconf 87' lang='lat' dir='ltr'><strong>in</strong></span> <span class='ocrx_word' id='word_1_783' title='bbox 2307 3754 2448 3831; x_wconf 82' lang='lat' dir='ltr'><strong>hunc</strong></span> <span class='ocrx_word' id='word_1_784' title='bbox 2478 3754 2895 3815; x_wconf 31' lang='lat' dir='ltr'><strong>locum’exhibet</strong></span> <span class='ocrx_word' id='word_1_785' title='bbox 2915 3774 3098 3817; x_wconf 86' lang='lat' dir='ltr'><strong>notam</strong></span> <span class='ocrx_word' id='word_1_786' title='bbox 3128 3754 3464 3831; x_wconf 83' lang='lat' dir='ltr'><strong>sequentem.</strong></span> <span class='ocrx_word' id='word_1_787' title='bbox 3496 3792 3566 3803; x_wconf 78' lang='lat'><strong>-—-</strong></span> <span class='ocrx_word' id='word_1_788' title='bbox 3600 3754 3695 3817; x_wconf 56' lang='lat' dir='ltr'><strong>In;</strong></span> 
     </span>
    </p>
   </div>
   <div class='ocr_carea' id='block_1_104' title="bbox 2093 3826 3688 3902">
    <p class='ocr_par' dir='ltr' id='par_1_104' title="bbox 2093 3826 3688 3902">
     <span class='ocr_line' id='line_1_105' title="bbox 2093 3826 3688 3902; baseline 0.004 -21"><span class='ocrx_word' id='word_1_789' title='bbox 2093 3829 2331 3902; x_wconf 76' lang='lat' dir='ltr'><strong>duerunt.</strong></span> <span class='ocrx_word' id='word_1_790' title='bbox 2355 3826 2533 3889; x_wconf 88' lang='lat' dir='ltr'><strong>Ausus</strong></span> <span class='ocrx_word' id='word_1_791' title='bbox 2560 3844 2679 3902; x_wconf 78' lang='lat' dir='ltr'><strong>sum</strong></span> <span class='ocrx_word' id='word_1_792' title='bbox 2705 3839 2890 3886; x_wconf 88' lang='lat' dir='ltr'><strong>contra</strong></span> <span class='ocrx_word' id='word_1_793' title='bbox 2913 3846 3105 3887; x_wconf 86' lang='lat' dir='ltr'><strong>omnes</strong></span> <span class='ocrx_word' id='word_1_794' title='bbox 3127 3873 3142 3898; x_wconf 91' lang='lat'><strong>,</strong></span> <span class='ocrx_word' id='word_1_795' title='bbox 3175 3826 3309 3902; x_wconf 83' lang='lat' dir='ltr'><strong>quos</strong></span> <span class='ocrx_word' id='word_1_796' title='bbox 3338 3832 3466 3898; x_wconf 87' lang='lat' dir='ltr'><strong>vidi,</strong></span> <span class='ocrx_word' id='word_1_797' title='bbox 3497 3833 3688 3901; x_wconf 83' lang='lat' dir='ltr'><strong>libros,</strong></span> 
     </span>
    </p>
   </div>
   <div class='ocr_carea' id='block_1_105' title="bbox 2094 3897 3694 3973">
    <p class='ocr_par' dir='ltr' id='par_1_105' title="bbox 2094 3897 3694 3973">
     <span class='ocr_line' id='line_1_106' title="bbox 2094 3897 3694 3973; baseline 0.001 -16"><span class='ocrx_word' id='word_1_798' title='bbox 2094 3897 2184 3970; x_wconf 89' lang='lat' dir='ltr'><strong>qui</strong></span> <span class='ocrx_word' id='word_1_799' title='bbox 2213 3897 2539 3973; x_wconf 71' lang='lat' dir='ltr'><strong>induxerunt</strong></span> <span class='ocrx_word' id='word_1_800' title='bbox 2558 3898 2759 3973; x_wconf 80' lang='lat' dir='ltr'><strong>habent</strong></span> <span class='ocrx_word' id='word_1_801' title='bbox 2779 3902 2915 3973; x_wconf 86' lang='lat' dir='ltr'><strong>,_hic</strong></span> <span class='ocrx_word' id='word_1_802' title='bbox 2940 3897 3180 3971; x_wconf 84' lang='lat' dir='ltr'><strong>recipere</strong></span> <span class='ocrx_word' id='word_1_803' title='bbox 3193 3897 3480 3957; x_wconf 68' lang='lat' dir='ltr'><strong>induerunt</strong></span> <span class='ocrx_word' id='word_1_804' title='bbox 3504 3920 3521 3969; x_wconf 89' lang='lat'><em>;</em></span> <span class='ocrx_word' id='word_1_805' title='bbox 3556 3897 3694 3973; x_wconf 68' lang='lat' dir='ltr'><strong>prte-</strong></span> 
     </span>
    </p>
   </div>
   <div class='ocr_carea' id='block_1_106' title="bbox 2094 3968 3690 4044">
    <p class='ocr_par' dir='ltr' id='par_1_106' title="bbox 2094 3968 3690 4044">
     <span class='ocr_line' id='line_1_107' title="bbox 2094 3968 3690 4044; baseline 0.002 -18"><span class='ocrx_word' id='word_1_806' title='bbox 2094 3968 2259 4044; x_wconf 74' lang='lat' dir='ltr'><strong>cessit</strong></span> <span class='ocrx_word' id='word_1_807' title='bbox 2302 3970 2468 4026; x_wconf 91' lang='lat' dir='ltr'><strong>enim.</strong></span> <span class='ocrx_word' id='word_1_808' title='bbox 2510 3970 2625 4044; x_wconf 72' lang='lat' dir='ltr'><strong>ipsi</strong></span> <span class='ocrx_word' id='word_1_809' title='bbox 2658 3988 2741 4044; x_wconf 82' lang='lat' dir='ltr'><strong>_se.</strong></span> <span class='ocrx_word' id='word_1_810' title='bbox 2768 3968 3069 4044; x_wconf 60' lang='grc' dir='ltr'><strong>[ποιησει-ε’</strong></span> <span class='ocrx_word' id='word_1_811' title='bbox 3103 3974 3193 4028; x_wconf 88' lang='lat' dir='ltr'><strong>alii</strong></span> <span class='ocrx_word' id='word_1_812' title='bbox 3238 3975 3373 4044; x_wconf 80' lang='lat' dir='ltr'><strong>alios</strong></span> <span class='ocrx_word' id='word_1_813' title='bbox 3424 3968 3690 4044; x_wconf 79' lang='lat' dir='ltr'><strong>possunt,</strong></span> 
     </span>
    </p>
   </div>
   <div class='ocr_carea' id='block_1_107' title="bbox 2096 4040 3697 4115">
    <p class='ocr_par' dir='ltr' id='par_1_107' title="bbox 2096 4040 3697 4115">
     <span class='ocr_line' id='line_1_108' title="bbox 2096 4040 3697 4115; baseline 0.004 -20"><span class='ocrx_word' id='word_1_814' title='bbox 2096 4042 2357 4115; x_wconf 68' lang='lat' dir='ltr'><strong>induimus</strong></span> <span class='ocrx_word' id='word_1_815' title='bbox 2383 4058 2477 4115; x_wconf 67' lang='lat' dir='ltr'><strong>nos</strong></span> <span class='ocrx_word' id='word_1_816' title='bbox 2498 4042 2622 4115; x_wconf 73' lang='lat' dir='ltr'><strong>ipsi.</strong></span> <span class='ocrx_word' id='word_1_817' title='bbox 2657 4042 2777 4115; x_wconf 79' lang='lat' dir='ltr'><strong>Pari</strong></span> <span class='ocrx_word' id='word_1_818' title='bbox 2829 4045 2990 4100; x_wconf 88' lang='lat' dir='ltr'><strong>modo</strong></span> <span class='ocrx_word' id='word_1_819' title='bbox 3021 4045 3109 4101; x_wconf 89' lang='lat' dir='ltr'><strong>hic</strong></span> <span class='ocrx_word' id='word_1_820' title='bbox 3155 4040 3439 4115; x_wconf 78' lang='lat' dir='ltr'><strong>legendum</strong></span> <span class='ocrx_word' id='word_1_821' title='bbox 3484 4040 3697 4102; x_wconf 84' lang='lat' dir='ltr'><strong>censuit</strong></span> 
     </span>
    </p>
   </div>
   <div class='ocr_carea' id='block_1_108' title="bbox 2098 4110 3696 4186">
    <p class='ocr_par' dir='ltr' id='par_1_108' title="bbox 2098 4110 3696 4186">
     <span class='ocr_line' id='line_1_109' title="bbox 2098 4110 3696 4186; baseline 0.002 -19"><span class='ocrx_word' id='word_1_822' title='bbox 2098 4110 2362 4186; x_wconf 68' lang='lat' dir='ltr'><strong>Davisius.</strong></span> <span class='ocrx_word' id='word_1_823' title='bbox 2394 4113 2457 4166; x_wconf 85' lang='lat' dir='ltr'><strong>ad</strong></span> <span class='ocrx_word' id='word_1_824' title='bbox 2485 4112 2596 4186; x_wconf 83' lang='lat' dir='ltr'><strong>Cie.</strong></span> <span class='ocrx_word' id='word_1_825' title='bbox 2648 4129 2682 4186; x_wconf 85' lang='lat' dir='ltr'><strong>ll</strong></span> <span class='ocrx_word' id='word_1_826' title='bbox 2717 4114 2949 4186; x_wconf 86' lang='lat' dir='ltr'><strong>Divinat.</strong></span> <span class='ocrx_word' id='word_1_827' title='bbox 2980 4131 3100 4186; x_wconf 90' lang='lat' dir='ltr'><strong>cap.</strong></span> <span class='ocrx_word' id='word_1_828' title='bbox 3138 4110 3245 4171; x_wconf 59' lang='lat'><strong>17&#39;:</strong></span> <span class='ocrx_word' id='word_1_829' title='bbox 3277 4116 3379 4171; x_wconf 75' lang='lat' dir='ltr'><strong>Cur</strong></span> <span class='ocrx_word' id='word_1_830' title='bbox 3410 4132 3494 4171; x_wconf 76' lang='lat' dir='ltr'><strong>vos</strong></span> <span class='ocrx_word' id='word_1_831' title='bbox 3518 4117 3696 4170; x_wconf 86' lang='lat' dir='ltr'><strong>indui-</strong></span> 
     </span>
    </p>
   </div>
   <div class='ocr_carea' id='block_1_109' title="bbox 2096 4185 3693 4256">
    <p class='ocr_par' dir='ltr' id='par_1_109' title="bbox 2096 4185 3693 4256">
     <span class='ocr_line' id='line_1_110' title="bbox 2096 4185 3693 4256; baseline 0.003 -20"><span class='ocrx_word' id='word_1_832' title='bbox 2096 4185 2162 4256; x_wconf 78' lang='lat' dir='ltr'><strong>tis</strong></span> <span class='ocrx_word' id='word_1_833' title='bbox 2193 4185 2247 4239; x_wconf 89' lang='lat' dir='ltr'><strong>in</strong></span> <span class='ocrx_word' id='word_1_834' title='bbox 2269 4201 2356 4256; x_wconf 86' lang='lat' dir='ltr'><strong>eas</strong></span> <span class='ocrx_word' id='word_1_835' title='bbox 2383 4185 2680 4256; x_wconf 80' lang='lat' dir='ltr'><strong>captiones?</strong></span> <span class='ocrx_word' id='word_1_836' title='bbox 2711 4185 2851 4256; x_wconf 79' lang='lat' dir='ltr'><strong>Idem</strong></span> <span class='ocrx_word' id='word_1_837' title='bbox 2880 4185 3070 4243; x_wconf 84' lang='lat' dir='ltr'><strong>censet</strong></span> <span class='ocrx_word' id='word_1_838' title='bbox 3102 4188 3470 4242; x_wconf 86' lang='lat' dir='ltr'><strong>lleumannus.</strong></span> <span class='ocrx_word' id='word_1_839' title='bbox 3495 4188 3693 4241; x_wconf 90' lang='lat' dir='ltr'><strong>lterum</strong></span> 
     </span>
    </p>
   </div>
   <div class='ocr_carea' id='block_1_110' title="bbox 2095 4255 3693 4326">
    <p class='ocr_par' dir='ltr' id='par_1_110' title="bbox 2095 4255 3693 4326">
     <span class='ocr_line' id='line_1_111' title="bbox 2095 4255 3693 4326; baseline -0.001 -15"><span class='ocrx_word' id='word_1_840' title='bbox 2095 4255 2249 4311; x_wconf 89' lang='lat' dir='ltr'><strong>Lact.</strong></span> <span class='ocrx_word' id='word_1_841' title='bbox 2277 4255 2313 4313; x_wconf 94' lang='lat' dir='ltr'><strong>l.</strong></span> <span class='ocrx_word' id='word_1_842' title='bbox 2345 4271 2417 4320; x_wconf 80' lang='lat' dir='ltr'><strong>v1,</strong></span> <span class='ocrx_word' id='word_1_843' title='bbox 2445 4270 2565 4326; x_wconf 84' lang='lat' dir='ltr'><strong>cap.</strong></span> <span class='ocrx_word' id='word_1_844' title='bbox 2597 4255 2665 4310; x_wconf 71' lang='grc'><strong>12</strong></span> <span class='ocrx_word' id='word_1_845' title='bbox 2690 4273 2703 4310; x_wconf 89' lang='lat'><strong>:</strong></span> <span class='ocrx_word' id='word_1_846' title='bbox 2733 4255 2974 4313; x_wconf 79' lang='lat' dir='ltr'><strong>Prudens</strong></span> <span class='ocrx_word' id='word_1_847' title='bbox 3014 4276 3075 4313; x_wconf 90' lang='lat' dir='ltr'><strong>ac</strong></span> <span class='ocrx_word' id='word_1_848' title='bbox 3116 4259 3278 4312; x_wconf 76' lang='lat' dir='ltr'><strong>sciens</strong></span> <span class='ocrx_word' id='word_1_849' title='bbox 3322 4259 3375 4311; x_wconf 88' lang='lat' dir='ltr'><strong>in</strong></span> <span class='ocrx_word' id='word_1_850' title='bbox 3420 4260 3511 4311; x_wconf 71' lang='lat' dir='ltr'><strong><em>IIOS</em></strong></span> <span class='ocrx_word' id='word_1_851' title='bbox 3538 4273 3589 4311; x_wconf 85' lang='lat' dir='ltr'><strong>se</strong></span> <span class='ocrx_word' id='word_1_852' title='bbox 3612 4258 3693 4312; x_wconf 83' lang='lat' dir='ltr'><strong>la-</strong></span> 
     </span>
    </p>
   </div>
   <div class='ocr_carea' id='block_1_111' title="bbox 2097 4326 2456 4399">
    <p class='ocr_par' dir='ltr' id='par_1_111' title="bbox 2097 4326 2456 4399">
     <span class='ocr_line' id='line_1_112' title="bbox 2097 4326 2456 4399; baseline -0.003 -19"><span class='ocrx_word' id='word_1_853' title='bbox 2097 4343 2251 4399; x_wconf 61' lang='lat' dir='ltr'><strong>queos</strong></span> <span class='ocrx_word' id='word_1_854' title='bbox 2272 4326 2456 4381; x_wconf 85' lang='lat' dir='ltr'><strong>induit.</strong></span> 
     </span>
    </p>
   </div>
   <div class='ocr_carea' id='block_1_112' title="bbox 2172 4396 2992 4470">
    <p class='ocr_par' dir='ltr' id='par_1_112' title="bbox 2172 4396 2992 4470">
     <span class='ocr_line' id='line_1_113' title="bbox 2172 4396 2992 4470; baseline 0.001 -17"><span class='ocrx_word' id='word_1_855' title='bbox 2172 4397 2254 4470; x_wconf 64' lang='lat' dir='ltr'><strong>Ea:</strong></span> <span class='ocrx_word' id='word_1_856' title='bbox 2281 4398 2552 4470; x_wconf 77' lang='lat' dir='ltr'><strong>sapientia.</strong></span> <span class='ocrx_word' id='word_1_857' title='bbox 2585 4396 2809 4470; x_wconf 81' lang='lat' dir='ltr'><strong>Repete,</strong></span> <span class='ocrx_word' id='word_1_858' title='bbox 2834 4400 2992 4470; x_wconf 78' lang='lat' dir='ltr'><strong>falsa.</strong></span> 
     </span>
    </p>
   </div>
   <div class='ocr_carea' id='block_1_113' title="bbox 2012 4446 3695 4542">
    <p class='ocr_par' dir='ltr' id='par_1_113' title="bbox 2012 4446 3695 4542">
     <span class='ocr_line' id='line_1_114' title="bbox 2012 4446 3695 4542; baseline 0.001 -18"><span class='ocrx_word' id='word_1_859' title='bbox 2012 4446 2067 4507; x_wconf 84' lang='lat' dir='ltr'><strong>D</strong></span> <span class='ocrx_word' id='word_1_860' title='bbox 2167 4446 3007 4542; x_wconf 46' lang='lat' dir='ltr'><strong>Egnatius:gannitus.</strong></span> <span class='ocrx_word' id='word_1_861' title='bbox 3044 4470 3145 4525; x_wconf 78' lang='lat' dir='ltr'><strong>Ms.</strong></span> <span class='ocrx_word' id='word_1_862' title='bbox 3189 4472 3211 4523; x_wconf 76' lang='grc' dir='ltr'><strong>ι</strong></span> <span class='ocrx_word' id='word_1_863' title='bbox 3248 4470 3379 4536; x_wconf 67' lang='lat' dir='ltr'><strong>mg.</strong></span> <span class='ocrx_word' id='word_1_864' title='bbox 3412 4485 3533 4524; x_wconf 76' lang='grc' dir='ltr'><strong>ρηηι</strong></span> <span class='ocrx_word' id='word_1_865' title='bbox 3563 4468 3695 4526; x_wconf 86' lang='lat' dir='ltr'><strong>edit.</strong></span> 
     </span>
    </p>
   </div>
   <div class='ocr_carea' id='block_1_114' title="bbox 2097 4539 3697 4612">
    <p class='ocr_par' dir='ltr' id='par_1_114' title="bbox 2097 4539 3697 4612">
     <span class='ocr_line' id='line_1_115' title="bbox 2097 4539 3697 4612; baseline 0.002 -16"><span class='ocrx_word' id='word_1_866' title='bbox 2097 4539 2258 4596; x_wconf 70' lang='lat' dir='ltr'><strong>Rntn.</strong></span> <span class='ocrx_word' id='word_1_867' title='bbox 2307 4540 2467 4604; x_wconf 76' lang='grc'><strong>1470,</strong></span> <span class='ocrx_word' id='word_1_868' title='bbox 2517 4539 2666 4594; x_wconf 87' lang='lat' dir='ltr'><strong>addit</strong></span> <span class='ocrx_word' id='word_1_869' title='bbox 2713 4539 3014 4606; x_wconf 87' lang='lat' dir='ltr'><strong>hominum;</strong></span> <span class='ocrx_word' id='word_1_870' title='bbox 3071 4542 3095 4595; x_wconf 90' lang='grc'><strong>1</strong></span> <span class='ocrx_word' id='word_1_871' title='bbox 3138 4542 3277 4596; x_wconf 87' lang='lat' dir='ltr'><strong>alter</strong></span> <span class='ocrx_word' id='word_1_872' title='bbox 3328 4542 3458 4612; x_wconf 77' lang='lat' dir='ltr'><strong>Reg.</strong></span> <span class='ocrx_word' id='word_1_873' title='bbox 3512 4542 3697 4599; x_wconf 88' lang='lat' dir='ltr'><strong>cum8</strong></span> 
     </span>
    </p>
   </div>
   <div class='ocr_carea' id='block_1_115' title="bbox 2093 4611 3692 4682">
    <p class='ocr_par' dir='ltr' id='par_1_115' title="bbox 2093 4611 3692 4682">
     <span class='ocr_line' id='line_1_116' title="bbox 2093 4611 3692 4682; baseline -0.002 -13"><span class='ocrx_word' id='word_1_874' title='bbox 2093 4613 2284 4679; x_wconf 91' lang='lat' dir='ltr'><strong>editis,</strong></span> <span class='ocrx_word' id='word_1_875' title='bbox 2335 4611 2605 4682; x_wconf 87' lang='lat' dir='ltr'><strong>omnium</strong></span> <span class='ocrx_word' id='word_1_876' title='bbox 2635 4625 2756 4680; x_wconf 79' lang='lat' dir='ltr'><strong>quae</strong></span> <span class='ocrx_word' id='word_1_877' title='bbox 2779 4625 2883 4667; x_wconf 78' lang='lat' dir='ltr'><strong>vox</strong></span> <span class='ocrx_word' id='word_1_878' title='bbox 2927 4614 3119 4668; x_wconf 83' lang='lat' dir='ltr'><strong>saltem</strong></span> <span class='ocrx_word' id='word_1_879' title='bbox 3150 4624 3235 4667; x_wconf 90' lang='lat' dir='ltr'><strong>est</strong></span> <span class='ocrx_word' id='word_1_880' title='bbox 3280 4611 3692 4682; x_wconf 82' lang='lat' dir='ltr'><strong>subaudienda,</strong></span> 
     </span>
    </p>
   </div>
   <div class='ocr_carea' id='block_1_116' title="bbox 2090 4681 3692 4755">
    <p class='ocr_par' dir='ltr' id='par_1_116' title="bbox 2090 4681 3692 4755">
     <span class='ocr_line' id='line_1_117' title="bbox 2090 4681 3692 4755; baseline 0.001 -16"><span class='ocrx_word' id='word_1_881' title='bbox 2090 4696 2145 4739; x_wconf 89' lang='lat' dir='ltr'><strong>ut</strong></span> <span class='ocrx_word' id='word_1_882' title='bbox 2177 4683 2458 4753; x_wconf 88' lang='lat' dir='ltr'><strong>conjicitur</strong></span> <span class='ocrx_word' id='word_1_883' title='bbox 2483 4697 2547 4738; x_wconf 83' lang='lat' dir='ltr'><strong>ex</strong></span> <span class='ocrx_word' id='word_1_884' title='bbox 2574 4681 2989 4755; x_wconf 83' lang='lat' dir='ltr'><strong>Lactantiiloco</strong></span> <span class='ocrx_word' id='word_1_885' title='bbox 3030 4684 3166 4739; x_wconf 88' lang='lat' dir='ltr'><strong>infra</strong></span> <span class='ocrx_word' id='word_1_886' title='bbox 3192 4685 3386 4755; x_wconf 77' lang='lat' dir='ltr'><strong>posito,</strong></span> <span class='ocrx_word' id='word_1_887' title='bbox 3422 4698 3548 4755; x_wconf 87' lang='lat' dir='ltr'><strong>cap.</strong></span> <span class='ocrx_word' id='word_1_888' title='bbox 3582 4681 3692 4740; x_wconf 64' lang='lat' dir='ltr'><strong>l6:</strong></span> 
     </span>
    </p>
   </div>
   <div class='ocr_carea' id='block_1_117' title="bbox 2092 4753 3695 4827">
    <p class='ocr_par' dir='ltr' id='par_1_117' title="bbox 2092 4753 3695 4827">
     <span class='ocr_line' id='line_1_118' title="bbox 2092 4753 3695 4827; baseline -0.001 -16"><span class='ocrx_word' id='word_1_889' title='bbox 2092 4754 2391 4827; x_wconf 82' lang='lat' dir='ltr'><strong>Abjicienda</strong></span> <span class='ocrx_word' id='word_1_890' title='bbox 2437 4762 2511 4808; x_wconf 83' lang='lat' dir='ltr'><strong>est</strong></span> <span class='ocrx_word' id='word_1_891' title='bbox 2556 4753 2721 4827; x_wconf 72' lang='lat' dir='ltr'><strong>omnis</strong></span> <span class='ocrx_word' id='word_1_892' title='bbox 2767 4754 3125 4827; x_wconf 79' lang='lat' dir='ltr'><strong>pltilosOphia,</strong></span> <span class='ocrx_word' id='word_1_893' title='bbox 3197 4753 3695 4827; x_wconf 17' lang='lat' dir='ltr'><strong>Gentilinm&#39;iscili-</strong></span> 
     </span>
    </p>
   </div>
   <div class='ocr_carea' id='block_1_118' title="bbox 2093 4823 3692 4895">
    <p class='ocr_par' dir='ltr' id='par_1_118' title="bbox 2093 4823 3692 4895">
     <span class='ocr_line' id='line_1_119' title="bbox 2093 4823 3692 4895; baseline -0.001 -13"><span class='ocrx_word' id='word_1_894' title='bbox 2093 4823 2212 4894; x_wconf 77' lang='lat' dir='ltr'><strong>cet;</strong></span> <span class='ocrx_word' id='word_1_895' title='bbox 2247 4826 2524 4894; x_wconf 86' lang='lat' dir='ltr'><strong>Scriptura</strong></span> <span class='ocrx_word' id='word_1_896' title='bbox 2573 4823 2715 4879; x_wconf 86' lang='lat' dir='ltr'><strong>enim</strong></span> <span class='ocrx_word' id='word_1_897' title='bbox 2756 4823 2979 4883; x_wconf 85' lang='lat' dir='ltr'><strong>damnat</strong></span> <span class='ocrx_word' id='word_1_898' title='bbox 3004 4843 3110 4883; x_wconf 89' lang='lat' dir='ltr'><strong>non</strong></span> <span class='ocrx_word' id='word_1_899' title='bbox 3159 4841 3399 4895; x_wconf 89' lang='lat' dir='ltr'><strong>omnem,</strong></span> <span class='ocrx_word' id='word_1_900' title='bbox 3446 4826 3541 4882; x_wconf 87' lang='lat' dir='ltr'><strong>sed</strong></span> <span class='ocrx_word' id='word_1_901' title='bbox 3572 4836 3692 4881; x_wconf 88' lang='lat' dir='ltr'><strong>tan-</strong></span> 
     </span>
    </p>
   </div>
   <div class='ocr_carea' id='block_1_119' title="bbox 2094 4895 3690 4969">
    <p class='ocr_par' dir='ltr' id='par_1_119' title="bbox 2094 4895 3690 4969">
     <span class='ocr_line' id='line_1_120' title="bbox 2094 4895 3690 4969; baseline 0 -17"><span class='ocrx_word' id='word_1_902' title='bbox 2094 4909 2206 4957; x_wconf 88' lang='lat' dir='ltr'><strong>tum</strong></span> <span class='ocrx_word' id='word_1_903' title='bbox 2256 4912 2445 4969; x_wconf 83' lang='lat' dir='ltr'><strong>vanam</strong></span> <span class='ocrx_word' id='word_1_904' title='bbox 2470 4895 2923 4969; x_wconf 68' lang='lat' dir='ltr'><strong>philosophiam,</strong></span> <span class='ocrx_word' id='word_1_905' title='bbox 2970 4909 3029 4953; x_wconf 91' lang='lat' dir='ltr'><strong>ut</strong></span> <span class='ocrx_word' id='word_1_906' title='bbox 3083 4908 3295 4955; x_wconf 86' lang='lat' dir='ltr'><strong>constat</strong></span> <span class='ocrx_word' id='word_1_907' title='bbox 3333 4914 3398 4955; x_wconf 81' lang='lat' dir='ltr'><strong>ex</strong></span> <span class='ocrx_word' id='word_1_908' title='bbox 3448 4913 3568 4969; x_wconf 90' lang='lat' dir='ltr'><strong>cap.</strong></span> <span class='ocrx_word' id='word_1_909' title='bbox 3615 4914 3690 4966; x_wconf 88' lang='grc' dir='ltr'><strong>ιι,</strong></span> 
     </span>
    </p>
   </div>
   <div class='ocr_carea' id='block_1_120' title="bbox 2095 4966 2823 5037">
    <p class='ocr_par' dir='ltr' id='par_1_120' title="bbox 2095 4966 2823 5037">
     <span class='ocr_line' id='line_1_121' title="bbox 2095 4966 2823 5037; baseline -0.001 -13"><span class='ocrx_word' id='word_1_910' title='bbox 2095 4984 2240 5029; x_wconf 88' lang='lat' dir='ltr'><strong>vers.</strong></span> <span class='ocrx_word' id='word_1_911' title='bbox 2272 4968 2329 5037; x_wconf 90' lang='lat'><strong>8,</strong></span> <span class='ocrx_word' id='word_1_912' title='bbox 2357 4967 2424 5024; x_wconf 90' lang='lat' dir='ltr'><strong>ad</strong></span> <span class='ocrx_word' id='word_1_913' title='bbox 2451 4966 2823 5023; x_wconf 86' lang='lat' dir='ltr'><strong>Colossenses.</strong></span> 
     </span>
    </p>
   </div>
   <div class='ocr_carea' id='block_1_121' title="bbox 2172 5037 3695 5104">
    <p class='ocr_par' dir='ltr' id='par_1_121' title="bbox 2172 5037 3695 5104">
     <span class='ocr_line' id='line_1_122' title="bbox 2172 5037 3695 5104; baseline -0.001 -10"><span class='ocrx_word' id='word_1_914' title='bbox 2172 5039 2282 5095; x_wconf 85' lang='lat' dir='ltr'><strong>Nec</strong></span> <span class='ocrx_word' id='word_1_915' title='bbox 2312 5041 2444 5097; x_wconf 89' lang='lat' dir='ltr'><strong>enim</strong></span> <span class='ocrx_word' id='word_1_916' title='bbox 2472 5037 2678 5095; x_wconf 86' lang='lat' dir='ltr'><strong>decebat</strong></span> <span class='ocrx_word' id='word_1_917' title='bbox 2705 5039 2874 5104; x_wconf 86' lang='lat' dir='ltr'><strong>aliter,</strong></span> <span class='ocrx_word' id='word_1_918' title='bbox 2907 5049 2984 5097; x_wconf 84' lang='lat' dir='ltr'><strong>ut.</strong></span> <span class='ocrx_word' id='word_1_919' title='bbox 3016 5040 3141 5097; x_wconf 82' lang='lat' dir='ltr'><strong>Vult</strong></span> <span class='ocrx_word' id='word_1_920' title='bbox 3179 5040 3355 5096; x_wconf 88' lang='lat' dir='ltr'><strong>omitti</strong></span> <span class='ocrx_word' id='word_1_921' title='bbox 3402 5041 3554 5095; x_wconf 87' lang='lat' dir='ltr'><strong>aliter</strong></span> <span class='ocrx_word' id='word_1_922' title='bbox 3585 5038 3695 5093; x_wconf 90' lang='lat' dir='ltr'><strong>Bu-</strong></span> 
     </span>
    </p>
   </div>
   <div class='ocr_carea' id='block_1_122' title="bbox 2095 5110 3695 5181">
    <p class='ocr_par' dir='ltr' id='par_1_122' title="bbox 2095 5110 3695 5181">
     <span class='ocr_line' id='line_1_123' title="bbox 2095 5110 3695 5181; baseline -0.003 -12"><span class='ocrx_word' id='word_1_923' title='bbox 2095 5129 2242 5171; x_wconf 90' lang='lat' dir='ltr'><strong>nem.</strong></span> <span class='ocrx_word' id='word_1_924' title='bbox 2282 5130 2301 5167; x_wconf 74' lang='grc' dir='ltr'><strong>ι</strong></span> <span class='ocrx_word' id='word_1_925' title='bbox 2339 5110 2660 5180; x_wconf 86' lang='lat' dir='ltr'><strong>Proscripsi,</strong></span> <span class='ocrx_word' id='word_1_926' title='bbox 2715 5111 2929 5181; x_wconf 82' lang='lat' dir='ltr'><strong>inquit,</strong></span> <span class='ocrx_word' id='word_1_927' title='bbox 2964 5111 3281 5175; x_wconf 57' lang='lat' dir='ltr'><strong>voeemlhic</strong></span> <span class='ocrx_word' id='word_1_928' title='bbox 3324 5113 3565 5181; x_wconf 10' lang='lat' dir='ltr'><strong>ineptam?</strong></span> <span class='ocrx_word' id='word_1_929' title='bbox 3595 5110 3695 5164; x_wconf 88' lang='lat' dir='ltr'><strong>ali-</strong></span> 
     </span>
    </p>
   </div>
   <div class='ocr_carea' id='block_1_123' title="bbox 2098 5180 3690 5252">
    <p class='ocr_par' dir='ltr' id='par_1_123' title="bbox 2098 5180 3690 5252">
     <span class='ocr_line' id='line_1_124' title="bbox 2098 5180 3690 5252; baseline -0.003 -12"><span class='ocrx_word' id='word_1_930' title='bbox 2098 5197 2219 5241; x_wconf 87' lang='lat' dir='ltr'><strong>ter:</strong></span> <span class='ocrx_word' id='word_1_931' title='bbox 2259 5183 2347 5239; x_wconf 88' lang='lat' dir='ltr'><strong>ubi</strong></span> <span class='ocrx_word' id='word_1_932' title='bbox 2394 5182 2583 5252; x_wconf 88' lang='lat' dir='ltr'><strong>reliqui</strong></span> <span class='ocrx_word' id='word_1_933' title='bbox 2639 5180 2868 5244; x_wconf 73' lang='lat' dir='ltr'><strong>manes,</strong></span> <span class='ocrx_word' id='word_1_934' title='bbox 2914 5199 3005 5238; x_wconf 85' lang='lat' dir='ltr'><strong>nec</strong></span> <span class='ocrx_word' id='word_1_935' title='bbox 3049 5184 3185 5239; x_wconf 88' lang='lat' dir='ltr'><strong>enim</strong></span> <span class='ocrx_word' id='word_1_936' title='bbox 3232 5180 3442 5236; x_wconf 80' lang='lat' dir='ltr'><strong>decebat</strong></span> <span class='ocrx_word' id='word_1_937' title='bbox 3492 5180 3690 5245; x_wconf 53' lang='lat' dir='ltr'><strong>ali‘er,</strong></span> 
     </span>
    </p>
   </div>
   <div class='ocr_carea' id='block_1_124' title="bbox 473 5252 3699 5328">
    <p class='ocr_par' dir='ltr' id='par_1_124' title="bbox 473 5252 3699 5328">
     <span class='ocr_line' id='line_1_125' title="bbox 473 5252 3699 5328; baseline 0.001 -22"><span class='ocrx_word' id='word_1_938' title='bbox 473 5253 691 5328; x_wconf 78' lang='lat' dir='ltr'><strong>Etiamsi</strong></span> <span class='ocrx_word' id='word_1_939' title='bbox 717 5271 808 5328; x_wconf 86' lang='lat' dir='ltr'><strong>ego</strong></span> <span class='ocrx_word' id='word_1_940' title='bbox 835 5255 1125 5325; x_wconf 76' lang='lat' dir='ltr'><strong>defecerint.</strong></span> <span class='ocrx_word' id='word_1_941' title='bbox 1152 5257 1228 5313; x_wconf 91' lang='lat' dir='ltr'><strong>De</strong></span> <span class='ocrx_word' id='word_1_942' title='bbox 1258 5257 1425 5326; x_wconf 86' lang='lat' dir='ltr'><strong>0pif.,</strong></span> <span class='ocrx_word' id='word_1_943' title='bbox 1455 5273 1574 5327; x_wconf 86' lang='lat' dir='ltr'><strong>cap.</strong></span> <span class='ocrx_word' id='word_1_944' title='bbox 1602 5257 1674 5313; x_wconf 75' lang='lat'><strong>20</strong></span> <span class='ocrx_word' id='word_1_945' title='bbox 1699 5278 1711 5312; x_wconf 88' lang='lat'><strong>:</strong></span> <span class='ocrx_word' id='word_1_946' title='bbox 1746 5252 1855 5328; x_wconf 80' lang='lat' dir='ltr'><strong>Ego</strong></span> <span class='ocrx_word' id='word_1_947' title='bbox 1880 5272 1997 5313; x_wconf 80' lang='lat' dir='ltr'><strong>vero</strong></span> <span class='ocrx_word' id='word_1_948' title='bbox 2098 5268 2174 5313; x_wconf 87' lang='lat' dir='ltr'><strong>ut.</strong></span> <span class='ocrx_word' id='word_1_949' title='bbox 2212 5256 2361 5328; x_wconf 80' lang='lat' dir='ltr'><strong>Delet</strong></span> <span class='ocrx_word' id='word_1_950' title='bbox 2385 5267 2599 5328; x_wconf 79' lang='lat' dir='ltr'><strong>quoque</strong></span> <span class='ocrx_word' id='word_1_951' title='bbox 2622 5253 2998 5328; x_wconf 83' lang='lat' dir='ltr'><strong>Heuma_nuus_:</strong></span> <span class='ocrx_word' id='word_1_952' title='bbox 3011 5270 3132 5309; x_wconf 87' lang='lat' dir='ltr'><strong>nam</strong></span> <span class='ocrx_word' id='word_1_953' title='bbox 3159 5254 3485 5328; x_wconf 85' lang='lat' dir='ltr'><strong>hie_sen_sum</strong></span> <span class='ocrx_word' id='word_1_954' title='bbox 3517 5252 3699 5328; x_wconf 74' lang='lat' dir='ltr'><strong>turbat</strong></span> 
     </span>
    </p>
   </div>
   <div class='ocr_carea' id='block_1_125' title="bbox 393 5323 3694 5398">
    <p class='ocr_par' dir='ltr' id='par_1_125' title="bbox 393 5323 3694 5398">
     <span class='ocr_line' id='line_1_126' title="bbox 393 5323 3694 5398; baseline -0 -18"><span class='ocrx_word' id='word_1_955' title='bbox 393 5325 636 5380; x_wconf 82' lang='lat' dir='ltr'><strong>libentius</strong></span> <span class='ocrx_word' id='word_1_956' title='bbox 660 5323 761 5381; x_wconf 70' lang='lat' dir='ltr'><strong>sub</strong></span> <span class='ocrx_word' id='word_1_957' title='bbox 779 5327 875 5381; x_wconf 83' lang='lat' dir='ltr'><strong>hoc</strong></span> <span class='ocrx_word' id='word_1_958' title='bbox 900 5323 1066 5383; x_wconf 79' lang='lat' dir='ltr'><strong>onere</strong></span> <span class='ocrx_word' id='word_1_959' title='bbox 1094 5323 1384 5398; x_wconf 81' lang='lat' dir='ltr'><strong>defecerim.</strong></span> <span class='ocrx_word' id='word_1_960' title='bbox 1424 5323 1661 5385; x_wconf 73' lang='lat' dir='ltr'><strong>lmiiatur</strong></span> <span class='ocrx_word' id='word_1_961' title='bbox 1706 5323 1996 5397; x_wconf 83' lang='lat' dir='ltr'><strong>Qnintilia-</strong></span> <span class='ocrx_word' id='word_1_962' title='bbox 2102 5329 2279 5398; x_wconf 88' lang='lat' dir='ltr'><strong>plane.</strong></span> <span class='ocrx_word' id='word_1_963' title='bbox 2306 5324 2577 5398; x_wconf 62' lang='lat' dir='ltr'><strong>Rescripsi</strong></span> <span class='ocrx_word' id='word_1_964' title='bbox 2601 5340 2667 5398; x_wconf 59' lang='lat' dir='ltr'><strong>ex</strong></span> <span class='ocrx_word' id='word_1_965' title='bbox 2692 5325 2942 5398; x_wconf 83' lang='lat' dir='ltr'><strong>omnibus</strong></span> <span class='ocrx_word' id='word_1_966' title='bbox 2957 5323 3306 5398; x_wconf 80' lang='lat' dir='ltr'><strong>Tornesianis</strong></span> <span class='ocrx_word' id='word_1_967' title='bbox 3321 5324 3503 5398; x_wconf 81' lang='lat' dir='ltr'><strong>aban.</strong></span> <span class='ocrx_word' id='word_1_968' title='bbox 3525 5323 3694 5398; x_wconf 54' lang='grc' dir='ltr'><strong>1548έ</strong></span> 
     </span>
    </p>
   </div>
   <div class='ocr_carea' id='block_1_126' title="bbox 392 5394 3695 5472">
    <p class='ocr_par' dir='ltr' id='par_1_126' title="bbox 392 5394 3695 5472">
     <span class='ocr_line' id='line_1_127' title="bbox 392 5394 3695 5472; baseline 0 -21"><span class='ocrx_word' id='word_1_969' title='bbox 392 5412 530 5451; x_wconf 83' lang='lat' dir='ltr'><strong>num</strong></span> <span class='ocrx_word' id='word_1_970' title='bbox 562 5398 596 5452; x_wconf 93' lang='grc' dir='ltr'><strong>Ι.</strong></span> <span class='ocrx_word' id='word_1_971' title='bbox 628 5413 701 5459; x_wconf 79' lang='lat' dir='ltr'><strong>xit</strong></span> <span class='ocrx_word' id='word_1_972' title='bbox 723 5438 739 5463; x_wconf 91' lang='lat'><strong>,</strong></span> <span class='ocrx_word' id='word_1_973' title='bbox 774 5412 1011 5472; x_wconf 79' lang='lat' dir='ltr'><strong>procem.</strong></span> <span class='ocrx_word' id='word_1_974' title='bbox 1048 5418 1060 5453; x_wconf 87' lang='lat'><strong>:</strong></span> <span class='ocrx_word' id='word_1_975' title='bbox 1091 5394 1233 5472; x_wconf 77' lang='lat' dir='ltr'><strong>Licet</strong></span> <span class='ocrx_word' id='word_1_976' title='bbox 1261 5404 1430 5471; x_wconf 86' lang='lat' dir='ltr'><strong>major</strong></span> <span class='ocrx_word' id='word_1_977' title='bbox 1470 5401 1625 5457; x_wconf 81' lang='lat' dir='ltr'><strong>moles</strong></span> <span class='ocrx_word' id='word_1_978' title='bbox 1668 5394 1894 5472; x_wconf 56' lang='lat' dir='ltr'><strong>primat,</strong></span> <span class='ocrx_word' id='word_1_979' title='bbox 1922 5408 2001 5455; x_wconf 90' lang='lat' dir='ltr'><strong>ta-</strong></span> <span class='ocrx_word' id='word_1_980' title='bbox 2102 5394 2277 5455; x_wconf 60' lang='lat'><strong>1615:</strong></span> <span class='ocrx_word' id='word_1_981' title='bbox 2315 5396 2426 5451; x_wconf 85' lang='lat' dir='ltr'><strong>Nec</strong></span> <span class='ocrx_word' id='word_1_982' title='bbox 2462 5394 2597 5450; x_wconf 87' lang='lat' dir='ltr'><strong>enim</strong></span> <span class='ocrx_word' id='word_1_983' title='bbox 2624 5395 2848 5459; x_wconf 84' lang='lat' dir='ltr'><strong>decebat,</strong></span> <span class='ocrx_word' id='word_1_984' title='bbox 2877 5405 2965 5472; x_wconf 84' lang='lat' dir='ltr'><strong>ut_,_</strong></span> <span class='ocrx_word' id='word_1_985' title='bbox 2987 5412 3121 5449; x_wconf 86' lang='lat' dir='ltr'><strong>cum.</strong></span> <span class='ocrx_word' id='word_1_986' title='bbox 3161 5394 3311 5472; x_wconf 85' lang='lat' dir='ltr'><strong>_lllud</strong></span> <span class='ocrx_word' id='word_1_987' title='bbox 3350 5396 3499 5472; x_wconf 77' lang='lat' dir='ltr'><strong>aliter</strong></span> <span class='ocrx_word' id='word_1_988' title='bbox 3527 5397 3695 5465; x_wconf 89' lang='lat' dir='ltr'><strong>priori</strong></span> 
     </span>
    </p>
   </div>
   <div class='ocr_carea' id='block_1_127' title="bbox 394 5466 3694 5545">
    <p class='ocr_par' dir='ltr' id='par_1_127' title="bbox 394 5466 3694 5545">
     <span class='ocr_line' id='line_1_128' title="bbox 394 5466 3694 5545; baseline 0.002 -25"><span class='ocrx_word' id='word_1_989' title='bbox 394 5482 588 5522; x_wconf 82' lang='lat' dir='ltr'><strong>men...</strong></span> <span class='ocrx_word' id='word_1_990' title='bbox 620 5469 949 5545; x_wconf 51' lang='lat' dir='ltr'><strong>constitutum</strong></span> <span class='ocrx_word' id='word_1_991' title='bbox 980 5480 1074 5539; x_wconf 83' lang='lat' dir='ltr'><strong>est,</strong></span> <span class='ocrx_word' id='word_1_992' title='bbox 1102 5471 1179 5527; x_wconf 81' lang='lat' dir='ltr'><strong>vet</strong></span> <span class='ocrx_word' id='word_1_993' title='bbox 1208 5466 1424 5543; x_wconf 75' lang='lat' dir='ltr'><strong>deﬁcere</strong></span> <span class='ocrx_word' id='word_1_994' title='bbox 1471 5474 1638 5545; x_wconf 80' lang='lat' dir='ltr'><strong>potius</strong></span> <span class='ocrx_word' id='word_1_995' title='bbox 1655 5466 1679 5540; x_wconf 69' lang='grc'><strong>,⁷</strong></span> <span class='ocrx_word' id='word_1_996' title='bbox 1700 5488 1851 5543; x_wconf 87' lang='lat' dir='ltr'><strong>quam</strong></span> <span class='ocrx_word' id='word_1_997' title='bbox 1881 5466 2000 5529; x_wconf 82' lang='lat' dir='ltr'><strong>des-</strong></span> <span class='ocrx_word' id='word_1_998' title='bbox 2102 5472 2222 5545; x_wconf 73' lang='lat' dir='ltr'><strong>loco</strong></span> <span class='ocrx_word' id='word_1_999' title='bbox 2246 5478 2460 5545; x_wconf 22' lang='lat' dir='ltr'><strong>Ampium</strong></span> <span class='ocrx_word' id='word_1_1000' title='bbox 2487 5476 2672 5545; x_wconf 89' lang='lat' dir='ltr'><strong>postea</strong></span> <span class='ocrx_word' id='word_1_1001' title='bbox 2699 5466 3033 5545; x_wconf 67' lang='lat' dir='ltr'><strong>commodius</strong></span> <span class='ocrx_word' id='word_1_1002' title='bbox 3052 5466 3263 5545; x_wconf 54' lang='lat' dir='ltr'><strong>student</strong></span> <span class='ocrx_word' id='word_1_1003' title='bbox 3294 5466 3528 5545; x_wconf 80' lang='lat' dir='ltr'><strong>reddunt</strong></span> <span class='ocrx_word' id='word_1_1004' title='bbox 3570 5482 3694 5524; x_wconf 82' lang='lat' dir='ltr'><strong>cum</strong></span> 
     </span>
    </p>
   </div>
   <div class='ocr_carea' id='block_1_128' title="bbox 395 5537 3691 5611">
    <p class='ocr_par' dir='ltr' id='par_1_128' title="bbox 395 5537 3691 5611">
     <span class='ocr_line' id='line_1_129' title="bbox 395 5537 3691 5611; baseline -0.001 -16"><span class='ocrx_word' id='word_1_1005' title='bbox 395 5554 594 5611; x_wconf 70' lang='lat' dir='ltr'><strong>pertire.</strong></span> <span class='ocrx_word' id='word_1_1006' title='bbox 626 5538 760 5597; x_wconf 69' lang='lat' dir='ltr'><strong>Buu.</strong></span> <span class='ocrx_word' id='word_1_1007' title='bbox 1062 5537 1067 5539; x_wconf 60' lang='grc'><em>’</em></span> <span class='ocrx_word' id='word_1_1008' title='bbox 1273 5537 1284 5543; x_wconf 69' lang='grc'><strong>⁷</strong></span> <span class='ocrx_word' id='word_1_1009' title='bbox 1471 5537 1481 5545; x_wconf 86' lang='grc'><em>’</em></span> <span class='ocrx_word' id='word_1_1010' title='bbox 1658 5537 1665 5540; x_wconf 65' lang='grc'>⁷</span> <span class='ocrx_word' id='word_1_1011' title='bbox 1711 5537 1724 5543; x_wconf 87' lang='grc'><em>’</em></span> <span class='ocrx_word' id='word_1_1012' title='bbox 2110 5542 2280 5598; x_wconf 90' lang='lat' dir='ltr'><strong>Betul.</strong></span> <span class='ocrx_word' id='word_1_1013' title='bbox 2313 5541 2558 5610; x_wconf 82' lang='lat' dir='ltr'><strong>legendo,</strong></span> <span class='ocrx_word' id='word_1_1014' title='bbox 2590 5547 2827 5606; x_wconf 86' lang='lat' dir='ltr'><strong>tanquam</strong></span> <span class='ocrx_word' id='word_1_1015' title='bbox 2858 5537 3007 5592; x_wconf 86' lang='lat' dir='ltr'><strong>aliter</strong></span> <span class='ocrx_word' id='word_1_1016' title='bbox 3037 5538 3165 5607; x_wconf 80' lang='lat' dir='ltr'><strong>ﬁdes</strong></span> <span class='ocrx_word' id='word_1_1017' title='bbox 3193 5540 3238 5593; x_wconf 88' lang='lat' dir='ltr'><strong>ei</strong></span> <span class='ocrx_word' id='word_1_1018' title='bbox 3268 5555 3370 5594; x_wconf 88' lang='lat' dir='ltr'><strong>non</strong></span> <span class='ocrx_word' id='word_1_1019' title='bbox 3401 5540 3691 5609; x_wconf 81' lang='lat' dir='ltr'><strong>haberetur,</strong></span> 
     </span>
    </p>
   </div>
   <div class='ocr_carea' id='block_1_129' title="bbox 478 5610 3653 5690">
    <p class='ocr_par' dir='ltr' id='par_1_129' title="bbox 478 5610 3653 5690">
     <span class='ocr_line' id='line_1_130' title="bbox 478 5610 3653 5690; baseline 0.009 -28"><span class='ocrx_word' id='word_1_1020' title='bbox 478 5610 738 5690; x_wconf 44' lang='lat' dir='ltr'><strong>maxime:</strong></span> <span class='ocrx_word' id='word_1_1021' title='bbox 764 5628 988 5690; x_wconf 65' lang='lat' dir='ltr'><strong>quoque,</strong></span> <span class='ocrx_word' id='word_1_1022' title='bbox 1020 5613 1095 5670; x_wconf 87' lang='lat' dir='ltr'><strong>Ita</strong></span> <span class='ocrx_word' id='word_1_1023' title='bbox 1131 5614 1529 5690; x_wconf 41' lang='lat' dir='ltr'><strong>feruntucuncti</strong></span> <span class='ocrx_word' id='word_1_1024' title='bbox 1563 5614 1732 5672; x_wconf 81' lang='lat' dir='ltr'><strong>ferme</strong></span> <span class='ocrx_word' id='word_1_1025' title='bbox 1759 5611 1916 5690; x_wconf 73' lang='lat' dir='ltr'><strong>editi,</strong></span> <span class='ocrx_word' id='word_1_1026' title='bbox 1947 5620 2005 5670; x_wconf 88' lang='lat' dir='ltr'><strong>et</strong></span> <span class='ocrx_word' id='word_1_1027' title='bbox 2104 5629 2237 5690; x_wconf 65' lang='lat' dir='ltr'><strong>quas</strong></span> <span class='ocrx_word' id='word_1_1028' title='bbox 2260 5627 2380 5669; x_wconf 89' lang='lat' dir='ltr'><strong>sum</strong></span> <span class='ocrx_word' id='word_1_1029' title='bbox 2407 5619 2641 5690; x_wconf 62' lang='lat' dir='ltr'><strong>secutus.</strong></span> <span class='ocrx_word' id='word_1_1030' title='bbox 2679 5627 2698 5659; x_wconf 71' lang='grc' dir='ltr'><strong>ι</strong></span> <span class='ocrx_word' id='word_1_1031' title='bbox 2779 5681 2791 5690; x_wconf 45' lang='grc'><em>,</em></span> <span class='ocrx_word' id='word_1_1032' title='bbox 3010 5679 3045 5690; x_wconf 71' lang='lat'><em>_</em></span> <span class='ocrx_word' id='word_1_1033' title='bbox 3187 5681 3231 5690; x_wconf 54' lang='grc' dir='ltr'>η</span> <span class='ocrx_word' id='word_1_1034' title='bbox 3337 5682 3349 5690; x_wconf 84' lang='grc'><em>,</em></span> <span class='ocrx_word' id='word_1_1035' title='bbox 3624 5678 3653 5690; x_wconf 17' lang='grc' dir='ltr'><strong>Α.</strong></span> 
     </span>
    </p>
   </div>
   <div class='ocr_carea' id='block_1_130' title="bbox 2189 5674 3692 5749">
    <p class='ocr_par' dir='ltr' id='par_1_130' title="bbox 2189 5674 3692 5749">
     <span class='ocr_line' id='line_1_131' title="bbox 2189 5674 3692 5749; baseline -0.004 -11"><span class='ocrx_word' id='word_1_1036' title='bbox 2189 5674 2546 5738; x_wconf 84' lang='lat' dir='ltr'><strong>Pronuntiare.</strong></span> <span class='ocrx_word' id='word_1_1037' title='bbox 2562 5674 2748 5734; x_wconf 86' lang='lat' dir='ltr'><strong>Verum</strong></span> <span class='ocrx_word' id='word_1_1038' title='bbox 2774 5681 2903 5749; x_wconf 86' lang='lat' dir='ltr'><strong>ipse,</strong></span> <span class='ocrx_word' id='word_1_1039' title='bbox 2928 5691 2983 5736; x_wconf 90' lang='lat' dir='ltr'><strong>ut</strong></span> <span class='ocrx_word' id='word_1_1040' title='bbox 3001 5679 3158 5738; x_wconf 80' lang='lat' dir='ltr'><strong>Deus.</strong></span> <span class='ocrx_word' id='word_1_1041' title='bbox 3187 5681 3312 5738; x_wconf 75' lang='lat' dir='ltr'><strong>Hmc</strong></span> <span class='ocrx_word' id='word_1_1042' title='bbox 3337 5678 3692 5749; x_wconf 83' lang='lat' dir='ltr'><strong>interpunctio</strong></span> 
     </span>
    </p>
   </div>
   <div class='ocr_carea' id='block_1_131' title="bbox 396 5680 3435 5763">
    <p class='ocr_par' dir='ltr' id='par_1_131' title="bbox 396 5680 3435 5763">
     <span class='ocr_line' id='line_1_132' title="bbox 396 5680 3435 5763; baseline -0.001 -26"><span class='ocrx_word' id='word_1_1043' title='bbox 396 5681 742 5763; x_wconf 76' lang='lat' dir='ltr'><strong>antiquiores</strong></span> <span class='ocrx_word' id='word_1_1044' title='bbox 771 5680 833 5739; x_wconf 81' lang='lat' dir='ltr'><strong>ac</strong></span> <span class='ocrx_word' id='word_1_1045' title='bbox 877 5680 1113 5753; x_wconf 78' lang='lat' dir='ltr'><strong>potiores</strong></span> <span class='ocrx_word' id='word_1_1046' title='bbox 1145 5702 1277 5746; x_wconf 80' lang='lat' dir='ltr'><strong>mss.</strong></span> <span class='ocrx_word' id='word_1_1047' title='bbox 1310 5686 1522 5759; x_wconf 82' lang='lat' dir='ltr'><strong>Vulgati</strong></span> <span class='ocrx_word' id='word_1_1048' title='bbox 1554 5698 1662 5745; x_wconf 88' lang='lat' dir='ltr'><strong>tres</strong></span> <span class='ocrx_word' id='word_1_1049' title='bbox 1701 5695 1757 5755; x_wconf 84' lang='lat' dir='ltr'><strong>et</strong></span> <span class='ocrx_word' id='word_1_1050' title='bbox 1789 5684 1858 5743; x_wconf 88' lang='grc'><strong>18</strong></span> <span class='ocrx_word' id='word_1_1051' title='bbox 1886 5680 2000 5742; x_wconf 85' lang='lat' dir='ltr'><strong>rec.</strong></span> <span class='ocrx_word' id='word_1_1052' title='bbox 2122 5680 2137 5685; x_wconf 86' lang='grc'><em>’</em></span> <span class='ocrx_word' id='word_1_1053' title='bbox 2189 5680 2546 5763; x_wconf 55' lang='lat' dir='ltr'><strong>Pronuntiare.</strong></span> <span class='ocrx_word' id='word_1_1054' title='bbox 2562 5680 2748 5734; x_wconf 85' lang='lat' dir='ltr'><strong>Verum</strong></span> <span class='ocrx_word' id='word_1_1055' title='bbox 2774 5681 2903 5749; x_wconf 85' lang='lat' dir='ltr'><strong>ipse,</strong></span> <span class='ocrx_word' id='word_1_1056' title='bbox 2928 5691 2983 5763; x_wconf 85' lang='lat' dir='ltr'><strong>u_t</strong></span> <span class='ocrx_word' id='word_1_1057' title='bbox 3001 5680 3312 5763; x_wconf 39' lang='lat' dir='ltr'><strong>Detts._Hm.c</strong></span> <span class='ocrx_word' id='word_1_1058' title='bbox 3337 5682 3435 5763; x_wconf 71' lang='lat' dir='ltr'><strong>inte</strong></span> 
     </span>
    </p>
   </div>
   <div class='ocr_carea' id='block_1_132' title="bbox 2116 5748 3690 5834">
    <p class='ocr_par' dir='ltr' id='par_1_132' title="bbox 2116 5748 3690 5834">
     <span class='ocr_line' id='line_1_133' title="bbox 2116 5748 3690 5834; baseline -0.01 -17"><span class='ocrx_word' id='word_1_1059' title='bbox 2116 5765 2198 5829; x_wconf 81' lang='lat' dir='ltr'><strong>est</strong></span> <span class='ocrx_word' id='word_1_1060' title='bbox 2227 5768 2356 5817; x_wconf 81' lang='lat' dir='ltr'><strong>mss.</strong></span> <span class='ocrx_word' id='word_1_1061' title='bbox 2405 5753 2460 5822; x_wconf 79' lang='lat'><strong><em>6.</em></strong></span> <span class='ocrx_word' id='word_1_1062' title='bbox 2485 5750 2645 5825; x_wconf 70' lang='lat'><strong>863.,</strong></span> <span class='ocrx_word' id='word_1_1063' title='bbox 2675 5765 2901 5824; x_wconf 82' lang='lat' dir='ltr'><strong>quorum</strong></span> <span class='ocrx_word' id='word_1_1064' title='bbox 2942 5753 3049 5823; x_wconf 87' lang='lat' dir='ltr'><strong>duo</strong></span> <span class='ocrx_word' id='word_1_1065' title='bbox 3085 5752 3439 5826; x_wconf 83' lang='lat' dir='ltr'><strong>antiquissimi</strong></span> <span class='ocrx_word' id='word_1_1066' title='bbox 3466 5748 3609 5815; x_wconf 77' lang='lat' dir='ltr'><strong>Sunt,</strong></span> 
     </span>
    </p>
   </div>
   <div class='ocr_carea' id='block_1_133' title="bbox 396 5753 1095 5829">
    <p class='ocr_par' dir='ltr' id='par_1_133' title="bbox 396 5753 1095 5829">
     <span class='ocr_line' id='line_1_134' title="bbox 396 5753 1095 5829; baseline 0.001 -19"><span class='ocrx_word' id='word_1_1067' title='bbox 396 5753 559 5829; x_wconf 40' lang='lat' dir='ltr'><strong>ms»,</strong></span> <span class='ocrx_word' id='word_1_1068' title='bbox 589 5753 836 5811; x_wconf 69' lang='lat' dir='ltr'><strong>maxime:</strong></span> <span class='ocrx_word' id='word_1_1069' title='bbox 857 5769 1095 5829; x_wconf 75' lang='lat' dir='ltr'><strong>quosque.</strong></span> 
     </span>
    </p>
   </div>
  </div>
