4174 6200
478 222 580 285 351

1554 227 1742 286 FIRM.
1770 226 2146 287 LACTANTII
2182 226 2391 287 DIVIN.
2431 225 2680 287 lNSTlT.

3668 220 3777 282 552

480 340 561 400 las
586 341 892 401 testimonia
912 341 1111 400 divinze
1135 344 1283 401 vocis
1308 342 1625 414 habeamus,
1656 345 1901 415 profecto
1925 360 2081 401 mon-
2104 348 2162 409 Α
2185 345 2481 413 destructo,
2513 345 2724 403 facilior
2750 344 2908 402 nobis
2929 343 3106 402 aditus
3136 342 3397 416 pateatad
3419 341 3779 402 excidendum

478 436 789 502 strabimus,
841 444 1047 506 quanto
1093 436 1416 494 certioribus
1476 438 1810 510 argumentis
1866 438 2077 510 possint

481 543 610 585 vera
634 528 887 596 defendi,
942 544 1064 586 cum
1091 531 1253 586 etiam
1297 530 1433 588 falso
1458 532 1537 587 sic
1581 530 1958 600 defendamur,
2018 541 2078 587 ut

481 636 611 680 vera
640 624 849 680 soleant
871 624 1066 681 videri.
1101 625 1279 695 Quare
1308 642 1413 682 non
1439 635 1544 691 est,
1572 626 1713 697 quod
1743 626 2080 700 philosophis

482 721 692 771 tantum
743 716 967 772 honoris
1020 718 1347 787 habeamus,
1383 727 1477 774 aut
1500 734 1685 774 eorum
1717 716 2079 790 eloquentiam

481 809 945 880 pertimescamus.
978 811 1147 883 Loqui
1183 814 1324 868 enim
1366 813 1503 869 bene
1528 822 1843 883 potuerunt,
1876 821 1935 867 ut
1978 810 2080 867 ho-

484 901 662 956 mines
699 902 917 970 eruditi,
956 918 1087 959 vere
1128 912 1306 960 autem
1337 905 1504 977 loqui,
1551 904 1698 961 nullo
1726 904 1909 970 modo,
1958 904 2082 975 quia

482 994 766 1051 veritatem
792 1012 897 1051 non
923 996 1223 1052 didicerant
1246 998 1314 1053 ab
1334 1013 1419 1064 eo,
1445 999 1534 1069 qui
1554 998 1672 1068 ejus
1701 1007 1894 1069 potens
1915 1007 2080 1053 esset.

485 1082 597 1141 Nec
619 1101 750 1142 sane
774 1102 1024 1159 magnum
1047 1088 1244 1160 aliquid
1273 1089 1591 1157 eliiciemus,
1610 1090 1752 1161 quod
1778 1090 1904 1144 illos
1925 1090 2077 1161 igno-

483 1178 673 1234 rantiae
698 1178 1105 1251 redarguemus,
1147 1196 1308 1252 quam
1355 1182 1452 1252 ipsi
1493 1182 1792 1252 saepissime
1821 1181 2083 1237 conﬁten-

487 1280 573 1328 tur
592 1273 645 1329 in
675 1288 742 1329 eo
770 1273 909 1341 solo,
932 1275 1183 1346 quoniam
1208 1275 1295 1330 his
1325 1291 1431 1330 non
1468 1273 1731 1342 creditur,
1760 1275 1812 1330 in
1836 1289 1943 1344 quo
1967 1276 2084 1331 solo

486 1364 634 1420 credi
669 1364 884 1428 debuit;
907 1365 1146 1421 conabor
1170 1367 1480 1432 ostendere,
1514 1382 1785 1438 nunquam
1832 1367 1955 1423 illos
1977 1376 2086 1422 tam

496 1457 766 1514 veridicos
794 1457 982 1528 fuisse,
1010 1475 1171 1533 quam
1198 1476 1318 1517 eum
1348 1462 1671 1519 sententiam
1713 1462 1780 1519 de
1801 1476 1900 1519 sua
1930 1461 2088 1534 igno-

493 1551 707 1608 ratione
737 1550 1007 1609 dixerunt.

1135 1673 1370 1734 CAPUT
1411 1676 1476 1733 ll.

493 1784 575 1843 De
606 1788 954 1859 philosophia,
977 1797 1026 1844 et
1039 1806 1195 1861 quam
1214 1792 1387 1847 inanis
1414 1793 1569 1863 fuerit
1589 1794 1701 1865 eius
1720 1793 1774 1848 in
1796 1791 2097 1864 exponenda

1027 1885 1235 1940 veritate
1261 1887 1553 1956 occupatio.

568 2018 723 2076 Nune
745 2019 999 2091 quoniam
1029 2020 1243 2078 duobus
1281 2022 1551 2093 prioribus
1580 2023 1733 2079 libris
1775 2023 2098 2094 religionum

499 2108 708 2168 falsitas
751 2112 1120 2169 demonstrata
1151 2123 1265 2181 est,
1297 2130 1398 2172 nec
1428 2131 1535 2171 non
1581 2116 1733 2186 origo
1783 2116 1898 2184 ipsa
1936 2116 2099 2172 totius

500 2204 705 2260 erroris
731 2206 977 2275 exposita
1002 2223 1015 2260 :
1043 2207 1200 2277 hujus
1227 2206 1351 2262 libri
1381 2223 1575 2263 munus
1595 2218 1678 2263 est
1705 2208 2099 2279 philosophiam

498 2310 712 2367 quoque
736 2298 1046 2364 ostendere,
1076 2315 1235 2371 quam
1264 2301 1443 2356 inanis
1471 2311 1524 2357 et
1550 2300 1683 2357 falsa
1714 2302 1819 2368 sit;
1851 2310 1928 2367 ut,
1952 2303 2100 2357 omni

498 2401 687 2444 errore
713 2390 945 2457 sublato,
972 2393 1173 2448 veritas
1199 2392 1465 2464 patefacta
1496 2395 1778 2450 clarescat.
1812 2395 2102 2451 Ordiamur

498 2477 680 2552 itaque
700 2496 731 2537 a
757 2482 1028 2539 communi
1051 2483 1408 2558 philosophia:
1427 2488 1668 2556 nomine,
1689 2498 1746 2545 ut
1777 2488 1896 2559 ipso
1925 2488 2103 2559 capite

2183 454 2344 496 omne
2370 454 2567 510 corpus
2596 456 2608 492 :
2656 439 2702 495 si
2740 447 2921 494 tamen
2951 446 3130 509 potest
3169 451 3367 509 corpus
3395 436 3593 505 vocari,
3627 435 3781 506 cujus

2186 542 2366 606 partes
2393 547 2457 588 ac
2503 531 2746 588 membra
2776 530 3107 599 discordant,
3151 545 3254 587 nec
3278 530 3383 586 ulla
3414 543 3677 600 compage
3702 529 3783 584 in-

2188 636 2271 682 ter
2306 641 2366 681 se
2408 625 2738 692 cohaereant,
2793 623 2889 681 sed
2941 625 3096 697 quasi
3144 623 3371 695 disjecta
3416 631 3472 680 et
3497 621 3780 692 dissipata,

2190 720 2454 792 palpitare
2483 719 2680 789 potius,
2711 734 2871 790 quam
2900 719 3083 774 vivere
3103 717 3407 774 videantur.
3436 715 3783 788 Philosophia

2191 810 2321 883 est(
2346 821 2403 866 ut
2447 826 2644 866 nomen
2676 809 2896 876 indicat,
2947 810 3157 882 ipsique
3207 807 3510 878 definiunt)
3542 808 3782 864 studium

2190 904 2484 974 sapientiae.
2522 903 2676 960 Unde
2717 904 2877 974 igitur
2902 904 3123 975 probem
3165 902 3337 974 magis
3384 902 3782 973 philosophiam

2191 1011 2299 1053 non
2329 1010 2450 1052 esse
2476 996 2817 1066 sapientiam,
2852 1011 3012 1067 quam
3037 1011 3102 1051 ex
3131 995 3298 1066 ipsius
3328 994 3561 1050 nominis
3582 994 3789 1066 signiti-

2189 1088 2438 1145 catione?
2463 1088 2562 1157 Qui
2588 1089 2731 1144 enim
2772 1088 3050 1159 sapientia:
3081 1087 3293 1157 studet,
3325 1088 3509 1158 utique
3542 1086 3781 1143 nondum

2192 1183 2352 1254 sapit,
2384 1182 2481 1239 sed
2512 1192 2570 1238 ut
2591 1198 2783 1254 sapere
2810 1184 2979 1253 possit
3001 1182 3200 1238 studet.
3235 1182 3293 1237 In
3316 1182 3529 1237 caeteris
3555 1182 3786 1248 artibus,

2189 1274 2421 1332 studium
2451 1274 2577 1346 quid
2621 1274 2841 1343 efﬁciat,
2890 1285 2945 1331 et
2989 1289 3096 1346 quo
3125 1273 3331 1342 tendat,
3374 1282 3618 1345 apparet.
3645 1273 3791 1341 Quas

2191 1382 2313 1423 cum
2341 1366 2600 1423 discendo
2641 1368 2835 1439 aliquis
2862 1376 3141 1423 assecutus
3167 1375 3270 1432 est,
3310 1366 3422 1436 jam
3452 1381 3560 1421 non
3585 1364 3792 1421 studio—

2195 1476 2289 1517 sus
2311 1460 2546 1527 artificii,
2576 1460 2670 1516 sed
2702 1458 2897 1516 artifex
2926 1457 3335 1515 nominatur.At
3359 1457 3502 1514 enim
3534 1472 3795 1513 verecun—

2200 1553 2304 1610 dia:
2349 1567 2511 1609 causa
2563 1551 2837 1608 studiosos
2894 1567 2954 1605 se
3007 1550 3320 1621 sapientize,
3378 1565 3488 1605 non
3526 1549 3796 1620 sapientes

2126 1676 2176 1735 Β
2204 1654 2554 1702 vocaverunt.
2579 1644 2750 1699 Immo
2786 1658 2916 1699 vero
2953 1642 3311 1715 Pythagoras,
3342 1645 3431 1713 qni
3462 1641 3565 1699 hoc
3589 1642 3799 1712 primus

2204 1753 2400 1795 nomen
2451 1737 2676 1805 invenit,
2720 1751 2842 1792 cum
2885 1735 3046 1806 paulo
3082 1734 3206 1804 plus
3244 1745 3489 1805 saperet,
3532 1749 3693 1805 quam
3726 1732 3800 1788 illi

2200 1831 2435 1904 priores,
2467 1830 2558 1900 qui
2586 1844 2647 1886 se
2675 1828 2947 1899 sapientes
2975 1834 3314 1898 putaverunt,
3367 1826 3628 1881 lntellexit
3652 1825 3802 1881 nullo

2204 1924 2445 1982 humano
2494 1922 2674 1980 studio
2726 1935 2885 1992 posse
2927 1920 2997 1976 ad
3046 1920 3365 1991 sapientiam
3413 1919 3702 1991 perveniri,
3746 1928 3805 1975 et

2204 2020 2326 2077 ideo
2351 2035 2458 2074 non
2485 2027 2759 2090 oportere,
2787 2015 3252 2087 incomprehensm
3285 2024 3448 2083 atque
3474 2012 3804 2084 imperfectae

2204 2112 2285 2168 rei
2338 2110 2638 2182 perfectura
2682 2123 2878 2164 nomen
2942 2107 3167 2177 imponi.
3215 2106 3399 2177 Itaque
3446 2120 3568 2161 cum
3624 2104 3694 2160 ab
3738 2118 3807 2159 eo

2206 2212 2573 2276 quaereretur,
2629 2216 2914 2272 quemnam
2966 2215 3026 2255 se
3070 2198 3438 2270 profiteretur,
3489 2196 3805 2269 respondit:

2206 2295 2611 2370 philosophum,
2658 2294 2707 2349 id
2750 2301 2853 2359 est,
2887 2292 3232 2363 quaesitorem
3262 2291 3561 2362 sapientiae.
3593 2290 3649 2347 Si
3676 2304 3808 2361 ergo

2205 2388 2547 2463 philosophia
2598 2386 2921 2458 sapientiam
2969 2385 3182 2456 quaerit,
3233 2399 3335 2440 nec
3378 2385 3492 2455 ipsa
3540 2384 3805 2456 sapientia

2204 2495 2322 2553 est;
2355 2487 2479 2555 quia
2512 2494 2734 2539 necesse
2757 2487 2842 2537 est
2861 2476 3006 2534 aliud
3034 2490 3178 2545 esse,
3209 2476 3355 2548 quod
3375 2476 3568 2549 quaerit
3592 2493 3607 2545 ;
3635 2475 3806 2545 aliud,

1837 2666 2203 2727 VARIORUM
2238 2665 2471 2726 ΝΟΤλΕ.

501 2817 682 2893 Golb.,
722 2821 898 2893 Lips.,
933 2822 1186 2892 Tornes.,
1220 2825 1423 2889 Betnl.,
1461 2824 1610 2892 Em.,
1656 2826 1822 2883 Brun.
1876 2841 1941 2883 ac
1986 2835 2097 2884 vet.

503 2892 591 2948 ed.
619 2892 682 2966 2,
725 2892 883 2949 Rom.
913 2901 970 2948 et
992 2894 1185 2951 Venet.
1222 2896 1379 2952 1490.
1412 2897 1471 2952 In
1517 2896 1759 2966 pluribus
1787 2912 1921 2953 mss.
1952 2898 2097 2955 nulla

506 2973 590 3038 est
619 2964 685 3019 ad
717 2967 1020 3038 hazeverba
1047 2967 1443 3035 interpunctio:
1470 2964 1702 3038 quatuor
1723 2970 1910 3024 ultima
1932 2985 1958 3022 a
1989 2986 2092 3025 ms.

2205 2829 2373 2900 antiq.
2419 2835 2476 2883 et
2528 2840 2639 2882 rec.
2690 2822 2820 2882 edit.
2850 2822 3070 2893 Thom.,
3119 2820 3313 2896 Thys.,
3344 2820 3483 2878 Gall.
3537 2821 3804 2895 inserunt,

2206 2918 2260 2955 ἠ
2278 2916 2569 3026 ἱξιίὶονίὺυε.
2598 2969 2674 3024 Ita
2726 2966 2941 3037 reposui
2971 2980 3036 3021 ex
3088 2964 3492 3037 manuscriptis,
3527 2976 3725 3035 praeter
3772 2966 3806 3020 2

504 3032 1100 3113 Mertottiensi_ahst_tnt:
1131 3032 1271 3113 unde
1296 3054 1358 3094 ea
1390 3032 1512 3094 esse
1536 3039 1804 3111 glossema
1830 3040 1943 3096 fere
1976 3056 2088 3097 sus-
2126 3034 2171 3099 C
2204 3044 2337 3113 Reg.
2370 3053 2423 3097 et
2463 3041 2657 3113 editos,
2703 3040 2763 3113 in
2791 3032 2986 3113 quibus
3011 3046 3095 3092 est
3146 3032 3677 3108 superioribus,‘qua:
3702 3051 3805 3093 vos

505 3107 655 3177 picor
681 3121 803 3161 cum
829 3105 1076 3162 Walchio
1102 3118 1156 3163 et
1175 3109 1512 3165 Heilmanno.

582 3176 997 3233 Monstrabimus.
1032 3180 1122 3235 Sic
1146 3182 1425 3235 emendavi
1458 3197 1524 3236 ex
1553 3183 1763 3236 cunctis
1791 3196 1919 3236 mss.
1950 3182 2099 3238 codi-

507 3247 683 3313 cibus,
716 3258 771 3304 et
788 3249 948 3306 editis
980 3250 1138 3306 Rom.
1172 3252 1333 3321 M70,
1365 3253 1563 3317 Betnl.,
1599 3262 1654 3307 et
1692 3253 1939 3309 versione
1967 3253 2097 3310 Gal-

508 3317 630 3375 lica.
662 3336 727 3373 an
762 3320 917 3375 1565.

533 3333 630 3377 tea.
662 3336 727 3373 an
762 3333 917 3375 1565.

580 3387 802 3465 Tantum
810 3392 1025 3465 honoris
1042 3394 1334 3461 habeamus,
1351 3404 1456 3448 aut.
1478 3394 1727 3462 Runem.,
1751 3403 1826 3449 ut.
1841 3395 1957 3451 «Sic
1971 3396 2095 3465 edo,

511 3460 705 3537 inquit,
721 3477 785 3537 ex
801 3463 1015 3537 Sublac.
1027 3507 1039 3527 ,
1051 3460 1420 3537 Riost.,Ven.,i
1434 3466 1529 3521 471
1544 3460 1895 3537 ,72.utraqne
1912 3460 2095 3534 78,93,

510 3531 600 3595 97,
619 3533 814 3609 Paris.,
838 3534 1059 3609 Parrh.,_
1077 3531 1251 3602 Juut.,
1271 3535 1420 3604 Ald.,
1444 3537 1609 3603 Crat.,
1641 3531 1861 3609 Gymnl,
1886 3547 1939 3593 et
1956 3531 2100 3594 Heu;

512 3619 750 3680 manuus
773 3608 851 3661 sic
874 3607 1155 3676 legendum
1183 3609 1373 3663 credit.
1407 3609 1591 3664 Recte.
1645 3607 1735 3665 Sic
1784 3610 1906 3680 lego
1934 3610 1969 3663 Ι.
2002 3627 2096 3677 vn,

512 3689 563 3730 c.
590 3675 625 3729 5
649 3693 670 3748 :7
691 3675 751 3729 Si
778 3675 975 3748 tantum
997 3680 1202 3733 honoris
1225 3680 1418 3734 homini
1444 3682 1638 3746 habuit,
1682 3692 1734 3732 ut
1756 3675 1917 3748 ipsius
1939 3675 2099 3737 causa

511 3747 759 3800 mundum
789 3747 1079 3815 fabricaret.
1111 3748 1188 3804 Ib.
1218 3793 1231 3813 ,
1256 3765 1305 3805 c.
1329 3752 1363 3806 4
1390 3769 1402 3802 :
1432 3749 1652 3804 Tantum
1678 3750 1755 3805 illi
1779 3747 1988 3807 honoris
2009 3755 2103 3808 ha-

513 3816 638 3877 buit,
673 3827 728 3870 ut
756 3834 867 3871 eum
892 3820 1169 3887 prw/iceret
1196 3822 1459 3875 universis.
1484 3821 1833 3877 Recentiores
1856 3824 1973 3877 sine
1996 3826 2099 3879 ulla

515 3902 646 3957 mss.
668 3890 956 3953 mentiOne,
986 3889 1088 3943 nisi
1109 3891 1250 3957 quod
1267 3889 1450 3955 Cauci,
1475 3901 1632 3949 aut...
1651 3895 1800 3946 etiam
1822 3910 1997 3947 eorum
2017 3897 2102 3950 hic

512 3956 1049 4031 variant._Gryph.,
1107 3956 1267 4029 1⁷541,
1318 3973 1373 4016 et
1423 3962 1565 4018 hunc
1620 3965 1789 4019 secuti
1842 3964 2097 4020 Thomas.

514 4027 701 4095 Ismus,
752 4027 930 4096 Galli,
960 4030 1141 4097 Cant.,
1189 4027 1405 4097 spark.
1436 4031 1592 4089 Cell..
1649 4045 1847 4089 tantum
1895 4036 2103 4091 honoris

515 4100 809 4165 habeamus,
848 4111 936 4155 aut
980 4108 1188 4168 eorumf;
1216 4104 1482 4167 Tornzes.,
1517 4106 1657 4161 1548
1683 4114 1739 4160 et
1783 4105 1957 4161 Betul.
1989 4117 2103 4162 tan-

515 4182 633 4245 tum
675 4171 882 4245 honoris
921 4173 1213 4238 debeamus,
1245 4186 1373 4241 aut;
1401 4174 1654 4242 Tornes.,
1691 4178 2019 4245 1587-1615,
2049 4189 2104 4234 et

519 4240 753 4317 Waleh.,
787 4252 984 4298 tantum
1013 4245 1254 4300 honorem
1297 4240 1593 4311 habeamus,
1640 4240 1747 4302 aut.
1801 4249 1855 4304 Si
1911 4260 1973 4311 ut,
2005 4240 2102 4317 pro

514 4323 606 4390 aut
632 4312 803 4390 legas,
838 4325 1113 4390 postrema
1134 4317 1291 4373 lectio
1320 4319 1482 4374 bona.
1508 4320 1597 4374 Sic
1619 4317 1911 4390 Cyprian.,
1941 4312 2099 4390 epist.

513 4384 581 4437 ad
630 4385 895 4454 Magnum,
950 4386 1035 4441 ed.
1082 4387 1306 4454 Pamel.,
1338 4405 1428 4458 ep.
1477 4390 1566 4445 76.
1602 4384 1730 4445 Nisi
1758 4393 1802 4445 si
1830 4384 2098 4458 justum...

514 4465 638 4508 ut...
672 4464 841 4510 tantus
868 4459 1030 4513 honor
1074 4459 1317 4516 habeatur
1347 4462 1616 4529 hwreticis,
1660 4471 1715 4516 ut
1751 4480 1853 4518 non
1883 4464 2102 4520 interro-

515 4534 715 4597 gentur,
747 4537 851 4583 etc.
875 4547 895 4581 ι

593 4595 994 4668 Redarguemus.
1044 4601 1116 4655 Ita
1169 4618 1360 4658 omnes
1422 4604 1593 4660 ferme
1650 4619 1779 4660 mss.
1841 4615 1896 4660 et
1951 4607 2103 4663 multi

521 4667 790 4747 impressi,
879 4670 1033 4741 Reg.,
1059 4688 1350 4747 arguamus;
1370 4675 1406 4730 2
1435 4676 1503 4728 al.
1536 4678 1695 4743 Reg.,
1723 4677 2105 4747 redarguimus;

517 4739 724 4817 f)_edd.,
748 4739 1213 4817 redarguamus:—_7
1240 4743 1368 4817 Illos
1389 4739 1695 4817 ignorantia:
1720 4739 2101 4817 redaréuemus.

517 4765 551 4792 υ
574 4765 724 4804 cuu.,
748 4765 1213 4812 reuarguumus.—-
1240 4765 1368 4799 tuos
1389 4765 1404 4799 ι
1444 4765 1695 4801 norantta:
1720 4765 2101 4817 reaarguemus.

516 4808 662 4892 Ide-ni
686 4827 907 4892 quoque
936 4814 1289 4892 iterurndixit
1319 4815 1372 4870 in
1404 4765 1548 4892 Epit.
1572 4858 1588 4884 ,
1617 4833 1735 4892 cap.
1786 4818 1877 4881 29,
1926 4835 2108 4892 eosque

515 4880 744 4937 stultitia:
769 4880 1049 4958 redarguit.
1072 4884 1209 4958 Ejus
1253 4880 1467 4958 generis
1492 4880 1617 4943 sunt
1664 4880 1700 4943 l'.
1751 4880 1885 4955 m,c.
1917 4889 1973 4957 4,
2003 4880 2104 4945 ali-

514 4967 660 5022 quem
687 4956 914 5029 stultitia:
936 4956 1273 5029 convincere:
1305 4957 1499 5014 ibidem
1537 4974 1655 5029 sup.
1688 4960 1917 5016 stultitiae
1953 4979 2105 5017 accu-

515 5040 670 5090 sare;
699 5025 864 5095 Epit.,
897 5043 948 5083 c.
978 5027 1069 5093 δί,
1104 5028 1335 5083 stultitia:
1364 5025 1719 5088 condemnare.
1754 5032 1890 5089 BDN.

588 5095 845 5161 Quoniam
865 5100 944 5154 his
970 5115 1070 5153 non
1099 5100 1340 5155 creditur.
1365 5102 1493 5157 Haec
1514 5105 1672 5159 verba
1697 5105 1891 5159 absunt
1915 5120 1945 5158 a
1970 5119 2103 5159 mss.

514 5166 927 5245 Oxoniensibns,
958 5170 1110 5226 Bold.
1130 5181 1194 5245 et
1226 5170 1369 5227 Cott.
1418 5174 1513 5229 sed
1545 5178 1887 5245 reperiuntur
1914 5177 1965 5231 in
1989 5177 2107 5231 aliis

514 5239 788 5314 codicibus
809 5257 872 5297 ac
893 5244 1190 5314 impressis,
1222 5260 1286 5299 ac
1308 5246 1570 5314 Optimum
1600 5239 1815 5302 sensum
1840 5248 2102 5303 efficiunt.

513 5309 640 5364 ch
672 5328 831 5380 porro
874 5309 1035 5370 lectio
1064 5309 1244 5370 nostra
1296 5309 1467 5371 multo
1515 5317 1820 5374 distinctior
1867 5320 2108 5375 editione

513 5381 779 5461 lipmana,
808 5403 927 5455 qua:
956 5385 1260 5461 sicghabet:
1312 5387 1424 5442 Nec
1467 5405 1591 5442 sane
1634 5407 1875 5461 magnum
1913 5391 2109 5459 aliquid

513 5453 801 5533 efficiemus,
826 5453 965 5533 quod
1003 5459 1132 5533 illos
1164 5460 1470 5530 ignorantiae
1497 5453 1788 5533 arguamus,
1836 5453 2109 5528 quain'saa-

513 5526 720 5603 ptssinte
740 5530 1075 5603 conﬁtentur.
1107 5526 1269 5584 ln'eo
1297 5532 1429 5596 solo,
1477 5526 1716 5603 quoniam
1747 5534 1819 5587 eis
1850 5526 1961 5587 non
2000 5548 2109 5586 cre-

510 5597 685 5723 Zitur,
714 5599 785 5722 lin
843 5615 942 5670 quo
998 5600 1108 5654 solo
1183 5603 1323 5655 credi
1373 5597 1585 5670 debuit;
1656 5604 1879 5660 conabor
1936 5616 2106 5660 osten-

546 5684 646 5723 ere.
678 5685 708 5723 e
733 5684 783 5723 c.

546 5684 646 5734 ere,
678 5678 783 5725 etc.

508 5814 511 5817 ἱ
582 5748 918 5807 Sententiam.
965 5747 1094 5804 Post
1145 5746 1287 5804 hanc
1352 5746 1681 5818 dictionem,
1739 5765 1839 5809 ms.
1894 5750 1919 5808 1
1968 5749 2103 5808 Βοη.

2132 4427 2186 4488 D

2202 3110 2356 3170 deest
2387 3115 2437 3167 in
2472 3127 2577 3165 uno
2601 3110 2936 3164 Colbcrtino.

2275 3184 2355 3238 Ad
2382 3182 2735 3239 excidendum.
2764 3180 2854 3235 Sic
2878 3180 3088 3235 restitui
3109 3194 3174 3234 ex
3207 3178 3620 3249 uuamplurimis
3671 3194 3801 3234 mss.

2201 3256 2486 3322 editisque,
2520 3254 2678 3308 Rom.
2706 3251 2864 3315 H70,
2907 3249 3377 3322 Gymnic.,Crat.,
3421 3249 3608 3322 Betnl.,
3625 3250 3689 3305 Et
3728 3252 3808 3306 sic

2203 3320 2489 3398 legendum
2522 3339 2646 3398 esse
2672 3323 2926 3398 censebat
2955 3320 3107 3398 doct.
3153 3321 3433 3398 Francius.
3466 3320 3520 3398 In
3553 3321 3639 3398 12,
3671 3323 3805 3398 _vul-

2202 3392 2338 3468 gulis
2368 3410 2423 3452 et
2450 3392 2898 3468 recentissimis?
2925 3394 3141 3464 scriptis
3191 3402 3273 3448 est
3303 3392 3373 3447 ad
3399 3393 3806 3459 excindendum;

2202 3464 2255 3526 in
2287 3478 2491 3541 septem
2519 3466 2586 3520 ad
2611 3464 2956 3541 incidendum:

2274 3533 2507 3608 Diitjecta
2537 3548 2583 3592 et
2613 3537 2881 3608 dissipata.
2933 3534 3020 3608 Ex,
3060 3533 3324 3608 omnibus
3360 3533 3535 3590 ferme
3573 3549 3706 3608 mss.
3750 3543 3805 3590 et

2203 3605 2418 3668 excusis
2446 3611 2515 3665 ita
2559 3609 2797 3676 reposui.
2826 3606 2960 3662 Tres
3010 3607 3259 3671 impressi
3314 3607 3495 3659 ferunt
3540 3605 3805 3676 rdissecta,

2204 3699 2304 3738 nec
2331 3683 2503 3746 male;
2534 3675 2642 3735 tres
2671 3678 2854 3751 scripti
2881 3694 3003 3734 cum
3026 3677 3156 3733 edit.
3184 3676 3409 3733 Tornes.
3442 3686 3497 3732 et
3526 3675 3793 3732 Soubron.

2203 3755 2478 3809 disiuncta.

2278 3773 2488 3895 32.233;
2541 3822 2810 3893 deﬁniunt.
2856 3819 2991 3876 Vide
3041 3818 3153 3875 Cic.
3188 3836 3226 3874 ιι
3266 3818 3506 3875 Oilicior.
3558 3819 3611 3875 in
3659 3820 3809 3892 prin-

2206 3911 2366 3952 CIDIO.

2261 3912 2548 4022 ρὲῖίιάὶοδοε
2573 3965 2859 4034 sapientiai,
2884 3963 3200 4038 φιλοσόφους.

2278 4038 2570 4111 Sapientes,
2602 4040 2812 4111 ιζοφοῄὐς.

2280 4103 2449 4162 [nimo
2472 4123 2586 4163 vero
2609 4103 2952 4179 Pythagoras.
2973 4105 3204 4179 Videndi
3226 4103 3554 4179 Augustinus
3587 4105 3679 4179 lib.
3712 4122 3809 4161 xiv

2205 4179 2274 4235 de
2302 4179 2585 4248 Trinitatc,
2616 4174 2733 4248 cap.
2771 4174 2824 4241 1,
2867 4188 2921 4234 et
2943 4178 3036 4233 lib.
3068 4194 3185 4242 vni,
3227 4174 3345 4245 cap.
3371 4174 3430 4241 2,
3464 4175 3533 4230 de
3577 4176 3809 4234 Civitate

2209 4250 2340 4315 Dei;
2375 4260 2426 4305 ct
2448 4246 2639 4306 Cicero
2682 4246 2777 4306 lib.
2816 4265 2848 4304 v
2896 4248 3186 4304 Tusculan.
3246 4256 3437 4319 QUlBSL
3489 4248 3628 4303 Deus
3676 4264 3809 4319 ergo

2207 4322 2322 4389 ipse
2340 4337 2548 4376 summa
2571 4322 2830 4391 sapientia
2856 4338 2871 4378 :
2901 4321 3074 4375 cultus
3096 4331 3289 4391 autern
3305 4318 3397 4375 Dei
3417 4327 3516 4391 est
3541 4318 3806 4391 sapientia

2211 4393 2474 4458 hominis,
2517 4393 2586 4449 de
2609 4389 2711 4459 qua
2743 4408 2884 4447 nunc
2922 4391 3213 4461 loquimur.
3244 4389 3377 4446 Nam
3408 4389 3669 4461 sapientia
3706 4390 3807 4446 hu-

2204 4463 2294 4542 jus
2329 4464 2511 4519 mundi
2542 4464 2772 4542 _stul_titia
2800 4472 2884 4519 est
2906 4462 3046 4542 apud
3080 4463 3275 4542 Deum.
3311 4460 3619 4542 Secundum
3666 4461 3809 4519 hanc

2208 4532 2389 4606 itaque
2438 4536 2781 4606 sapientiam,
2833 4549 2953 4603 qua:
3001 4532 3093 4606 Dei
3135 4533 3451 4606 cu_l_tusrest,
3494 4532 3569 4584 ait
3605 4545 3806 4606 sancta

2209 4603 2484 4676 Scriptura
2506 4603 2518 4605 ⁷
2541 4606 2559 4676 (
2581 4605 2824 4675 Sapient.
2866 4621 2918 4659 vn
2944 4645 2958 4669 ,
3009 4604 3103 4676 267)
3134 4620 3147 4657 :
3183 4603 3465 4676 Multitudo
3500 4604 3808 4676 sapientium

2207 4674 2402 4731 sanitas
2426 4688 2500 4731 est
2530 4674 2665 4731 orbis
2686 4685 2956 4731 terrarum.
2987 4675 3093 4731 Sed
3122 4677 3165 4731 si
3193 4674 3262 4730 de
3300 4675 3563 4744 sapientia
3592 4676 3809 4743 sapien-

2209 4748 2343 4804 tium
2366 4748 2639 4817 disputare
2664 4757 2766 4808 est.
2798 4746 3114 4801 imitandum
3155 4756 3238 4801 est
3265 4746 3571 4815 exemplum
3600 4745 3805 4817 Pytha-

2208 4834 2376 4889 goraz,
2401 4820 2489 4886 qui
2516 4833 2639 4873 cum
2670 4833 2835 4874 ausus
2862 4833 2965 4873 non
2994 4817 3182 4872 fuisset
3207 4831 3268 4871 se
3314 4820 3609 4886 sapientem
3644 4818 3807 4889 proli-

2213 4888 2337 4954 teri,
2373 4888 2749 4961 philosophum
2779 4892 2974 4958 potius,
3001 4889 3053 4944 id
3074 4899 3156 4944 est
3178 4899 3475 4943 amatorem
3501 4888 3801 4957 Sapientiae,

2208 4974 2270 5017 se
2321 4975 2441 5017 esse
2493 4960 2810 5031 respondit?
2842 4965 2880 5015 A
2929 4977 3036 5030 quo
3079 4960 3128 5015 id
3161 4974 3357 5014 nomen
3408 4969 3673 5031 exortum,
3734 4961 3804 5014 ita

2209 5032 2466 5104 deinceps
2496 5029 2726 5101 posteris
2753 5029 2971 5104 placuit,
3000 5041 3056 5086 ut
3082 5030 3415 5102 quantalibet
3434 5031 3503 5086 de
3536 5029 3694 5104 rebus
3735 5032 3804 5104 ad

2209 5103 2527 5173 sapientiam
2575 5102 2965 5172 pertinentibus
3006 5103 3249 5157 doctrina
3297 5104 3556 5173 quisque,
3588 5102 3672 5156 vel
3701 5103 3803 5158 sibi

2208 5176 2293 5231 vel
2349 5177 2469 5230 aliis
2524 5175 2797 5229 videretur
2843 5175 3127 5238 excellere,
3184 5175 3395 5227 nonnisi
3452 5174 3803 5244 philosophus

2207 5258 2514 5302 vnearetur.
2538 5245 2671 5300 Vide
2700 5258 2891 5316 praeter
2918 5244 2975 5300 S.
3010 5244 3291 5316 Augustin.
3323 5244 3409 5297 ubi
3434 5258 3618 5315 supra;
3649 5245 3803 5301 Cice-

2212 5332 2358 5383 ron.,
2392 5318 2597 5385 prmfat.
2634 5319 2667 5371 I.
2694 5315 2712 5372 t
2740 5318 2983 5382 Tuscul.,
3013 5326 3066 5370 et
3090 5315 3268 5371 Laert.
3298 5316 3468 5372 initio.

2283 5388 2604 5460 Imperfectis
2640 5390 2714 5443 rei
2754 5392 3049 5459 perfectum.
3077 5387 3320 5442 Laertius
3350 5402 3401 5441 c.
3446 5387 3483 5443 l.
3530 5402 3601 5460 ex
3633 5388 3799 5460 [lera-

2209 5461 2349 5515 clide
2369 5456 2612 5533 Pontico
2657 5456 2823 5533 refert
2844 5456 3179 5533 Pythagorae
3211 5460 3369 5513 verba
3405 5477 3416 5511 :
3448 5458 3651 5533 μηδένζ
3677 5456 3802 5515 εἶναι

2210 5536 2362 5608 σοφὸν
2391 5531 2674 5608 ἅνᾷρωττον,
2726 5531 2878 5608 ἀλλξῇ
2908 5531 3061 5608 Θεὸν.Δ
3096 5530 3579 5608 Seneca,_ep.'89:
3616 5530 3799 5608 Dicam

2206 5601 2339 5658 inter
2365 5601 2665 5670 sapientium
2693 5611 2739 5656 et
2770 5603 3148 5672 philosophiam
3176 5601 3298 5664 quid
3321 5603 3553 5656 intersit:
3592 5604 3801 5669 sapien-

2209 5677 2281 5732 tia
2308 5677 2582 5745 perfectum
2623 5675 2806 5728 bonum
2835 5683 2908 5746 est
2944 5675 3126 5729 mentis
3142 5672 3436 5746 Ahumante;
3473 5674 3801 5746 philosophia

2208 5744 2472 5824 sapientia
2490 5761 2634 5807 amor
2658 5755 2731 5804 est
2757 5755 2804 5803 et
2823 5744 3097 5813 a/fcctatio.
3139 5744 3273 5805 BUN.
