4174 6200
398 276 505 336 357

1004 380 1239 454 CAPUT
1277 392 1367 456 ιν.

437 530 720 591 Scientiait‘t
759 540 794 588 tt
839 518 1083 604 Socrate,
1131 530 1481 607 apinationem
1527 554 1558 591 α
1604 524 1811 593 Zenone
1855 553 1962 593 esse

1074 629 1345 684 sublatam.

468 760 637 824 Recte
666 767 829 840 igitur
858 758 1008 824 Zeno
1038 783 1101 825 ac
1125 760 1296 826 Stoici
1327 769 1696 841 opinationem
1740 762 1996 842 repudia-

396 866 544 916 runt.
573 856 797 932 Opinari
839 854 983 917 enim
1014 870 1065 917 te
1108 860 1250 918 scire
1273 904 1288 932 ,
1319 858 1461 934 quod
1485 864 1697 920 nescias
1721 906 1736 932 ,
1780 879 1887 920 non
1915 870 2000 919 est

395 953 681 1026 sapientis,
712 946 807 1011 sed
835 954 1109 1012 temerarii
1132 955 1330 1027 potius,
1362 972 1427 1014 ac
1453 957 1625 1013 stulti.
1658 957 1802 1030 Ergo
1827 958 1874 1014 si
1903 974 1999 1013 ne;

392 1060 503 1118 que
523 1048 653 1103 sciri
697 1044 987 1120 quidquam
1036 1056 1248 1119 potest,
1291 1059 1349 1105 ut
1377 1049 1631 1107 Socrates
1665 1050 1871 1118 docuit,
1898 1066 1997 1108 nec

393 1138 608 1209 Opinati
628 1143 844 1210 oportet
867 1149 925 1196 ut
950 1134 1122 1208 Zeno,
1153 1151 1262 1198 tota
1290 1136 1630 1214 phiIOSOphia
1654 1142 1867 1199 sublata
1889 1152 1994 1198 est.

390 1230 555 1301 Quid,
582 1231 726 1304 quod
751 1247 859 1289 non
904 1243 1111 1289 tantum
1154 1233 1222 1290 ab
1250 1226 1334 1291 his
1363 1232 1573 1291 duobus
1599 1236 1881 1304 evertitur,
1906 1235 1995 1305 qui

391 1320 757 1399 philosophia:
802 1327 1077 1399 principes
1122 1327 1361 1395 fuerunt,
1401 1327 1497 1383 sed
1525 1326 1593 1383 ab
1622 1327 1904 1394 omnibus;
1937 1336 1997 1383 ut

387 1416 504 1494 iam
536 1422 805 1492 videatur,
834 1418 1159 1497 jampridem
1208 1425 1320 1480 suis
1349 1424 1518 1480 armis
1560 1440 1683 1481 esse
1726 1422 1992 1481 confecta.

392 1506 454 1571 In
504 1516 700 1572 multas
736 1526 914 1573 sectas
962 1514 1306 1588 philosophia
1355 1517 1526 1575 divisa
1556 1524 1675 1585 est;
1707 1529 1760 1574 et
1806 1533 1996 1574 omnes

393 1611 541 1666 varia
567 1610 827 1667 sentiunt.
863 1604 925 1667 In
945 1627 1050 1683 qua
1083 1613 1334 1683 ponimus
1357 1611 1678 1668 veritatem?
1721 1612 1772 1666 in
1812 1612 1992 1667 omni-

391 1700 495 1761 bus
515 1713 668 1761 certe
688 1720 796 1762 non
825 1714 1020 1775 potest.
1052 1706 1405 1777 Designemus
1424 1704 1722 1777 quamlibet
1750 1719 1764 1760 ε
1799 1720 1995 1776 nempe

1245 280 1452 340 LIBER
1492 260 1580 338 tit.
1626 264 1717 338 DE
1758 258 1982 338 FALSA
2022 252 2388 337 stantum
2420 260 2821 339 PillLOSOPlI.

3600 274 3708 344 358

2024 396 2305 465 Aincerta
2348 400 2495 466 sint,
2546 407 2638 454 aut
2683 382 2933 455 omniht'ts
2970 398 3299 456 credendum
3342 407 3454 466 est,
3488 411 3582 458 aut
3609 420 3703 459 ne-

2103 492 2233 547 mini
2262 510 2275 548 :
2306 493 2350 548 si
2374 493 2598 561 nemini,
2632 492 2902 563 sapientes
2932 507 3061 563 ergo
3093 507 3201 549 non
3236 502 3394 563 sunt,
3438 495 3563 567 quia
3594 496 3705 553 sin-

2100 586 2213 656 guli
2242 585 2458 641 diversa
2485 584 2839 650 afﬁrmantes,
2863 579 3135 656 sapientes
3165 601 3288 642 esse
3310 601 3368 643 se
3399 596 3589 657 putant
3620 588 3704 644 :si

2101 678 2374 744 omnibus,
2405 692 2560 749 aeque
2595 694 2704 732 non
2736 686 2863 733 sunt
2890 680 3163 750 sapientes
3184 719 3200 745 ,
3233 678 3358 750 quia
3391 679 3588 751 singuli
3634 679 3704 736 ab

2101 768 2351 826 omnibus
2374 785 2495 825 esse
2521 779 2790 841 negantur
2814 770 3108 840 sapientes.
3134 770 3371 826 Pereunt
3398 770 3557 842 igitur
3584 772 3703 827 uni-

2102 862 2245 918 versi
2274 860 2375 917 ltoc
2406 858 2587 930 modo,
2619 874 2674 918 et
2706 872 2959 934 tanquam
3001 864 3169 934 sparti
3196 856 3274 919 illi
3297 872 3596 934 poetarum,
3624 865 3704 921 sic

2101 971 2160 1012 se
2212 952 2440 1013 invicem
2483 948 2756 1029 jugulant,
2808 969 2865 1011 ut
2911 973 3073 1014 nemo
3103 973 3169 1013 ex
3200 959 3453 1014 omnibus
3491 967 3702 1016 restet:

2100 1046 2243 1119 quod
2290 1064 2356 1105 eo
2404 1050 2486 1116 fit,
2516 1050 2639 1121 quia
2674 1044 2909 1121 gladium
2954 1048 3183 1119 habent,
3212 1061 3426 1108 scutum
3470 1068 3574 1108 non
3607 1051 3702 1109 ha—

2099 1136 2251 1197 bent.

2174 1237 2227 1293 Si
2264 1252 2392 1309 ergo
2429 1237 2651 1309 singula:
2692 1245 2855 1294 sectre
2896 1240 3186 1295 multarum
3204 1249 3476 1298 sectarum
3501 1241 3704 1313 judicio

2099 1329 2338 1386 stultitiae
2350 1332 2771 1397 convincuntur,
2796 1346 2987 1386 omnes
3014 1332 3175 1402 igitur
3201 1348 3374 1402 vanis,
3399 1344 3562 1406 atque
3582 1336 3699 1392 ina-

2099 1437 2199 1477 nes
2245 1423 2632 1493 reperiuntur:
2665 1423 2737 1477 ita
2767 1423 3001 1494 seipsam
3040 1423 3383 1496 philosophia
3413 1429 3701 1496 consumit,

2098 1528 2154 1575 et
2183 1519 2419 1575 coniicit.
2471 1520 2624 1588 Quod
2665 1534 2787 1575 cum
2831 1520 3161 1591 intelligeret
3197 1519 3469 1578 Arcesilas
3494 1522 3706 1579 Acade-

2098 1613 2222 1668 mias
2252 1612 2533 1684 conditori,
2566 1612 3021 1684 reprehensiones
3050 1618 3293 1669 omnium
3328 1615 3473 1671 inter
3496 1629 3557 1672 se
3584 1616 3700 1672 col-

2097 1700 2251 1777 legit,
2285 1704 2797 1777 confessionemque
2844 1706 3162 1777 ignorantiae
3208 1706 3481 1763 clarorum
3529 1708 3706 1779 philo-

391 1796 450 1852 in
478 1798 694 1853 caeteris
738 1792 989 1854 omnibus
1027 1799 1290 1869 sapientia
1322 1813 1427 1853 non
1460 1799 1584 1855 erit.
1633 1798 1996 1855 Transeamus
2026 1806 2075 1867 Β
2100 1796 2397 1868 solihorum
2423 1839 2438 1863 ,
2509 1794 2847 1867 armavitque
2907 1811 2968 1852 se
3030 1795 3292 1851 adversus
3346 1811 3562 1855 omnes.
3627 1799 3706 1855 Ita

389 1888 459 1945 ad
480 1889 756 1962 singulas:
785 1892 976 1948 eodem
997 1891 1180 1961 modo,
1207 1891 1465 1963 quidquid
1491 1892 1580 1948 uni
1600 1892 1990 1960 dahimus,ca:-

394 1982 527 2038 teris
553 1980 883 2040 auferemus.
914 1983 1264 2056 Unaquaeque
1293 1983 1439 2041 enim
1468 1992 1619 2041 secta
1641 1999 1829 2040 omnes
1859 1985 1992 2041 alias

390 2076 608 2144 evertit,
638 2086 697 2132 ut
719 2091 779 2134 se
805 2092 1011 2149 suaque
1032 2078 1355 2145 conﬁrmet;
1378 2093 1482 2134 nec
1510 2077 1605 2134 ulli
1628 2078 1784 2134 alteri
1802 2093 1994 2149 sapere

390 2166 678 2237 concedit,
722 2184 793 2224 ne
835 2182 894 2225 se
940 2168 1191 2241 desipere
1231 2167 1464 2225 fateatur
1493 2187 1506 2223 :
1533 2168 1630 2225 sed
1678 2169 1816 2224 sicut
1860 2168 1994 2225 alias

393 2260 555 2329 tollit,
588 2261 667 2317 sic
709 2260 827 2333 ipsa
856 2275 1070 2333 quoque
1100 2261 1168 2317 ab
1196 2262 1317 2317 aliis
1352 2261 1556 2318 tollitur
1596 2262 1867 2317 omnibus.
1897 2261 1994 2317 Ni-

392 2348 688 2410 hilominus
726 2357 873 2412 enim
915 2340 1223 2427 philosophi
1269 2366 1431 2424 sunt,
1468 2356 1559 2428 qui
1587 2372 1705 2413 eam
1748 2356 1994 2413 stultitia:

389 2461 673 2508 accusant.
713 2452 1121 2525 Quamcumque
1148 2452 1476 2517 laudaveris,
1507 2467 1795 2522 veramque
1837 2451 1991 2507 dixe-

391 2545 492 2610 ris,
519 2560 551 2601 a
581 2544 921 2617 philosophis
946 2547 1304 2616 vituperatur,
1338 2555 1395 2600 ut
1432 2544 1594 2600 falsa.
1627 2544 1994 2600 Credemusne

390 2624 562 2709 igitur
606 2638 699 2693 uni
747 2654 869 2695 sese
926 2654 1188 2709 suamque
1251 2638 1551 2694 doctrinam
1600 2635 1875 2701 laudanti,
1926 2649 1995 2690 an

393 2733 581 2789 multis
612 2731 769 2787 unius
802 2732 1024 2789 alterius
1051 2731 1407 2804 ignorantiam
1448 2728 1825 2800 culpantihus?
1854 2729 1992 2784 [lec-

396 2826 508 2882 tius
550 2825 622 2882 sit
664 2840 888 2881 necesse
926 2835 1029 2893 est,
1075 2825 1218 2897 quod
1264 2823 1483 2897 plurimi
1521 2823 1784 2887 sentiunt,
1837 2837 1998 2892 quam

392 2921 540 2993 quod
572 2936 729 2977 unus.
777 2921 947 2977 Nemo
973 2921 1117 2977 enim
1150 2929 1328 2990 potest
1354 2919 1422 2975 de
1450 2933 1511 2975 se
1540 2928 1687 2975 recte
1710 2916 1957 2989 judicare
1981 2957 1996 2981 ,

391 3011 543 3085 quod
591 3006 791 3069 nobilis
839 3023 995 3083 poeta
1028 3021 1277 3068 testatur.
1310 3010 1388 3067 Ita
1439 3009 1587 3066 enim
1630 3018 1997 3080 comparatam

2098 1891 2384 1947 constituit
2423 1905 2619 1947 novam
2660 1906 2767 1946 non
2813 1889 3234 1961 philosophandi
3282 1890 3699 1964 philosophiam.

2098 1978 2180 2040 Eo
2202 1986 2365 2056 igitur
2384 1992 2624 2050 auctore,
2644 1984 2755 2039 duo
2770 1980 3131 2054 philosophiae
3150 1999 3353 2055 genera
3371 2000 3493 2042 esse
3521 2001 3705 2057 coepe-

2100 2085 2225 2132 runt
2257 2093 2272 2132 :
2301 2092 2465 2132 unum
2484 2118 2498 2143 ,
2532 2072 2667 2131 illud
2694 2085 2870 2144 vetus,
2899 2070 3044 2147 quod
3073 2077 3359 2133 scientiam
3381 2078 3487 2134 sibi
3508 2077 3702 2135 vendi-

2099 2180 2227 2235 cat;
2262 2170 2519 2235 alterum,
2544 2185 2752 2225 novum
2777 2184 3108 2241 repugnans,
3133 2170 3278 2241 quod
3303 2186 3424 2226 eam
3442 2172 3701 2230 detrahit.

2101 2261 2163 2317 In
2205 2262 2289 2317 his
2319 2262 2534 2318 duobus
2583 2262 2878 2333 generibus
2907 2261 3069 2318 video
3113 2260 3424 2332 dissidium,
3468 2272 3524 2319 et
3549 2265 3705 2334 quasi

2101 2358 2261 2414 civile
2293 2358 2517 2414 bellum.
2568 2356 2928 2428 Sapientiam,
2960 2373 3084 2427 qua:
3112 2356 3325 2413 detrahi
3364 2373 3473 2414 non
3505 2367 3702 2429 potest,

2101 2450 2158 2506 in
2187 2466 2290 2521 qua
2321 2460 2473 2522 parte
2501 2449 2807 2521 ponemus?
2833 2449 2891 2507 Si
2922 2459 3111 2505 natura
3144 2467 3326 2507 rerum
3357 2451 3484 2507 sciri
3506 2461 3704 2523 potest,

2104 2544 2221 2601 haec
2248 2546 2482 2601 tironum
2508 2556 2724 2601 caterva
2752 2545 3017 2609 interibit;
3037 2546 3082 2602 si
3106 2561 3212 2600 non
3236 2555 3436 2615 potest,
3465 2546 3709 2604 veterani

2102 2637 2463 2695 Conﬁcientur
2493 2656 2507 2692 :
2540 2638 2586 2694 si
2633 2653 2791 2708 pares
2836 2637 3075 2703 fuerint,
3118 2638 3471 2695 nihilominus
3512 2640 3709 2710 peribit

2106 2731 2214 2786 dux
2252 2731 2493 2785 omnium
2547 2729 2929 2799 pbiIOSOphia,
2975 2730 3099 2800 quia
3147 2729 3387 2786 detracta
3414 2740 3518 2799 est;
3574 2731 3708 2787 nihil

2106 2823 2249 2877 enim
2281 2833 2455 2893 potest
2484 2822 2602 2877 sine
2630 2822 2851 2876 interitu
2871 2821 2972 2877 sibi
2997 2837 3119 2877 esse
3139 2823 3492 2878 contrarium.
3524 2824 3581 2880 Si
3606 2839 3705 2880 au-

2111 2924 2241 2981 tem,
2287 2923 2344 2969 ut
2370 2915 2554 2980 docui,
2588 2914 2733 2968 nulla
2762 2921 2940 2983 potest
2979 2928 3103 2969 esse
3151 2915 3207 2969 in
3247 2914 3468 2971 homine
3495 2916 3708 2972 interna

2110 3014 2168 3064 et
2209 3007 2423 3078 propria
2457 3006 2703 3072 scientia,
2755 3005 2826 3060 ob
2870 3004 3216 3076 fragilitatem
3248 3006 3575 3063 conditionis
3607 3007 3705 3062 hu-

391 3077 519 3162 esse
548 3104 832 3159 hominum
870 3113 1119 3160 naturam
1164 3103 1428 3170 omnium,
1484 3102 1659 3159 aliena
1706 3111 1763 3156 ut
1791 3100 1997 3169 ,melius
2022 3077 2068 3142 (ἶ
2103 3116 2302 3169 mante,
2352 3100 2611 3155 Arcesilae
2656 3114 2847 3154 manus
2878 3098 3066 3154 vincit.
3106 3098 3214 3155 Sed
3245 3115 3314 3155 ne
3344 3102 3458 3172 ipsa
3488 3100 3708 3173 quidem

389 3197 638 3268 videant,
668 3204 725 3256 et
757 3194 1055 3270 diiudicent
1083 3212 1245 3269 quam
1275 3212 1391 3254 sua.
1421 3193 1557 3253 Cum
1604 3194 1765 3266 igitur
1814 3193 1996 3248 omnia

2104 3192 2294 3260 stabit,
2320 3192 2448 3265 quia
2472 3207 2584 3248 non
2616 3199 2797 3262 potest
2820 3192 3045 3248 omnino
3074 3190 3206 3248 nihil
3234 3192 3383 3249 sciri.

1727 3333 2089 3393 VARIORUM
2126 3332 2354 3392 NOTAE.

479 3479 855 3552 Opinari...rte
898 3477 1211 3552 scire._lllud
1240 3477 1370 3534 scire
1412 3491 1521 3532 non
1571 3475 1732 3552 debet
1772 3476 1994 3531 abesse:

394 3544 489 3608 hic
519 3544 928 3616 necessarium,
973 3558 1026 3605 et
1062 3549 1256 3604 habent
1305 3563 1494 3603 omnes
1530 3546 1799 3603 editiones
1826 3553 1995 3601 recte.

392 3624 652 3695 Requirit
672 3624 825 3695 locus
845 3621 1120 3695 Ciceronis
1145 3637 1175 3675 a
1206 3637 1291 3695 me
1305 3620 1372 3674 ad
1393 3636 1441 3674 c.
1456 3621 1507 3695 ἦ
1527 3619 1741 3685 citatus,
1770 3628 1825 3673 et
1852 3618 1996 3695 Epit.

394 3691 520 3765 cap.
551 3697 614 3752 51
654 3713 667 3747 :
703 3693 921 3764 Opinari
949 3703 1119 3747 autem
1147 3693 1299 3759 scire,
1326 3692 1464 3763 quod
1490 3691 1714 3761 ignores,
1745 3691 2002 3745 temeritas

395 3784 465 3822 ac
487 3767 707 3821 stultitia
728 3776 821 3820 est.
853 3766 986 3820 BUN.

479 3860 645 3916 Scire.
678 3858 844 3914 Abest
876 3859 1007 3912 scire
1032 3857 1100 3912 ab
1140 3855 1479 3912 Emmanuel.
1510 3864 1561 3910 et
1591 3855 1841 3911 Gotbano
1869 3868 2000 3909 mss.

479 3930 584 3998 Qui
623 3928 963 4001 philosophia:
1010 3926 1266 4001 principes
1314 3926 1539 4001 fuerunt.
1593 3925 1917 4001 Academici
1949 3934 2005 3981 et

398 4001 578 4062 Stoici
621 3998 894 4081 principes
940 4009 1094 4055 erant
1140 3998 1614 4081 ριιίιοεοριιοιχιιη.
1660 3998 2003 4081 Academicos

397 4082 572 4132 secta:
620 4066 1025 4128 fundamentum
1068 4066 1221 4142 quasi
1262 4066 1446 4141 posuit
1485 4068 1772 4136 Socrates;
1806 4066 2003 4124 Stoicae

397 4156 600 4203 auctor
626 4152 708 4201 est
728 4144 896 4201 Zeno.

482 4245 870 4316 Comparatam.
904 4241 1137 4316 ,βε-φη)
1163 4239 1286 4296 vide
1325 4239 1546 4296 Terent.
1585 4239 1850 4316 ileauton.
1876 4245 2000 4316 _act.

401 4332 493 4381 ιιι,
522 4308 674 4371 scen.
706 4318 756 4381 ι,
784 4329 863 4368 vs.
890 4314 980 4370 97.
1008 4308 1143 4367 Hinc
1168 4320 1293 4366 nata
1310 4322 1393 4367 est
1409 4315 1699 4378 sententia,
1731 4308 2005 4365 Neminem

400 4390 461 4443 in
486 4405 544 4444 re
572 4405 665 4442 sua
694 4387 930 4441 idoneum
947 4384 1177 4456 judicent
1202 4399 1328 4439 esse.

485 4480 670 4549 Sparti
700 4479 780 4535 illi
810 4488 1093 4550 poetarum.
1124 4476 1215 4531 Slc
1242 4473 1529 4550 legendum
1542 4486 1748 4550 censeo
1769 4484 1892 4550 cum
1918 4470 2003 4527 Jo.

400 4544 599 4615 Cauci,
628 4560 683 4606 et
707 4544 877 4606 Isaeo:
908 4548 989 4605 sic
1014 4544 1334 4618 impressum
1353 4550 1436 4618 est
1464 4546 1515 4600 in
1540 4544 1806 4618 Florent,
1833 4544 2007 4618 J_unt.,

404 4614 610 4680 Aldina
631 4622 769 4678 1515
789 4632 843 4677 et
865 4621 1027 4685 i535,
1054 4614 1255 4674 Veneta
1282 4617 1423 4674 1509
1447 4628 1500 4673 et
1527 4616 1699 4684 15Ξ1,
1727 4614 2006 4685 Parrbas.,

406 4695 708 4750 Parisiensi
740 4693 903 4758 1525,
933 4684 1197 4760 Antuerp.
1224 4731 1239 4755 ,
1266 4689 1474 4757 Grapb.
1500 4688 1642 4745 1552
1665 4729 1681 4751 ,
1721 4684 2008 4760 Cratattdri

404 4781 482 4823 ac
504 4765 751 4837 Gymnici
772 4763 1119 4837 editionibus.
1145 4758 1335 4837 VSparti
1365 4761 1445 4815 illi
1470 4770 1739 4837 poetarum
1765 4769 1889 4837 sunt
1912 4758 2011 4837 bo-

407 4826 595 4894 mine's
634 4835 710 4891 illi
736 4851 768 4892 e
795 4834 1045 4890 dentibus
1073 4826 1341 4903 serpentis
1388 4848 1417 4884 a
1453 4826 1833 4903 ‘Cadmol‘satis
1863 4830 2003 4885 orti:

411 4909 599 4965 fabula
628 4908 806 4963 notior
829 4916 933 4973 est,
962 4921 1120 4975 quam
1151 4896 1415 4975 utrefcrri
1436 4896 1649 4958 debeat.
1669 4896 1789 4975 Hoc
1816 4903 2004 4957 saltem

407 4979 638 5047 addam,
669 4990 881 5049 spartos
909 4973 1032 5033 illos
1056 4974 1236 5031 vocari
1256 4986 1296 5049 ἢ
1323 4973 1511 5049 Grmco
1536 4973 1751 5049 nomine
1782 4977 2002 5049 σπείρω;

410 5053 546 5129 hinc
577 5045 799 5129 στι-ἁρτοι
816 5051 942 5129 sati,
963 5048 1235 5129 seminati.
1255 5045 1869 5129 ligaverbutnlsactant'.
1897 5045 2003 5129 La-

409 5125 536 5179 tino
551 5115 702 5179 more
726 5123 943 5192 scripsit
964 5138 976 5173 :
998 5122 1075 5176 sic
1095 5121 1254 5173 etiam
1276 5115 1535 5187 Vulgatus
1558 5118 1822 5192 interpres
1841 5115 2002 5192 .loan.

411 5212 480 5260 ν,
506 5198 565 5260 2,
591 5207 644 5251 et
672 5186 877 5250 Plinius
931 5192 1179 5249 Graecum
1221 5186 1417 5245 nomen
1462 5197 1713 5260 tanquam
1755 5186 2005 5260 Latinum

410 5256 687 5338 scripsere
715 5262 1180 5338 probatadicendo
1201 5275 1302 5338 pro
1325 5260 1519 5338 ovibus.
1544 5259 1781 5338 Lib._vtt,
1803 5270 1922 5338 cap.
1943 5256 2004 5338 ¹2,

413 5339 504 5393 sic
531 5330 727 5410 Virgil:
747 5337 968 5410 alicubi,
995 5344 1134 5399 acta,
1162 5330 1307 5410 quod
1343 5342 1426 5388 est
1456 5334 1616 5410 ᾀκτή,
1640 5330 1814 5410 littus_,
1848 5330 2004 5410 dixit.

415 5410 599 5467 Etiam
628 5402 683 5464 in
716 5410 817 5465 hoc
844 5402 980 5465 [emo
1006 5406 1294 5472 assentior,
1325 5404 1575 5458 mendum
1604 5402 1909 5472 irrepsisse,
1940 5404 2009 5457 et)

417 5481 569 5551 quod
598 5481 785 5537 scriba
811 5478 1257 5551 signiﬁcationem
1290 5475 1449 5551 hujus
1478 5474 1726 5529 dictionis
1755 5487 1859 5551 non
1888 5486 2012 5541 per.

419 5545 725 5621 cipientes,
776 5561 832 5608 et
859 5545 1109 5607 {nendum
1159 5546 1586 5621 Suspicatitpro
1632 5545 1827 5615 sparti,
1860 5556 2011 5621 spur-7

423 5618 573 5698 tiatte
594 5624 1008 5698 substituerent.
1037 5622 1326 5698 cantans.
1345 5647 1426 5698 ςτ-
1445 5618 1596 5698 Hanc
1611 5628 1801 5697 vocem
1831 5618 2009 5698 natam

424 5696 673 5770 suspicor
698 5712 764 5752 ex
795 5696 1131 5770 sparti,_sati_;
1159 5709 1278 5765 qua:
1310 5690 1497 5770 ultima
1527 5690 1690 5770 dictio
1711 5702 1816 5770 per
1843 5690 2012 5770 inter:

428 5757 786 5840 prolationem
814 5757 866 5821 in
894 5757 1212 5840 quibusdam
1249 5764 1519 5840 veteribus
1552 5759 1829 5817 codicibus
1855 5757 2017 5840 fuerit

431 5835 635 5911 addita,
665 5839 801 5896 etin
843 5835 1047 5895 textum
1087 5837 1313 5906 intrusa,
1345 5849 1407 5891 ac
1432 5835 1650 5891 demum
1677 5839 1931 5901 corrupta
1960 5835 2016 5887 in

2100 3477 2159 3530 τὸ
2182 3475 2449 3545 spartiati,
2489 3474 2575 3529 vel
2615 3472 2906 3545 spat-tione,
2933 3471 3075 3545 good
3104 3478 3189 3526 est
3214 3469 3387 3545 inu28l
3410 3486 3542 3545 mss.
3592 3480 3647 3545 et
3673 3474 3707 3531 9

2103 3538 2283 3671 editis.
2315 3538 2446 3671 Eide
2469 3556 2523 3601 et
2547 3538 2792 3614 Euripid.
2847 3544 2898 3598 in
2930 3538 3145 3611 Poenis,
3174 3551 3228 3597 et
3254 3542 3407 3599 Ovid.
3448 3544 3484 3598 l.
3514 3559 3573 3599 ιιι
3599 3544 3711 3602 Me-

2128 3633 2315 3671 amoro
2363 3656 2376 3669 .

2107 3628 2376 3672 tamoron.

2176 3633 2640 3743 ﬂgigslilas.Novze
2684 3702 2779 3743 seu
2826 3685 3016 3741 media:
3071 3683 3373 3741 Academiae
3435 3687 3704 3742 conditor.

2104 3756 2244 3827 Clc.,
2288 3759 2340 3814 in
2373 3757 2541 3813 Acad.
2588 3768 2807 3829 qumst.,
2837 3769 3075 3813 veterem
3103 3757 3450 3829 Academiam
3474 3799 3499 3829 ,ί
3521 3758 3707 3813 Plato-

2110 3834 2284 3888 nicam
2315 3831 2458 3885 illam
2489 3828 2647 3884 vocat
2693 3848 2707 3885 :
2743 3846 2969 3895 novam,
3016 3845 3137 3898 qua.-
3164 3843 3335 3898 usque
3378 3828 3445 3884 ad
3473 3828 3709 3885 Carnea-

2109 3902 2230 3958 dem
2280 3901 2537 3972 perducta
2568 3910 2650 3956 est
2671 3943 2687 3968 ,
2733 3903 2823 3972 qui
2852 3894 3079 3972 quartus
3105 3900 3173 3955 ab
3203 3894 3444 3972 Arcesila
3477 3896 3605 3966 fuit.
3654 3902 3710 3957 in

2109 3968 2407 4043 eademque
2455 3972 2711 4027 Arcesilae
2752 3968 2969 4028 ratione
3016 3971 3331 4040 permansit.
3374 3968 3488 4028 Cic.
3523 3973 3618 4028 lib.
3654 3988 3713 4028 ιιι

2108 4046 2176 4101 de
2201 4045 2352 4101 Orat.
2391 4061 2405 4098 :
2438 4045 2688 4100 Arcesilas
2715 4046 2956 4113 primum,
2984 4045 3071 4112 qui
3101 4043 3432 4098 Polemonem
3453 4045 3708 4110 audierat,

2109 4134 2173 4172 ea:
2200 4118 2356 4171 variis
2400 4114 2636 4170 Platoni:
2668 4115 2830 4179 libris,
2865 4116 3279 4187 sernwnibusque
3310 4115 3589 4187 Socraticis
3618 4116 3712 4169 hoc

2074 4230 2079 4235 .
2109 4191 2329 4271 maxime
2348 4189 2588 4271 arripuit,
2615 4187 2876 4271 nihilnesse
2906 4189 3049 4251 certi,
3082 4186 3221 4257 quod
3249 4196 3336 4240 aut
3362 4186 3591 4241 sensibus
3617 4193 3709 4240 aut

2109 4262 2281 4315 animo
2311 4262 2504 4331 percipi
2533 4260 2710 4329 possit.
2738 4259 3061 4331 BETULAEIUS.

2189 4325 2392 4387 Novam
2421 4325 2948 4401 non'pltilosophandi
2979 4328 3375 4399 philosophiam.
3408 4325 3478 4382 Ut
3508 4326 3710 4401 Fabius

2113 4403 2377 4459 Maximus
2396 4397 2592 4457 novum
2616 4397 2785 4472 genus
2812 4397 3106 4471 pugnandi,
3134 4409 3241 4453 nan
3271 4413 3531 4468 pugnare.
3559 4397 3708 4454 Flor.

2113 4491 2183 4539 ιι,
2218 4474 2271 4530 6.
2306 4474 2591 4529 Fnancws.

2186 4546 2443 4601 Detrahit.
2491 4544 2743 4599 Omnium
2795 4542 3287 4613 manuscriptorum
3339 4551 3392 4597 et
3423 4549 3529 4597 vet.
3577 4540 3711 4597 edit.

2115 4618 2273 4674 Rom.
2306 4626 2422 4680 est;
2455 4615 2695 4670 distrahit
2724 4613 2993 4669 editorum
3026 4629 3137 4668 rec.

2034 4656 2089 4716 D
2117 4656 3149 4757 ³·υᾰίαῑῑνέίυῑῑῖϊέελξιιῖιῖ·διεῖεεειειῖθ
3175 4684 3228 4739 ει.
3260 4693 3328 4740 σο
3351 4683 3451 4757 lib.
3485 4684 3576 4757 ,οε
3603 4683 3714 4739 ιη.

2112 4755 2282 4817 Callus
2307 4759 2639 4824 inscribitur,
2672 4758 2905 4812 afﬁrmat
2932 4757 3225 4812 Arcesilam
3248 4792 3263 4822 ,
3311 4755 3710 4826 philosophiam

2114 4834 2250 4890 bene
2293 4833 2637 4888 constitutam
2683 4845 2750 4884 eo
2780 4830 3046 4884 evertisse
3074 4827 3236 4883 modo
3257 4868 3273 4896 ,
3296 4840 3404 4897 quo
3431 4827 3711 4884 Gracchus

2111 4904 2361 4960 Tiberius
2374 4903 2566 4972 Remp.
2595 4911 2648 4957 et
2673 4901 2723 4955 in
2747 4916 2936 4956 eorum
2959 4901 3240 4972 delituisse
3263 4899 3707 4969 auctdritate,qui

2074 4993 2081 5001 δ
2111 4985 2371 5046 negarent
2396 4970 2685 5045 quid—quam
2714 4973 2841 5046 sciri
2869 4982 2963 5027 aut
2993 4970 3222 5046 percipi
3239 4985 3398 5046 posse
3425 4985 3440 5022 :
3474 4984 3711 5046 quorum

2110 5062 2142 5103 e
2169 5041 2393 5103 numero
2416 5041 2636 5112 eximit,
2669 5052 2727 5099 et
2760 5044 3074 5111 Socratem,
3101 5053 3155 5098 et
3197 5042 3493 5096 Platonem.
3526 5041 3659 5095 Βετ.

2180 5136 2429 5193 Tironum
2457 5145 2677 5208 caterva.
2712 5132 2965 5208 lntelliglt
2993 5132 3253 5191 Arcesilae
3281 5138 3582 5188 sectatores
3600 5172 3616 5198 ,
3653 5137 3713 5188 et

2110 5215 2279 5267 novos
2310 5207 2687 5264 Academicos.

2194 5281 2445 5336 Veterani.
2477 5280 2699 5336 Scilicet
2726 5274 3007 5334 Platdnici.

2184 5376 2310 5431 Sine
2337 5375 2543 5429 interitu
2586 5390 2678 5428 suo
2716 5373 2831 5428 sibi.
2883 5368 3078 5425 Addidi
3118 5384 3211 5423 suo
3256 5384 3323 5424 ex
3355 5366 3515 5436 Bon.,
3550 5362 3715 5435 Tax.,

2113 5446 2265 5515 l‘en.,
2292 5445 2478 5509 Cauc.,
2500 5443 2675 5513 Junt._,
2698 5444 2880 5509 Cant.,
2905 5436 3146 5515 Sttblac.,
3173 5439 3337 5515 Aliost.
3356 5438 3520 5515 Vep.,
3544 5438 3715 5515 147i,

2113 5504 2340 5590 utraque
2361 5504 2572 5590 [8,95,
2600 5504 2692 5590 92',
2724 5504 3092 5590 Pier.,_.lunt.,
3118 5504 3267 5590 Ald,
3299 5504 3518 5590 Parrlh
3539 5504 3719 5586 Cratf,

2117 5570 2354 5663 cybii.)
2371 5570 3012 5663 éiypli'.,‘_1‘orties.'Non
3045 5570 3232 5663 video:
3254 5570 3431 5655 'quare
3458 5570 3719 5639 Thomas:

2118 5656 2345 5734 ejusque
2368 5656 2733 5717 asseclteillud
2758 5673 2851 5712 suo
2879 5656 3159 5729 eiecerint.
3192 5656 3325 5712 Bun.

2199 5740 2387 5811 Vincit.
2420 5754 2510 5812 Sic
2532 5766 2599 5810 ex
2621 5768 2752 5809 mss.
2786 5751 3020 5823 reposui.
3043 5749 3100 5805 In
3123 5750 3281 5823 editis
3300 5758 3357 5805 et
3378 5750 3403 5802 1
3429 5749 3561 5817 Reg.
3594 5758 3714 5803 rec.

2123 5836 2235 5897 est,
2262 5828 2399 5883 vicit.
2426 5826 2725 5895 Utrumque
2759 5820 2937 5880 tanien
2969 5830 3150 5893 potest
3173 5820 3299 5875 dici.
