4174 6200
511 218 622 279 359
718 234 728 242 ‘
1132 313 1139 319 ι

1049 334 1069 349 '
1147 334 1379 396 CAPUT
1415 336 1482 395 ν.

652 518 953 587 {Multarum
979 535 1151 577 rerum
1173 522 1437 578 scientiam
1460 539 1567 581 esse
1601 526 1957 581 necessarium.

508 704 513 719 '
583 695 720 755 Sunt
743 699 889 755 enim
922 700 1115 769 multa,
1141 717 1261 774 qua;
1310 711 1500 760 natura
1547 704 1664 776 ipsa
1697 720 1795 762 nos
1843 705 2015 773 scire,
2056 714 2113 761 et

514 808 646 849 usus
675 792 962 865 frequens,
1009 804 1064 851 et
1103 797 1229 852 vita:
1276 799 1574 854 necessitas
1601 799 1766 871 cogit.
1798 799 1982 871 Itaque
2008 813 2108 871 pe-

513 887 780 944 reundum
802 897 907 957 est,
941 889 1044 945 nisi
1072 890 1216 946 scias
1236 934 1252 959 ,
1282 907 1404 963 qua:
1433 892 1500 947 ad
1528 892 1696 948 vitam
1741 905 1868 950 sunt
1915 894 2067 950 utilia
2093 933 2109 962 ,

509 990 570 1037 ut
598 989 824 1053 appetas
844 1024 859 1049 ,
888 998 1009 1055 quae
1038 984 1363 1054 periculosa,
1397 995 1455 1041 ut
1481 985 1654 1056 fugias
1684 995 1739 1042 et
1768 988 1925 1043 vites.
1953 986 2107 1042 Prm-

513 1080 658 1128 terea
688 1072 858 1128 multa
905 1083 1067 1142 sunt,
1110 1090 1231 1145 qua:
1263 1090 1391 1131 usus
1435 1076 1659 1131 invenit.
1706 1076 1843 1133 Nam
1889 1076 2020 1133 solis
2049 1091 2113 1132 ac

513 1165 658 1221 lunae
684 1165 820 1220 varii
847 1180 1074 1233 cursus,
1103 1175 1158 1222 et
1184 1176 1393 1222 meatus
1421 1166 1685 1235 siderum,
1717 1177 1771 1223 et
1799 1167 1940 1223 ratio
1972 1174 2113 1222 tem-

508 1274 702 1333 porum
732 1258 1070 1328 deprehensa
1096 1266 1182 1315 est
1205 1302 1221 1327 ,
1251 1268 1308 1315 et
1334 1268 1526 1315 natura
1552 1275 1846 1330 corporum
1876 1274 1907 1313 a
1935 1258 2111 1313 medi-

512 1355 592 1410 cis
612 1394 627 1419 ,
654 1352 1061 1423 herbarumque
1086 1353 1230 1408 vires
1250 1395 1267 1420 ,
1298 1363 1353 1408 et
1394 1353 1462 1409 ab
1499 1352 1753 1423 agricolis
1783 1362 1975 1407 natura
2006 1360 2113 1405 ter-

509 1463 727 1513 rarum,
756 1461 858 1502 nec
885 1462 991 1502 non
1036 1446 1290 1501 imbrium
1333 1445 1637 1503 futurorum
1660 1489 1676 1513 ,
1707 1461 1770 1502 ac
1817 1454 2115 1517 tempesta-

516 1549 627 1596 tum
658 1540 809 1611 signa
836 1539 1065 1595 collecta
1096 1547 1243 1595 sunt.
1277 1538 1432 1594 Nulla
1458 1539 1696 1611 denique
1725 1555 1815 1596 ars
1844 1550 1959 1605 est,
1991 1554 2115 1610 qua:

514 1648 622 1689 non
664 1632 889 1688 scientia
910 1640 1145 1687 constet.
1176 1631 1374 1686 Debuit
1406 1647 1537 1703 ergo
1564 1633 1870 1697 Arcesilas,
1908 1633 1953 1688 si
1984 1630 2113 1703 quid

1593 217 1785 279 FIRM.
1822 214 2194 279 LACTANTII
2232 217 2439 278 DIVIN.
2482 215 2725 279 INSTIT.

2139 345 2194 404 Λ

3716 224 3824 289 360

2826 338 3203 416 CAPUTjVL

2415 474 2496 529 De
2519 474 2771 546 sapientia
2788 473 2884 541 ,ἐι
2912 474 3232 531 Academicis
3257 482 3307 533 el
3340 474 3604 550 Physieis.‘

2285 608 2558 680 Nusquam
2580 625 2648 667 ne
2680 610 2841 682 igitur
2867 609 3133 682 sapientia
3173 612 3284 669 est?
3308 611 3480 669 Immo
3500 627 3631 670 vero
3677 612 3822 672 inter

2214 700 2363 771 ipsos
2388 699 2535 755 fuit:
2580 700 2677 757 sed
2721 716 2884 758 nemo
2926 701 3081 759 vidit.
3131 703 3238 760 Alii
3278 713 3642 775 putaverunt,
3690 706 3822 763 sciri

2213 807 2375 865 posse
2428 794 2642 861 omnia;
2696 794 2750 849 hi
2808 796 3078 866 sapientes
3142 797 3331 869 utique
3380 814 3493 854 non
3555 798 3821 868 fuerunt;

2213 885 2304 940 alii
2352 886 2504 953 nihil,
2567 901 2634 942 ne
2711 887 2763 941 lii
2805 886 3022 957 quidem
3079 889 3353 960 sapientes
3404 889 3658 959 fuerunt;
3716 891 3818 959 illi,

2214 978 2337 1049 quia
2364 979 2482 1048 plus
2511 979 2717 1034 homini
2739 979 3039 1048 dederunt;
3065 981 3119 1037 hi
3137 1024 3152 1049 ,
3178 984 3300 1053 quia
3324 984 3503 1039 minus
3528 1000 3544 1039 :
3571 985 3820 1056 utrisque

2214 1073 2267 1128 in
2296 1083 2580 1143 utramque
2607 1084 2813 1144 partem
2847 1075 3043 1132 modus
3071 1077 3266 1133 defuit.
3298 1076 3401 1134 Ubi
3432 1093 3566 1150 ergo
3594 1080 3812 1150 sapien-

2216 1165 2288 1220 tia
2314 1164 2432 1219 est?
2464 1164 2535 1222 Ut
2563 1180 2739 1237 neque
2767 1177 2819 1222 te
2843 1169 3023 1223 omnia
3050 1169 3191 1225 scire
3214 1178 3390 1241 putes,
3410 1170 3556 1241 quod
3588 1171 3682 1228 Dei
3707 1181 3814 1240 est,

2216 1271 2392 1327 neque
2437 1258 2618 1312 omnia
2668 1260 2915 1327 nescire,
2947 1260 3090 1332 quod
3134 1260 3373 1331 pecudis.
3422 1262 3517 1318 Est
3542 1264 3684 1319 enim
3711 1264 3814 1319 ali-

2215 1352 2361 1422 quod
2416 1352 2689 1421 medium,
2736 1354 2881 1425 quod
2925 1357 2996 1410 sit
3042 1355 3308 1424 hominis,
3363 1357 3418 1413 id
3463 1368 3546 1413 est
3588 1359 3815 1415 scientia

2214 1458 2336 1499 cum
2384 1444 2720 1514 ignoratione
2764 1450 3051 1516 conjuncta
3096 1457 3153 1504 et
3202 1458 3524 1519 temperata.
3574 1449 3816 1508 Scientia

2216 1535 2269 1591 in
2295 1536 2451 1592 nobis
2476 1537 2545 1592 ab
2573 1538 2756 1594 animo
2786 1549 2907 1607 est,
2933 1540 3027 1611 qui
3070 1540 3245 1596 oritur
3269 1556 3300 1597 e
3326 1542 3504 1610 caelo;
3552 1544 3818 1615 ignoratio

2217 1644 2246 1683 a
2274 1644 2522 1699 corpore,
2544 1630 2687 1702 quod
2708 1641 2793 1688 est
2819 1646 2851 1689 e
2881 1641 3022 1688 terra
3052 1651 3066 1685 :
3098 1635 3242 1689 unde
3271 1633 3426 1690 nobis
3452 1644 3654 1691 etcum
3677 1636 3812 1703 Deo,

514 1732 764 1794 saperet,
792 1723 1125 1794 distinguere
1144 1764 1159 1789 ,
1189 1736 1311 1793 quae
1340 1723 1467 1778 sciri
1493 1731 1734 1792 possent,
1767 1738 1957 1793 quaeve
1987 1736 2112 1777 nes—
2140 1729 2190 1790 Β
2217 1730 2273 1777 et
2300 1737 2422 1779 cum
2465 1724 2785 1779 animalibus
2816 1733 2900 1780 est
2938 1725 3115 1796 aliqua
3143 1727 3528 1783 communitas.
3562 1727 3638 1783 Ita
3681 1744 3817 1799 quo-

514 1814 631 1871 ciri.
665 1813 772 1870 Sed
794 1815 839 1869 si
866 1814 918 1868 id
946 1812 1194 1879 fecisset,
1240 1813 1355 1883 ipse
1384 1829 1445 1869 se
1490 1813 1541 1868 in
1575 1814 1835 1885 populum
1874 1813 2114 1884 redegis-

512 1918 614 1962 set.
651 1906 781 1962 Nam
814 1904 1009 1975 vulgus
1036 1904 1311 1961 interdum
1341 1905 1462 1974 plus
1508 1906 1684 1976 sapit;
1716 1905 1841 1975 quia
1873 1914 2110 1972 tantum,

559 2006 774 2057 aantum
800 2011 937 2068 opus
983 2006 1066 2052 est
1102 1996 1263 2067 sapit.
1296 1999 1341 2051 Α
1390 2010 1499 2068 quo
1545 1998 1591 2051 si
1640 2011 1888 2068 quaeras,
1931 2007 2113 2053 utrum

514 2091 651 2147 sciat
674 2089 910 2162 aliquid,
941 2105 1009 2145 an
1037 2088 1205 2156 nihil,
1235 2088 1383 2144 dicet
1408 2104 1469 2144 se
1500 2089 1661 2156 scire,
1694 2104 1815 2161 quae
1844 2089 2002 2157 sciat,
2034 2088 2116 2144 fa-

515 2185 719 2241 tebitur
748 2198 809 2240 se
836 2183 1047 2239 nescire
1066 2223 1083 2251 ,
1113 2197 1234 2253 qua:
1255 2181 1479 2237 nesciat.
1515 2181 1683 2237 Recte
1722 2196 1854 2254 ergo
1884 2182 2115 2237 aliorum

515 2277 730 2334 sustulit
770 2275 1113 2347 disciplinas,
1166 2273 1262 2330 sed
1307 2289 1415 2329 non
1465 2285 1615 2329 recte
1664 2273 1910 2330 fundavit
1938 2290 2112 2330 suam.

514 2367 786 2440 lgnoratio
810 2367 956 2423 enim
1006 2380 1186 2421 rerum
1230 2365 1470 2420 omnium
1516 2380 1622 2419 non
1668 2374 1848 2436 potest
1883 2381 2006 2422 esse
2031 2382 2117 2421 sa—

515 2459 747 2532 pientia,
781 2458 936 2527 cujus
962 2467 1042 2514 est
1073 2457 1215 2513 scire
1252 2457 1551 2527 proprium.
1601 2457 1678 2512 lta
1712 2471 1834 2512 cum
1870 2458 2110 2529 philoso-

516 2551 655 2622 phos
679 2549 1065 2620 eXpugnaverit
1084 2590 1100 2615 ,
1132 2563 1198 2604 ac
1224 2548 1469 2604 docuerit
1496 2563 1591 2604 eos
1618 2547 1753 2603 nihil
1778 2548 1919 2605 scire
1942 2592 1957 2617 ,
2000 2550 2117 2621 ipse

516 2656 731 2714 quoque
782 2656 980 2697 nomen
1032 2640 1342 2712 philosophi
1374 2640 1638 2711 perdidit;
1690 2642 1816 2711 quia
1867 2642 2117 2698 doctrina

517 2737 635 2807 ejus
670 2744 755 2791 est
775 2734 909 2790 nihil
937 2735 1098 2790 scire.
1120 2733 1252 2789 Nam
1275 2734 1364 2805 qui
1387 2734 1528 2789 alios
1553 2735 1925 2812 reprehendit,
1973 2736 2117 2806 quod

516 2831 792 2897 nesciant,
844 2828 960 2900 ipse
986 2827 1149 2884 debet
1199 2829 1380 2883 sciens
1407 2842 1549 2883 esse.
1578 2826 1713 2883 Cum
1755 2838 1935 2885 autem
1981 2829 2119 2886 nihil

517 2926 682 2990 sciat,
708 2939 829 2994 qua:
858 2923 1215 2993 perversitas,
1254 2936 1444 2992 quaeve
1484 2921 1777 2977 insolentia
1803 2932 1885 2978 est
1904 2963 1920 2990 ,
1950 2923 2021 2979 ob
2064 2922 2119 2977 id

517 3017 692 3087 ipsum
713 3030 772 3071 se
798 3014 1176 3085 philosophum
1206 3015 1561 3081 constituere,
1587 3026 1811 3084 propter
1837 3015 1982 3086 quod
2004 3031 2083 3071 ea:
2101 3047 2114 3058 -

2216 1816 2360 1870 niam
2384 1831 2450 1871 ex
2493 1816 2577 1871 his
2621 1816 2834 1882 duobus
2879 1827 3195 1874 constamus
3233 1818 3553 1886 elementis,
3584 1835 3817 1891 quorum

2216 1910 2447 1967 alterum
2480 1910 2601 1966 luce
2632 1909 2915 1981 prteditum
2945 1919 3027 1966 est
3048 1953 3063 1977 ,
3090 1910 3334 1967 ‘alterum
3382 1912 3653 1979 tenebris;
3686 1928 3815 1984 pars

2218 2001 2375 2058 nobis
2402 2001 2526 2058 data
2568 2012 2653 2059 est
2699 2001 2973 2069 scientiae,
3006 2017 3132 2073 pars
3163 2003 3501 2074 ignorantiae.
3534 2003 3642 2060 Per
3671 2004 3819 2062 hunc

2217 2095 2371 2166 quasi
2402 2103 2622 2165 pontem
2648 2094 3028 2151 transire'sine
3072 2094 3304 2151 cadendi
3360 2094 3601 2166 periculo
3644 2096 3816 2164 licet;

2217 2204 2342 2244 nam
2372 2189 2445 2244 illi
2478 2203 2667 2247 omnes
2690 2230 2704 2254 ,
2737 2189 2829 2261 qui
2858 2204 2918 2246 se
2942 2190 2994 2244 in
3023 2190 3251 2246 alteram
3280 2201 3490 2262 partem
3518 2191 3814 2247 inclinave-

2217 2291 2374 2347 runt,
2421 2292 2514 2336 aut
2555 2281 2779 2349 dextro,
2826 2289 2916 2337 aut
2955 2282 3175 2338 sinistro
3232 2297 3424 2338 versus
3467 2282 3815 2339 ceciderunt.

2224 2375 2460 2445 Utraque
2482 2384 2659 2431 autem
2687 2390 2812 2445 pars
2837 2375 3108 2446 quomodo
3134 2377 3418 2443 erraverit,
3454 2376 3653 2433 dicam.
3679 2380 3820 2435 Aca-

2219 2467 2416 2523 demici
2431 2478 2616 2523 contra
2638 2467 2901 2540 Physicos
2921 2484 2986 2524 ex
3012 2468 3178 2525 rebus
3193 2470 3436 2526 obscuris
3461 2473 3820 2542 argumentati

2221 2569 2385 2628 sunt,
2418 2561 2619 2615 nullam
2649 2574 2770 2615 esse
2798 2560 3103 2627 scientiam,
3147 2573 3203 2617 et
3231 2562 3495 2634 exemplis
3527 2578 3818 2634 paucnrum

2222 2669 2405 2709 rerum
2439 2653 3066 2725 incompreltensibilium
3104 2657 3388 2725 contenti,
3416 2657 3655 2728 amplexi
3688 2667 3816 2716 sunt

2221 2746 2605 2818 ignorantiam;
2641 2758 2896 2820 tanquam
2942 2751 3222 2807 scientiam
3250 2760 3416 2808 totam
3448 2754 3818 2823 sustulissent,

2222 2841 2347 2909 quia
2372 2838 2425 2894 in
2455 2849 2607 2910 parte
2631 2841 2984 2898 sustulerant.
3004 2843 3222 2916 Physici
3248 2856 3438 2901 contra
3469 2861 3534 2902 ex
3564 2846 3663 2914 iis,
3695 2863 3819 2919 qua:

2223 2942 2409 3002 aperta
2459 2945 2619 3001 sunt,
2667 2945 3043 3007 argumentum
3094 2939 3409 3006 trahebant,
3455 2941 3634 2996 omnia
3695 2942 3824 2997 sciri

2227 3040 2390 3095 posse
2410 3068 2426 3094 ,
2457 3029 2804 3098 contentique
2828 3029 3146 3100 perspicuis,
3168 3032 3473 3089 retinebant
3501 3033 3820 3098 scientiam;

516 3117 665 3162 lel‘OS
692 3106 879 3162 ῑοηθιτ
924 3104 1158 3197 Possit!"
1183 3105 1330 3197 enim
1373 3104 1451 3159 δίο
1483 3104 1815 3175 respondere
1846 3123 1859 3159 ε
1888 3106 1944 3162 Si
1983 3106 2116 3161 Nihil
2142 3122 2188 3188 C
2220 3126 2473 3189 tanquam
2507 3127 2673 3174 totam
2719 3120 3110 3191 defendissent,
3141 3127 3264 3197 quia
3293 3140 3357 3182 ex
3384 3136 3538 3196 parte
3566 3127 3827 3183 defendco

518 3213 619 3253 nos
646 3197 786 3252 scire
812 3195 1112 3263 convincis,
1146 3203 1201 3251 et
1226 3195 1351 3251 ideo
1379 3211 1486 3250 non
1514 3210 1637 3251 esse
1659 3197 1955 3267 sapientes,
1988 3199 2113 3270 quia

520 3290 654 3345 nihil
686 3289 950 3354 sciamus;
981 3303 1182 3361 ergone
1234 3296 1290 3344 tu
1320 3288 1538 3359 quidem
1564 3304 1623 3345 es
1650 3290 1888 3360 sapiens,
1913 3292 2041 3362 quia
2065 3301 2117 3347 te

518 3396 733 3454 quoque
756 3381 1031 3438 confiteris
1054 3380 1188 3436 nihil
1213 3382 1379 3438 scire?
1407 3381 1544 3450 Quid
1568 3398 1698 3454 ergo
1720 3387 1989 3455 promovit
2017 3387 2121 3441 Ar-

518 3476 737 3544 cesilas,
789 3475 893 3531 nisi
939 3474 1082 3545 quod
1126 3474 1388 3531 confectis
1434 3477 1687 3532 omnibus
1739 3478 2117 3551 philosophis,

518 3572 757 3640 seipsum
789 3582 1003 3640 quoque
1023 3565 1218 3625 eodem
1244 3582 1506 3625 mucrone
1542 3568 1853 3626 transﬁxit?

2218 3220 2359 3263 rant.
2392 3208 2580 3281 Itaque
2610 3227 2787 3284 neque
2813 3213 2867 3268 hi
2896 3214 3076 3284 clara,
3120 3232 3294 3289 neque
3320 3219 3399 3274 illi
3425 3219 3654 3276 obscura
3675 3220 3824 3277 vide-

2221 3310 2348 3356 runt
2381 3319 2394 3355 :
2426 3302 2521 3357 sed
2564 3305 2815 3376 utrique,
2847 3306 2976 3362 dum
3026 3308 3196 3363 solam
3247 3310 3527 3367 scientiam
3558 3313 3824 3369 consertis

2222 3393 2470 3449 manibus
2494 3395 2576 3449 vel
2601 3397 2868 3465 retinent,
2917 3399 3000 3456 vel
3051 3402 3325 3472 eripiunt,
3374 3419 3485 3460 non
3531 3405 3818 3471 viderunt,

2221 3484 2278 3541 in
2307 3485 2489 3542 medio
2512 3489 2859 3546 constitutam
2908 3489 3027 3549 fore
3045 3534 3059 3560 ,
3087 3508 3210 3564 quae
3248 3495 3372 3553 illos
3400 3496 3468 3552 ad
3497 3497 3821 3570 sapientiam

2228 3579 2640 3637 transmitteret.

1873 3714 2232 3776 VARIORUM
2271 3719 2504 3778 NOTAE.

516 3850 549 3870 ’τ
597 3849 883 3904 Herbarum
927 3849 1077 3904 vires.
1106 3847 1381 3904 Herbarite
1422 3848 1703 3906 medicinae
1736 3852 2102 3909 inventionem

518 3921 756 3978 Galenus
781 3921 1018 3989 assignat
1045 3917 1300 3975 Cheironi
1326 3920 1596 3977 Centauro
1616 3919 1638 3988 ,’
1663 3921 1837 3978 Macer
1864 3924 2105 3981 Artemi-

518 3994 634 4049 sia).
668 3991 997 4047 BETULEIUS.

592 4081 704 4138 Nec
732 4099 835 4138 non
860 4081 1118 4137 imbrium.
1148 4081 1206 4138 Id
1243 4083 1357 4154 ipse
1378 4083 1625 4140 Christus
1645 4085 1895 4142 concedit
1922 4086 2103 4143 Matth.

517 4171 639 4230 n1,
666 4154 950 4230 Lucac_x1.
989 4155 1061 4208 De
1089 4154 1172 4210 his
1200 4155 1395 4210 Aratus
1424 4156 1767 4227 potissimum
1790 4199 1804 4223 ,
1833 4168 1889 4213 et
1918 4158 2103 4230 Virgil.

518 4229 571 4283 in
598 4226 795 4297 Georg.
827 4225 1027 4281 Βετοι..

591 4320 776 4376 Debuit
796 4336 917 4392 ergo
937 4318 1214 4392 Arcesilas.
1246 4320 1516 4377 Arcesilas
1536 4363 1550 4389 ,
1594 4329 1732 4379 teste
1775 4323 1942 4387 Mela,
1975 4322 2110 4378 nihil

511 4391 1195 4448 aftirmantis’Academize
1239 4394 1498 4457 antistes,
1548 4394 1619 4448 ita
1672 4409 1886 4450 omnem
1921 4410 2103 4450 rerum

517 4465 797 4520 scientiam
826 4478 893 4519 ex
923 4463 1232 4520 hominibus
1258 4464 1495 4530 sustulit,
1524 4474 1580 4519 ut
1606 4480 1724 4521 eam
1755 4466 1856 4521 soli
1887 4466 1996 4522 Deo
2020 4481 2106 4522 re-

515 4535 769 4606 liquerit;
795 4542 853 4606 ut
887 4534 1214 4606 Epiphanius
1238 4534 1307 4591 de
1332 4550 1399 4591 eo
1428 4536 1617 4592 scribit
1644 4547 1774 4593 tom.
1806 4553 1866 4606 ιι,
1896 4538 1990 4594 lib.
2020 4553 2103 4605 ιιι,

516 4606 585 4661 de
608 4605 931 4660 Hmresibus.
966 4604 1288 4662 BETULEIUS.

591 4676 661 4732 Se
684 4676 736 4730 in
758 4675 1005 4750 populum
1014 4676 1306 4750 redegisset.
1332 4676 1398 4732 In
1422 4677 1668 4748 papulunt
1693 4680 1923 4750 redigere
1949 4679 2103 4743 dixit,

516 4762 616 4818 pro
627 4761 702 4820 _eo
723 4746 974 4820 quodest
994 4748 1047 4802 in
1075 4746 1318 4820 ordinem
1345 4746 1609 4820 redigere.
1634 4751 1707 4820 De
1727 4746 1834 4819 quo
1855 4750 2106 4820 loquendi

512 4816 678 4892 inodo
702 4816 826 4892 vide
850 4816 1103 4892 Budaeum
1130 4818 1185 4892 in
1216 4818 1275 4871 L.
1303 4816 1622 4892 D.AMa‘rcus.
1647 4819 1702 4892 ii.
1734 4816 1802 4875 de
1828 4816 1937 4876 οσζ
1966 4837 2107 4892 prae-

512 4889 666 4946 sidis.
689 4885 859 4961 —-rSe
900 4888 955 4942 in
1003 4890 1247 4958 populum
1289 4889 1579 4961 redegisset.
1606 4890 1659 4945 Id
1709 4900 1826 4955 est,
1857 4908 1919 4947 se
1949 4885 2107 4961 vulgo

515 4960 1412 5033 philosophorum_annnmerasset.
1449 4959 1611 5033 Prius
1632 4963 1686 5015 in
1714 4962 1943 5018 ordinem
1964 4959 2104 5018 redi-

510 5031 662 5104 gere,
705 5040 925 5087 auctore
955 5031 1230 5104 Prisciano
1276 5040 1330 5104 et
1382 5033 1552 5104 Baph.
1587 5032 1721 5104 Beg.
1750 5034 1880 5089 inter
1906 5035 2030 5090 viles
2060 5042 2108 5089 et

510 5102 1100 5171 abiectosconnumerari
1123 5102 1258 5158 dixit
1281 5102 1507 5172 Quintil.
1541 5120 1557 5157 ι
1600 5102 1776 5158 lnstit.
1806 5123 1854 5160 c.
1888 5106 1943 5160 4.
1973 5107 2101 5161 Bos.

583 5175 869 5230 Convincis.
920 5173 1397 5244 Manuscriptorum
1426 5191 1489 5228 ac
1514 5176 1548 5231 5
1579 5184 1687 5231 vet.
1736 5176 1869 5232 edit.
1918 5177 2105 5243 Rom.,

510 5247 738 5303 Tornes.
771 5257 825 5299 et
849 5246 1118 5302 Soubron.
1148 5256 1231 5302 est
1252 5245 1370 5302 hate
1396 5246 1591 5313 lectio;
1621 5248 1919 5315 conviceris,
1939 5258 2103 5304 caete.

509 5333 693 5372 rorum
725 5317 1016 5372 editorum.

580 5388 1014 5460 Arcesilasahlss.
1047 5403 1185 5460 pene
1213 5403 1403 5446 omnes
1430 5398 1486 5446 et
1507 5397 1616 5446 vet.
1650 5389 1779 5445 edit.
1830 5391 1987 5447 Rom.
2024 5390 2105 5446 fe-

504 5467 634 5533 runt
659 5456 1071 5533 4rchesilas._l_\t
1112 5463 1138 5516 1
1182 5462 1310 5532 Reg.
1346 5462 1746 5533 vetustissimus
1776 5472 1831 5518 et
1862 5463 2099 5533 vulgati,

505 5529 791 5596 Arcesilas,
819 5542 943 5583 cum
970 5530 1207 5602 Diogene
1238 5529 1450 5589 Laertia
1478 5533 1546 5589 de
1574 5531 1709 5589 Vitis
1741 5529 2105 5605 Philosopho-

538 5616 647 5655 “HL

501 5615 1029 5758 Ἷιὲδηῖεειίελᾼηίε
1055 5671 1399 5758 gladiatoria:
1428 5677 1690 5758 verbum,
1714 5676 1858 5758 quod
1890 5677 1967 5758 de
1987 5678 2102 5751 gla-

508 5742 716 5807 diatore
756 5742 940 5800 multis
986 5744 1295 5802 vulneribus
1345 5745 1597 5802 confosso
1639 5742 1857 5804 dicitur.
1909 5742 2102 5807 Cic'ero

2210 3856 2443 3913 Catil.‘n
2489 3878 2502 3916 :
2535 3875 2587 3917 c.
2651 3864 2714 3920 H
2751 3881 2763 3917 :
2795 3863 3086 3922 Gladiatori
3121 3868 3201 3924 illi
3261 3870 3518 3999 coniectoC
3533 3881 3582 3927 et
3628 3877 3826 3933 saucia.

3524 3959 3717 3999 ELLAR.

3524 3959 3717 4001 ELLAR.

2287 3999 2434 4084 inter
2460 4002 2621 4071 ipsos.
2654 4004 2746 4084 Si_c
2790 4008 3003 4084 restitui
3033 4026 3097 4084 es
3127 4009 3211 4084 729
3256 4013 3559 4083 potioribus
3585 3999 3825 4074 atlanti-

2215 4074 2513 4159 quioribus
2532 4091 2663 4159 mss.
2689 4079 2979 4159 Pro_t'psos_,
3009 4082 3140 4159 editi
3169 4093 3221 4139 et
3254 4074 3348 4159 sex
3370 4100 3481 4159 rec.
3500 4089 3698 4159 scripti
3730 4105 3826 4146 re-

2222 4155 2520 4225 posuerunt
2544 4148 2879 4225 philosophos
2909 4152 3136 4225 obrnovi
3172 4156 3363 4225 capitis
3391 4148 3639 4222 initium;
3671 4160 3760 4215 alii
3791 4164 3833 4220 4

2220 4223 2275 4298 et
2296 4214 2425 4270 edit.
2458 4217 2526 4271 ls.
2544 4214 2680 4287 'post
2709 4221 2857 4298 ipsos
2876 4222 3199 4298 addiderunt
3223 4214 3578 4298 philosophos,
3606 4214 3818 4287 scilicet

2220 4284 2487 4355 glossema
2516 4284 2581 4344 ei
2610 4305 2705 4345 ora
2729 4284 2860 4349 libri
2886 4293 3184 4351 admissum
3213 4284 3270 4352 in
3295 4284 3526 4357 textum.

2289 4378 2680 4462 {ibanimoesl
2724 4387 2833 4457 qui.
2880 4386 3179 4462 Masculino
3223 4406 3428 4462 genere
3478 4408 3666 4449 omnes
3710 4395 3834 4453 fere

2130 4428 2184 4489 ι)
2210 4428 3381 4530 εοιῖίῖιζὲἰᾘῖιῑἷιᾘιιέ”ξείἑὶῖξῖ.”ἶέι’ἵᾶῑιῗξῖἷί
3396 4428 3839 4530 ζειτιϊῑυςῖδιῑ

2210 4537 2345 4601 quia.
2377 4523 2573 4601 Supra,
2606 4523 2726 4595 cap.
2758 4530 2795 4585 '5
2820 4571 2834 4594 ,
2860 4530 2997 4601 dixit
3026 4531 3308 4588 scientiam
3332 4536 3400 4591 ab
3430 4523 3649 4601 ingenio
3680 4553 3832 4594 esse.

2284 4594 2511 4667 Sinistra
2535 4594 2727 4652 versus.
2750 4600 3093 4658 Sinistrorsus
3117 4603 3350 4662 Caesaris
3367 4622 3441 4662 Vt.
3459 4594 3599 4664 Gali.
3626 4609 3679 4664 in
3694 4611 3840 4667 meis

2211 4663 2422 4721 Luicis
2450 4666 2719 4724 desidero.
2748 4670 2883 4727 Bon.

2287 4757 2577 4845 ganeam-nt
2607 4778 2799 4845 rerum.
2830 4764 2964 4821 Cum
3007 4781 3109 4823 ms.
3164 4770 3187 4825 Ι
3237 4770 3450 4827 Βοηοη.
3499 4771 3734 4845 Thysius
3762 4783 3826 4831 et

2212 4825 2445 4885 Gallzeus
2470 4832 2677 4888 addunt
2714 4844 2785 4889 et.

2212 4922 2581 5050 Frgcitizdsﬂic
2623 4934 2679 4982 et
2718 4926 2855 4985 infra
2884 4946 3039 5001 quam
3068 4932 3355 5005 legendum
3397 4949 3518 4992 esse
3561 4938 3825 4994 censebat

2285 5085 2544 5169 consertis
2589 5092 2843 5169 manibus.
2894 5094 3245 5153 Proverbium
3268 5139 3284 5166 ,
3318 5114 3419 5169 pro
3457 5114 3665 5155 summa
3695 5115 3837 5157 con-

2213 5162 2453 5233 tentione
2480 5179 2503 5233 ξε
2555 5164 2872 5233 metaphora
2915 5179 3126 5233 sumpta
3159 5184 3188 5223 a
3219 5162 3565 5227 lu‘ct'antibus.
3614 5172 3710 5227 Vel
3740 5183 3836 5229 est

2211 5231 2404 5285 allusio
2429 5231 2496 5286 ad
2525 5231 2803 5314 antiquum
2848 5236 2999 5314 illum
3042 5231 3149 5314 fori
3198 5256 3430 5306 morem,
3467 5259 3576 5314 quo
3602 5260 3668 5298 ex
3694 5243 3831 5313 jure

2211 5316 2376 5381 manu
2402 5313 2723 5381 consertum,
2746 5307 3027 5381 vocabant.
3067 5311 3140 5365 De
3185 5326 3293 5376 quo
3341 5307 3541 5381 praeter
3578 5307 3713 5369 Bud:
3763 5326 3832 5370 et

2210 5370 2873 5451 Erasm.__vide_Gell_._lib.
2894 5395 3001 5451 ixx,
3032 5394 3151 5451 cap.
3185 5370 3240 5437 9.
3273 5370 3478 5439 Βέτιιιι.
3508 5414 3582 5425 -
3607 5386 3839 5441 Conser-

2211 5443 2277 5521 tis
2300 5445 2553 5521 manibus.
2581 5446 2842 5515 Sparkius
2892 5443 3298 5521 interpretatur,
3354 5471 3556 5510 summa
3582 5465 3771 5511 conatu
3817 5477 3834 5514 :

2210 5514 2497 5585 signiﬁcat,
2530 5514 2838 5588 pugnantes.
2870 5528 2926 5576 ut
2957 5521 2992 5575 l.
3029 5514 3086 5588 ἦ,
3122 5539 3170 5579 c.
3200 5524 3234 5579 6
3259 5514 3439 5581 {Tum
3468 5528 3603 5582 inter
3630 5544 3684 5583 se
3713 5542 3840 5583 ma-

2210 5600 2312 5641 nus
2333 5601 2623 5645 conserere
2641 5600 2923 5657 crepet-unt.
2962 5593 3097 5649 Bon.

2282 5678 2533 5758 Inmedio
2550 5684 2880 5758 constitutam
2909 5687 3041 5758 fore,
3068 5703 3202 5758 quae.
3231 5688 3323 5747 Sic
3345 5689 3458 5748 fere
3483 5704 3692 5748 omnes.
3718 5690 3833 5749 Stt-

2209 5749 2411 5809 baudio
2438 5755 2728 5823 scientiam,
2757 5772 2891 5831 quas.
2909 5749 3065 5814 'Btni.
