4174 6200
363 242 480 314 ’361

1215 251 1418 310 LIBER
1461 249 1545 311 lli.
1588 252 1677 310 DE
1715 250 1938 313 FALSA
1979 245 2346 314 SAPIENTIA
2386 249 2791 312 PHILOSOPII.

3586 252 3694 311 562

449 369 652 425 Verum
685 367 956 427 Arcesilas
978 367 1296 440 ignorantiae
1323 369 1597 441 magister,
1624 385 1742 425 cum
1767 369 1976 426 Zenoni
2005 375 2055 434 Α
2081 376 2354 429 versutus,
2371 367 2589 422 caeteris
2612 362 2953 436 philosophis
2971 361 3436 421 voluitscientiam
3457 367 3692 436 eripere,

375 463 711 518 obtrectaret
762 450 1378 528 principi‘Stoicorum,
1423 469 1481 515 ut
1521 469 1685 514 totam
1745 461 1979 530 philoso-

374 554 558 625 phiam
584 561 881 618 everteret,
905 566 1126 610 auctore
1155 552 1400 618 Socrate,
1425 553 1664 623 suscepit
1693 552 1830 610 hanc
1853 569 1982 609 sett-

378 647 637 712 tentiam,
669 658 723 702 ut
752 646 1054 702 afﬁrmaret
1086 647 1217 700 nihil
1248 645 1377 701 sciri
1407 661 1585 716 posse.
1617 645 1802 717 Itaque
1829 661 1982 701 coar-

375 743 490 814 guit
516 742 970 798 existimationem
1016 740 1502 812 philosophorum,
1553 741 1645 811 qui
1701 749 1984 811 putassent

375 835 608 906 ingeniis
651 835 764 890 suis
808 843 1020 891 erutam
1069 849 1228 898 esse,
1277 843 1440 905 atque
1473 834 1744 888 inventam
1787 834 1982 888 verita-

374 936 484 984 tem
513 946 527 982 :
553 926 848 994 videlicet,
880 928 1005 998 quia
1050 927 1294 983 mortalis
1338 925 1518 982 fuerat
1562 926 1649 980 illa
1679 925 1978 996 sapientia,

371 1021 674 1095 paucisque
718 1029 844 1077 ante
901 1019 1232 1090 temporibus
1277 1020 1559 1088 instituta,
1605 1018 1672 1074 ad
1709 1035 1980 1074 summutn

369 1113 482 1187 jam
511 1113 902 1169 incrementum
932 1122 1274 1183 pervenerat,
1306 1123 1362 1168 ut
1380 1111 1493 1183 jam
1518 1111 1826 1167 necessario
1846 1126 1978 1166 con-

373 1213 719 1270 senesceret,
767 1219 831 1261 ac
877 1203 1111 1274 periret,
1146 1215 1372 1273 repente
1414 1204 1590 1260 extitit
1642 1202 1935 1260 Academia
1963 1243 1978 1268 ,

373 1311 633 1370 tanquam
686 1307 938 1355 senectus
993 1296 1387 1369 philosophiae,
1442 1312 1563 1368 qua:
1613 1295 1759 1351 illam
1815 1294 1983 1349 conﬁ-

373 1403 528 1450 ceret
552 1393 662 1462 jam
695 1391 1166 1448 deﬂorescentem.
1200 1390 1476 1461 Recteque
1512 1389 1647 1444 vidit
1669 1387 1977 1455 Arcesilas,

373 1500 736 1558 arrogantes,
780 1487 868 1542 vel
923 1487 1106 1558 potius
1159 1484 1354 1540 stultos
1401 1499 1560 1553 esse,
1607 1484 1699 1554 qui
1759 1490 1979 1553 putent,

374 1581 657 1637 scientiam
706 1579 950 1635 veritatis
988 1578 1300 1650 conjectura
1348 1592 1511 1649 posse
1571 1575 1979 1647 comprehendi.

372 1678 481 1734 Sed
511 1686 691 1732 tamen
739 1675 871 1731 falsa
918 1675 1190 1731 dicentem
1233 1673 1561 1743 redarguere
1616 1688 1724 1727 non
1769 1679 1976 1743 potest,

2087 472 2147 517 ut
2176 478 2292 518 eam
2341 461 2485 516 domi
2517 459 2898 515 absconderet.
2948 456 3083 512 Nam
3116 457 3216 511 sibi
3249 458 3396 512 illam
3445 459 3692 530 profecto

2086 571 2191 611 tton
2233 554 2441 620 adimit,
2473 554 2562 624 qui
2594 552 2793 624 aliquid
2841 551 3097 619 afﬁrmat,
3127 561 3182 606 ut
3211 554 3424 607 caeteris
3451 555 3691 609 adimat:

2085 647 2180 702 sed
2214 647 2345 701 nihil
2380 646 2520 714 agit;
2556 656 2780 715 apparet
2808 643 2974 710 enim,
3006 658 3070 698 ac
3099 641 3268 698 furem
3301 659 3457 698 suum
3492 645 3690 714 prodit.

2085 741 2298 809 Quanto
2329 739 2528 795 faceret
2580 738 2876 807 sapientius
2922 752 2985 792 ac
3024 739 3234 805 verius,
3286 738 3329 792 si
3375 741 3696 809 exceptione

2086 834 2259 901 facta,
2292 831 2536 896 diceret,
2585 845 2778 885 causas
2825 831 3174 902 rationesque
3219 829 3481 885 duntaxat
3511 847 3693 888 rerum

2084 926 2416 993 cmlestinm,
2467 940 2564 980 seu
2595 923 2921 979 naturalium
2942 964 2957 990 ,
3001 923 3125 994 quia
3169 933 3295 977 sunt
3324 922 3520 978 abditae
3542 966 3557 992 ,
3593 939 3693 980 nec

2084 1021 2210 1076 sciri
2237 1035 2394 1092 posse
2414 1061 2428 1085 ,
2458 1019 2584 1091 quia
2618 1019 2795 1073 nullus
2826 1017 3055 1084 doceat,
3091 1033 3191 1074 nec
3219 1020 3386 1091 qumri
3413 1031 3690 1090 oportere,

2084 1115 2206 1184 quia
2239 1112 2468 1170 inveniri
2492 1113 2787 1185 quzerendo
2817 1129 2921 1166 non
2953 1121 3200 1182 possunt.
3228 1114 3342 1181 Qua
3365 1115 3689 1186 exceptione

2086 1205 2404 1277 interposita
2426 1249 2439 1270 ,
2473 1215 2527 1262 et
2559 1206 2814 1277 physicos
2841 1204 3245 1272 admonuisset,
3283 1222 3350 1262 ne
3380 1218 3694 1279 quaererent

2084 1312 2146 1353 ea
2186 1314 2307 1369 qua:
2349 1297 2566 1352 modum
2601 1297 2930 1353 excederent
2965 1299 3307 1368 cogitationis
3329 1299 3606 1364 humanm;
3638 1311 3694 1356 et

2084 1393 2323 1461 seipsum
2354 1391 2638 1447 calumnia:
2671 1390 2870 1446 invidia
2903 1390 3220 1458 liberasset;
3251 1402 3305 1446 et
3359 1394 3514 1448 nobis
3543 1404 3694 1451 certe

2084 1484 2326 1540 dedisset
2351 1483 2571 1556 aliquid,
2597 1485 2741 1556 quod
2769 1501 3146 1556 sequeremur.
3174 1485 3326 1542 Nunc
3355 1497 3536 1543 autem
3565 1504 3692 1544 cum

2083 1578 2152 1633 ab
2200 1578 2306 1634 illis
2347 1578 2640 1650 sequendis
2683 1594 2781 1633 nos
2829 1581 3152 1646 retraxerit,
3198 1599 3266 1637 ne
3316 1584 3544 1639 velimus
3574 1585 3693 1655 plus

2085 1673 2258 1736 scire,
2289 1688 2448 1741 quam
2483 1686 2800 1743 possumus,
2836 1689 2942 1728 non
2973 1673 3149 1729 minus
3177 1692 3204 1727 a
3242 1691 3302 1730 se
3329 1693 3544 1748 quoque
3573 1679 3692 1747 ipso

370 1770 479 1826 nisi
503 1770 596 1842 qui
621 1769 806 1825 scierit
831 1778 976 1832 ante,
1001 1767 1130 1837 quid
1149 1767 1218 1822 sit
1245 1783 1431 1824 vermn
1466 1784 1479 1819 :
1514 1766 1658 1838 quod
1703 1766 1980 1821 Arcesilas
2009 1801 2057 1862 Β
2086 1764 2328 1819 retraxit.
2353 1763 2484 1833 Quis
2510 1768 2652 1820 enim
2671 1765 2804 1819 velit
2826 1765 3089 1829 laborare.
3114 1781 3180 1820 ne
3202 1767 3492 1838 quidquam
3517 1769 3690 1824 sciat?

371 1864 609 1920 veritate
637 1879 742 1918 non
791 1863 1002 1934 cognita
1049 1863 1224 1918 facere
1267 1873 1525 1926 conatus,
1558 1859 1856 1914 introduxit
1882 1874 1979 1929 ge-

371 1971 477 2012 nus
530 1955 888 2027 philosophia:
930 1957 1222 2012 ἀσύστατον
1266 1954 1409 2024 quod
1463 1953 1629 2008 latine
1686 1952 1976 2018 instabile,

369 2050 488 2106 sive
534 2048 849 2104 inconstans
898 2064 1184 2118 possumus
1250 2049 1454 2103 dicere.
1521 2045 1590 2103 Ut
1651 2046 1794 2101 enim
1844 2043 1981 2100 nihil

369 2141 654 2198 sciendum
689 2141 792 2208 sit,
821 2140 1021 2211 aliquid
1065 2140 1192 2196 sciri
1227 2155 1452 2197 necesse
1478 2149 1581 2195 est.
1627 2137 1758 2194 Nam
1793 2138 1835 2192 si
1864 2152 1980 2191 om.

371 2239 504 2294 nino
533 2237 669 2292 nihil
698 2237 860 2302 scias,
891 2237 942 2292 id
973 2236 1169 2306 ipsum,
1199 2236 1333 2291 nihil
1360 2235 1486 2291 sciri
1528 2248 1707 2304 posse,
1739 2232 1974 2286 tolletur.

369 2330 558 2402 Itaque
584 2331 676 2400 qui
703 2330 850 2386 velut
871 2331 1153 2386 sententiae
1173 2329 1292 2384 luco
1310 2328 1639 2399 pronuntiat,
1663 2325 1796 2382 nihil
1826 2325 1973 2394 sciri,

371 2432 626 2494 tauquam
658 2432 983 2494 praeceptum
1011 2423 1298 2496 proﬁtetur
1325 2431 1380 2478 et
1403 2421 1697 2494 cognitum,
1729 2435 1858 2493 ergo
1882 2421 1980 2476 ali-

369 2517 504 2589 quid
525 2517 654 2574 sciri
685 2525 881 2586 potest.

446 2610 581 2665 lluic
607 2609 786 2666 simile
808 2619 889 2664 est
915 2609 1081 2672 illud,
1117 2610 1260 2682 quod
1292 2611 1344 2665 in
1377 2609 1582 2666 scholis
1613 2609 1844 2680 proponi
1887 2623 1979 2664 so-

366 2705 446 2761 iet
463 2704 514 2759 in
527 2703 748 2776 asystati
767 2703 982 2774 generis
1001 2705 1331 2775 exemplum;
1352 2705 1652 2760 somniasse
1664 2703 1973 2773 quemdam,

368 2816 442 2856 ne
469 2799 692 2854 somniis
717 2799 985 2854 crederet.
1015 2799 1070 2854 Si
1102 2799 1245 2856 enim
1278 2799 1600 2866 crediderit,
1635 2809 1745 2855 tum
1788 2801 1974 2872 sequi-

366 2905 459 2953 tur
488 2906 545 2951 ut
571 2896 897 2952 credendum
932 2912 1039 2952 non
1066 2899 1155 2953 sit.
1206 2898 1261 2954 Si
1295 2907 1476 2954 autem
1506 2915 1610 2953 non
1653 2897 1973 2963 crediderit,

367 2999 500 3046 tunc
523 2991 766 3062 sequitur
794 3002 850 3046 ut
877 2991 1206 3047 credendum
1236 2994 1326 3048 sit.
1362 2993 1437 3048 Ita
1481 2993 1526 3046 si
1557 2991 1696 3047 nihil
1729 2991 1852 3047 sciri
1880 3006 1975 3062 po-

364 3093 507 3151 test,
539 3099 762 3141 necesse
790 3093 907 3150 est,
942 3084 993 3141 id
1025 3085 1200 3156 ipsum
1227 3087 1378 3153 sciri,
1405 3087 1548 3158 quod
1582 3086 1714 3141 nihil
1743 3086 1970 3143 sciatur.

366 3179 423 3238 Si
455 3187 638 3236 autem
667 3182 857 3244 scitur.
888 3197 1049 3254 posse
1076 3181 1208 3239 nihil
1248 3182 1413 3250 sciri,
1445 3182 1643 3238 falsum
1689 3193 1774 3238 est
1800 3197 1930 3252 ergo
1955 3221 1969 3244 ,
2002 3209 2048 3274 Ο

362 3274 512 3344 quod
541 3273 762 3344 dicitur,
785 3275 917 3332 nihil
947 3291 1108 3348 posse
1134 3277 1284 3332 sciri.
1337 3277 1428 3332 Sic
1476 3276 1750 3332 inducitur
1777 3275 1971 3345 dogma

362 3367 471 3424 sibi
512 3368 616 3440 ipsi
658 3384 997 3442 repugnans,
1054 3386 1221 3444 seque
1263 3369 1588 3428 dissolvens.
1652 3369 1760 3428 Sed
1813 3369 1976 3425 homo

2081 1865 2174 1910 aut
2205 1856 2466 1926 ejusmodi
2494 1858 2772 1926 suscipere
2797 1856 3133 1923 doctrinam,
3169 1870 3222 1912 ut
3252 1861 3414 1914 etiam
3444 1876 3690 1916 εοιιιιιιιι-

2084 1965 2208 2006 nem
2238 1952 2518 2007 scientiam
2550 1951 2780 2020 perdat?
2811 1954 2942 2019 Qua:
2965 1956 3009 2006 si
3040 1953 3284 2009 doctrina
3313 1965 3426 2021 est,
3461 1958 3686 2014 scientia

2083 2055 2295 2100 constet
2321 2061 2543 2102 necesse
2566 2055 2679 2112 est;
2709 2046 2754 2100 si
2786 2062 2891 2100 non
2916 2055 2999 2101 est
3020 2089 3035 2114 ,
3061 2047 3182 2118 quis
3214 2058 3320 2103 tam
3352 2052 3546 2108 stultus
3572 2064 3682 2119 est,

2083 2145 2140 2192 ut
2170 2137 2490 2192 discendum
2523 2137 2572 2192 id
2606 2146 2786 2208 putet,
2835 2137 2886 2192 in
2915 2154 3023 2210 quo
3050 2150 3140 2194 aut
3170 2141 3304 2196 nihil
3335 2141 3566 2200 discitur
3589 2157 3685 2202 aut

2083 2230 2250 2284 etiam
2275 2229 2606 2286 dediscitur?
2627 2230 2806 2298 Qna‘re
2823 2231 2867 2284 si
2891 2247 3066 2302 neque
3089 2232 3266 2288 omnia
3289 2236 3412 2290 sciri
3439 2248 3684 2307 possunt,

2081 2323 2224 2394 quod
2258 2325 2464 2398 physici
2499 2333 2856 2396 putaverunt,
2906 2341 3078 2395 neque
3110 2327 3274 2395 nihil,
3307 2329 3450 2401 quod
3481 2331 3687 2388 Acade-

2081 2417 2234 2483 mici,
2264 2417 2608 2488 philosophia
2640 2418 2816 2472 omnis
2846 2417 3086 2474 extincta
3117 2428 3220 2475 est.

2656 2507 2886 2568 CAPUT
2929 2511 3038 2568 Vll.

2319 2623 2398 2678 De
2428 2625 2759 2696 philosOphia
2805 2625 2970 2680 ethica
2995 2635 3042 2680 et
3063 2643 3260 2684 summo
3285 2629 3436 2686 bona.

2153 2717 2517 2774 Transeamus
2547 2732 2690 2771 nunc
2721 2716 2787 2771 ad
2811 2717 3036 2774 alteram
3068 2719 3426 2791 philosOphiae
3450 2733 3680 2794 partem,

2079 2825 2238 2882 quam
2262 2809 2363 2880 ipsi
2383 2809 2645 2864 moralem
2678 2821 2892 2876 vocant,
2917 2809 2970 2864 in
3000 2826 3103 2881 qua
3141 2815 3302 2870 totius
3332 2815 3685 2887 philosolthiae

2079 2903 2216 2959 ratio
2234 2903 2578 2966 continetur;
2603 2903 2647 2956 si
2672 2901 2888 2972 quidem
2917 2903 2970 2957 in
2997 2904 3086 2960 illa
3110 2904 3328 2976 physica
3357 2910 3472 2962 Sola
3497 2910 3684 2967 oblec-

2079 2997 2211 3052 tatio
2233 3005 2337 3064 est,
2371 2996 2425 3052 in
2473 2997 2572 3051 hac
2604 2996 2766 3050 etiam
2799 2996 3021 3050 utilitas.
3077 2997 3143 3052 Et
3187 3002 3440 3068 quoniam
3485 3003 3537 3058 in
3566 3002 3683 3059 dis-

2077 3092 2328 3162 ponendo
2360 3090 2482 3145 vim
2507 3099 2674 3155 statu,
2703 3089 3113 3161 formandisqne
3143 3091 3407 3160 moribus,
3441 3097 3682 3164 periculo

2080 3183 2272 3254 majori
2320 3191 2599 3253 peccatur,
2646 3181 2909 3254 majorem
2965 3182 3296 3254 diligentiam
3331 3200 3557 3244 necesse
3599 3198 3685 3244 est

2081 3276 2347 3340 adhiberi,
2398 3288 2455 3331 ut
2494 3275 2734 3331 sciamus
2762 3275 3035 3345 quomodo
3067 3291 3166 3332 nos
3193 3289 3444 3347 Oporteat
3470 3281 3678 3340 vivere.

2076 3367 2192 3425 Illic
2232 3369 2377 3424 enim
2423 3375 2606 3439 potest
2655 3367 2809 3422 venia
2847 3367 3104 3434 concedi;
3149 3369 3272 3440 quia
3325 3371 3440 3428 sive
3479 3373 3682 3445 aliquid

1695 3506 2056 3568 VARIORUM
2095 3505 2327 3564 NOTE.

440 3643 676 3700 Socrate.
709 3643 788 3700 De
823 3660 927 3711 qna
953 3644 1192 3703 Socratis
1218 3647 1463 3703 doctrina
1493 3648 1713 3715 copiose
1744 3660 1799 3704 et
1838 3648 1956 3703 ele-

359 3727 558 3788 ganter
583 3715 801 3772 disserit
822 3715 1122 3788 Xenophon
1145 3763 1160 3786 ,
1191 3720 1260 3776 de
1290 3721 1457 3775 Dictis
1477 3733 1526 3776 et
1553 3720 1732 3776 Factis
1764 3719 1960 3777 Socra-

361 3790 436 3843 tis
468 3802 574 3842 non
605 3788 764 3857 longe
789 3789 856 3844 ab
887 3789 1061 3845 initio,

439 3858 680 3932 Susa-pit
709 3859 841 3932 hanc
860 3863 1182 3924 sententiam.
1206 3872 1313 3919 etc.
1346 3865 1420 3921 De
1449 3881 1548 3932 qua
1579 3865 1690 3921 Cic.
1715 3863 1783 3919 de
1805 3865 1956 3920 Orat.

361 3930 405 3986 l.
435 3945 498 4008 ιιι
527 3947 541 3983 :
578 3931 830 4008 arcesilas
854 3933 1088 4008 primum
1122 3935 1208 4004 qui
1260 3930 1586 3992 Polemonem
1613 3936 1867 3995 audierat.
1897 3953 1962 3991 ea:

363 4001 529 4076 variis
574 4000 814 4076 Plutonis;
846 4000 1022 4076 libris,
1067 4000 1477 4074 sermonibusque
1524 4008 1825 4076 Socraticis,
1867 4010 1962 4063 hac

362 4072 594 4148 maxime
621 4074 859 4148 arripuit,
889 4075 1020 4148 nihil
1039 4093 1146 4148 esse
1164 4080 1310 4146 certi,
1330 4072 1467 4148 quod
1493 4091 1580 4132 aut
1601 4072 1849 4144 sensibus,
1874 4089 1966 4133 aut

361 4145 542 4224 animo
595 4145 1017 4224 percini‘possit.
1056 4145 1302 4224 Arnob.,
1328 4145 1418 4205 lib.
1458 4167 1493 4205 ιι
1525 4168 1540 4224 ξ
1575 4151 1676 4219 Qui
1725 4152 1854 4224 nihil
1909 4152 1971 4204 ab

364 4216 579 4288 homine
593 4217 972 4288 comprehendi.
987 4228 1134 4288 atque
1144 4222 1314 4274 omnia
1330 4224 1477 4275 cacis
1490 4216 1878 4277 obscuritatibus
1895 4224 1974 4276 in-

361 4285 571 4350 voluta,
597 4303 698 4339 non
722 4286 984 4354 Arcesilae,
1009 4285 1288 4346 cernenda:
1307 4294 1498 4348 credit?
1525 4292 1805 4349 Lucretius
1831 4294 1973 4351 hanc

360 4357 696 4414 sententiam
726 4359 925 4414 refellit
955 4361 1047 4416 hb.
1081 4377 1138 4417 tv
1172 4379 1186 4415 :

492 4471 730 4546 Denique
745 4474 814 4523 nil
838 4475 954 4546 sciri
973 4478 1010 4526 si
1038 4479 1149 4542 quis
1168 4480 1394 4546 putat.gid
1418 4493 1618 4546 quoque
1641 4484 1806 4532 nescit

497 4537 578 4586 An
594 4537 709 4587 sciri
731 4539 904 4602 possit,
925 4537 1076 4603 (ιιιυαί
1105 4537 1253 4593 se'nil
1271 4544 1401 4594 scire
1421 4537 1626 4603 fatetur,
1651 4554 1750 4596 etc.

1537 4630 1825 4690 Gstcaus.

438 4712 911 4800 Existimationem.
943 4718 1034 4779 Sic
1057 4723 1265 4781 restitui
1296 4741 1364 4783 ex
1392 4729 1794 4800 manuscriptis.
1823 4728 1969 4787 Editi

351 4786 573 4845 habent
593 4788 1001 4846 testimationem.

438 4856 703 4914 Mortalis.
737 4861 835 4916 Ed.
867 4864 1084 4922 Sublac.
1119 4867 1282 4927 habet
1312 4870 1643 4926 immortalis.

423 4927 672 5013 .Repente
697 4933 862 5013 extitit
891 4935 1184 4993 Academia.
1226 4940 1470 5013 Intellige
1490 4983 1506 5007 ,
1557 4959 1714 4999 nova.
1747 4944 1823 5001 De
1873 4946 1968 5001 tri-

351 5000 496 5082 plici
529 5001 847 5082 Academia,
899 5017 1108 5082 vetere.
1175 5000 1603 5077 media,”n6va,
1654 5000 1966 5074 doctissime

353 5073 725 5158 disserentem
769 5076 886 5158 lege
914 5078 1110 5151 Georg.
1143 5081 1312 5138 Horn.
1350 5073 1440 5140 lib.
1475 5101 1570 5153 ιιι,
1593 5073 1720 5158 cap.
1747 5087 1820 5143 20
1847 5073 1966 5144 llis-

355 5152 484 5214 tor.
515 5141 820 5214 phtlusltplt.

438 5212 775 5298 'ém‘sq't’aT-oitr
796 5217 924 5298 Nam
944 5224 1081 5293 apud
1099 5224 1414 5282 dialecticos
1432 5229 1625 5285 Grzrci.
1647 5232 1961 5298 ἀσύστατον,

584 5286 851 5372 insolubile
875 5285 1099 5372 vocant.
1136 5298 1469 5372 fallaciarum
1501 5285 1706 5372 genus,
1749 5285 1963 5368 utfn'il

355 5355 614 5440 htl'scio.
642 5356 934 5440 [gitttrhoc
955 5367 1092 5440 seis,
1121 5370 1264 5439 quod
1290 5371 1420 5425 nihil
1448 5355 1573 5427 scis.

443 5423 828 5515 thenim'nihil
851 5423 1465 5515 sciendunisltaloinnesi
1484 5423 1629 5500 iiiis.
1660 5456 1855 5515 prmter
1877 5463 1962 5502 re-

354 5503 711 5584 centissimos
738 5517 756 5557 ι
785 5503 916 5576 Reg.
950 5520 1001 5562 et
1041 5526 1057 5564 ι
1085 5509 1320 5584 Clarum.
1355 5516 1444 5584 qui
1478 5526 1596 5583 post
1647 5503 1778 5571 nihil
1820 5519 1959 5574 inse-

355 5578 508 5659 ιζιιιιι
522 5578 642 5659 sciri
681 5590 846 5659 posse.
878 5588 934 5659 ut
968 5591 1020 5634 et
1047 5580 1182 5659 editi
1203 5578 1452 5653 quatuor.
1479 5578 1559 5659 pe
1589 5586 1691 5643 hoc
1721 5589 1962 5645 Socratis

354 5642 1024 5730 dictonvide'laertia"!-
1045 5653 1100 5730 _i_u
1150 5642 1372 5730 Socrate
1397 5668 1453 5712 et
1477 5642 1756 5715 Platonem
1791 5642 1842 5714 in
1870 5642 1963 5715 Al:-

354 5715 483 5798 εἰμί
510 5727 569 5767 ll.
598 5743 670 5798 τ-
700 5715 768 5773 Ut
788 5719 926 5798 enim
948 5723 1077 5777 nihil
1093 5727 1230 5798 1iscire
1245 5745 1394 5797 posse
1415 5731 1677 5785 sciendum
1702 5731 1786 5786 sit.
1808 5730 1957 5798 Jnn.,

354 5782 514 5857 Lips.
567 5786 724 5854 alter,
781 5789 1038 5860 Gothan.,
1085 5782 1955 5874 sunt,"aosi:,"'vaitait;

624 5883 902 5950 Panos.
951 5887 1056 5950 VI.

2065 3655 2291 3722 utraque
2319 3643 2411 3722 7n8,
2436 3643 2526 3722 933.
2560 3644 2655 3722 97_,_
2677 3643 2848 3722 Rion,
2873 3642 3064 3722 Part,
3095 3643 3290 3722 Paris”
3323 3644 3494 3717 Crat.,
3529 3651 3675 3722 Ald.,

2067 3714 2291 3789 Gym—in,
2327 3715 2394 3771 Ut
2423 3717 2556 3789 enim
2579 3714 2713 3789 nihil
2732 3715 2995 3769 sciendum
3019 3717 3120 3789 sit.
3140 3715 3268 3789 BUN.

2145 3788 2293 3844 Nihil
2337 3789 2463 3860 agit.
2494 3787 2634 3842 Nihil
2667 3803 2824 3852 agere
2875 3785 3285 3860 proverbialiter
3327 3789 3580 3850 dicuntur
3618 3797 3677 3860 ii,

2068 3861 2160 3932 qui
2189 3857 2410 3914 suum.“
2436 3861 2649 3932 inanem
2669 3873 2913 3927 operam;
2939 3857 3354 3932 ti_t_id_e_vcrbum,
3380 3865 3550 3921 satius
3595 3857 3680 3924 est

2068 3927 2224 3987 titiari
2271 3947 2430 4002 quam
2475 3930 2606 4004 nihil
2636 3944 2817 3999 agere.
2853 3957 2922 3968 -—
2952 3927 3105 4004 {Vi/ti!
3130 3929 3256 4004 agit.
3308 3932 3538 4004 Elegans
3568 3942 3678 3994 lor-

2071 4003 2247 4068 mnla;
2282 3999 2332 4057 id
2363 4012 2466 4062 est.
2493 4002 2624 4056 nihil
2655 4011 2932 4071 promovet.
2963 3999 3112 4055 Lact.
3137 3999 3176 4055 l.
3209 4017 3259 4064 ν,
3280 3999 3494 4070 (ταμίη
3528 4027 3540 4063 :
3572 4009 3680 4065 Sed

2071 4076 2200 4128 nihil
2225 4079 2441 4146 fortasse
2455 4076 2595 4143 apud
2625 4075 2763 4144 ipsos
2789 4089 3022 4146 agamus.
3059 4071 3132 4125 De
3159 4071 3242 4146 Ira
3279 4090 3400 4145 Cap.
3432 4079 3501 4131 2?.
3547 4100 3560 4132 :
3593 4079 3680 4136 Ne

2077 4143 2390 4213 nihil'apud
2419 4145 2542 4199 istos
2583 4161 2814 4214 agamus.
2872 4143 2986 4197 Cic.
3021 4158 3118 4212 pro
3172 4143 3358 4198 Roscf
3397 4150 3673 4216 Amerino,

2075 4232 2195 4284 cap.
2227 4219 2298 4273 45
2331 4235 2342 4268 :
2375 4217 2504 4284 Quae
2527 4216 2697 4268 omnia
2722 4216 2767 4268 si
2797 4254 2808 4266 .
2844 4254 2856 4267 .
2888 4252 2903 4268 .
2935 4217 2986 4268 in
3015 4222 3284 4284 patronum
3311 4218 3524 4273 voluerit
3553 4238 3679 4275 con-

2076 4290 2230 4358 ferre,
2261 4289 2390 4342 nihil
2421 4288 2611 4358 egerit.
2646 4286 2772 4340 BUN.

2152 4357 2342 4414 Furem
2371 4353 2519 4412 suu'm
2551 4359 2741 4424 prodit.
2775 4355 2920 4410 Hanc
2952 4353 3163 4411 restitui
3195 4357 3522 4429 lectionem,
3553 4378 3674 4429 qna:

1998 4463 2049 4522 1)
2077 4429 2773 4522 sm'.°:'::r9'::.ﬂzref=res;
2791 4437 2994 4522 “Eii”.
3013 4425 3672 4522 ‘L‘i‘:..‘3ff.‘.‘1_l‘_‘i‘i'-.Wo:

2079 4502 2272 4556 Caneri
2304 4500 2433 4556 editi
2461 4516 2583 4553 cmn
2608 4499 2630 4553 1
2663 4498 2794 4568 Reg.
2826 4513 2940 4552 rec.
2968 4513 2997 4551 a
3027 4498 3262 4551 secunda
3288 4514 3446 4556 manu
3473 4503 3674 4561 habent

2080 4573 2293 4644 fortuna.
2328 4572 2352 4626 1
2391 4572 2522 4641 Reg.
2555 4571 2908 4644 veterrimus,
2941 4571 3184 4644 (tironem.
3236 4569 3298 4644 Et
3327 4571 3402 4644 illi
3436 4575 3675 4644 ιιΙιίΙυδο-

2079 4638 2446 4714 phidicnntur
2473 4638 2653 4708 furiosi
2678 4638 2981 4714 litigatores,
3009 4638 3144 4714 infra
3176 4642 3369 4714 capitis
3397 4638 3632 4704 8'iuitio.

2151 4713 2462 4786 Exceptione
2497 4716 2653 4786 facta.
2684 4709 2941 4782 Exceptio
2971 4709 3112 4781 apud
3165 4709 3569 4775 Jureconsultos
3591 4729 3676 4776 est

2075 4785 2304 4843 actionis
2325 4785 2584 4842 exclusio.

2149 4882 2261 4937 Nec
2284 4883 2404 4938 sciri
2431 4897 2596 4950 posse.
2630 4879 2708 4936 Ita
2741 4880 2902 4954 lectio
2928 4897 3052 4954 quzc
3083 4889 3166 4954 est
3194 4881 3228 4936 3
3248 4881 3385 4954 Reg.
3415 4896 3583 4944 veter.
3619 4901 3674 4946 et

2077 4957 2098 5011 Ι
2132 4955 2366 5027 Claront.
2388 4955 2568 5027 verior
2589 4963 2643 5027 e_t_
2653 4952 2866 5027 melior
2895 4953 3052 5008 nobis
3076 4952 3186 5006 visa
3217 4965 3322 5019 est,
3340 4952 3514 5027 'qnam
3539 4961 3674 5016 alio-

2071 5042 2192 5083 rum
2216 5025 2398 5080 nesciri
2419 5040 2584 5095 posse.
2607 5023 2737 5078 Vide
2763 5039 2877 5094 seq.

2145 5118 2267 5173 Non
2297 5126 2507 5186 possunt
2529 5158 2542 5182 ,
2576 5116 2774 5187 legitur
2803 5133 2905 5170 non
2931 5116 3163 5186 possint,
3195 5117 3336 5186 apttd
3368 5119 3666 5179 Buneman.

2069 5191 2159 5262 qui
2199 5190 2355 5262 hujus
2384 5189 2534 5262 vocis
2572 5193 2650 5243 sic
2686 5189 2954 5262 rationein
2993 5188 3399 5262 retldit.—Edo
3445 5193 3494 5246 in
3541 5209 3674 5251 con-

2063 5258 2304 5332 jittictivo
2325 5275 2390 5315 ex
2413 5258 2577 5332 Goth.
2607 5269 2661 5332 et
2685 5258 2832 5332 Lips:
2858 5259 3121 5332 secundo,
3147 5276 3248 5312 non
3275 5261 3506 5328 possint;
3537 5282 3668 5332 pne.

2067 5327 2231 5388 cessit
2265 5332 2407 5386 enim
2439 5330 2557 5400 quia
2583 5329 2782 5383 doceat.
2815 5327 2959 5383 Idem
3007 5327 3304 5383 llentnann.
3346 5333 3488 5386 vnlit.
3536 5327 3667 5395 Bon.

2138 5403 2214 5458 Ab
2239 5402 2617 5472 aliis,Siclt~go
2638 5419 2758 5454 cum
2782 5401 3032 5452 omnibus
3050 5415 3331 5469 penetnss.
3358 5413 3412 5458 et
3441 5407 3674 5464 etl.To.--

2067 5491 2184 5532 nes.
2203 5491 2264 5530 ac
2283 5471 2630 5530 Soubronfln
2661 5473 2695 5528 5
2716 5487 2822 5526 rec.
2844 5471 3058 5539 scriptis
3079 5483 3131 5526 et
3149 5473 3307 5527 editis
3334 5485 3446 5539 ρει,
3471 5483 3534 5532 ab
3570 5483 3668 5538 his.

2140 5570 2305 5636 Quam
2337 5585 2624 5640 possumus.
2660 5566 2733 5621 Ita
2764 5564 3100 5640 omttesAl'ere
3135 5583 3264 5623 mss.
3296 5577 3354 5624 el.
3381 5570 3470 5626 ed.
3500 5573 3670 5632 Paris.

2068 5643 2229 5700 1525.
2259 5637 2484 5696 Caetera:
2499 5641 2773 5696 editiones
2799 5653 2921 5692 cum
2945 5637 2976 5692 6
2995 5638 3214 5708 scriptis
3235 5656 3370 5706 rec.,
3396 5647 3670 5712 possimus.

2066 5763 2074 5774 ι
2139 5735 2241 5792 Aut
2271 5737 2424 5791 etiam
2449 5734 2743 5790 dediscitur.
2778 5730 2949 5788 Etiam
2977 5731 3028 5788 in
3058 5747 3188 5789 mss.
3219 5742 3342 5800 est;
3376 5745 3463 5789 aut
3511 5743 3667 5791 omni-

2068 5825 2132 5865 no
2159 5807 2437 5864 dediscitur
2469 5808 2519 5864 in
2548 5806 2729 5863 editis.

3059 5896 3134 5956 1‘2
