4154 6196
492 242 601 301 567

1540 232 1731 292 FIRM.
1770 226 2146 292 LACTANTII
2186 227 2396 288 DIVIN.
2437 227 2685 289 INSTIT.

3700 229 3815 291 368

495 373 769 415 summum
793 357 996 414 bonum
1020 360 1216 425 putare
1239 394 1255 419 ,
1287 367 1394 408 non
1422 351 1584 424 plane
1611 351 2092 422 peripateticorum
2118 350 2168 409 A
2198 347 2379 417 praeda
2423 356 2477 403 et
2517 344 2729 417 pabulis
2778 357 2918 416 opus
2968 351 3071 399 est.
3096 343 3175 400 Ita
3208 340 3514 400 inducendo
3556 344 3760 402 bonum
3787 386 3807 415 ,

504 467 571 506 ac
608 451 934 512 stoicorum,
978 447 1077 500 sed
1124 444 1440 500 clinieorum
1495 442 1939 514 philosophorum
1978 451 2088 498 est.

493 543 627 611 Quis
650 542 793 598 enim
827 554 933 594 non
965 537 1235 608 intelligat
1259 537 1328 591 ab
1357 538 1576 609 :rgrotis
1616 545 1670 593 et
1699 537 1752 592 iu
1778 536 1961 606 aliquo
1990 535 2092 591 do-

495 634 613 690 lore
642 632 832 703 positis
862 646 984 687 esse
1028 631 1131 686 hoc
1161 630 1536 700 disputatum?
1566 629 1706 698 Quid
1741 638 1849 684 tam
1889 628 2093 685 ridicu-

501 725 638 790 lum,
670 739 832 794 quam
859 723 909 777 id
942 722 1143 779 habere
1173 738 1269 792 pro
1299 736 1513 778 summo
1543 721 1711 787 bono,
1745 721 1891 793 quod
1924 720 2097 777 medi-

492 830 592 872 cus
647 815 819 885 possit
867 813 1038 869 dare?
1084 813 1382 870 Dolendum
1426 822 1509 869 est
1560 828 1710 884 ergo,
1757 822 1813 868 ut
1858 814 2098 870 fruamur

495 909 664 973 bono,
689 917 745 963 et
768 906 987 976 quidem
1006 907 1243 978 graviter
1264 921 1328 962 ac
1356 920 1523 977 saepe,
1555 916 1615 961 ut
1645 906 1714 961 sit
1743 915 1956 976 postea,
1986 922 2097 961 non

494 1002 716 1068 dolere,
745 1002 1057 1072 jucundius.
1104 1000 1440 1057 Miserrimus
1481 1010 1565 1056 est
1609 1000 1808 1071 igitur,
1836 1002 1927 1070 qui
1960 1015 2099 1055 nuu-

508 1111 669 1168 quam
684 1093 889 1160 doluit;
915 1094 1038 1165 quia
1055 1094 1198 1150 bono
1220 1102 1372 1147 caret
1393 1109 1406 1146 :
1425 1108 1585 1164 quem
1605 1108 1705 1148 nos
1724 1091 2097 1148 felicissimum

491 1189 819 1263 putabamus
844 1228 860 1252 ,
892 1186 1016 1256 quia
1062 1185 1206 1240 malo
1236 1184 1430 1240 caruit.
1479 1184 1563 1239 Ab
1592 1184 1694 1241 hac
1720 1185 1956 1240 vanitate
1990 1201 2098 1241 non

494 1282 658 1354 longe
683 1280 875 1349 abfuit,
909 1280 1024 1350 qui,
1044 1280 1266 1334 omnino
1290 1279 1422 1334 nihil
1455 1279 1663 1346 dolere,
1694 1294 1963 1336 sumntum
1997 1280 2097 1337 bo-

496 1391 627 1431 num
667 1374 820 1429 dixit.
861 1372 994 1428 Nam
1028 1381 1226 1442 praeter
1262 1371 1407 1442 quod
1448 1387 1610 1428 omne
1650 1372 1850 1428 animal
1893 1373 2100 1429 doloris

496 1477 582 1525 est
615 1467 845 1538 fugiens,
876 1467 998 1537 quis
1040 1474 1218 1535 potest
1266 1466 1367 1520 sibi
1415 1465 1519 1520 hoc
1562 1464 1761 1520 bonum
1812 1475 2097 1537 prtestare,

497 1561 641 1634 quod
673 1561 827 1617 nobis
856 1567 913 1613 ut
957 1560 1212 1623 eveniat,
1250 1557 1384 1612 nihil
1427 1557 1572 1612 aliud
1603 1573 1899 1629 possumus
1935 1573 2099 1629 quam

497 1654 724 1726 Optare?
751 1653 1035 1710 Summum
1067 1662 1247 1706 autem
1282 1650 1485 1705 bonum
1518 1664 1624 1705 non
1659 1658 1838 1721 potest
1873 1653 2099 1706 ellicere

2196 441 2339 512 quod
2388 456 2495 496 non
2541 440 2613 494 sit
2641 438 2694 494 in
2726 438 2961 493 hominis
2990 446 3279 508 potestate,
3314 445 3485 491 totum
3528 436 3809 494 hominem

2195 536 2385 592 alienae
2399 533 2982 605 ditionisubjugarunt.
3003 530 3300 587 Audiamus
3316 530 3480 586 etiam
3504 530 3807 596 Zenonem;

2198 646 2323 685 nam
2355 630 2401 685 is
2424 629 2696 684 interdum
2721 628 2972 683 virtutem
2994 624 3248 681 somniat.
3277 623 3582 687 Summum,
3613 625 3811 697 inquit,

2199 732 2284 778 est
2319 721 2545 784 bonum,
2572 735 2695 776 cum
2728 727 2919 774 natura
2956 725 3324 773 consentanee
3347 716 3551 773 vivere.
3585 716 3814 773 Bellua-

2197 830 2319 872 rum
2370 814 2535 884 igitur
2581 813 2739 868 nobis
2787 826 2938 867 more
2988 809 3278 865 vivendum
3336 819 3439 866 est.
3498 810 3634 866 Nam
3690 825 3817 882 qua:

2199 907 2393 963 abesse
2412 904 2616 961 debent
2635 905 2704 961 ab
2727 902 2945 959 homine
2969 944 2985 970 ,
3014 901 3068 958 in
3097 903 3164 958 iis
3183 902 3363 958 omnia
3390 902 3813 974 deprehendun-

2204 1010 2292 1056 tur
2321 1017 2335 1053 :
2374 998 2680 1070 voluptates
2705 1007 2989 1069 appetunt,
3020 1006 3287 1059 metuunt,
3315 996 3528 1064 fallunt,
3557 996 3817 1052 insidian-

2201 1100 2311 1158 tur,
2337 1091 2629 1155 occidunt;
2658 1100 2735 1157 et,
2753 1090 2896 1161 quod
2915 1090 2982 1145 ad
3013 1105 3128 1145 rem
3154 1089 3395 1146 maxime
3414 1089 3817 1158 attinet,Deum

2201 1183 2466 1239 nesciunt.
2515 1180 2651 1249 Quid
2679 1196 2809 1251 ergo
2839 1197 2926 1237 me
2972 1181 3171 1249 ducet,
3216 1192 3276 1237 ut
3302 1182 3478 1237 vivam
3507 1184 3808 1239 secundum

2201 1286 2448 1333 naturam
2478 1318 2495 1343 ,
2525 1291 2650 1348 quae
2677 1276 2794 1347 ipsa
2824 1275 2879 1330 in
2901 1274 3143 1332 deterius
3170 1290 3339 1346 prona
3361 1286 3446 1331 est
3468 1316 3484 1343 ,
3513 1282 3570 1332 et
3594 1276 3818 1346 quibus-

2200 1371 2323 1426 dam
2381 1370 2763 1426 blandimentis
2815 1369 3118 1427 lenioribus
3167 1370 3223 1426 in
3268 1371 3396 1427 vitia
3444 1372 3750 1443 prmcipitat
3794 1371 3821 1428 Ἰ

2202 1461 2302 1518 \‘el
2344 1462 2388 1518 si
2416 1463 2577 1518 aliam
2607 1471 2878 1518 mutorum
2901 1504 2917 1530 ,
2947 1462 3107 1517 aliain
3147 1463 3385 1519 hominis
3410 1464 3543 1520 dicit
3570 1479 3691 1520 esse
3727 1480 3821 1520 na-

2204 1564 2381 1612 turam
2405 1597 2423 1625 ,
2450 1555 2596 1628 quod
2640 1555 2804 1611 homo
2830 1554 2897 1611 ad
2923 1555 3177 1613 virtutem
3204 1557 3275 1613 sit
3302 1557 3541 1627 genitus,
3576 1555 3822 1613 nonnihil

2203 1650 2334 1706 dicit
2360 1668 2375 1706 :
2398 1650 2494 1706 sed
2537 1659 2719 1706 tamen
2741 1665 2847 1705 non
2876 1651 2980 1706 erit
3005 1650 3246 1706 deﬁnitio
3274 1652 3471 1706 summi
3496 1650 3660 1717 boni;
3691 1651 3820 1722 quia

497 1761 824 1818 quemquam
875 1744 1089 1798 beatum
1112 1784 1127 1808 ,
1158 1744 1261 1798 nisi
1288 1758 1505 1813 semper
1534 1742 1696 1799 fuerit
1724 1744 1775 1798 iu
1802 1744 1967 1815 ipsius
1988 1760 2091 1816 po-
2122 1738 2173 1801 B
2200 1745 2404 1802 nullum
2461 1753 2545 1801 est
2591 1743 2831 1814 animal,
2885 1742 3032 1815 quod
3079 1758 3188 1801 non
3224 1742 3523 1801 secundum
3569 1751 3821 1800 naturam

497 1847 694 1893 testate
720 1853 732 1890 :
759 1836 863 1891 hoc
889 1846 1067 1890 autem
1096 1850 1202 1890 non
1232 1836 1403 1889 virtus
1428 1835 1658 1899 homini,
1692 1851 1798 1890 non
1827 1835 2094 1902 doctrina,

495 1948 607 1990 non
637 1932 809 1997 labor,
842 1930 938 1987 sed
963 1942 1154 1985 natura
1185 1930 1299 2000 ipsa
1329 1935 1543 1986 cunctis
1564 1929 1928 1986 animantibus
1957 1946 2097 2003 prae-

492 2035 622 2084 stat.
646 2026 745 2095 Qui
777 2025 1106 2095 voluptatem
1137 2040 1261 2080 cum
1294 2024 1578 2080 honestate
1595 2023 1918 2095 junxerunt,
1942 2039 2096 2080 com-

493 2118 808 2174 munionetn
828 2118 969 2173 hanc
984 2116 1221 2189 eﬂ'ugere
1239 2117 1550 2186 voluerunt,
1574 2118 1670 2173 sed
1692 2117 1990 2174 ell'ecerunt
2010 2133 2098 2174 re-

498 2230 747 2287 pugnans
776 2213 1020 2279 bouum;
1046 2210 1301 2283 quoniam
1333 2212 1426 2283 qui
1452 2212 1713 2283 voluptati
1741 2211 1957 2269 deditus
1978 2220 2096 2280 est,

496 2307 786 2365 honestate
814 2316 997 2363 careat
1032 2321 1257 2363 necesse
1292 2316 1411 2375 est,
1438 2308 1529 2378 qui
1562 2306 1833 2363 honestati
1874 2308 2096 2377 studet,

494 2404 797 2473 voluptate.

572 2497 1049 2568 Peripateticorum
1078 2494 1281 2552 bonum
1318 2495 1542 2551 nimium
1574 2496 1886 2567 multiplex,
1918 2506 1971 2553 et
2000 2512 2097 2555 ex-

499 2589 673 2660 ceptis
716 2588 882 2644 animi
929 2589 1119 2658 bonis,
1147 2605 1266 2658 quae
1293 2589 1406 2659 ipsa
1429 2604 1550 2661 quae
1570 2590 1677 2644 sint
1699 2631 1712 2654 ,
1744 2605 1935 2661 magna
1965 2604 2092 2645 con-

503 2682 669 2738 tentio
697 2691 813 2746 est,
843 2697 1131 2737 commune
1174 2698 1293 2737 cum
1323 2683 1514 2738 belluis
1544 2693 1722 2753 potest
1751 2684 1939 2739 videri.
1964 2683 2097 2739 Nam

500 2774 744 2845 corporis
767 2773 904 2828 bona
925 2814 940 2839 ,
977 2773 1031 2828 id
1064 2782 1181 2840 est,
1213 2774 1586 2843 incolumitas,
1619 2775 1933 2845 indolentia,
1958 2777 2100 2833 vale.

500 2867 633 2923 tudo
654 2905 675 2936 ,
723 2883 830 2925 non
861 2867 1040 2922 minus
1075 2879 1202 2923 sunt
1242 2869 1403 2923 mutis
1424 2910 1441 2936 ,
1468 2886 1626 2940 quam
1670 2869 1873 2925 homini
1907 2886 2099 2928 neces-

500 2961 680 3028 saria;
731 2975 796 3016 ac
858 2959 1043 3016 nescio
1092 2975 1158 3014 au
1216 2960 1376 3015 etiam
1429 2962 1640 3032 magis,
1686 2963 1810 3033 quia
1855 2961 2017 3017 homo
2046 2972 2106 3020 et

501 3050 726 3108 medelis
748 3090 765 3118 ,
813 3059 869 3106 et
916 3050 1234 3106 miniStcriis
1264 3051 1534 3106 sublevari
1565 3061 1772 3122 potest,
1810 3062 1955 3108 muta
1988 3070 2099 3110 non

2201 1852 2354 1894 suam
2382 1836 2547 1893 vivat.

2271 1933 2373 2001 Qui
2416 1932 2702 1989 scientiam
2732 1948 3004 1989 summum
3051 1930 3257 1989 bonum
3294 1931 3457 1999 fecit,
3485 1931 3691 2003 aliquid
3716 1933 3822 1988 ho-

2201 2025 2334 2082 mini
2365 2027 2643 2097 proprium
2672 2027 2859 2083 dedit:
2891 2025 2988 2083 sed
3011 2026 3291 2083 scientiam
3314 2026 3536 2083 alterius
3554 2027 3630 2083 rei
3648 2028 3823 2099 gratia

2202 2118 2455 2177 homines
2476 2131 2756 2191 appetunt,
2778 2136 2884 2176 non
2908 2129 3133 2193 propter
3153 2120 3348 2190 ipsam.
3372 2119 3504 2189 Quis
3519 2121 3663 2176 enim
3676 2119 3824 2177 scire

2202 2221 2489 2267 contentus
2504 2222 2606 2277 est,
2636 2228 2742 2267 non
2764 2221 3026 2284 expetens
3037 2212 3275 2282 aliquem
3303 2212 3531 2269 fructum
3553 2212 3824 2270 scientim?

2201 2302 2364 2359 Artes
2384 2304 2505 2359 ideo
2520 2304 2885 2373 discuntur,ut
2898 2314 3601 2361 exerceantur:exercentur
3613 2313 3818 2373 autem,

2203 2398 2288 2453 vel
2314 2397 2381 2452 ad
2413 2398 2653 2453 subsidia
2683 2399 2841 2465 vitae,
2872 2397 2961 2453 vel
2989 2397 3058 2453 ad
3085 2397 3415 2467 voluptatem
3436 2440 3452 2465 ,
3489 2398 3577 2454 vel
3605 2397 3671 2453 ad
3698 2397 3821 2470 glo-

2202 2491 2362 2546 riam.
2388 2489 2505 2545 Non
2531 2502 2613 2547 est
2638 2490 2801 2563 igitur
2826 2506 3097 2547 summum
3125 2490 3327 2546 bonum
3346 2533 3362 2558 ,
3384 2490 3528 2561 quod
3559 2506 3664 2547 non
3690 2505 3818 2561 pro-

2203 2593 2325 2654 pter
2344 2597 2405 2639 se
2428 2585 2721 2653 expetitur.
2752 2584 2893 2652 Quid
2917 2599 3049 2657 ergo
3072 2585 3294 2640 interest
3328 2594 3505 2640 utrum
3535 2585 3818 2641 scientiam

2204 2694 2472 2734 summum
2499 2679 2698 2734 bonum
2726 2689 2977 2748 putemus
2998 2721 3013 2746 ,
3039 2695 3105 2733 an
3139 2680 3229 2734 illa
3254 2679 3370 2751 ipsa
3392 2722 3408 2747 ,
3437 2694 3560 2752 qua:
3585 2679 3817 2735 scientia

2202 2785 2268 2825 ex
2315 2786 2377 2826 se
2421 2773 2596 2841 parit,
2620 2770 2674 2826 id
2701 2780 2820 2840 est,
2858 2771 3059 2827 victum
3084 2813 3100 2834 .
3132 2772 3362 2842 gloriam
3383 2813 3400 2840 ,
3434 2772 3764 2843 voluptatem
3795 2772 3819 2826 ’ἒ

2203 2882 2325 2937 qua:
2342 2881 2448 2921 non
2469 2873 2594 2920 sunt
2622 2866 2825 2922 homini
2848 2867 3097 2938 propria,
3122 2876 3181 2922 et
3208 2866 3331 2923 ideo
3360 2882 3430 2924 ne
3459 2882 3668 2923 summa
3691 2867 3817 2938 qui-

2204 2959 2327 3016 dem
2370 2959 2530 3015 bona.
2559 2957 2692 3014 Nam
2720 2959 3012 3029 voluptatis
3035 2967 3093 3016 et
3120 2960 3293 3016 victus
3345 2959 3655 3031 appetentia
3706 2976 3816 3015 non

2207 3051 2407 3108 homini
2437 3053 2630 3116 solunt,
2663 3052 2758 3108 scd
2788 3053 2950 3108 etiam
2981 3053 3143 3108 mutis
3174 3053 3337 3109 inest.
3382 3052 3521 3122 Quid
3551 3050 3821 3124 cupiditas

498 3151 750 3214 possunt.
808 3142 939 3197 Item
965 3185 980 3209 ,
1033 3157 1154 3212 quae
1203 3143 1480 3213 appellant
1510 3143 1739 3201 fortuna:
1764 3146 1905 3203 bona
1930 3165 1945 3213 ;
1979 3164 2104 3204 nam
2130 3136 2176 3200 C
2207 3146 2437 3219 gloriae?
2462 3162 2645 3203 nonne
2673 3147 2726 3202 in
2754 3147 2909 3218 equis
2929 3146 3362 3220 deprehenditur
3383 3188 3400 3218 ,
3427 3162 3553 3204 cum
3584 3146 3820 3204 victores

501 3236 641 3292 sicut
689 3233 896 3291 homini
950 3233 1143 3306 Opibus
1196 3234 1264 3291 ad
1316 3236 1480 3292 vitam
1549 3238 1838 3311 tuendam,
1896 3241 1968 3298 ita
2000 3241 2106 3300 illis

2213 3240 2494 3307 exultant,
2520 3240 2650 3296 victi
2676 3238 2909 3297 dolent?

1873 3373 2236 3434 VARIORUM
2275 3369 2511 3431 NOTAE.

506 3514 765 3574 libidinis.
796 3514 887 3571 Sic
932 3525 1026 3569 eos
1053 3510 1332 3585 coniungit
1354 3512 1546 3568 Petrus
1574 3513 1619 3571 Il
1654 3514 1851 3585 Epist.,
1896 3530 2015 3585 cap.
2045 3533 2101 3585 ιι,

503 3591 609 3656 22,
650 3603 714 3644 ac
736 3586 989 3659 Virgilius
1026 3600 1215 3640 canent
1261 3583 1577 3642 obsctentnn
1624 3583 1915 3654 vocat;'et
1950 3583 2107 3659 juxta

505 3661 814 3727 Horatium,
846 3658 1014 3712 amica
1039 3661 1147 3710 tuto
1177 3673 1281 3711 sus.

584 3750 705 3806 Non
749 3750 901 3820 plane
928 3749 1396 3820 peripateticorum.
1450 3749 1618 3806 Janus
1665 3752 1994 3818 Guillielmi,
2050 3754 2106 3811 in

508 3834 700 3895 quzest.
725 3818 998 3895 athlant.
1039 3818 1321 3885 Μθιιευθιι.,
1352 3836 1471 3889 cap.
1505 3831 1574 3886 4,
1609 3834 1758 3895 putat
1789 3825 2068 3895 legendum
2088 3868 2103 3893 ,

508 3890 666 3965 plano
702 3890 1185 3965 peripateticorum;
1218 3900 1275 3965 ut
1303 3905 1449 3965 nova
1491 3890 1886 3965 conipOsitimi'e
1930 3890 2104 3965 verbi,

510 3961 928 4020 inconstantiam
957 3961 1287 4023 disserendi,
1319 3974 1373 4014 et
1408 3963 1569 4017 simul
1604 3961 1890 4021 érraticam
1922 3961 2112 4023 ambu—

511 4036 768 4107 lationem
789 4034 1254 4107 Aristotelicortun
1272 4031 1479 4088 Lactan
1505 4033 1523 4088 i
1540 4052 1587 4107 is
1602 4039 1884 4107 ettagitarit
1916 4058 1930 4093 :
1957 4055 2112 4096 erro.

510 4122 614 4162 nes
638 4105 782 4161 enim
828 4104 1015 4173 planos
1047 4102 1151 4158 dici
1183 4118 1370 4158 nutum
1403 4114 1504 4159 est.
1537 4102 1723 4162 lssusi

588 4200 695 4258 Sed
734 4199 1054 4254 ctinicorum.
1098 4198 1195 4251 Ms.
1244 4198 1591 4269 Clyuicoruut.
1636 4202 1780 4258 Nihil
1809 4206 1951 4259 enim
1990 4223 2113 4264 cer-

517 4273 646 4338 tius,
669 4287 831 4350 (ωειιῃ
857 4270 1136 4350 reliquisse
1166 4270 1424 4350 [.at‘lan-t.
1444 4271 1755 4350 Clinicoritm
1779 4278 2114 4350 philosopho-

514 4361 651 4418 rum.
667 4342 922 4418 _(_3Iiuicos
944 4341 1296 4418 philosophos
1326 4342 1725 4418 ridicule_dicit,
1744 4341 2113 4418 tegrozos'lcc.

517 4417 589 4471 tis
627 4413 818 4469 allixos
838 4453 854 4480 ,
885 4423 935 4467 ct
984 4412 1053 4466 de
1098 4413 1392 4489 valentium
1426 4415 1531 4469 vita
1561 4415 1719 4472 beata
1751 4412 2088 4489 disputantes

518 4502 580 4542 ca
613 4501 733 4556 qua:
756 4498 994 4556 praesens
1024 4484 1286 4556 aegritudo
1328 4486 1497 4539 dictat
1526 4504 1541 4540 :
1576 4484 1917 4548 alludens'ad
1952 4484 2111 4552 clini;

518 4554 926 4635 cos—medicos,
963 4569 1053 4623 qut
1083 4569 1151 4635 ex
1189 4554 1529 4635 Hippocratis
1568 4572 1713 4615 secta
1730 4562 1911 4635 lectos
1939 4583 2111 4635 aegro-

520 4638 700 4699 torum
748 4626 1021 4699 ambiunt,
1078 4634 1133 4679 et
1181 4630 1486 4699 curationes
1525 4633 1900 4699 praescribunt.
1946 4626 2110 4696 .li'tvus

520 4698 829 4755 GUILIELII.
851 4726 921 4737 -—
943 4695 1091 4780 Hanc
1118 4695 1554 4780 emendationem
1583 4712 1638 4780 et
1667 4720 1767 4780 nos
1793 4695 2105 4780 probamus,

519 4785 585 4823 ac
608 4780 804 4840 praeter
820 4782 979 4837 supra
1008 4767 1281 4840 laudatum
1301 4770 1566 4836 codicem,
1588 4774 1657 4828 ita
1683 4767 1866 4832 haberi
1895 4782 2031 4834 scito
2054 4767 2108 4838 ui

518 4843 558 4922 ξ
585 4838 1030 4922 Regiis'qnorqm
1064 4838 1325 4922 duonsttnt
1354 4845 1814 4922 vetustissimiLin
1849 4848 1884 4902 9
1924 4850 2105 4922 Colb.,

518 4909 710 4988 Cattcl,
759 4910 922 4988 ὶζιςι.2
961 4910 1137 4988 μβς..
1158 4910 1328 4988 _Pa_l.,_
1354 4912 1694 4988 Etn.,qutr..
1726 4917 1916 4988 Bl'uu.,
1948 4909 2107 4979 item;

522 4999 627 5054 quc
658 4984 708 5036 in
747 4981 877 5055 aliis
961 4981 1116 5055 iieg._.
1144 4984 1174 5055 1
1217 4983 1370 5037 Coll).
1397 4993 1451 5039 et
1495 4986 1546 5048 1,
1585 4988 1845 5055 Clarom.;
1873 4981 1923 5047 in
1960 4996 2042 5053 his
2074 4998 2109 5053 5

519 5052 807 5127 postremis
833 5052 1246 5127 \'idetur__f_uis~'e
1276 5071 1303 5105 a
1337 5057 1502 5123 prima
1546 5073 1739 5127 manu,
1770 5052 2104 5125 Clinicorum,

518 5126 644 5181 Mss.
667 5126 860 5180 Novar.
899 5136 951 5178 ct
981 5127 1003 5178 1
1048 5124 1286 5194 Clarum.
1318 5141 1346 5179 a
1380 5128 1617 5183 secunda
1655 5124 1813 5187 manu
1863 5124 2109 5194 Etlmicoé

515 5214 676 5262 rum;
700 5212 803 5252 ms.
830 5196 1041 5257 Marm.,
1068 5192 1725 5274 CIIiIiiCOTi‘Hltlliﬁlldﬂse.
1754 5222 1849 5274 pro
1879 5192 2105 5265 Clinia}.

518 5285 658 5331 rum,
689 5282 809 5337 quin
836 5276 919 5321 est
948 5268 1384 5339 geuuiualectio.
1411 5268 1618 5339 Quippe
1643 5268 1954 5332 Laclantius
1974 5283 2104 5337 sub-

513 5339 721 5425 jttugit:
750 5338 876 5425 Quis
905 5340 1038 5391 enim
1065 5354 1163 5425 tum
1181 5338 1454 5425 intelligat,
1482 5338 1774 5425 abitegrotis
1798 5360 1844 5425 et
1862 5351 1920 5425 in
1936 5352 2106 5425 aliqua

519 5411 697 5464 dolore
722 5409 923 5493 positis“
942 5425 1048 5493 esse
1070 5411 1181 5493 liae
1211 5412 1543 5493 dispungunt:
1588 5409 1677 5471 Sic
1704 5421 1843 5489 apud
1881 5409 2104 5493 Cypr'ta-

518 5479 926 5559 ntttn_epist._69
944 5521 958 5545 ,
983 5482 1049 5534 ad
1069 5480 1312 5559 Magnum
1333 5500 1353 5559 _:
1383 5482 1503 5559 on
1516 5479 1886 5559 inteirogeittur
1910 5479 2104 5550 dli-um-

514 5568 579 5634 ne
603 5551 776 5634 clinici
795 5552 904 5634 ,εἰη-ι
924 5592 939 5611 ,
970 5568 1035 5634 an
1081 5554 1424 5634 peripatetici;
1446 5557 1501 5609 id
1533 5551 1803 5634 estutrum
1829 5565 2102 5634 disputau-

517 5631 592 5706 τες
627 5620 891 5706 ambulent
926 5631 981 5674 ut
1011 5625 1329 5706 peripatetici
1351 5637 1480 5706 ,‘aut
1524 5631 1674 5706 stoici
1700 5634 1789 5706 qui
1815 5636 1868 5688 in
1904 5620 2104 5706 'porticu

511 5692 740 5778 soleoant
770 5692 1056 5778 disserere;
1086 5695 1494 5778 anndecun't‘bant
1519 5700 1573 5752 in
1619 5692 1759 5759 lectis
1804 5692 2102 5778 grauissimo

508 5765 685 5826 morbo
714 5765 1023 5837 laborantes,
1047 5773 1103 5821 ut
1127 5763 1320 5822 clinici.
1344 5766 1595 5830 (luamus
1615 5776 1759 5834 enim
1781 5763 1910 5838 voca
1921 5763 2097 5852 batur,

2211 3512 2303 3588 qui
2323 3512 2443 3588 sine
2464 3510 2575 3568 nlla
2625 3512 2817 3588 salutis
2842 3527 2939 3584 spe
2954 3512 3188 3572 delecto
3212 3528 3436 3588 surgere
3445 3528 3563 3588 non
3586 3523 3820 3588 poterat.

2213 3584 2666 3657 Qua-damtqmgt
2683 3585 2973 3648 editiones,
2990 3598 3153 3657 atque
3170 3584 3416 3657 intereas
3430 3584 3624 3641 Colon.
3651 3585 3819 3654 1544,

2213 3653 2960 3729 Belul._1565,_'7l‘orn.i567,
2996 3653 3183 3728 legunt
3219 3656 3531 3729 Cynicorum
3575 3658 3694 3714 loco
3724 3653 3824 3711 vo-

2211 3727 2355 3783 culte
2396 3726 2550 3781 istius
2578 3726 2914 3782 Clinicorum.
3055 3726 3069 3728 ⁷
3261 3726 3279 3729 ⁷
3608 3757 3615 3764 .

2288 3798 2488 3873 Praeter
2511 3798 2672 3873 quod.
2707 3799 3056 3873 Heumannus
3082 3798 3232 3872 legit,
3258 3812 3600 3873 preterquom
3645 3801 3780 3873 quod
3797 3841 3820 3866 ,

2209 3869 2367 3941 juxta
2399 3869 2691 3925 editionem
2728 3868 2888 3925 1497.

2288 3941 2435 4006 Quis.
2467 3941 2702 4012 Reposui
2734 3956 2804 3997 ex
2832 3957 2962 3998 mss.
2997 3950 3054 3999 et
3086 3942 3122 3998 4
3161 3953 3269 4001 vet.
3299 3944 3573 4012 editis;iu
3603 3945 3828 4002 ueteris

2219 4013 2451 4077 vulgatis
2478 4023 2581 4072 est.
2613 4014 2717 4081 qui.

2291 4081 2358 4136 Et
2397 4084 2638 4158 exceptis.
2670 4084 2757 4158 Ex,
2780 4085 2958 4141 multis
2979 4085 3370 4156 antiquioribus
3409 4096 3462 4143 et
3516 4088 3830 4158 potioribus

2219 4168 2350 4230 mss.
2398 4155 2579 4230 addidi
2606 4157 2852 4211 voculaut
2905 4168 2972 4225 et,
3006 4155 3127 4229 quat
3162 4155 3551 4215 recentioribus
3590 4172 3832 4230 quatuor

2218 4225 2448 4295 vulgatis
2472 4228 2642 4281 deest.

2293 4296 2608 4372 Indolﬁutt’a.
2638 4297 2759 4355 Vox
2782 4298 3059 4355 Ciceronis
3084 4315 3202 4355 aevo
3223 4315 3330 4372 non
3353 4309 3594 4371 recepta.
3618 4303 3684 4359 ab
3701 4302 3832 4372 ipso

2219 4377 2397 4445 tamen
2439 4367 2617 4445 Tullio
2662 4381 2933 4445 usttrpata,
2959 4373 3050 4427 lib.
3082 4388 3118 4428 tt
3152 4373 3221 4428 de
3257 4371 3404 4440 Fin.,
3436 4367 3557 4445 cap.
3583 4374 3639 4441 4,
3666 4367 3831 4430 ρι’ὐθ

2094 4468 2109 4494 ο
2138 4458 2192 4520 D
2217 4438 2420 4520 Officiis
2450 4441 2487 4495 l.
2521 4456 2610 4520 ut,
2634 4456 2688 4520 c_.
2717 4443 2770 4520 ὅ..

2294 4511 2513 4585 Sicut...
2536 4513 2628 4585 sic.
2649 4512 2879 4585 Reddidi
2901 4514 3096 4569 sicut...
3117 4515 3190 4571 sic
3210 4531 3272 4571 ex
3296 4514 3456 4581 Bon.,
3478 4513 3638 4585 Tax.,
3657 4516 3786 4573 Pen.
3805 4559 3825 4584 ,

2217 4580 2382 4655 Ultr.,
2415 4582 2564 4655 Lips.
2588 4583 2667 4655 ,2,
2702 4583 2754 4640 5.
2790 4586 2926 4650 Quia
2953 4585 3068 4642 haec
3099 4580 3476 4655 particularum
3503 4580 3829 4644 consecutio

2215 4653 2415 4718 rarior,
2443 4653 2538 4725 pro
2563 4654 2678 4718 Sic,
2703 4656 2883 4710 nouus
2903 4657 2977 4711 ita
3000 4653 3129 4712 editi
3151 4659 3559 4714 substituerent.
3590 4658 3830 4715 Lactan-

2217 4727 2324 4780 tius
2355 4725 2391 4779 l.
2426 4741 2496 4792 tt,
2522 4740 2641 4796 cap.
2669 4725 2705 4781 9
2735 4742 2749 4780 :
2784 4725 2931 4783 Sicut
2958 4727 3051 4783 tua:
3084 4728 3378 4784 Orientis...
3409 4730 3482 4784 sic
3525 4727 3829 4788 Occidentis

2216 4797 2455 4863 tenebrat;
2506 4796 2544 4851 Ι.
2593 4813 2651 4852 ιιι
2675 4837 2691 4864 ,
2732 4813 2851 4869 cap.
2878 4798 3128 4856 4:8icut
3167 4803 3370 4857 tollit...
3418 4802 3557 4856 sic...
3596 4803 3821 4857 tollitur.

3302 4872 3583 4928 BUNEIAN.

2282 4936 2558 5016 Zenonem.
2586 4939 2662 4996 De
2700 4956 2807 5016 quo
2831 4942 2952 5016 vide
2976 4943 3120 5015 apud
3158 4941 3271 4999 Cic.
3301 4943 3398 4999 lib.
3429 4960 3480 4998 tv
3508 4944 3578 5000 de
3607 4943 3825 5016 Finiln,

2212 5005 2393 5064 Lacrt.
2424 5011 2476 5065 in
2498 5011 2700 5066 Zenon.
2720 5005 2961 5069 'Cittin-o.

2287 5078 2353 5156 In
2404 5082 2475 5156 iis
2524 5085 2694 5156 omnia
2728 5085 3195 5156 deprehenduntur.
3239 5085 3314 5141 [ta
3343 5086 3553 5142 restitui
3582 5102 3650 5142 ex
3680 5100 3817 5142 mss.

2211 5154 2600 5219 antiqttissiuns
2619 5155 2654 5209 2
2679 5154 2808 5225 Reg.
2830 5198 2845 5221 ,
2878 5159 2900 5211 Ι
2952 5157 3110 5215 Βίιιι..
3141 5158 3178 5212 2
3198 5157 3268 5212 al.
3300 5157 3459 5230 ch.,
3479 5157 3649 5227 Lips,
3673 5157 3820 5226 PaL,

2212 5220 2324 5300 ed._
2349 5222 2575 5300 Turties.
2601 5242 2668 5300 ac
2693 5228 2959 5283 Soubron.
2995 5229 3052 5283 ln
3075 5229 3110 5284 9
3138 5244 3248 5284 rec.
3291 5231 3507 5300 scriptis
3548 5239 3607 5285 et
3634 5233 3686 5284 in
3712 5244 3820 5284 ex—

2210 5293 2358 5349 cusis
2382 5306 2486 5363 est,
2515 5298 2567 5351 in
2590 5297 2668 5353 Itis
2697 5299 2946 5354 omnibus.

2284 5363 2412 5447 Qua:
2463 5369 2577 5438 ipsa
2622 5370 2675 5423 in
2731 5371 2951 5447 ἅδιον-ἑν)
2990 5382 3289 5447 prona_est.
3317 5369 3540 5447 correxi
3566 5388 3712 5447 quae,
3743 5387 3817 5447 ex

2210 5443 2420 5511 cunctis
2474 5454 2603 5495 mss.
2660 5451 2856 5509 praeter
2908 5445 2942 5498 5
2979 5443 3130 5511 Jun.,
3161 5443 3329 5510 Tax.,
3362 5444 3491 5500 Pen.
3521 5456 3576 5502 et
3595 5445 3725 5500 edit.
3754 5445 3817 5500 in

2209 5506 2402 5589 quibus
2428 5519 2512 5589 est
2536 5552 2550 5571 ,
2577 5506 2719 5589 quia.

2296 5576 2407 5633 Vel.
2450 5576 2686 5651 Reposui
2718 5598 2784 5638 ex
2828 5585 3082 5643 omnibus
3108 5601 3239 5641 mss.
3270 5596 3325 5642 et
3346 5587 3625 5643 veteribus
3649 5585 3816 5643 editis

2210 5647 2631 5727 Boni.,Torncs.
2652 5669 2715 5709 ac
2736 5654 3007 5712 Soubron.
3033 5655 3227 5713 Caeteri
3246 5657 3440 5727 vulgati
3463 5660 3809 5721 liabettt,sed.

2285 5720 2392 5776 Sed
2442 5726 2899 5800 scientiam,__etc.
2949 5728 3219 5786 Removet
3276 5720 3458 5786 HErilli
3486 5720 3679 5800 dogma
3712 5745 3813 5800 per

2213 5805 2431 5853 causam
2483 5795 2721 5856 finalem.
2750 5796 2886 5858 Nam
2929 5800 2972 5858 si
3004 5801 3071 5858 ad
3101 5800 3338 5860 studium
3365 5795 3583 5874 aliquod
3611 5795 3814 5858 hon'cs-
