4154 6196
333 291 441 352 569

456 407 647 463 Tantus
665 423 802 464 amor
824 411 1041 476 laudum,
1064 418 1214 469 tanta
1231 423 1313 470 est
1333 420 1542 473 victoria
1564 434 1715 473 curae.

331 539 445 598 Nec
473 541 747 599 immerito
774 557 1020 602 summus
1057 555 1215 618 poeta
1263 550 1648 621 experiendum
1679 568 1802 612 esse
1825 557 1932 627 ait,

456 677 522 730 Et
543 679 657 743 quis
678 680 863 745 cuique
885 680 1023 733 dolor
1046 684 1193 746 victo,
1208 698 1319 750 qute
1336 686 1497 750 gloria
1521 688 1715 755 palmae.

328 804 484 874 Quod
508 805 555 861 si
574 820 637 861 ea
654 845 672 871 ,
694 821 815 878 qum
837 808 976 879 parit
1002 810 1226 867 scientia
1247 855 1263 879 ,
1292 817 1598 872 communia
1636 826 1765 874 sunt
1808 834 1933 877 cum

326 897 449 954 aliis
501 899 857 968 animalibus,
916 916 1023 957 non
1080 916 1164 960 est
1216 920 1346 978 ergo
1400 922 1673 965 summum
1734 912 1933 969 bonum

324 990 575 1047 scientia.
625 990 896 1048 Prmterea
947 1010 1055 1050 non
1105 998 1380 1056 mediocre
1419 1000 1580 1072 hujus
1606 1001 1933 1061 deﬁnitionis

323 1093 409 1138 est
424 1084 615 1139 vitium
643 1084 785 1155 quod
807 1088 1030 1143 scientia
1060 1088 1197 1145 nuda
1229 1092 1469 1161 ponitur.
1499 1092 1759 1165 Incipient
1784 1098 1930 1153 enim

320 1175 469 1233 beati
492 1194 683 1236 omnes
709 1180 905 1245 videri,
930 1186 1020 1255 qui
1049 1195 1220 1241 artem
1245 1187 1479 1258 aliquam
1502 1191 1746 1258 scierint,
1764 1191 1932 1248 immo

318 1284 456 1327 vero
503 1272 596 1343 qui
644 1283 700 1329 et
752 1289 839 1331 res
892 1277 1060 1333 malas
1088 1280 1346 1346 scierim;
1382 1290 1440 1337 ut
1468 1294 1574 1337 tam
1602 1282 1799 1340 beatus'
1822 1286 1927 1353 sit,

317 1365 413 1435 qui
461 1380 667 1421 venena
697 1365 948 1423 didicerit
973 1378 1315 1442 temperare,
1361 1389 1521 1445 quam
1560 1377 1650 1446 qui
1698 1376 1925 1434 mederi.

316 1457 520 1527 Qumm
562 1460 759 1529 igitur,
801 1461 868 1517 ad
913 1478 1073 1533 quam
1107 1482 1219 1521 rem
1250 1466 1479 1524 scientia
1511 1469 1793 1526 referenda
1816 1472 1929 1527 sit?

315 1549 372 1607 Si
416 1551 487 1606 ad
540 1566 733 1609 causas
771 1570 950 1610 rerum
981 1559 1335 1624 naturalium,
1369 1576 1491 1631 qum
1520 1561 1797 1621 beatitudo
1823 1566 1928 1621 erit

315 1642 449 1697 mihi
512 1648 821 1716 proposita,
870 1649 917 1703 si
957 1651 1133 1706 sciero
1173 1651 1315 1708 unde
1344 1652 1497 1709 Nilus
1533 1657 1777 1719 oriatur,
1839 1656 1924 1713 vel

314 1737 578 1807 quidquid
600 1740 669 1795 de
697 1742 838 1797 coelo
868 1744 1072 1816 physici
1104 1745 1364 1803 delirant?
1386 1748 1547 1816 Quid,
1566 1750 1711 1818 quod
1738 1766 1923 1807 earum

1209 303 1414 362 LIBER
1450 305 1537 364 Ill.
1584 306 1676 364 DE
1716 307 1938 367 FALSA
1978 312 2341 373 SAPIENTIA
2382 316 2787 380 PHILOSOPH.

3546 335 3651 394 570

1962 434 2019 495 Α
2043 428 2174 507 illud
2202 429 2401 488 bonum
2422 433 2583 493 facile
2612 440 2887 509 perveniri
2915 451 3124 513 putent.
3160 459 3229 502 an
3256 462 3378 505 cum
3420 450 3653 510 difﬁcul-

2044 530 2154 580 tate
2179 539 2243 579 ac
2265 525 2450 582 labore
2469 529 2492 583 ?
2509 530 2816 600 Expediaut
2840 549 3069 593 acumen
3090 553 3270 606 suum,
3301 558 3651 617 erroremque

2039 612 2353 672 defendant.
2388 619 2448 675 Si
2480 620 2638 677 facile
2658 624 2724 679 ad
2746 626 2899 694 illud,
2924 645 2988 685 ac
3016 632 3134 686 sine
3160 632 3346 691 labore
3370 612 3650 707 perveniri

2040 716 2236 777 potest,
2268 724 2539 767 summum
2562 715 2762 772 bonum
2790 736 2894 775 non
2925 731 3027 777 est.
3059 723 3199 792 Quid
3220 730 3363 784 enim
3394 746 3494 788 nos
3515 748 3647 788 cru-

2038 799 2265 869 ciemus,
2291 804 2418 873 quid
2450 809 2823 879 conticiamus,
2858 816 3118 873 enitendo
3149 820 3341 878 diebus
3368 834 3426 880 et
3474 831 3651 883 nocti-

2039 895 2640 973 bus?quaudoquidem
2690 918 2796 964 tam
2831 911 2883 966 in
2939 927 3187 986 promptu
3228 919 3280 974 id
3325 922 3467 992 quod
3493 940 3647 996 qua:-

2035 991 2205 1046 rimus
2229 993 2392 1064 jacet,
2430 1006 2487 1051 ut
2539 999 2670 1055 illtid
2714 1004 2939 1071 quilibet
2993 1011 3113 1063 sine
3151 1011 3255 1066 ulla
3296 991 3646 1076 contentione

2034 1083 2198 1138 animi
2222 1090 2670 1157 comprehendat.
2695 1093 2803 1150 Sed
2826 1098 2871 1150 si
2900 1112 3189 1158 eummuue
3208 1121 3423 1177 quoque
3448 1124 3511 1164 ac
3531 1126 3648 1167 tue-

2034 1172 2215 1231 diocre
2243 1181 2520 1248 quodlibet
2558 1183 2756 1240 bonum
2790 1205 2900 1243 uou
2932 1191 3034 1246 nisi
3088 1172 3275 1251 labore
3301 1172 3645 1272 assequimur

2033 1270 2283 1337 quoniam
2310 1271 2572 1330 bonorum
2606 1286 2796 1334 natura
2830 1282 2883 1336 in
2904 1284 3073 1340 arduo
3100 1289 3273 1356 posita
3327 1270 3642 1357 estimalo-

2032 1375 2151 1416 rum
2184 1363 2235 1418 in
2261 1366 2549 1436 praecipiti,
2583 1385 2800 1427 sununo
2824 1374 2985 1445 igitur
3025 1378 3213 1435 labore
3242 1397 3514 1439 summum
3546 1387 3643 1443 bo-

2031 1470 2159 1510 num
2178 1459 2393 1530 assequi
2414 1476 2637 1518 necesse
2663 1474 2766 1520 est.
2789 1469 2942 1534 Quod
2968 1470 3010 1525 si
3028 1473 3367 1530 verissimum
3385 1486 3489 1545 est,
3508 1495 3642 1552 ergo

2031 1548 2204 1604 altera
2253 1552 2448 1608 virtute
2476 1568 2611 1624 opus
2641 1567 2744 1623 est,
2777 1568 2835 1613 ut
2880 1564 3258 1631 perveniamus
3284 1568 3350 1623 ad
3382 1584 3501 1625 eam
3532 1548 3645 1627 vir-

2032 1650 2197 1698 tutum
2220 1661 2339 1715 qum
2369 1647 2565 1703 dicitur
2593 1665 2864 1707 summum
2896 1654 3128 1715 bonum:
3153 1661 3295 1730 quod
3335 1671 3418 1717 est
3445 1664 3637 1720 incon-

2027 1749 2226 1806 gruens
2251 1779 2265 1805 ,
2298 1749 2356 1795 et
2389 1740 2681 1797 absurdum
2707 1786 2723 1812 ,
2756 1756 2813 1800 ut
2833 1748 3006 1802 virtus
3055 1766 3148 1819 per
3177 1753 3409 1821 scipsam
3445 1772 3636 1826 perve-

312 1844 497 1886 rerutn
525 1849 632 1888 non
661 1845 740 1889 est
767 1837 990 1892 scientia
1021 1880 1036 1905 ,
1066 1839 1162 1894 sed
1188 1840 1428 1910 epiuatio
1447 1882 1464 1906 ,
1492 1859 1613 1914 qua:
1644 1860 1740 1914 pro
1765 1844 1919 1916 inge.
1952 1840 2001 1902 Β
2030 1828 2140 1883 uiat
2165 1831 2232 1885 ad
2261 1831 2516 1903 seipsam.
2546 1835 2601 1890 Si
2631 1852 2738 1891 non
2777 1848 2951 1907 potest
2983 1840 3052 1896 ad
3081 1842 3247 1897 ullum
3282 1845 3481 1901 bonmn
3525 1850 3633 1906 nisi

312 1923 412 1978 niis
463 1925 613 1979 varia
644 1937 747 1981 est.
781 1927 966 1984 Restat
1006 1939 1065 1985 ut
1102 1932 1327 1988 scientia
1365 1933 1629 1990 bonorum
1660 1951 1724 1992 ac
1748 1938 1919 1992 malo-

309 2029 430 2072 rum
454 2032 726 2073 summum
750 2019 949 2076 bonum
976 2023 1067 2078 sit.
1097 2020 1208 2079 Cur
1226 2039 1359 2096 ergo
1385 2028 1665 2084 scientiam
1690 2030 1912 2099 maluit,

308 2125 470 2182 quam
505 2113 675 2182 ipsam
699 2114 1020 2185 sapientiam
1042 2132 1312 2174 summum
1331 2119 1530 2175 bonum
1558 2121 1763 2191 dicere,
1790 2138 1912 2179 cum

308 2203 381 2259 sit
403 2204 689 2275 utriusque
712 2206 1033 2277 significatio
1058 2220 1129 2265 et
1167 2212 1246 2266 vis
1266 2212 1453 2268 eadem
1486 2214 1510 2266 ν
1534 2212 1705 2269 Nemo
1733 2227 1913 2273 tamen

304 2308 478 2366 usque
508 2293 685 2350 adhuc
706 2312 977 2355 summum
1009 2300 1209 2357 bonum
1251 2302 1386 2359 dixit
1406 2319 1528 2362 esse
1553 2307 1871 2374 sapientiam
1891 2352 1907 2378 ,

304 2387 447 2459 quod
480 2388 675 2445 melius
696 2390 801 2447 dici
827 2393 1021 2463 potuit.
1064 2394 1198 2451 Nam
1228 2397 1450 2454 scientia
1502 2414 1690 2470 parum
1732 2412 1817 2457 est
1840 2404 1910 2460 ad

304 2478 510 2536 bonum
536 2481 939 2552 suscipiendum
967 2527 981 2551 ,
1012 2486 1320 2559 malumque
1347 2487 1660 2560 fugiendum
1688 2492 1790 2548 nisi
1813 2507 1906 2549 ac-

305 2573 464 2630 cedat
514 2581 570 2629 et
608 2577 799 2632 virtus.
826 2576 976 2632 Multi
998 2578 1141 2634 enim
1174 2580 1619 2650 philosonhorum
1645 2629 1660 2653 ,
1692 2600 1814 2641 cum
1839 2585 1910 2644 de

306 2664 466 2723 benis
495 2709 512 2734 ,
540 2667 802 2740 malisque
828 2668 1195 2741 diSserereut,
1227 2674 1387 2731 aliter
1411 2685 1588 2733 tamen
1606 2719 1622 2745 ,
1645 2695 1805 2750 quam
1830 2681 1911 2735 lo-

306 2760 613 2831 quehantur
636 2803 652 2828 ,
710 2773 903 2818 natura
946 2777 1202 2837 cogente,
1251 2768 1523 2836 vixerunt,
1560 2768 1681 2839 quia
1715 2774 1910 2829 virtute

307 2862 617 2908 caruerunt.
670 2852 854 2911 Virtus
883 2866 1065 2913 autem
1092 2872 1215 2915 cum
1262 2861 1489 2919 scientia
1516 2861 1804 2934 conjuncta
1827 2874 1914 2922 est

308 2944 595 3014 sapientia.

373 3055 640 3128 Superest
671 3067 728 3113 ut
763 3072 861 3115 eos
890 3061 1053 3118 etiam
1085 3061 1396 3122 refellamus
1425 3068 1517 3139 qui
1547 3070 1798 3129 virtutem
1831 3075 1914 3145 ip-

303 3163 415 3205 sam
444 3166 721 3208 summum
747 3154 951 3211 bonum
1013 3167 1356 3229 putaverunt,
1417 3163 1471 3218 in
1495 3180 1596 3236 qua
1651 3169 1909 3236 opinione

304 3243 465 3299 etiam
491 3244 563 3301 Μ.
589 3245 800 3304 Tullius
829 3247 964 3316 fuit;
1017 3251 1069 3305 in
1118 3269 1225 3322 quo
1243 3257 1470 3311 multum
1520 3259 1904 3322 inconsiderati

305 3334 541 3396 fuerunt.
571 3340 690 3397 Non
720 3343 865 3397 enim
892 3345 1066 3401 virtus
1111 3346 1227 3416 ipsa
1255 3361 1339 3405 est
1379 3366 1650 3411 summum
1681 3358 1903 3429 bonum,

302 3430 395 3488 sed
432 3431 683 3490 eﬂ‘ectrix
707 3448 761 3492 et
786 3448 962 3494 mater
987 3448 1073 3495 est
1088 3444 1282 3497 summi
1317 3444 1474 3514 boni;
1508 3450 1761 3519 quoniam
1786 3470 1910 3526 per-

302 3525 473 3580 veniri
497 3524 563 3580 ad
595 3527 728 3582 illud
759 3528 878 3585 sine
911 3530 1104 3586 virtute
1135 3549 1241 3589 non
1271 3548 1471 3606 petest.
1495 3524 1800 3616 Utrumque
1820 3548 1904 3602 iu-

302 3616 516 3674 tellectu
534 3628 619 3675 est
633 3620 807 3678 facile.
827 3622 1023 3690 Qumro
1040 3625 1206 3696 enim,
1230 3639 1486 3687 utrumne
1500 3632 1567 3689 ad
1585 3637 1905 3704 praeclarum

2026 1937 2124 1992 per
2168 1924 2409 1981 laborem
2449 1930 2753 1997 perveniri,
2782 1944 3008 2002 apparet
3046 1944 3303 1993 virtutem
3331 1954 3483 2006 esse,
3533 1958 3635 2013 per

2020 2030 2183 2087 quam
2227 2020 2601 2088 perveniatur;
2643 2025 2901 2093 quoniam
2951 2026 3004 2079 iu
3053 2030 3415 2100 suscipiendis
3455 2034 3635 2102 perfe-

2019 2107 2309 2180 rendisque
2330 2110 2629 2181 laboribus,
2654 2116 2738 2170 vis
2758 2115 3106 2191 officiumque
3134 2122 3351 2180 virtutis
3376 2135 3480 2182 est.

2090 2245 2234 2319 Ergo
2253 2262 2520 2305 summum
2542 2252 2739 2309 bonum
2769 2270 2874 2311 non
2904 2266 3082 2327 potest
3109 2277 3231 2317 esse
3255 2262 3325 2328 id,
3356 2280 3451 2334 per
3477 2268 3625 2339 quod

2013 2352 2240 2396 necesse
2269 2351 2356 2397 est
2383 2343 2451 2398 ad
2474 2345 2620 2400 aliud
2671 2350 2967 2418 perveniri.
2994 2351 3104 2408 Sed
3134 2355 3231 2423 illi,
3262 2370 3383 2413 cum
3417 2360 3636 2431 ignora-

2012 2439 2134 2485 rent
2159 2433 2285 2502 quid
2313 2436 2554 2493 efﬁceret
2581 2439 3005 2514 virtus,autquo
3041 2447 3315 2516 tenderet,
3348 2450 3632 2511 honestius

2019 2532 2201 2580 autem
2229 2526 2364 2582 nihil
2396 2531 2719 2600 reperirent,
2746 2536 3105 2593 substiterunt
3130 2541 3181 2595 in
3215 2541 3385 2612 ipsius
3412 2546 3628 2605 virtutis

2012 2613 2254 2686 nomine,
2285 2636 2446 2691 quam
2464 2624 2611 2678 nullo
2640 2626 2918 2697 proposito
2943 2631 3336 2700 emolumento,
3360 2648 3626 2709 appeten-

2013 2711 2135 2766 dam
2158 2728 2281 2769 esse
2302 2714 2576 2785 dixerunt,
2606 2728 2661 2775 et
2686 2721 2885 2775 bonum
2911 2722 3013 2778 sibi
3028 2728 3449 2799 constituerunt,
3475 2735 3626 2803 quod

2018 2803 2163 2861 bono
2193 2806 2477 2878 indigeret.
2505 2812 2827 2869 Aristoteles
2853 2816 2921 2871 ab
2945 2815 3007 2870 iis
3039 2833 3145 2872 non
3177 2820 3339 2891 longe
3364 2825 3617 2891 recessit,

2015 2900 2103 2969 qui
2136 2900 2386 2957 virtutem
2406 2919 2527 2958 cum
2559 2903 2841 2962 honestate
2861 2924 3130 2964 summum
3151 2910 3350 2968 bonum
3374 2917 3625 2985 putavit:

2015 2994 2166 3063 quasi
2199 2996 2365 3064 possit
2391 2997 2493 3051 ulla
2520 3013 2641 3053 esse
2673 2999 2844 3054 virtus
2871 3001 2972 3057 nisi
3022 3003 3271 3073 honesta,
3297 3020 3360 3061 ac
3410 3022 3536 3073 non,
3571 3010 3622 3065 si

2014 3087 2141 3156 quid
2169 3086 2419 3145 habuerit
2452 3091 2824 3162 turpitudinis,
2878 3094 3051 3149 virtus
3090 3111 3212 3151 esse
3246 3097 3480 3156 desinat.
3511 3099 3621 3157 Sed

2011 3179 2145 3235 vidit
2172 3180 2288 3236 fieri
2321 3198 2499 3253 posse,
2518 3194 2575 3239 ut
2601 3183 2669 3239 de
2688 3184 2885 3241 virtute
2912 3201 3076 3257 pravo
3097 3187 3304 3258 judicio
3327 3192 3470 3247 male
3490 3207 3619 3248 sen-

2011 3272 2287 3341 tiatur;et
2334 3276 2458 3333 ideo
2486 3279 2895 3335 existimatione
2944 3279 3221 3338 hominum
3273 3286 3621 3342 serviendum

2012 3369 2239 3438 putavit,
2255 3372 2399 3440 quod
2423 3374 2510 3443 qui
2536 3372 2682 3440 facit,
2710 3389 2738 3427 a
2762 3386 2912 3430 recto
2932 3375 3183 3445 bonoque
3220 3378 3472 3444 discedit,
3488 3382 3613 3450 quia

2010 3476 2120 3516 non
2151 3464 2307 3519 estin
2332 3476 2513 3520 nostra
2544 3475 2809 3537 potestate
2842 3476 2899 3522 ut
2928 3469 3103 3523 virtus
3145 3486 3243 3538 pro
3268 3472 3383 3527 suis
3407 3473 3615 3529 meritis

2012 3554 2352 3616 honestetur.
2383 3558 2515 3614 Nam
2546 3560 2670 3631 quid
2710 3569 2795 3615 est
2825 3559 3103 3629 honestas,
3138 3563 3240 3618 nisi
3293 3564 3468 3620 honor
3494 3582 3618 3635 per-

2014 3660 2209 3718 petuus
2236 3652 2302 3705 ad
2333 3652 2569 3725 aliquem
2610 3653 2854 3719 secundo
2904 3655 3089 3728 populi
3117 3672 3337 3715 rumore
3366 3657 3617 3718 delatus?

1696 3751 2061 3821 VARIORUM
2098 3766 2333 3825 NOT/E.

299 3865 405 3934 tum
433 3858 775 3934 applicamus
801 3861 1041 3934 animum
1066 3903 1081 3925 ,
1114 3864 1198 3919 vel
1228 3879 1413 3934 epum,
1441 3867 1525 3923 vel
1556 3869 1781 3928 honoris
1806 3889 1901 3933 ac-

297 3931 542 4016 quirendi
574 3946 735 4016 causa
757 3973 773 3996 ,
806 3932 891 4016 illi
920 3934 1299 4016 incumbimus.
1333 3931 1608 4016 Aequisita
1649 3945 1761 4011 jam
1809 3931 1905 4016 per

297 4002 893 4083 imlustriarnuilliusrei
921 4005 1168 4083 scientia,
1200 4022 1304 4062 non
1322 4002 1554 4079 amplius
1577 4002 1773 4083 ﬁniatis,
1805 4002 1901 4073 sed

296 4072 538 4129 eli‘ectrix
570 4073 716 4129 illius
738 4075 819 4130 rei
849 4090 1013 4131 causa
1043 4077 1145 4132 erit
1164 4120 1181 4146 ,
1211 4096 1371 4150 quam
1413 4072 1772 4142 instituimus:
1791 4072 1895 4143 Βεὲ

297 4158 541 4201 τῦιειυε.

366 4234 590 4320 Tantus.
635 4234 1311 4320 CarmenestVirgiliigx
1351 4243 1488 4320 libro
1515 4261 1571 4301 tu
1603 4246 1853 4319 Georgic.
1875 4293 1893 4320 ,

296 4320 346 4360 ν.
375 4307 501 4372 112,
533 4323 599 4363 ac
623 4323 857 4375 sequens
882 4310 1074 4392 legitur
1164 4312 1294 4392 102,
1326 4316 1430 4392 ubi
1449 4327 1602 4386 poeta
1633 4307 1894 4392 equorum

296 4393 685 4456 generosortmi
701 4391 930 4456 naturas
943 4382 1236 4450 describit;
1268 4401 1370 4456 qua
1398 4382 1467 4444 de
1494 4404 1553 4445 re
1574 4382 1893 4450 extatetiam

296 4448 672 4518 Χειιοιίὴυιιῑίε
701 4451 934 4509 libellus.

2010 3883 2118 3966 bat,
2149 3895 2207 3966 ut
2236 3902 2426 3966 omnes
2450 3889 2541 3958 qui
2563 3890 2798 3966 aliquam
2823 3901 2994 3949 artem
3023 3892 3151 3949 licet
3190 3902 3400 3966 turpem
3428 3899 3608 3956 scive-

2009 3956 2137 4032 rint,
2164 3958 2302 4032 beati
2332 3962 2441 4015 sint
2461 3956 2735 4032 appellati.

2083 4027 2345 4106 _0pin_atio.
2401 4027 2762 4106 SiiCL7ire|ifiStti
2809 4052 2876 4092 ex
2932 4037 3184 4093 omnibus
3216 4053 3351 4106 pene
3390 4056 3525 4097 mss.
3553 4052 3611 4100 et

2006 4098 2139 4155 edit.
2178 4101 2357 4174 ΔΒοιη.
2416 4104 2579 4160 1470.
2613 4098 2716 4161 ’δῖα
2762 4118 2815 4162 et
2859 4108 2985 4163 alibi
3021 4098 3602 4174 passini'Lactantins—i

2006 4185 2136 4246 ms_s_.
2168 4172 2204 4227 2
2230 4190 2341 4230 rer.
2372 4186 2423 4229 ei
2452 4175 2518 4230 12
2542 4176 2674 4232 edit.
2702 4177 2894 4235 habent
2928 4172 3121 4246 opinio.

2076 4242 2246 4314 Usque
2282 4247 2469 4321 adhuc.
2503 4246 2647 4321 Plin.
2675 4250 2794 4321 l._v._
2814 4265 2901 4318 ep.
2934 4242 2987 4306 ϐ’.
3017 4262 3193 4305 θυαε
3227 4252 3397 4321 Usque
3434 4256 3605 4311 adhuc

2003 4318 2475 4395 cerle‘nemiuem...
2500 4320 2689 4374 amisit.
2712 4318 2826 4373 Lib.
2853 4336 2906 4386 κ,
2929 4336 3016 4392 ep.
3037 4321 3139 4375 50:
3162 4318 3486 4395 Quod'usque
3505 4328 3602 4380 ad-

2004 4386 2105 4439 huc
2130 4387 2341 4455 factum.
2371 4389 2649 4445 Bessum.

2080 4457 2182 4531 Qui
2204 4462 2439 4531 virtutem
2468 4462 2652 4531 ipsam.
2681 4459 2877 4516 Addidi
2925 4477 3091 4529 ipsam
3120 4477 3185 4517 ex
3219 4478 3322 4519 ms.
3345 4475 3400 4521 et
3442 4469 3602 4525 editis

363 4542 553 4597 Tantm
597 4552 691 4598 est.
734 4543 789 4599 in
818 4559 948 4599 mss.
979 4546 1005 4601 1
1036 4546 1167 4612 Reg.
1199 4550 1489 4607 veterrima
1513 4561 1566 4609 et
1604 4555 1627 4609 1
1661 4553 1896 4613 Clarum.

2016 4523 2198 4613 tribus.
2236 4528 2462 4586 Caeteris
2487 4523 2724 4602 vulgatis
2768 4523 2956 4596 deest."
2998 4531 3402 4608 delendumque
3449 4523 3603 4611 putat

295 4612 639 4701 desideratur
666 4624 773 4701 est;
798 4616 852 4671 iu
884 4616 1280 4689 Regio-Put.et
1310 4622 1344 4676 7
1371 4624 1492 4679 aliis
1517 4626 1734 4697 scriptis
1765 4612 1900 4701 legi-

295 4694 403 4754 tur,
436 4698 585 4741 ninia
604 4697 697 4742 est.

366 4780 718 4866 Peﬁnitiouif.
748 4780 982 4866 gemitu:
997 4785 1482 4866 ex__a_ntiquissin_ris
1516 4805 1649 4866 mss.
1674 4792 1715 4866 ἓ
1736 4792 1898 4866 Reg.,

291 4852 331 4935 ἢ
357 4854 595 4935 Bonum,
624 4852 693 4908 16
718 4852 839 4907 aliis
869 4855 984 4935 et__8
1013 4857 1204 4935 editis,
1227 4852 1642 4935 :ﬂCCCdellllilus
1666 4862 1700 4919 8
1730 4852 1902 4935 scrip;

295 4926 363 4997 tis
395 4925 450 4978 iu
482 4924 681 4997 quibus
713 4936 821 4997 ρει,
850 4924 1202 4997 difﬁnilionis;
1226 4928 1278 4982 in
1307 4945 1410 4984 ms.
1438 4930 1771 4989 Tornesiauo
1797 4924 1854 4992 ei
1866 4937 1900 4994 9

292 4994 586 5077 impressis
606 5005 688 5050 est
713 4994 1090 5066 disputationis.
1121 5001 1192 5054 At
1233 5012 1382 5077 recte
1410 5005 1754 5061 emendatum
1787 5019 1894 5077 est,

293 5066 649 5149 deﬁnitionis;
679 5083 799 5149 nam
832 5078 890 5122 ut
919 5081 1077 5149 recte
1103 5085 1279 5149 mouet
1303 5072 1550 5149 :l‘itiimas
1579 5092 1683 5130 non
1721 5066 1899 5149 agitur

291 5154 359 5194 eo
407 5139 529 5218 ioci
565 5136 632 5193 de
680 5137 1076 5218 diSputatione,
1098 5142 1195 5218 sed
1224 5142 1573 5207 definitione,
1604 5149 1686 5201 vel
1719 5136 1897 5218 potius

292 5209 564 5285 sententia
585 5224 771 5266 eorum
794 5253 809 5278 ,
843 5212 935 5283 qui
966 5213 1226 5285 putabant
1246 5231 1516 5273 summum
1548 5209 1746 5275 bonum
1773 5236 1896 5278 esse

292 5283 600 5338 scientiam.

366 5377 599 5449 Scientia
647 5378 803 5433 nuda.
839 5378 862 5433 1
891 5375 1046 5434 Colh.
1075 5387 1130 5435 et
1161 5380 1185 5435 1
1217 5381 1409 5449 Brun.,
1441 5383 1596 5437 unde.

362 5448 521 5525 Beati
562 5466 752 5504 omnes.
803 5450 894 5525 Si_c
924 5452 1132 5505 restitui
1174 5468 1238 5525 eat
1280 5455 1669 5525 antiquissimis
1696 5472 1827 5513 mss.
1862 5461 1889 5515 1

295 5520 455 5597 Reg"
479 5518 682 5597 Cauc.,_
701 5529 758 5597 (ιι
790 5524 808 5575 t
848 5521 1089 5597 Bonon._.
1110 5524 1147 5576 3
1171 5523 1242 5577 al.
1280 5518 1437 5595 Regi,
1474 5525 1647 5581 Betui.
1666 5569 1682 5595 ,
1710 5528 1851 5585 Ultr.
1875 5571 1891 5597 ,

292 5594 523 5662 aliisque
575 5592 758 5645 multis
779 5603 829 5647 et
858 5594 1019 5647 editis
1047 5593 1276 5650 Tornes.
1306 5592 1675 5653 ac'Soubron.’
1699 5592 1890 5656 melius

330 5680 456 5717 uam
498 5663 745 5718 beatiores
794 5673 1115 5719 cmterorum
1151 5683 1165 5720 :
1203 5666 1288 5720 hic
1315 5671 1497 5733 enim,
1543 5679 1603 5723 ut
1647 5684 1793 5727 reme
1820 5674 1897 5728 ait

330 5680 456 5717 uam
498 5680 745 5718 acutiores
794 5680 1115 5719 cancrorum
1151 5683 1165 5720 :
1203 5680 1288 5720 Ittc
1315 5683 1497 5733 etum,
1543 5680 1603 5723 ut
1647 5684 1793 5727 reme
1820 5680 1892 5728 ait

293 5680 645 5801 :i'hotnasius,
662 5743 852 5812 auctor
874 5745 1176 5812 nosternon
1197 5738 1430 5808 loquitur
1449 5738 1517 5793 de
1544 5741 1731 5812 majori
1764 5744 1857 5798 ben
1873 5776 1892 5786 -

296 5807 567 5885 titudiue;
630 5805 725 5885 sed
778 5805 1096 5885 simpliciter
1132 5805 1289 5865 docet
1320 5805 1799 5885 necassario'sequi
1827 5826 1893 5871 cx

298 5877 445 5932 iliius
476 5875 761 5945 sententia,
788 5875 1185 5946 quiscienlinm
1214 5895 1482 5938 summum
1511 5882 1708 5940 bonum
1731 5875 1890 5955 'pttta-t

2002 4599 2372 4658 Heumanuns.

2073 4670 2152 4726 Μ.
2186 4673 2409 4729 Tullius.
2452 4674 2625 4741 Quam
2651 4674 2774 4732 vide
2798 4674 2915 4732 Cic.
2942 4691 3017 4732 vtt
3057 4676 3277 4734 Tuscul.
3308 4688 3361 4737 et
3399 4698 3455 4738 tv
3481 4692 3537 4740 et
3565 4700 3600 4742 v

2000 4742 2068 4799 de
2087 4742 2274 4817 _Finih.
2309 4762 2371 4799 ac
2401 4762 2417 4800 ι
2444 4746 2511 4801 de
2538 4745 2724 4817 Legih.

2072 4813 2817 4896 comprehendat.Apiius‘es
2845 4835 2976 4876 mss.
3013 4831 3068 4876 et
3094 4822 3272 4896 editis,
3300 4841 3458 4896 quam
3505 4830 3596 4884 de-

2002 4888 2392 4971 prfltendatain
2426 4890 2673 4971 vulgatis:
2719 4891 2855 4971 Quia
2908 4888 3376 4971 comprehendere
3424 4901 3596 4971 magis

1998 4956 2233 5030 refertur
2253 4961 2317 5012 ad
2347 4956 2781 5030 intelligentiam,
2813 4963 2882 5017 de
2908 4979 3011 5030 qua
3037 4956 3122 5019 hic
3148 4976 3424 5023 tractatur.

2071 5027 2177 5083 Per
2203 5032 2339 5099 quod
2364 5027 2565 5086 necesse
2587 5043 2659 5087 est
2687 5036 2759 5086 ad
2788 5027 2938 5087 aliud
2961 5038 3233 5102 perveniri.
3282 5037 3358 5092 Ita
3388 5040 3592 5095 rectius

1997 5100 2148 5166 legas
2170 5117 2233 5156 ex
2265 5103 2682 5179 omuihttsmss"
2703 5112 2758 5159 ct
2787 5121 2886 5179 scit
2911 5100 3071 5179 editis
3097 5107 3393 5179 chicibus.
3426 5126 3587 5179 quam

2000 5175 2378 5243 propterquod.
2407 5174 2599 5228 vitiose
2622 5176 2675 5229 in
2703 5177 2920 5231 caneris
2951 5174 3249 5245 impressis.
3276 5174 3592 5236 Lactantius

1997 5245 2140 5319 enim
2166 5247 2485 5319 loquiturile
2511 5247 2686 5302 medio
2714 5248 2955 5313 perquod
2981 5249 3325 5316 pi’th'nillﬂ';
3353 5260 3407 5304 et
3426 5265 3591 5319 supra

1997 5314 2229 5381 dixerat,
2262 5334 2353 5387 per
2381 5317 2627 5392 laborem,
2657 5334 2769 5392 per
2815 5314 3065 5392 virtutem.
3095 5328 3200 5392 etc.
3259 5319 3315 5374 lit
3370 5314 3590 5392 scriptis

1996 5389 2235 5458 quinque
2262 5402 2375 5445 rec.
2397 5399 2481 5444 est
2508 5389 2577 5442 ad
2604 5388 2737 5443 illud
2754 5403 2849 5458 pro
2874 5388 2945 5441 ad
2965 5388 3109 5441 aliud
3134 5388 3589 5452 cmterorumaEa:

1996 5456 2153 5514 15.50.

2069 5528 2350 5603 lndigerel.
2404 5531 2493 5611 Sic
2523 5531 2773 5611 plerique
2799 5544 2937 5611 mss.
2962 5547 3086 5611 cum
3130 5535 3261 5592 edit.
3311 5538 3586 5611 Gymnic.,

1997 5600 2252 5664 Tornes.,
2279 5612 2335 5657 et
2360 5600 2576 5672 antiqua
2612 5602 2870 5659 Versintte
2900 5604 3122 5669 Gallica,
3151 5617 3197 5661 et
3217 5625 3270 5663 se
3295 5600 3409 5665 soul
3436 5600 3587 5665 cons;

1997 5673 2147 5727 titués
2168 5691 2232 5728 en
2249 5691 2317 5727 un
2340 5674 2453 5728 bien
2470 5675 2557 5739 qui
2578 5690 2637 5727 eu
2660 5676 2793 5728 avuit
2822 5675 2992 5730 besoiu
3020 5679 3139 5731 d‘un
3167 5690 3313 5735 (intre
3364 5683 3419 5735 ln
3448 5697 3582 5735 uon-

1996 5745 2158 5798 nullis
2185 5760 2341 5821 mss”
2375 5746 2733 5821 et_plerisque
2751 5748 3068 5821 impressis
3066 5760 3145 5802 est
3176 5751 3476 5821 indigerent.

2066 5816 2382 5888 Aristotcles.
2418 5817 2786 5888 Peripatetici,
2820 5816 2990 5888 inquit
3027 5816 3419 5888 Tiieodorctus,
3465 5820 3588 5876 lauo‘

1995 5883 2128 5941 dant
2156 5887 2431 5953 virtutem,
2466 5883 2642 5957 reipsa
2666 5883 2931 5945 voluntaii
2959 5888 3196 5945 studenti
