4154 6196
335 317 444 376 575

338 529 520 598 Quare
550 527 597 585 si
619 530 741 602 quis
768 528 1068 601 hominem,
1097 534 1187 604 qui
1217 549 1343 590 vere
1386 535 1586 603 sapiat,
1624 536 1941 610 interroget,

342 620 499 694 cujus
525 625 603 678 rei
631 621 801 693 gratia
838 633 999 680 natus
1042 625 1138 692 sit,
1166 626 1519 695 respondebit
1551 628 1853 696 intrepidus
1881 645 1943 685 ac

346 725 583 789 paratus,
615 715 830 772 colendi
874 733 933 773 se
960 717 1051 773 Dei
1078 720 1250 790 gratia
1279 730 1485 789 natum,
1530 720 1621 791 qui
1675 733 1775 778 nos
1820 716 1943 778 ideo

343 810 643 881 generavit,
676 816 736 863 ut
762 810 808 863 ei
834 812 1159 866 serviamus.
1192 811 1409 868 Servire
1435 824 1617 869 autem
1649 813 1780 882 Deo,
1806 816 1942 870 nihil

337 903 482 959 aliud
502 912 613 971 est,
630 918 792 973 quam
808 903 960 958 bonis
974 904 1229 974 operibus
1253 905 1389 962 tueri
1412 917 1467 962 et
1490 922 1818 964 conservare
1832 908 1944 980 jus-

342 999 539 1053 titiam.
569 997 677 1053 Sed
702 998 816 1065 ille,
840 1007 897 1052 ut
919 999 1083 1054 homo
1104 1000 1406 1056 divinarum
1426 1016 1606 1057 rerum
1633 1003 1936 1073 imperitus,

341 1105 459 1146 rem
490 1091 781 1145 maximam
809 1092 1017 1162 redegit
1048 1092 1112 1148 ad
1157 1095 1439 1149 minimum
1464 1136 1477 1157 ,
1512 1095 1621 1149 duo
1653 1096 1764 1149 sola
1798 1096 1938 1150 deli-

334 1183 535 1254 gendo,
566 1198 686 1254 qua:
711 1182 813 1237 sibi
841 1182 1050 1240 diceret
1082 1185 1359 1240 intuenda.
1392 1186 1545 1254 Quod
1573 1186 1619 1241 si
1656 1196 1838 1241 natum
1880 1203 1939 1244 se

331 1290 456 1331 esse
480 1274 728 1335 dixisset.
758 1287 817 1329 ut
841 1276 1099 1331 mundum
1126 1278 1451 1345 intueretur,
1475 1293 1783 1349 quanquam
1822 1296 1941 1333 om-

328 1366 419 1422 nia
450 1364 967 1436 comprehenderet,
991 1381 1054 1422 ac
1081 1366 1274 1438 majori
1303 1380 1547 1425 uteretur
1572 1384 1729 1438 sono,
1757 1379 1935 1427 tamen

327 1472 440 1514 non
474 1457 756 1528 implesset
784 1459 1018 1513 hominis
1058 1458 1300 1515 cilicium
1338 1476 1351 1511 τ
1381 1461 1502 1529 quia
1541 1472 1741 1532 quanto
1771 1462 1938 1532 pluris

326 1562 413 1609 est
453 1554 634 1606 anima
661 1566 825 1624 quam
858 1567 1078 1622 corpus,
1104 1563 1253 1609 tanto
1284 1554 1451 1625 pluris
1476 1564 1560 1610 est
1587 1558 1747 1615 Deus.
1776 1570 1936 1626 quam

320 1642 583 1712 mundus,
609 1648 733 1717 quia
757 1648 1015 1702 mundum
1046 1649 1187 1703 Deus
1228 1650 1353 1704 fecit
1390 1658 1445 1705 et
1473 1650 1630 1721 regit.
1662 1648 1780 1705 Non
1806 1665 1937 1721 ergo

320 1738 564 1796 mundos
590 1741 785 1805 oculis,
817 1741 943 1811 quia
976 1747 1268 1811 utrumque
1297 1750 1382 1797 est
1416 1756 1636 1814 corpus,
1668 1745 1762 1800 sed
1795 1745 1937 1801 Deus

319 1833 507 1888 animo
533 1833 990 1902 contemplandos
1015 1844 1131 1889 est:
1156 1835 1279 1905 quia
1313 1830 1473 1902 Deus,
1500 1847 1555 1890 ut
1583 1844 1664 1892 est
1694 1837 1810 1908 ipse
1831 1840 1929 1893 im-
1961 1836 2010 1907 Β

320 1923 593 1988 mortalis,
613 1923 693 1978 sic
706 1926 944 1979 animum
963 1926 1129 1981 voluit
1147 1938 1268 1981 esse
1289 1928 1698 1996 sempiternum.
1729 1930 1820 1985 Dei
1835 1946 1924 1986 ttu~

318 2027 428 2075 tem
451 2019 851 2089 contemplatio
881 2028 983 2085 est,
1018 2022 1264 2076 venerari
1292 2031 1348 2077 et
1376 2022 1557 2078 colere
1583 2036 1926 2081 communem

318 2119 604 2180 parentem
635 2112 854 2182 generis
902 2110 1145 2168 humani.
1197 2113 1353 2181 Quod
1410 2114 1454 2169 si
1509 2128 1537 2167 a
1596 2117 1929 2186 philosotihis

318 2200 514 2269 abfuit,
551 2201 888 2272 projectique
919 2205 971 2258 in
1002 2212 1205 2259 terram
1264 2205 1483 2261 fuerunt
1535 2207 1720 2262 divina
1777 2211 1931 2280 igno~

317 2295 515 2359 rando,
548 2296 943 2351 existimandus
963 2306 1048 2353 est
1076 2299 1446 2370 Anaxagoras,
1467 2300 1532 2354 ad
1556 2316 1676 2372 qure
1700 2303 1927 2359 videnda

318 2398 508 2444 natum
539 2404 602 2445 se
629 2400 751 2445 esse
778 2389 946 2456 dixit,
978 2404 1078 2447 nec
1105 2393 1301 2447 coelum
1332 2393 1535 2450 vidisse
1557 2437 1571 2460 ,
1603 2406 1704 2451 nec
1732 2394 1923 2453 solem.

318 2481 589 2552 Expedita
630 2489 717 2537 est
748 2483 917 2557 igitur
966 2483 1199 2539 hominis
1256 2485 1427 2553 ratio,
1465 2486 1511 2541 si
1568 2486 1740 2557 sapiat
1785 2500 1929 2543 :cu-

315 2575 404 2644 jus
460 2574 683 2643 prepria
743 2582 825 2629 est
885 2575 1211 2632 humanitas.
1262 2574 1397 2631 Nam
1452 2577 1567 2647 ipsa
1624 2578 1929 2635 humanitas

322 2664 450 2737 quid
478 2675 590 2732 est,
632 2666 736 2720 nisi
774 2665 1018 2735 justitia?
1054 2668 1180 2738 quid
1212 2669 1542 2739 estjustitia,
1587 2672 1687 2726 nisi
1718 2669 1927 2741 pietas?

326 2758 498 2829 pietas
561 2766 744 2813 autem
793 2756 927 2813 nihil
973 2759 1121 2815 aliud
1169 2768 1286 2828 est,
1324 2774 1488 2830 quam
1539 2760 1632 2817 Dei
1685 2764 1926 2832 parentis

323 2850 543 2921 agnitio.

1192 321 1395 378 LIBER
1433 322 1516 378 111.
1552 318 1641 380 DE
1678 323 1906 383 FALSA
1945 323 2311 385 SAPIENTIA
2354 326 2759 389 PHILOSOPH.

339 434 585 491 omnium
634 437 1094 507 contemplemur,
1144 437 1199 495 id
1239 448 1343 507 est,
1396 449 1579 497 mente
1635 456 1943 500 cernamus.
1974 446 2030 508 Α

3544 343 3650 399 371

2677 448 2908 509 CAPUT
2946 452 3016 509 Χ.

2139 562 2418 635 Proprium
2450 565 2671 621 hominis
2697 576 2773 622 est
2803 566 2965 622 Deum
2990 583 3293 641 cognoscere
3317 578 3365 627 et
3390 573 3573 629 colere.

2120 676 2400 733 Summum
2433 679 2595 750 igitur
2621 680 2855 738 hominis
2896 681 3095 737 bonum
3141 686 3194 739 in
3241 685 3354 741 sola
3383 687 3648 754 religione

2049 781 2164 835 est;
2202 788 2324 825 nam
2367 783 2586 839 caetera,
2638 774 2801 829 etiam
2842 790 2962 844 quae
3000 786 3255 846 putantur
3293 794 3416 833 esse
3444 780 3647 838 homini

2048 865 2288 933 propria.
2320 863 2375 919 in
2411 867 2625 921 ca‘teris
2664 882 2879 936 qucque
2910 869 3236 925 animalibus
3278 873 3641 943 reperiuntur.

2046 957 2181 1014 Cum
2210 960 2353 1014 enim
2385 975 2512 1015 suas
2541 976 2704 1016 VttCeS
2732 963 2967 1032 propriis
3007 962 3149 1020 inter
3175 980 3236 1019 se
3262 968 3405 1020 notis
3436 967 3644 1024 discer-

2047 1063 2181 1108 nunt
2224 1064 2384 1125 atque
2422 1056 2780 1127 dignoscunt,
2823 1058 3060 1128 cnlloqui
3106 1059 3390 1126 videntur;
3437 1061 3646 1117 ridendi

2044 1162 2257 1217 qmique
2282 1149 2416 1201 ratio
2441 1159 2662 1217 apparet
2686 1150 2735 1202 itt
2770 1148 2854 1203 his
2878 1150 3079 1218 aliqua,
3104 1166 3224 1206 cum
3258 1154 3518 1208 detuulsis
3541 1169 3642 1209 au-

2042 1240 2213 1306 ribus,
2256 1250 2640 1311 coutractoqne
2672 1243 2828 1305 rictu,
2872 1257 2926 1299 et
2952 1247 3125 1299 oculis
3158 1246 3209 1300 itt
3242 1247 3516 1302 lasciviam
3552 1264 3639 1306 rc-

2042 1330 2253 1395 Solutis,
2283 1342 2373 1386 aut
2401 1332 2605 1387 homini
2633 1333 2900 1400 alludunt,
2928 1345 3020 1389 aut
3049 1338 3164 1392 suis
3189 1340 3418 1408 quisque
3444 1341 3638 1411 conju-

2040 1424 2196 1495 gihns
2217 1439 2278 1475 ac
2310 1422 2527 1478 fortibus
2551 1426 2801 1495 propriis.
2828 1426 3017 1481 Nonne
3036 1428 3235 1497 aliquid
3263 1429 3433 1484 amori
3457 1445 3642 1486 mutuo

2040 1525 2095 1571 et
2126 1516 2469 1584 indulgentiae
2495 1518 2673 1572 simile
2714 1519 3071 1587 impartinnt?
3101 1518 3217 1574 Jam
3263 1521 3348 1573 illa
3380 1536 3501 1592 quae
3539 1521 3641 1579 sibi

2039 1610 2371 1678 prosliiciunt
2410 1610 2461 1663 in
2512 1609 2775 1675 futurum,
2817 1620 2872 1667 et
2911 1612 3061 1668 cilius
3101 1623 3388 1684 reponunt,
3441 1615 3642 1673 habent

2039 1706 2222 1771 utique
2246 1704 2655 1773 providi-titiam.
2689 1706 2929 1761 Rationis
2954 1723 3170 1778 quoque
3194 1709 3344 1779 signa
3369 1711 3419 1764 in
3446 1711 3631 1768 multis

2040 1794 2541 1866 deprehenduntur.
2589 1797 2721 1852 Nam
2766 1799 2981 1868 quando
3030 1800 3176 1853 utilia
3221 1801 3321 1855 sibi
3358 1814 3636 1872 appetunt,

2038 1889 2175 1943 mala
2218 1898 2428 1954 cavent,
2462 1890 2697 1958 pericula
2734 1890 2926 1955 vitant,
2956 1890 3180 1945 latibula
3222 1891 3323 1945 sibi
3360 1903 3550 1961 parant
3581 1896 3635 1950 in

2034 1981 2214 2051 plures
2238 1983 2414 2036 exitus
2439 1980 2780 2053 dispatentia.
2810 1982 3053 2050 profecto
3074 1982 3277 2054 aliquid
3303 1984 3627 2056 intelligunt.

2034 2074 2219 2129 Potest
2247 2074 2443 2145 aliquis
2473 2089 2671 2144 negare
2712 2074 2815 2128 illis
2846 2075 3026 2130 inesse
3060 2075 3348 2140 rationem,
3380 2092 3501 2131 cum
3536 2078 3633 2132 ho-

2034 2166 2233 2221 minem
2262 2166 2434 2236 ip~um
2464 2182 2609 2236 saepe
2629 2167 2932 2222 deludam?
2962 2166 3095 2223 Nam
3121 2167 3318 2238 quibus
3341 2170 3636 2237 generandi

2034 2258 2211 2314 mellis
2242 2258 2477 2314 oiliciutn
2520 2269 2624 2323 est,
2671 2274 2793 2314 cum
2839 2258 3142 2330 assignatas
3176 2260 3415 2315 incolunt
3453 2261 3634 2331 sedes,

2035 2362 2209 2407 castra
2256 2352 2523 2418 muniunt,
2557 2350 2827 2404 domicilia
2875 2351 3220 2406 inenarrabili
3263 2362 3379 2407 arte
3413 2368 3636 2424 compo-

2036 2454 2190 2509 nttnt,
2226 2443 2336 2513 regi
2366 2457 2466 2499 Suo
2496 2442 2777 2506 serviunt;
2819 2441 3003 2497 nescio
3047 2457 3115 2496 an
3158 2456 3264 2497 non
3298 2443 3349 2498 in
3390 2444 3471 2499 his
3512 2461 3634 2515 per—

2036 2538 2173 2593 iei-ta
2205 2538 2275 2591 sit
2305 2534 2605 2606 prudentia.
2631 2535 2899 2591 Incertum
2923 2546 3006 2591 cst
3034 2536 3212 2606 igitur,
3242 2547 3493 2594 utrumne
3518 2538 3633 2607 illa,

2036 2645 2158 2700 quae
2190 2628 2390 2682 homini
2416 2629 2748 2694 tribuuntur,
2779 2628 3086 2682 communia
3119 2629 3225 2682 sint
3254 2643 3375 2683 ciitn
3415 2630 3535 2685 aliis
3559 2631 3634 2685 vi-

2034 2721 2283 2777 ventibus
2327 2741 2341 2777 :
2384 2721 2659 2792 religionis
2698 2731 2848 2776 certe
2894 2730 3020 2775 sunt
3055 2724 3316 2789 expertia.
3366 2716 3630 2787 Equidem

2033 2815 2114 2870 sic
2151 2815 2404 2880 arbitror,
2435 2815 2702 2868 universis
2744 2813 3069 2868 animalibus
3098 2813 3278 2868 datam
3311 2830 3433 2870 esse
3469 2816 3633 2871 ratio-

2034 2919 2181 2971 nem,
2212 2903 2309 2960 sed
2337 2908 2497 2959 mutis
2527 2903 2899 2960 tantummodo
2927 2902 2995 2960 ad
3029 2906 3195 2961 vitam
3222 2906 3500 2975 tuendam,
3533 2905 3635 2965 ho-

1707 3035 2068 3097 VARIORUM
2105 3042 2335 3099 NOTAE.

393 3167 494 3294 ᾳυὶ
508 3167 915 3237 veresapiatJta
930 3169 1137 3224 restitui
1155 3184 1218 3224 ex
1234 3184 1363 3226 mss.
1383 3169 1923 3243 eted.Betul.Vulga-
1951 3176 1997 3239 C.
2102 3176 2507 3233 Providentiam.
2537 3177 2628 3235 Sic
2654 3184 2801 3233 recte
2840 3179 2971 3251 legit
3006 3180 3355 3239 Heumannus
3382 3200 3449 3242 ex
3492 3191 3631 3245 anu-

348 3240 389 3294 is
423 3240 1032 3294 erecunctisest.stmit.
1054 3238 1129 3294 Ed
1168 3238 1919 3294 Tornes.etWaicb..saniet.
2027 3249 2147 3294 nnis
2180 3253 2361 3294 multo:
2397 3247 2528 3294 miil-
2577 3251 2649 3294 lie
2690 3248 3022 3294 tirnvirluntin
3055 3263 3105 3294 ρι
3140 3253 3393 3294 imiimi“
3427 3250 3631 3294 imit"..-

328 3249 389 3295 tis

423 3242 519 3313 ’ere
532 3240 745 3313 cunctis
758 3250 861 3305 est,
878 3243 1032 3310 sopit.
1054 3238 1129 3294 Ed
1168 3238 1717 3313 TornesgetWalchu
1734 3238 1919 3313 sapiet.

391 3307 703 3381 Deligendo.
756 3312 849 3367 Sic
878 3307 1084 3367 restitui
1117 3328 1186 3366 ex
1215 3312 1348 3368 edit.
1388 3311 1546 3367 ROtn.
1580 3310 1719 3371 14711
1770 3307 1823 3370 cl
1856 3316 1920 3371 10

326 3382 729 3449 manuscriptis,
749 3382 1133 3439 accedentibus
1158 3383 1503 3443 aiiisdccetn,
1532 3386 1582 3437 itt
1608 3385 1800 3451 quibus
1814 3396 1918 3453 est,

325 3453 618 3526 diligendo;
646 3456 697 3507 in
725 3466 820 3510 sex
851 3468 902 3508 et
929 3455 980 3509 in
1008 3456 1133 3526 edit.
1161 3453 1332 3510 Betui.
1359 3456 1627 3525 eligendo;
1649 3460 1699 3509 itt
1723 3458 1756 3511 2
1783 3474 1918 3526 rec.,

325 3523 622 3599 diligenda;
652 3525 707 3599 in
736 3526 1044 3599 igrxtzttsis
1071 3524 1333 3599 deligens;
1361 3523 1456 3580 ini
1483 3528 1688 3599 Bonou.
1720 3523 1917 3599 antiq.,

324 3595 641 3671 adﬁgendg;
664 3597 719 3671 in
741 3596 955 3671 [Regq
984 3613 1116 3671 rec,
1140 3595 1379 3669 ﬁgrndo;
1408 3599 1457 3671 in
1484 3600 1504 3671 1
1538 3600 1607 3652 ai.
1632 3597 1791 3669 Reg.,
1816 3595 1919 3671 ﬁn?

324 3666 512 3742 genito.
547 3666 680 3742 Yide
709 3666 1006 3742 infracirca
1031 3666 1195 3724 linem
1218 3671 1409 3742 capitis
1436 3668 1525 3734 10,
1576 3671 1630 3724 in
1676 3666 1922 3742 religione

325 3737 618 3809 deligenda,
645 3741 698 3794 in
725 3739 974 3795 omnibus
1000 3755 1127 3794 mss.
1164 3752 1215 3795 et
1239 3740 1419 3795 ctlitis.

397 3812 532 3883 Quia
547 3821 741 3880 quanto
761 3812 925 3883 pluris
945 3822 1017 3866 est
1036 3814 1227 3867 anima.
1252 3813 1399 3867 Sano
1421 3828 1582 3868 sensu
1611 3813 1920 3883 accipienda

325 3882 543 3955 esth.t-c
560 3882 852 3948 sententia,
885 3899 952 3955 ue
974 3882 1079 3938 ulla
1115 3886 1204 3938 Dct
1250 3900 1373 3955 cum
1405 3884 1602 3938 mundo
1643 3890 1923 3955 proportio

326 3952 632 4021 inducatur,
664 3966 784 4025 qua:
810 3954 959 4010 nulla
1004 3970 1124 4011 esse
1154 3964 1330 4028 potest
1362 3954 1550 4082 Ῐιιίῖἃιιί
1581 3952 1702 4010 cum
1746 3952 1918 4014 linito.

1496 4041 1707 4082 lVE’l‘US.

1496 4041 1707 4085 lVETUS.

396 4095 704 4169 Utrumque.
739 4096 976 4164 Scilicet,
1001 4098 1233 4154 mundus
1264 4103 1559 4169 elocutus.

393 4167 535 4222 Dens
554 4167 726 4222 animo
747 4170 1170 4239 contemplandas
1197 4181 1289 4225 est.
1323 4168 1394 4225 ita
1430 4170 1641 4226 restitui
1676 4186 1743 4227 ex
1790 4171 1920 4228 edit.

324 4238 602 4312 Gymnic.,
637 4241 834 4312 Betul.,
867 4241 1096 4312 Turpes.
1122 4257 1183 4295 ac
1206 4240 1477 4297 Soubron.
1505 4253 1554 4297 et
1606 4256 1666 4296 ex
1718 4243 1925 4301 cunctis

322 4310 458 4382 pene
491 4327 626 4366 mss.
658 4311 714 4365 In
738 4310 949 4366 ueteris
974 4312 1238 4382 vulgatis,
1271 4318 1407 4368 sicut
1467 4316 1516 4367 iti
1551 4314 1574 4368 1
1612 4311 1769 4371 Coll).
1812 4333 1921 4371 rec.

323 4395 427 4447 est,
456 4386 667 4438 animo:
698 4383 789 4437 sed
814 4390 867 4456 et
895 4385 1124 4438 animum
1173 4384 1309 4439 ini‘ra
1341 4384 1563 4456 legimus
1595 4386 1647 4441 in
1676 4388 1926 4444 omnibus
1953 4395 2007 4455 Ι)

325 4464 433 4508 tum
455 4469 590 4509 mss.
625 4465 733 4508 tum
766 4454 944 4511 editis.

396 4524 761 4595 Anaxagoras,
789 4525 857 4578 ml
892 4542 1004 4596 qua:
1030 4522 1267 4580 videnda.
1301 4526 1530 4583 Secutus
1570 4544 1687 4582 sum
1738 4540 1928 4585 manu-

322 4598 557 4666 scriptos
588 4611 605 4651 ι
631 4596 789 4666 Reg,
820 4596 1159 4654 Emmanuel.
1190 4614 1253 4652 ac
1278 4598 1313 4652 2
1338 4598 1498 4654 Bruti.
1523 4608 1575 4653 et
1593 4600 1721 4655 edit.
1758 4599 1926 4658 Torn.

324 4664 603 4741 Sonbron.
633 4679 686 4723 et
714 4664 930 4724 Wait'h.
965 4670 1017 4724 In
1045 4671 1079 4724 ‘2
1099 4668 1317 4724 Clarom
1350 4713 1364 4736 ,
1396 4672 1426 4725 7
1453 4672 1583 4741 Reg.
1616 4680 1670 4726 et
1700 4671 1859 4728 edios
1895 4668 1928 4729 4

323 4749 429 4815 est,
460 4739 532 4792 ad
561 4756 761 4815 eaquae
782 4741 1018 4815 videnda,
1038 4742 1210 4815 male.
1239 4741 1485 4815 Gymnic.
1522 4739 1857 4815 Anaxagoras
1871 4760 1931 4799 ea

324 4812 394 4863 ad
417 4828 534 4879 qua:
561 4812 778 4885 videnda
802 4828 822 4878 ;
848 4810 899 4866 itt
920 4812 1246 4881 editionibus
1272 4810 1459 4885 'i‘hysii
1481 4826 1533 4871 et
1551 4810 1761 4882 Gallici,
1782 4816 1851 4870 ad
1872 4833 1931 4871 ea

325 4886 393 4936 ad
422 4897 540 4950 quia
569 4884 810 4938 videnda.

397 4953 599 5008 Pietas.
630 4954 739 5008 lloc
770 4953 889 5009 vide
910 4953 959 5009 itt
990 4952 1301 5016 Pimandro.
1329 4971 1378 5012 c.
1408 4954 1462 5013 9.

400 5025 469 5079 In
509 5026 631 5098 sola
652 5025 898 5098 religione
940 5037 1031 5081 est.
1075 5028 1215 5093 Lege
1256 5028 1545 5083 Eusebium
1575 5028 1715 5085 libro
1756 5029 1931 5086 unde-

326 5096 474 5151 cimo
504 5094 577 5151 de
615 5094 906 5169 Praeparat.
954 5098 1294 5169 Evattgelit‘a.
1326 5115 1445 5169 cap.
1473 5101 1527 5154 Ξ.
1559 5102 1662 5156 Sed
1709 5101 1933 5157 Lactan-

330 5170 438 5222 tius
466 5169 537 5221 ita
570 5177 652 5222 est
694 5168 1173 5239 intelligendusJIt
1203 5172 1391 5240 religio
1417 5172 1485 5226 sit
1506 5174 1638 5226 ratio
1663 5184 1716 5227 et
1742 5174 1934 5228 modus

328 5240 527 5309 quibus
585 5240 898 5315 pervenitur
945 5242 1009 5295 ad
1059 5257 1327 5315 sumntum
1358 5245 1602 5315 bonum,
1658 5246 1799 5315 quod
1852 5253 1936 5300 cst

332 5323 541 5365 mterna
564 5312 751 5381 optimi
777 5318 939 5379 atque
967 5315 1185 5367 maximi
1223 5314 1312 5368 Dei
1343 5314 1543 5369 fruitio.

410 5381 635 5435 Itidmdi
661 5399 881 5454 quoque.
909 5384 997 5454 Sic
1019 5386 1233 5454 reposui
1260 5401 1327 5440 ex
1351 5404 1451 5441 ms.
1474 5396 1529 5441 et
1554 5385 1712 5441 editis
1738 5384 1932 5454 T0rn.,

332 5452 607 5527 Soubron.
629 5466 682 5506 et
701 5452 915 5527 Watch.
939 5452 1133 5510 Caneri
1159 5457 1353 5526 vulgati
1381 5456 1598 5521 habent,
1619 5452 1933 5527 ridendique.

409 5524 684 5577 Altudunt.
708 5524 1933 5598 Alludereestadblatidtri,biantlitiisraptare,

338 5598 699 5673 ⁸ξτρτιινττᾳείζιειν.
733 5596 807 5673 ηε
836 5596 939 5673 Ira,
970 5614 1018 5673 (ξ.
1050 5598 1214 5673 7:_.‘id
1244 5599 1410 5653 lusum
1451 5602 1691 5673 grsliuitl,
1712 5596 1935 5658 Terent.

344 5666 587 5737 Eutiurh.
622 5683 710 5730 tu,
747 5668 770 5723 1
815 5689 828 5722 :
860 5667 1019 5737 Coepit
1058 5669 1127 5723 ad
1164 5672 1219 5723 id
1260 5666 1480 5725 sror-tuin
1520 5672 1766 5725 alludere.
1806 5672 1932 5730 BUN.

420 5735 710 5819 “opimant.
744 5735 958 5819 S-ciltcet
988 5738 1247 5819 formicm,
1282 5740 1351 5797 de
1380 5745 1576 5814 quibus
1606 5744 1734 5800 dicit
1759 5744 1940 5819 Scrip-

342 5811 463 5863 tura
497 5804 509 5863 ξ
554 5804 711 5882 Vade,
742 5807 905 5883 ρίου,
932 5810 1000 5865 ad
1030 5809 1319 5887 formicam.

2027 3249 2147 3318 quis
2180 3253 2361 3304 multis
2397 3247 2528 3303 edit.
2577 3251 2649 3303 De
2690 3247 3023 3315 providentia
3055 3263 3111 3308 et
3140 3253 3393 3311 instinctu
3426 3250 3634 3315 bellua-

2028 3336 2146 3391 rum
2177 3320 2344 3389 legas,
2374 3322 2416 3373 si
2444 3321 2639 3390 placet,
2671 3321 2840 3375 libros
2872 3332 2901 3375 a
2935 3326 3097 3379 variis
3136 3326 3333 3391 editos,
3370 3330 3576 3387 scilicet
3601 3338 3630 3387 a

2027 3390 2271 3469 Pardken
2306 3394 2498 3469 societ.
2539 3392 2703 3469 Jesu,
2741 3404 2796 3447 et
2839 3408 3153 3469 anonyttios
3195 3406 3306 3469 tntn
3351 3398 3627 3469 Lugduni,

2029 3470 2141 3515 tum
2196 3462 2609 3529 Ainstciodami,
2664 3474 2776 3515 tuin
2827 3462 3000 3518 etiam
3037 3463 3256 3521 Parisiis
3312 3462 3510 3527 editos.
3559 3462 3633 3515 -ἑ

2027 3530 2437 3611 Ρνουξίωιιςαιηἶ
2481 3532 2556 3587 Ita
2602 3534 2889 3611 persuadet
2933 3536 3083 3591 locns
3121 3540 3366 3607 geminus
3416 3542 3483 3596 de
3526 3543 3626 3611 Ira,

2026 3604 2208 3681 cap.‘7
2237 3622 2254 3681 ξ
2301 3602 2437 3681 Quid
2464 3602 2816 3681 ⁸(ιιηιίιιοηιιηὶ
2858 3602 3148 3676 proprium,
3184 3624 3406 3678 quam...
3455 3602 3629 3681 pravi;

2029 3675 2199 3726 dentitt
2225 3672 2430 3744 futuri?
2460 3675 2591 3729 BUN.
2858 3672 2867 3676 ”
2957 3672 2965 3676 ⁷
3131 3672 3150 3705 ’-

2101 3761 2513 3847 Ra_l_ionis,hetc.
2545 3765 2718 3847 instar
2747 3768 3119 3847 commentarii
3151 3770 3202 3824 itt
3228 3768 3281 3826 h.
3315 3771 3353 3847 l_.
3386 3790 3509 3831 esse
3536 3792 3631 3847 po-

2030 3844 2136 3914 test
2178 3836 2325 3891 liter.
2369 3835 2580 3914 Rorarii
2620 3840 2838 3909 elegans
2876 3843 3158 3914 scripturn,
3195 3843 3334 3914 quod
3375 3835 3631 3905 animalia

2029 3906 2182 3960 bruta
2203 3924 2362 3988 saepe
2388 3910 2591 3988 ratione
2621 3906 3065 3988 utanturtnclius
3100 3906 3513 3988 Ιιέιῃῖηιθιψιηό
3539 3936 3631 3976 re‘

2028 3982 2238 4057 cenant
2261 3992 2314 4057 et
2330 3976 2972 4057 doctisannotationibus
2991 3994 3139 4039 auxu
3165 3982 3229 4041 G.
3252 3976 3628 4057 ilfltibovius,

2028 4048 2258 4104 Heltnst.
2294 4051 2455 4110 1728.
2489 4053 2544 4107 8.
2580 4052 2715 4107 BDN.

2102 4142 2449 4218 Dispatentia.
2484 4143 2607 4218 Hoc
2635 4147 2882 4207 verbum.
2926 4145 3054 4218 licet
3093 4148 3432 4218 inusitatum,
3462 4156 3627 4210 resti-

2031 4214 2105 4268 ttti
2148 4231 2211 4269 ex
2248 4214 2517 4269 Veteribus
2547 4217 2706 4269 editis
2740 4218 2911 4271 tribus
2947 4217 3208 4274 Romanis
3236 4238 3301 4276 ac
3344 4214 3532 4279 Venet.
3573 4228 3629 4281 ei

2028 4285 2101 4340 24
2130 4287 2947 4362 inattmcrtptis.accedentibus
2973 4289 3090 4342 aliis
3122 4293 3312 4362 tribus,
3350 4293 3401 4346 in
3430 4295 3626 4362 quibus

2031 4369 2133 4433 est,
2176 4358 2512 4429 άιεραιαηιὲα.
2538 4358 2599 4433 _ln
2630 4360 2664 4413 8
2703 4373 2812 4433 ree.
2856 4362 3071 4433 scriptis
3108 4372 3162 4414 et
3205 4361 3274 4415 12
3318 4358 3480 4418 editis
3519 4378 3624 4433 est,

2032 4430 2370 4504 disparenna.
2404 4430 2803 4504 Atilispatentia
2834 4432 3008 4498 aptius
3032 4443 3115 4484 est
3140 4434 3261 4504 hinc
3282 4430 3624 4504 argumento.

2033 4499 2132 4575 Hic
2173 4499 2409 4568 loquitur
2450 4501 2518 4552 de
2558 4500 2861 4575 cuniculis,
2912 4514 3142 4575 quorum
3192 4499 3409 4559 latibula
3445 4516 3628 4575 plures

2036 4572 2233 4645 habent
2263 4578 2458 4645 exitus.
2490 4592 2564 4610 -ι-
2587 4568 2665 4645 _ln
2696 4570 2897 4645 plures,
2922 4568 3090 4645 ego...
3141 4568 3472 4645 disputentin'.
3515 4580 3630 4636 Huc

2034 4643 2228 4721 iterum
2260 4640 2481 4721 faciunt,
2501 4646 2569 4695 de
2586 4641 2665 4695 ll'il
2684 4681 2700 4708 ,
2723 4654 2843 4711 cap.
2869 4643 2899 4696 7
2925 4642 3094 4721 :Sunt
3116 4640 3384 4708 cubitalia.
3407 4666 3524 4721 quin
3550 4652 3631 4707 lac

2034 4712 2205 4769 tibulis
2247 4715 2355 4766 suis
2394 4713 2620 4788 diversos
2650 4726 2698 4788 et
2747 4726 2926 4782 plures
2970 4718 3148 4770 exitus
3194 4712 3465 4788 pandani,
3504 4733 3629 4780 ut...

2034 4788 2160 4857 fuga
2189 4792 2356 4854 puteal
2385 4785 2619 4838 obsessis.
2646 4785 2778 4839 BDN.

2112 4878 2248 4957 Nam
2276 4877 2460 4957 quibus
2484 4879 2763 4957 generandi
2793 4878 2977 4957 mellis,
3007 4889 3112 4936 etc.
3136 4880 3195 4937 In
3214 4896 3383 4957 apum
3416 4882 3631 4957 ingenio

2036 4949 2398 5026 describendo
2451 4948 2669 5026 ingenii
2699 4952 3162 5026 vires‘trin-runt
3211 4948 3629 5026 ingeniosissimi

2039 5022 2308 5080 liOttiittes.
2340 5018 2484 5076 Maro
2512 5018 2563 5074 ct
2596 5021 2833 5076 Plinius:
2864 5023 2953 5077 hic
2985 5025 3123 5078 libro
3156 5018 3439 5080 unaccttno
3465 5027 3630 5081 Natu-

2037 5093 2166 5147 ralis
2194 5093 2450 5151 historiae.
2475 5093 2562 5145 ille
2581 5092 2830 5163 Georgio.
2856 5105 3080 5163 quarto;
3102 5106 3157 5150 ut
3178 5096 3391 5151 interim
3417 5100 3630 5153 Aristo-

2039 5167 2222 5223 telcm,
2256 5164 2633 5225 Lolnmellatn.
2677 5165 2991 5232 Palladium,
3029 5177 3083 5219 et
3122 5168 3257 5221 alios
3302 5180 3633 5224 recentiores

2038 5243 2333 5311 tat'eatttus.
2357 5233 2449 5303 qui
2478 5248 2530 5288 et
2573 5237 2672 5305 ipsi
2700 5238 2913 5305 egregia
2943 5237 3012 5291 de
3041 5236 3123 5292 bis
3149 5240 3423 5294 Meritoria:
3453 5239 3635 5311 prodis

2039 5307 2251 5362 derunt.
2276 5305 2565 5362 GALLsz.

2112 5380 2192 5431 An
2221 5382 2386 5456 nonin
2409 5381 2488 5432 Ius
2506 5377 2809 5456 perfectas“
2837 5376 3111 5456 prudentia
3150 5377 3240 5436 Sic
3270 5379 3415 5453 lego,
3431 5396 3634 5456 appro.

2040 5449 2202 5521 hante
2226 5451 2536 5504 doctissimo
2562 5448 2784 5503 Fraocio
2808 5463 2875 5501 ex
2896 5448 2931 5501 2
2953 5447 3087 5519 Reg.
3113 5447 3517 5521 optitttafnotti‘,’
3532 5458 3630 5514 eti

2042 5518 2277 5576 Claram.
2297 5520 2471 5594 inquo
2491 5518 3167 5594 1]ιί1,ριοημιρνίιιικηιέιηυξ
3192 5536 3374 5594 postea
3394 5518 3633 5584 eranum.

2120 5593 2406 5646 llutionem.
2443 5592 2809 5658 lmporlec.ain
2840 5594 3058 5647 scilicet.

2116 5664 2197 5716 Ad
2250 5666 2402 5716 vitam
2455 5661 2715 5715 tuendum.
2769 5660 2943 5716 Nolim
2990 5679 3019 5719 a
3059 5669 3323 5723 constanti
3375 5667 3634 5724 Lactantii

2050 5735 2237 5802 pbrasi
2262 5737 2440 5811 abire,
2473 5735 2515 5811 l._
2539 5740 2701 5811 tunc.
2735 5738 2768 5789 8
2798 5753 2811 5789 :
2842 5734 2988 5811 Sicut
3023 5737 3217 5793 honuni
3253 5737 3430 5811 opibus
3458 5740 3526 5811 ad
3555 5737 3632 5792 vl-

2052 5816 2155 5860 tam
2186 5805 2467 5871 tuendam;
2497 5804 2571 5859 ita
2601 5802 2706 5859 illis
2752 5810 2930 5877 prada
2968 5812 3017 5861 et
3054 5810 3244 5879 pabulo
3282 5802 3429 5880 opus.
3464 5808 3528 5865 L.
3558 5818 3635 5880 rt,
