4154 6196
457 303 563 341 διε)

1549 273 1731 328 “Rhl.
1773 265 2143 325 LACTANTII
2186 262 2392 321 DIVI‘N.
2439 260 2679 320 lNSTlT.

3659 254 3766 310 376

453 401 582 458 mini
612 402 771 455 ctiam
799 396 864 450 ad
895 393 1316 466 propagandam.
1353 391 1418 446 Et
1447 391 1570 460 quia
1602 387 1654 443 in
1687 387 1908 442 homine
1941 384 2055 454 ipsa
2085 387 2137 447 Α
2161 380 2311 437 nullo
2354 378 2514 436 modo
2556 391 2843 449 possumus
2879 395 2891 431 :
2925 374 3049 446 quia
3096 372 3227 430 nihil
3275 371 3541 444 ejusmodi
3589 380 3767 444 potest

454 495 592 549 ratio
624 491 854 563 perfecta
892 498 996 555 est,
1035 488 1295 558 sapientia
1333 484 1679 540 nominatur:
1711 496 1830 553 quae
1863 480 1915 533 iu
1950 479 2052 533 hoc

455 587 712 643 cxunium
746 583 867 637 facit
899 582 1193 641 hominem,
1225 579 1367 650 quod
1405 581 1502 631 soli
1535 577 1720 631 datum
1761 582 1844 628 est
1883 572 2049 628 intel-

455 679 621 749 ligere
643 675 846 730 divina.
877 675 989 743 Qua
1015 674 1083 729 de
1115 690 1172 728 re
1201 670 1477 728 Ciceronis
1503 685 1628 724 vera
1653 679 1734 722 est
1759 665 2046 722 sententia.

458 790 481 824 ς
516 772 595 826 Es
629 780 727 830 tot.
755 769 948 839 inquit,
979 768 1268 838 generibus
1298 767 1501 821 nullum
1528 774 1608 820 est
1628 762 1826 818 animal
1856 774 2054 831 praeter

453 862 757 928 hominem,
788 862 930 933 quod
963 861 1160 916 habent
1189 861 1430 914 notitiam
1467 857 1700 928 aliquam
1741 857 1865 920 Dei;
1895 853 2052 924 ipsis-

457 972 560 1028 que
590 958 642 1011 in
674 955 984 1010 hominibus
1014 955 1158 1009 nulla
1186 969 1321 1024 gens
1348 962 1453 1018 est,
1489 964 1664 1021 neque
1685 958 1790 1003 tam
1825 949 2054 1003 imman-

454 1059 629 1114 sueta,
677 1064 851 1118 tteque
894 1056 1003 1102 tam
1039 1045 1189 1112 fera,
1235 1062 1356 1117 quae
1397 1061 1537 1112 non,
1581 1043 1795 1098 etiamsi
1841 1043 2054 1111 ignoret

457 1143 671 1214 qualem
745 1142 912 1196 Deum
977 1139 1165 1194 haberi
1221 1139 1444 1205 deceat,
1506 1148 1684 1192 tamen
1743 1133 2052 1190 habendum

457 1238 612 1290 sciat.
656 1255 674 1287 ι
713 1235 789 1289 Ex
822 1249 929 1305 quo
969 1233 1220 1301 efﬁcitur,
1262 1243 1322 1287 ut
1359 1234 1404 1286 is
1432 1240 1688 1301 agnoscat
1718 1229 1907 1292 Deum,
1939 1231 2051 1298 qui,

455 1330 601 1386 nmle
631 1339 782 1384 ortus
825 1330 914 1390 sit,
946 1327 1101 1398 quasi
1141 1326 1480 1382 recordetur.
1511 1325 1612 1393 Qui
1645 1339 1776 1394 ergo
1812 1322 2052 1394 philoso-

461 1423 552 1493 phi
585 1422 766 1474 volunt
793 1421 1002 1474 animos
1025 1419 1172 1473 omni
1201 1428 1345 1473 metu
1384 1417 1638 1480 liberare,
1669 1416 1861 1470 tollunt
1890 1414 2053 1470 etiam

461 1515 800 1584 religionem,
831 1522 885 1567 et
928 1513 1122 1568 orbant
1161 1511 1435 1566 hominem
1469 1526 1568 1565 suo
1593 1511 1813 1582 proprio
1839 1525 1902 1565 ac
1941 1509 2054 1565 siu-

457 1608 626 1678 gulari
671 1609 830 1670 bono,
877 1605 1017 1676 quod
1063 1613 1148 1660 est
1193 1620 1223 1658 a
1274 1614 1419 1659 recte
1461 1603 1728 1668 vivendo,
1776 1615 1939 1674 atque
1985 1604 2054 1659 ab

455 1705 601 1761 omni
644 1703 977 1758 humanitate
1003 1701 1330 1771 disjunctutu
1365 1719 1377 1756 :
1411 1705 1534 1772 quia
1565 1701 1741 1768 Deus,
1775 1711 1833 1755 ιιι
1859 1710 2050 1757 cuncta

2168 473 2458 545 cogitando
2489 471 2737 537 inveniri,
2766 470 2908 525 sicut
2937 483 3098 538 supra
3123 465 3305 522 docui.
3341 465 3605 536 Religioni
3631 480 3762 536 ergo

2164 567 2511 624 serviendum
2546 575 2631 621 est
2668 580 2828 637 quam
2860 564 2950 634 qui
2995 577 3100 617 non
3125 561 3370 630 suscipit,
3399 560 3512 626 ipse
3549 573 3608 613 se
3633 572 3762 629 pro-

2155 662 2348 719 sternit
2380 663 2432 716 in
2468 669 2684 724 terram,
2723 667 2778 713 et
2807 659 2970 712 vitam
2999 655 3262 726 pecudum
3292 662 3535 715 secutus,
3569 651 3763 707 huma-

2155 759 2319 814 nitate
2368 770 2428 812 se
2477 755 2710 809 abdicat.
2755 751 3122 821 Sapientiores
3166 764 3297 821 ergo
3339 745 3615 816 imperiti,
3665 745 3764 816 qui

2154 852 2317 908 etiam
2349 851 2392 904 si
2426 858 2609 904 errant
2637 846 2688 901 iu
2713 845 2974 918 religione
3002 841 3306 913 deligenda,
3349 850 3526 896 tamen
3557 848 3764 897 natura:

2155 962 2267 1003 sua:
2296 942 2731 1013 conditionisque
2757 941 3139 996 meminerunt.

2774 1081 3003 1139 CAPUT
3045 1081 3138 1138 XI.

2363 1199 2444 1256 De
2471 1200 2733 1273 religione,
2765 1198 3041 1268 sapientia,
3073 1214 3134 1252 ac
3157 1212 3356 1253 summa
3389 1198 3543 1253 bono.

2225 1338 2451 1394 Constat
2477 1337 2658 1409 igitur,
2688 1336 2851 1391 totius
2874 1334 3094 1390 humani
3114 1334 3330 1404 generis
3350 1347 3644 1399 consensu,
3670 1347 3763 1388 re-

2154 1432 2409 1503 ligionem
2436 1431 2638 1500 suscipi
2670 1437 2928 1498 oportere
2959 1446 2973 1484 :
3006 1427 3102 1483 sed
3134 1427 3409 1497 quomodo
3436 1426 3488 1481 iu
3519 1441 3583 1480 ea
3607 1439 3762 1481 erre-

2158 1535 2245 1581 tur
2279 1522 2657 1593 explicandum
2705 1529 2808 1577 est.
2863 1519 3120 1576 Naturam
3161 1517 3400 1574 hominis
3441 1517 3578 1572 hanc
3621 1516 3765 1572 Deus

2157 1632 2278 1673 esse
2317 1615 2520 1679 voluit,
2558 1626 2617 1669 ιιι
2645 1613 2873 1669 duarum
2917 1628 3099 1667 rerum
3143 1609 3370 1681 Cupidus
3410 1618 3466 1664 et
3503 1615 3766 1679 appetens

2160 1718 2341 1776 esset,
2381 1707 2658 1779 religionis
2693 1718 2747 1762 et
2773 1705 3078 1777 sapientiae.
3107 1703 3214 1760 Sed
3241 1703 3486 1758 homines
3515 1701 3636 1758 ideo
3663 1699 3767 1756 τηι-

453 1800 687 1855 viventia
735 1797 966 1867 subjecit
1005 1795 1235 1863 homini,
1281 1795 1359 1850 sic
1402 1795 1575 1866 ipsum
1616 1794 1886 1850 hominem
1928 1795 2050 1850 sibi.
2086 1777 2136 1838 Β
2164 1803 2382 1866 Iuntur,
2411 1777 2553 1868 quod
2591 1809 2684 1854 aut
2711 1798 3026 1868 religionem
3073 1796 3404 1868 suscipiunt,
3437 1796 3636 1850 omissa
3675 1809 3768 1850 sa-

460 1890 594 1946 Nam
625 1888 750 1961 quid
789 1898 894 1956 est,
925 1903 1022 1944 cur
1053 1888 1212 1943 iidem
1243 1888 1343 1958 ipsi
1375 1887 1672 1958 disputent,
1707 1902 1772 1942 eo
1811 1887 2054 1958 dirigen-

457 1984 582 2038 dam
616 1997 737 2038 esse
774 1990 1030 2047 mentem,
1073 1997 1180 2052 quo
1221 1981 1398 2034 vultus
1431 1990 1646 2035 erectus
1674 1979 1795 2034 est?
1826 1979 1882 2033 Si
1912 1981 2055 2034 enim

458 2075 614 2130 nobis
642 2076 695 2129 in
723 2075 918 2130 cmlum
943 2073 1299 2143 Spectandum
1327 2083 1434 2138 est,
1457 2073 1522 2127 ad
1543 2071 1676 2127 nihil
1701 2072 1847 2127 aliud
1871 2073 2057 2141 utique

458 2183 617 2235 quam
646 2168 716 2221 ob
746 2166 1079 2235 religionem.
1124 2164 1179 2219 Si
1211 2165 1397 2236 religio
1442 2165 1684 2230 tollitur,
1717 2165 1858 2220 uttlla
1898 2165 2056 2220 nobis

455 2258 600 2312 ratio
637 2273 758 2312 cum
793 2257 931 2312 ccelo
962 2265 1064 2311 est.
1100 2257 1285 2327 Itaque
1320 2267 1412 2310 aut
1447 2271 1514 2312 eo
1551 2266 1637 2313 est
1680 2257 2056 2327 spectandum,

459 2359 554 2405 aut
580 2352 630 2404 in
664 2359 858 2404 terram
884 2349 1368 2419 procumbendum.
1396 2349 1453 2404 In
1479 2361 1675 2406 terram
1701 2352 2060 2421 procumbere

460 2458 531 2497 ne
584 2443 627 2497 si
678 2443 904 2498 velimus
954 2441 1170 2512 quidem
1231 2459 1545 2513 possumus,
1603 2460 1832 2515 quorum
1887 2457 2058 2502 status

460 2546 643 2592 rectus
670 2545 772 2591 est.
805 2536 862 2591 In
894 2535 1089 2591 caelum
1119 2537 1280 2608 igitur
1309 2539 1658 2607 Spectandutu
1689 2548 1794 2604 est,
1825 2554 1932 2610 quo
1964 2556 2060 2596 na-

461 2638 582 2685 tura
611 2630 857 2700 corporis
889 2638 1163 2700 provocat.
1199 2629 1353 2698 Quod
1381 2629 1426 2684 si
1455 2640 1666 2686 constat
1703 2647 1823 2688 esse
1860 2632 2063 2688 facien-

461 2723 612 2789 dum,
645 2731 737 2778 aut
764 2723 885 2778 ideo
909 2735 991 2777 est
1024 2722 1352 2790 faciendum,
1389 2733 1445 2779 ut
1467 2725 1711 2795 religioni
1735 2727 2062 2794 serviamus,

463 2826 556 2871 aut
598 2816 748 2879 ideo,
793 2825 851 2871 ut
891 2817 1154 2871 rationem
1196 2833 1376 2873 rerum
1425 2819 1729 2874 caelestium
1769 2835 2066 2891 cognosca-

464 2924 605 2964 mus.
659 2907 766 2965 Sed
831 2909 1094 2965 rationem
1146 2925 1330 2967 rerum
1376 2911 1681 2970 cmlestium
1735 2929 2069 2986 cognoscere

2159 1893 2385 1966 pientia,
2425 1901 2517 1947 aut
2541 1891 2821 1961 sapientiae
2849 1889 2950 1946 soli
2975 1891 3212 1956 student,
3243 1889 3444 1944 omissa
3484 1887 3766 1958 religione,

2159 2003 2282 2043 cum
2310 1986 2538 2044 alterum
2569 1988 2683 2041 sine
2711 1987 2882 2041 altero
2910 1998 3036 2040 esse
3073 1999 3178 2039 non
3209 1983 3382 2054 possit
3410 1997 3624 2036 verum.
3659 1979 3768 2034 Ca-

2161 2079 2295 2135 dttut
2321 2094 2450 2150 ergo
2475 2077 2542 2132 ad
2570 2077 2894 2147 multiplices
2919 2076 3214 2146 religiones
3239 2115 3254 2135 .
3295 2072 3391 2128 sed
3427 2073 3547 2127 ideo
3576 2071 3769 2136 falsas,

2162 2173 2286 2243 quia
2318 2171 2634 2242 sapientiam
2668 2169 3037 2239 reliquerunt,
3067 2182 3186 2237 qua!
3216 2165 3340 2220 illos
3381 2163 3582 2220 docere
3613 2171 3772 2234 pote-

2166 2272 2253 2320 rat
2291 2263 2423 2319 deos
2463 2263 2664 2316 multos
2711 2275 2832 2316 esse
2879 2275 2984 2316 non
3030 2273 3188 2329 posse
3232 2267 3376 2313 :aut
3420 2257 3640 2311 student
3680 2269 3772 2310 sa-

2165 2358 2416 2430 pientite,
2445 2357 2542 2412 sed
2575 2355 2694 2410 ideo
2723 2354 2870 2410 falsze
2891 2395 2908 2421 ,
2940 2352 3063 2424 quia
3096 2351 3416 2423 religionem
3449 2351 3644 2406 summi
3677 2349 3773 2406 Dei

2167 2452 2489 2519 omiserunt,
2522 2451 2612 2521 qui
2643 2463 2738 2504 eos
2777 2447 2844 2502 ad
2875 2447 2989 2502 veri
3021 2447 3301 2502 scientiam
3333 2447 3504 2517 potuit
3534 2443 3772 2501 erudire.

2166 2544 2255 2603 Sic
2280 2545 2546 2608 homines,
2568 2543 2658 2614 qui
2680 2542 2998 2597 alterutrum
3024 2539 3351 2611 suscipiunt,
3377 2541 3516 2594 viam
3535 2538 3774 2606 deviam,

2167 2638 2523 2707 maximisque
2569 2635 2846 2691 erroribus
2893 2633 3105 2705 plenam
3144 2643 3476 2702 sequuntur,
3507 2633 3764 2703 quoniam

2170 2733 2224 2788 in
2256 2731 2342 2786 his
2383 2729 2592 2784 duobus
2638 2725 3074 2797 inseparabiliter
3113 2723 3409 2789 connexis,
3439 2732 3493 2778 et
3533 2721 3776 2778 ofﬁcium

2170 2822 2402 2878 hominis
2422 2863 2436 2889 ,
2475 2831 2530 2876 et
2560 2819 2758 2875 veritas
2805 2817 2983 2872 omnis
3015 2817 3218 2872 inclusa
3250 2825 3356 2872 est.
3393 2815 3558 2871 Miror
3588 2815 3774 2886 itaque

2171 2916 2378 2972 nullum
2407 2913 2628 2970 omnino
2671 2909 3118 2984 philosophorum
3149 2907 3416 2978 extitisse,
3447 2907 3539 2980 qui
3567 2906 3772 2973 sedem,

1758 3052 2121 3111 VARIORUM
2160 3052 2392 3112 ΝΟΤᾹΞ.

467 3208 517 3267 cp.
541 3193 612 3249 2t)
643 3194 1066 3267 ελνιΙι-σρρειαηιμ.
1097 3194 1279 3267 quittus
1317 3209 1446 3264 opus
1489 3203 1562 3250 est
1605 3195 1675 3248 ad
1725 3195 1882 3250 vitam
1923 3204 2069 3251 tuen-
2097 3198 2144 3262 C
2179 3194 2263 3250 nis
2291 3193 2413 3267 fuit,
2437 3192 2490 3267 id
2515 3190 2774 3247 ostendit.
2794 3188 3141 3267 Alamblichus
3178 3188 3247 3245 de
3271 3188 3571 3267 mysteriis,
3598 3191 3778 3246 statim

469 3265 610 3322 dam.
644 3265 732 3322 Sic
761 3263 1005 3332 Ot'idius,
1035 3264 1074 3321 l.
1105 3263 1155 3320 tv
1181 3263 1436 3322 Pont.el.
1465 3267 1516 3334 5,
1550 3282 1604 3320 v.
1629 3267 1718 3322 57.

595 3382 773 3447 Addita
797 3387 1045 3446 praeterea
1069 3384 1180 3432 vitm
1203 3396 1402 3447 quoque
1423 3384 1574 3435 multa
1594 3384 1791 3436 tuenda:

656 3444 880 3504 Munera,
909 3458 972 3494 ne
992 3444 1526 3509 proprias‘attenuaret
1548 3460 1687 3508 Opes.
1878 3449 2006 3500 BUN.

547 3548 761 3603 Homini
788 3548 1032 3602 etiamad
1061 3549 1472 3617 prapagandam.
1513 3549 1589 3603 Ex
1625 3563 1757 3602 mss.
1782 3551 2072 3618 quamplu-

471 3621 624 3677 rihus
665 3630 719 3674 ct
760 3620 889 3674 edit.
931 3619 1186 3683 Tornes.,
1235 3620 1535 3684 Soubroii.,
1566 3620 1792 3686 Cellar.,
1829 3621 2072 3685 Walch.,

472 3695 688 3758 reposui
721 3693 908 3754 etiam;
935 3693 1077 3761 quod
1103 3692 1422 3761 conciunins
1449 3701 1554 3755 est,
1579 3707 1737 3759 quam
1760 3703 1932 3744 autem
1956 3693 2075 3746 vul-

471 3775 720 3834 gaturum
747 3773 801 3816 ct
828 3763 862 3816 4
889 3760 1232 3834 scriptorum.
1269 3760 1395 3834 _No_n
1427 3765 1568 3815 enim
1611 3775 1837 3834 negatur
1866 3762 2070 3817 homini

472 3831 636 3888 vitam
664 3849 783 3888 esw
815 3836 1087 3890 tuendam.
1113 3832 1206 3886 sed
1233 3831 1377 3885 aliud
1404 3833 1732 3902 adjungitur.
1757 3831 2074 3888 (leum.—

473 3906 556 3960 Ad
594 3904 1001 3972 propagandam.
1047 3903 1245 3958 Inscite
1272 3903 1488 3972 quidam
1518 3903 1852 3957 Lactantittm
1886 3913 2075 3974 putant

473 3976 620 4043 laqui
643 3975 710 4029 de
741 3974 1125 4044 propagatione
1159 3989 1258 4043 per
1281 3979 1712 4044 generationem,
1746 3991 1910 4043 quum
1949 3992 2072 4042 pro-

475 4062 676 4119 pagare
718 4045 804 4119 l_iic
838 4046 1259 4119 sitproducere,
1300 4055 1356 4099 ut
1392 4045 1606 4100 ostendi
1648 4046 1712 4098 ad
1755 4045 1906 4100 Lact.
1948 4047 2070 4119 Lit,

475 4116 528 4173 c.
563 4119 668 4174 ii:
704 4117 832 4182 Quae
857 4116 1016 4188 (vita)
1057 4117 1110 4170 in
1148 4117 1286 4188 mille
1323 4132 1483 4170 annos
1530 4127 1919 4188 propagaretur.
1974 4118 2075 4175 Hic

478 4189 542 4244 de
565 4191 666 4244 vita
693 4189 838 4242 beata
862 4187 1261 4258 intelligendus.
1291 4188 1424 4242 BUN.

554 4261 717 4316 Nulla
745 4277 870 4331 gens
899 4273 970 4313 est
1015 4275 1176 4329 neque
1216 4268 1322 4331 tam
1361 4260 1720 4322 immansueta.
1762 4277 1922 4328 neque
1965 4273 2069 4315 tam

476 4333 608 4404 [ει-(ι.
639 4329 974 4388 δίοΊιειιρηι
1003 4346 1193 4404 onmes
1233 4329 1344 4385 fere
1370 4333 1575 4404 excusi,
1609 4341 1664 4385 et
1692 4333 1840 4388 utulti
1881 4347 1984 4388 ms.
2014 4343 2069 4389 et

475 4401 666 4459 Cicero
691 4405 827 4473 ipse,
864 4413 998 4457 ttun.
1027 4418 1045 4458 ι
1073 4401 1140 4456 tle
1170 4402 1300 4470 Leg.
1334 4403 1477 4457 unde
1514 4403 1630 4457 haec
1674 4406 1939 4458 sententia
1972 4405 2068 4459 de-

477 4484 724 4546 prompta
753 4486 854 4535 est,
888 4484 1021 4546 tum.
1063 4490 1078 4528 ι
1106 4473 1349 4536 Tuscul.,
1375 4474 1518 4528 unde
1545 4473 1659 4527 huic
1688 4483 1858 4530 altera
1885 4477 2064 4531 consi-

479 4545 624 4601 milis
658 4564 672 4600 :
705 4546 868 4628 Quod.
889 4545 1054 4628 nulla.
1091 4546 1285 4627 inquit,
1315 4561 1437 4628 gens
1469 4556 1571 4598 tam
1597 4549 1742 4616 fera,
1790 4564 1936 4628 nemo
1962 4565 2074 4628 om:-

481 4634 626 4672 mnm
669 4626 774 4669 tam
825 4618 889 4670 sit
931 4616 1204 4678 immanis,
1246 4616 1396 4678 cuius
1437 4628 1653 4670 mentem
1701 4635 1803 4672 non
1840 4618 2076 4672 imbuerit

481 4689 693 4742 deorum
723 4687 918 4754 Opinio.
959 4684 1198 4758 Uterque
1232 4695 1409 4742 tamen
1442 4688 1614 4743 codex
1645 4689 1882 4754 Boo0u.,
1910 4689 2072 4757 Tax.,

481 4759 630 4832 Eam,
665 4761 730 4812 Η)
765 4759 925 4832 Reg,
964 4757 1128 4812 Bruti.
1165 4766 1220 4812 et.
1257 4757 1365 4830 (his
1395 4759 1534 4814 adde
1562 4759 1723 4814 etiam
1763 4759 1926 4832 Ultr.)
1962 4771 2073 4817 tres

483 4830 657 4886 Vatic.
691 4830 911 4895 habent,
948 4845 1106 4899 neque
1146 4839 1248 4883 tam
1279 4839 1565 4892 mansueta,
1597 4842 1704 4885 etc.
1747 4834 1877 4897 Quae
1907 4830 2074 4887 leCIio

482 4905 656 4972 magis
682 4901 857 4970 placet
874 4900 1198 4972 ,Thoinasio.
1229 4901 1341 4972 Ego
1363 4902 1431 4954 ab
1453 4901 1619 4972 ipsius
1639 4899 1812 4957 Cicer.
1843 4903 2072 4959 lectione

481 4971 765 5030 discedere
795 4971 962 5027 nolui.
995 4972 1182 5027 isses.
1209 5002 1280 5012 —
1326 4971 1484 5026 Picus
1527 4971 1960 5042 Mirandulanus,
1988 4976 2073 5031 sui

481 5047 664 5102 saeculi
691 5046 880 5109 decus,
912 5045 936 5099 1
967 5058 1088 5098 can.
1122 5042 1189 5098 de
1239 5042 1579 5098 Providentia
1614 5043 1731 5111 Dei,
1765 5060 1870 5099 non
1913 5047 2074 5101 modo

481 5133 546 5173 ex
593 5116 857 5186 theologis
903 5114 1163 5184 quosdam
1216 5113 1326 5186 hoc
1363 5114 1665 5186 asseruisse
1718 5126 1965 5182 testatur,
2015 5127 2074 5173 ut

480 5200 609 5260 puta
659 5185 1073 5252 llauiascemtm,
1106 5185 1487 5260 Augustinum,
1519 5195 1574 5240 et
1607 5185 1870 5260 Thomam
1901 5189 2072 5258 Aqui-

480 5256 661 5314 itatem
698 5260 832 5313 :sed
861 5260 1022 5314 etiam
1049 5272 1113 5312 ex
1151 5256 1491 5311 densissimis
1520 5259 1754 5312 teni-bris
1785 5259 1835 5314 id
1874 5256 2074 5316 vidisse

483 5330 800 5398 Epicurum,
831 5345 896 5384 ex
938 5327 1259 5397 crepusculo
1294 5329 1523 5397 quodam
1556 5329 1884 5386 Platonicum
1921 5330 2072 5386 Jam-

484 5402 761 5471 lilycluuo.
801 5401 1111 5456 Damasceni
1143 5402 1291 5454 locus
1325 5408 1416 5455 est
1443 5399 1617 5470 capite
1648 5404 1805 5455 tertio
1847 5403 1965 5456 libri
2006 5402 2073 5457 de

482 5469 747 5525 Inell'alnli
773 5471 1048 5543 divinitate
1082 5491 1094 5524 :
1127 5471 1296 5543 Quod,
1331 5469 1524 5541 inquit,
1556 5475 1786 5543 profecto
1813 5474 1879 5526 sit
1911 5471 2070 5537 Deus,

479 5543 548 5596 iis
576 5544 659 5612 qui
692 5559 864 5596 sacras
903 5541 1174 5614 admittunt
1201 5542 1528 5609 St'ripturas.
1559 5541 1974 5614 'Itaudquaquam
2019 5545 2073 5600 in

483 5614 878 5667 controversiam
901 5613 1067 5674 venit;
1089 5628 1248 5684 neque
1268 5613 1501 5684 plurimis
1528 5614 1732 5684 quidem
1755 5613 2069 5671 Gram-orum.

484 5684 629 5741 Nam
668 5685 890 5756 coquitio
925 5685 1060 5753 quod
1093 5681 1232 5756 Deus
1260 5682 1520 5756 sit,ﬂnobis
1542 5681 1745 5740 natura
1783 5686 1939 5740 insita
1974 5699 2070 5756 est,

482 5768 634 5828 atque
662 5754 905 5828 ingenita.
937 5754 1286 5828 Augustinus,
1319 5755 1410 5810 lib.
1436 5766 1687 5828 “contra
1716 5754 2071 5828 Cresconium

483 5819 931 5892 Grammaticum,
961 5819 1081 5899 cap.
1109 5825 1200 5893 29,
1232 5819 1299 5883 ex
1330 5819 1495 5899 ignoti
1525 5825 1619 5885 Dei
1645 5834 1736 5886 ara
1756 5844 1879 5901 quae
1899 5821 2071 5889 Athe?

2175 3267 2244 3322 ab
2273 3265 2446 3329 initio,
2469 3264 2764 3333 interprete
2790 3261 3047 3326 Marsilio,
3071 3262 3150 3316 sic
3178 3261 3365 3316 scribit
3395 3279 3407 3313 :
3437 3261 3566 3316 Ante
3581 3277 3778 3316 onmem

2174 3337 2392 3392 rationis
2432 3352 2600 3400 usum,
2647 3335 2777 3388 inest
2819 3335 3128 3387 naturaliter
3169 3333 3323 3386 insita
3359 3333 3571 3388 deorum
3602 3335 3778 3400 notio;

2176 3409 2280 3463 imo
2312 3418 2475 3463 tactus
2509 3407 2716 3477 quidam
2749 3405 3031 3459 divinitatis
3061 3405 3261 3477 melior,
3290 3420 3442 3475 quant
3471 3406 3672 3477 notitia,
3715 3421 3781 3458 ea:

2177 3497 2280 3551 quo
2311 3474 2555 3551 incitatur
2596 3477 2855 3551 naturalis
2891 3477 3148 3551 appetitus
3162 3474 3323 3551 _b_oui,
3356 3476 3780 3551 et__ratiocinat_io

2178 3545 2332 3616 atque
2357 3550 2641 3622 judicium,
2675 3558 2778 3602 t-lc.
2815 3548 2952 3615 Quid
2982 3546 3123 3622 quod
3153 3545 3345 3622 Cicero
3385 3547 3493 3622 alio
3536 3549 3655 3601 loco
3681 3549 3778 3615 ait,

2181 3618 2383 3677 nullam
2411 3629 2626 3690 gentem
2655 3633 2776 3674 esse
2805 3627 2911 3673 tam
2943 3620 3170 3690 ell'erattt
3195 3630 3286 3672 aut
3322 3618 3628 3690 barbaram,
3661 3635 3781 3688 qua:

2181 3709 2289 3748 non
2329 3695 2396 3747 sit.
2415 3687 2625 3748 imbuta
2653 3691 2829 3760 aliqua
2859 3691 3115 3759 Opinione
3141 3688 3400 3743 deorum?
3432 3687 3770 3759 Augustinus

2178 3765 2444 3822 Steuchus
2473 3765 2523 3816 in
2547 3779 2642 3817 sua
2677 3763 2902 3816 l’erenni
2937 3761 3281 3832 Philosophia
3312 3761 3414 3816 hoc
3439 3777 3605 3815 tmmn
3637 3765 3770 3832 agit,

2178 3848 2236 3890 ut
2272 3836 2523 3890 ostendat
2546 3834 2773 3903 gentiles
2803 3847 2962 3902 quam
2998 3831 3238 3903 proxime
3264 3833 3560 3887 accessisse
3587 3833 3652 3886 ad
3684 3831 3776 3887 vc—

2176 3922 2291 3962 ram
2326 3902 2664 3978 religionem.
2691 3906 3030 3978 ΔΒετυιιειυδ.
3059 3933 3128 3942 -
3159 3902 3293 3958 Vide
3324 3904 3501 3960 lluetii
3538 3903 3778 3960 C0ncoro

2175 3977 2318 4032 diam
2352 3975 2572 4031 rationis
2601 3987 2656 4031 et
2681 3975 2823 4030 ﬁdei.

2251 4048 2383 4105 Sibi.
2415 4049 2654 4113 Scilicet,
2681 4048 2812 4102 Deo.

2250 4119 2419 4174 Iidem
2461 4122 2581 4186 ipsi.
2604 4120 2697 4192 Alta
2739 4117 2939 4192 passim
2974 4117 3307 4186 Lactantius,
3336 4117 3431 4172 lib.
3462 4134 3515 4187 v,
3557 4134 3675 4192 cap.
3703 4120 3778 4186 2;

2175 4190 2270 4246 lib.
2302 4208 2379 4261 Vl,
2407 4207 2527 4261 cap.
2557 4190 2626 4246 10
2654 4201 2708 4246 et
2736 4205 2852 4257 cap.
2880 4189 2968 4244 12.

2253 4261 2337 4317 Ne
2387 4269 2429 4318 si
2476 4261 2686 4317 velimus
2733 4261 2936 4331 quidem
2989 4278 3276 4330 possumus.
3321 4261 3446 4316 llzec
3486 4273 3568 4316 est
3625 4263 3782 4318 lectio

2178 4335 2531 4389 vetustiorum
2557 4344 2612 4388 et
2630 4334 2914 4403 meliorum
2937 4333 3180 4387 Codicum
3207 4348 3336 4388 mss.
3363 4334 3598 4400 Bonum,
3618 4334 3776 4403 Reg,

2179 4405 2329 4471 Pttt.,
2357 4406 2393 4460 ἢ
2423 4407 2494 4461 al.
2525 4405 2685 4472 Reg,
2710 4405 2852 4472 Lip.,
2875 4402 3037 4460 Gotlt.
3063 4404 3118 4458 Itt
3145 4405 3517 4475 antiquissimo
3542 4407 3672 4476 Reg.
3699 4416 3786 4461 cst

2098 4501 2153 4562 D
2177 4493 2288 4532 nec.
2323 4477 2448 4562 Haec
2474 4479 2661 4562 Vocula
2679 4481 2830 4559 abest
2857 4476 2924 4558 ab
2945 4485 3069 4530 octo
3097 4491 3364 4562 φῆς-νεα.
3395 4476 3614 4562 Donati}
3648 4493 3783 4562 mss.

2179 4551 2513 4604 recentiores
2537 4559 2593 4604 et
2622 4550 2860 4619 quinque
2891 4550 3136 4618 impressi
3171 4549 3391 4613 habent,
3415 4549 3532 4601 nisi.
3569 4549 3672 4604 Sed
3695 4566 3782 4614 ne,

2177 4620 2223 4673 si
2262 4622 2495 4686 velimus,
2545 4621 2831 4689 legendum
2874 4634 2996 4672 esse
3031 4619 3346 4673 existimant
3391 4619 3473 4674 Jo.
3513 4621 3695 4686 Cauci,
3727 4633 3788 4676 ct

2178 4690 2524 4755 Thomasms,
2565 4692 2760 4761 quibus
2789 4689 2953 4744 etiam
2991 4689 3329 4758 adstipulor;
3362 4692 3464 4746 hoc
3490 4693 3633 4745 enitr.
3662 4707 3791 4760 pro-

2179 4761 2308 4816 bare
2345 4762 2576 4816 intendit
2621 4773 2810 4816 auctor
2834 4774 3045 4826 noster,
3087 4776 3185 4815 nos
3212 4778 3318 4816 non
3348 4777 3531 4830 posse,
3571 4763 3785 4819 etiamsi

2176 4835 2461 4905 vellemus,
2491 4832 2755 4905 pecudum
2782 4848 2934 4887 more
2962 4833 3012 4886 in
3044 4843 3239 4888 terrain
3273 4835 3650 4903 procumbere.

2251 4904 2322 4977 Se
2351 4904 2580 4977 abdicat.
2624 4905 2893 4977 Abdicare
2936 4919 2996 4959 se
3042 4907 3355 4974 magistratu
3399 4904 3658 4977 frequens
3698 4916 3787 4962 est.

2176 4976 2316 5044 apud
2347 4976 2556 5031 Livium
2580 4984 2637 5031 et
2665 4975 3006 5030 Ciceronem.

2251 5047 2509 5101 Naturam
2555 5049 2798 5113 hominis,
2843 5059 2948 5102 etc.
2998 5045 3301 5118 Utrumque
3339 5047 3535 5103 Cicero
3587 5049 3680 5105 int
3713 5048 3786 5105 de

2175 5117 2412 5187 Legibus
2445 5120 2658 5188 probat.
2683 5119 2838 5186 Quod
2871 5133 3000 5174 vero
3028 5117 3222 5189 religio
3247 5135 3276 5174 a
3307 5121 3568 5190 sapientia
3597 5121 3785 5178 divelli

2176 5202 2430 5262 nequeat,
2455 5201 2634 5262 potest
2655 5191 3045 5262 philosophicis
3070 5191 3431 5246 demOustrari
3457 5193 3778 5248 rationibus.

2176 5261 2309 5334 Nam
2362 5261 2556 5334 Cicero
2606 5264 2658 5316 in
2712 5261 2805 5316 lib.
2848 5261 3371 5334 Oltic..sapiontiam
3413 5279 3536 5319 cmn
3573 5265 3788 5334 justitia

2174 5332 2338 5403 (sicut
2363 5333 2590 5388 virtutes
2631 5335 2771 5388 inter
2800 5348 2860 5388 se
2888 5333 3100 5400 omnes)
3131 5334 3407 5389 insolubili
3439 5332 3658 5390 vinculo
3687 5350 3788 5390 co-

2175 5403 2348 5478 pulat.
2384 5403 2620 5459 Justitize
2649 5419 2780 5478 vero
2821 5404 2992 5478 forma
3037 5405 3121 5458 vel
3167 5421 3290 5476 pars
3317 5417 3398 5460 est
3430 5408 3639 5478 religio.
3672 5407 3787 5463 Sed

2176 5475 2532 5549 Hebraeorum
2573 5475 2802 5549 Sapiens
2845 5476 3252 5549 fundamentum
3300 5475 3586 5546 sapientia:
3631 5479 3790 5549 poiiit

2174 5546 2490 5610 ΙὌΙΨῘΟῚΘΙΠ
2538 5563 2703 5616 quum
2736 5547 2811 5601 ait
2852 5565 2864 5600 :
2908 5545 3129 5602 Initium
3169 5545 3440 5617 sapientia:
3477 5545 3643 5606 timor
3671 5549 3789 5606 Do-

2175 5619 2324 5672 mini.
2356 5619 2677 5675 BETULEIUS.

2257 5688 2402 5744 Viam
2432 5690 2648 5745 deuiam.
2684 5689 2757 5744 Ita
2789 5703 2919 5744 mss.
2959 5689 2993 5744 4
3037 5689 3209 5761 Reg.,
3254 5700 3309 5747 et
3349 5690 3510 5748 Cant.
3555 5703 3610 5749 et
3649 5693 3788 5750 editi

2175 5771 2287 5843 vel:
2331 5763 2843 5843 quautnlectionem.
2867 5761 3192 5843 continuant
3215 5779 3358 5843 quae.
3382 5763 3452 5820 de
3501 5761 3789 5824 erroribus

2175 5829 2464 5890 adduntur.
2495 5830 2586 5889 Sic
2610 5833 2773 5890 etiam
2796 5829 2871 5888 ait
2893 5829 3084 5889 Cicero
3113 5829 3315 5890 devium
3341 5833 3458 5890 iter.
