4154 6196
380 264 487 322 577

1245 270 1449 335 LIBER
1490 268 1575 328 ΙΙΙ.
1621 268 1709 329 DE
1748 268 1972 327 FALSA
2011 265 2373 330 SAPIENTIA
2412 268 2808 331 PHILOSOPH.

3578 270 3684 328 378

378 395 445 436 ac
462 378 795 438 domicilium
822 383 1016 439 summi
1038 380 1162 439 boni
1191 385 1472 455 reperiret.
1498 385 1794 445 Potuerunt
1820 391 1963 449 enim
1993 387 2047 447 Α
2069 383 2289 440 cemus?
2316 383 2454 440 Num
2479 384 2851 458 volllplalcm?
2880 390 2936 441 at
2964 383 3094 441 nihil
3140 392 3298 456 turpe
3339 400 3408 442 ex
3451 383 3683 442 honesto

376 474 457 532 sic
481 489 746 547 quaerere.
774 473 1158 549 Quodcumque
1187 488 1269 535 est
1304 494 1572 536 summum
1611 479 1812 539 bonum
1832 526 1846 551 ,
1881 501 1978 541 ne-

377 584 535 625 cesse
578 577 664 625 est
705 570 957 626 omnibus
995 587 1117 629 esse
1158 575 1510 644 propositum.
1561 575 1817 648 Voluptas
1856 589 1970 648 est,

374 678 499 734 quae
539 663 811 734 appetitur
848 679 876 718 a
916 666 1123 721 cunctis
1153 685 1168 724 :
1198 667 1293 723 sed
1321 667 1437 725 haec
1465 678 1523 725 et
1562 672 1868 727 communis
1893 683 1977 730 est

374 767 498 808 cum
530 754 743 822 bellnis,
772 762 828 811 et
854 755 1068 813 honesti
1101 759 1206 814 vim
1236 775 1342 815 non
1373 759 1556 827 habet,
1585 777 1640 819 et
1669 766 1971 822 satietatem

373 846 556 912 sideri,
586 857 642 903 et
668 848 832 903 nimia
864 859 1043 917 nocet,
1072 858 1129 906 et
1152 866 1403 923 processu
1426 855 1684 910 minuitur
1702 858 1896 921 aetatis,
1920 866 1976 915 et

373 940 562 997 multis
593 955 700 996 non
729 942 1031 1014 contingit;
1062 958 1186 999 nam
1230 945 1322 1017 qui
1351 947 1543 1016 opibus
1584 958 1804 1016 carent,
1840 964 1975 1015 quo-

371 1047 494 1089 rum
529 1033 702 1104 major
730 1043 815 1090 est
840 1050 1118 1104 numerus,
1147 1038 1310 1093 etiam
1340 1040 1612 1112 voluptate
1637 1050 1857 1098 careant
1880 1058 1974 1098 ne-

369 1140 527 1182 cesse
552 1136 658 1183 est.
694 1126 812 1183 Non
856 1138 940 1185 est
981 1129 1141 1200 igitur
1183 1146 1452 1189 summum
1498 1135 1698 1191 bonum
1722 1177 1738 1201 ,
1766 1135 1861 1193 sed
1906 1152 1976 1194 ne

367 1220 573 1277 bonum
600 1221 816 1293 quidem
846 1223 1116 1294 voluptas.
1144 1225 1281 1296 Quid
1321 1226 1560 1283 divitiae?
1589 1229 1753 1285 Multo
1780 1231 1970 1301 magis.

368 1312 505 1370 Nam
532 1322 588 1370 et
616 1314 980 1385 paucioribus,
1008 1326 1064 1372 et
1100 1320 1419 1392 plerumque
1452 1335 1601 1390 casu,
1630 1332 1684 1378 et
1710 1323 1972 1382 inertibus

366 1424 541 1478 saepe,
564 1421 618 1465 et
638 1426 1040 1485 nonnumquam
1062 1415 1270 1472 scelere
1288 1420 1625 1490 contingunt,
1642 1429 1693 1476 et
1716 1430 1973 1484 optantur

366 1501 444 1558 ab
470 1501 534 1558 iis
556 1502 648 1574 qui
672 1518 765 1558 eas
783 1503 897 1575 jam
929 1515 1133 1562 tenent.
1161 1507 1299 1578 Quid
1320 1525 1544 1583 regnum
1574 1512 1788 1583 ipsum?
1815 1514 1890 1569 Ne
1916 1515 1971 1572 id

365 1596 611 1668 quidem.
644 1596 760 1654 Non
788 1601 932 1654 enim
960 1601 1136 1657 cuncti
1169 1603 1415 1660 homines
1457 1621 1683 1678 regnare
1712 1619 1966 1679 possunt:

366 1698 427 1746 et
454 1704 677 1747 necesse
701 1699 787 1747 est
814 1693 1104 1750 universos
1132 1696 1331 1752 summi
1354 1697 1481 1753 boni
1509 1713 1736 1769 capaces
1764 1716 1906 1758 esse.

2079 477 2225 535 nasci
2270 486 2466 548 potest.
2508 477 2644 533 Num
2689 478 2941 536 divitias?
2990 494 3121 534 num
3166 480 3495 550 potestates?
3529 488 3586 535 at
3623 493 3688 537 ea

2078 571 2295 642 quidem
2325 571 2531 642 fragilia
2559 582 2717 639 sunt,
2748 584 2803 629 et
2829 572 3051 628 caduca.
3090 572 3228 629 Nom
3270 573 3533 644 gloriam?
3561 591 3685 630 num

2079 661 2382 718 honorem?
2417 680 2543 718 num
2583 665 2897 720 memoriam
2939 663 3206 719 nominis?
3245 675 3301 718 at
3346 663 3463 718 h:rc
3506 664 3688 721 omnia

2078 770 2186 810 non
2209 765 2332 809 sunt
2363 755 2415 811 in
2448 756 2563 825 ipsa
2590 757 2809 820 virtute.
2834 756 2927 810 sed
2958 757 3009 810 in
3039 756 3266 810 aliorum
3289 756 3688 813 existimati-ine

2078 854 2238 917 atque
2273 846 2497 902 arbitrio
2528 846 2723 918 posita.
2756 846 2890 902 Nam
2929 862 3074 917 saepe
3102 847 3271 901 virtus
3299 856 3352 900 et
3383 847 3548 901 invisa
3579 856 3684 913 est,

2078 946 2135 993 et
2161 938 2304 993 malo
2329 938 2582 994 afﬁcitur.
2620 939 2790 995 Debet
2814 948 2995 994 autem
3027 937 3078 994 id
3111 941 3331 1003 bonum,
3356 939 3498 1011 quod
3526 956 3591 995 ex
3621 954 3687 996 ea

2078 1029 2350 1096 nascitur,
2380 1031 2450 1085 ita
2480 1031 2788 1098 cohaerere,
2822 1039 2882 1085 ut
2908 1030 3091 1086 divelli
3122 1038 3287 1102 atque
3312 1030 3553 1087 abstrahi
3590 1046 3687 1087 ne-

2076 1133 2269 1193 queat;
2322 1138 2424 1179 nec
2471 1123 2631 1179 aliter
2678 1139 2946 1178 summum
2999 1124 3197 1177 bonum
3246 1122 3417 1178 videri
3469 1132 3683 1194 potest,

2076 1233 2234 1289 quam
2263 1218 2307 1272 si
2335 1230 2389 1272 et
2418 1218 2692 1289 proprium
2716 1218 2787 1272 sit
2808 1215 3037 1282 virtutis,
3069 1226 3124 1274 et
3146 1217 3272 1282 tale,
3300 1226 3360 1272 ut
3389 1233 3566 1289 neque
3589 1218 3684 1273 ad-

2071 1308 2163 1381 jici
2194 1309 2499 1380 quidquam,
2535 1324 2635 1364 nec
2661 1308 2873 1364 detrahi
2912 1308 3102 1378 possit.
3133 1307 3296 1375 Quid,
3327 1309 3474 1381 quod
3517 1309 3572 1364 in
3603 1307 3687 1364 his

2076 1401 2332 1455 omnibus
2383 1401 2796 1456 contemnendis
2849 1401 3064 1455 virtutis
3119 1398 3297 1456 ofﬁcia
3359 1401 3683 1457 consistunt.

2074 1493 2208 1551 Nam
2238 1495 2561 1565 voluptates,
2595 1509 2751 1564 opes,
2778 1494 3068 1562 potentias,
3093 1492 3352 1557 honores,
3381 1509 3552 1563 eaque
3570 1509 3689 1549 om-

2076 1588 2187 1653 nia,
2217 1603 2338 1657 qua:
2370 1601 2468 1658 pro
2496 1586 2653 1641 bonis
2678 1586 2972 1653 habentur,
3003 1602 3111 1640 non
3142 1587 3548 1657 concupiscere,
3578 1602 3686 1643 non

2072 1690 2355 1750 appetere,
2385 1696 2492 1735 non
2523 1694 2728 1744 amare,
2753 1677 2897 1749 quod
2931 1683 3112 1734 caeteri
3144 1676 3346 1732 faciunt
3372 1678 3500 1734 victi
3530 1678 3686 1749 cupi-

442 1783 760 1850 Qumramus
789 1784 950 1856 igitur
973 1786 1193 1858 aliquid,
1226 1788 1368 1860 quod
1399 1792 1727 1862 propositum
1759 1794 1828 1850 sit
1854 1809 1971 1849 om,
1997 1785 2048 1847 Β
2073 1771 2264 1836 ditate,
2293 1773 2344 1828 id
2375 1781 2459 1828 est
2487 1772 2728 1843 proiecto
2762 1771 2999 1828 virtutis.
3044 1770 3203 1826 Aliud
3232 1786 3362 1841 ergo
3400 1770 3686 1827 sublimms

366 1875 550 1932 nibus.
582 1876 722 1933 Num
753 1879 962 1935 virtus?
993 1880 1185 1952 Negari
1227 1898 1333 1939 non
1365 1894 1560 1954 potest,
1602 1888 1730 1958 quin
1780 1897 1836 1945 et
1874 1889 1971 1945 bo-

366 1984 499 2025 num
531 1971 624 2035 sit,
655 1978 712 2026 et
736 1971 978 2027 omnium
1008 1981 1160 2029 certe
1188 1974 1408 2031 bonum.
1435 1976 1541 2033 Sed
1581 1978 1628 2034 si
1671 1979 1821 2034 beata
1851 1995 1972 2037 esse

366 2077 478 2116 non
516 2072 728 2131 potest,
771 2063 892 2135 quia
922 2064 1004 2120 vis
1031 2074 1087 2121 et
1117 2077 1301 2123 natttra
1324 2068 1440 2139 ejus
1470 2074 1524 2125 in
1554 2073 1814 2128 malorum
1841 2089 1968 2144 per-

366 2155 599 2212 ferentia
634 2158 804 2227 posita
826 2168 930 2228 est,
953 2176 1060 2216 non
1085 2171 1167 2218 est
1188 2163 1431 2233 profecto
1449 2181 1716 2222 summum
1739 2167 1966 2225 bonum.

365 2251 691 2319 Quaeramus
720 2253 886 2310 aliud.
916 2256 982 2310 At
1010 2255 1141 2311 nihil
1168 2257 1367 2315 virtute
1393 2260 1693 2331 pulchrius,
1727 2260 1861 2319 nihil
1883 2277 1971 2319 sa-

366 2344 553 2413 piente
579 2345 792 2419 dignius
819 2348 1048 2406 inveniri
1085 2360 1280 2421 potest.
1307 2352 1363 2410 Si
1385 2354 1530 2410 enim
1558 2356 1680 2411 vitia
1704 2357 1773 2412 ob
1802 2359 1974 2429 turpi-

365 2437 611 2494 tudinem
645 2440 891 2513 lugienda
918 2454 1063 2510 sunt,
1090 2444 1262 2501 virtus
1289 2446 1451 2516 igitur
1473 2449 1771 2519 appetenda
1794 2459 1877 2507 est
1901 2451 1972 2508 ob

363 2530 649 2589 decorem.
676 2532 816 2601 Quid
844 2537 1011 2606 ergo?
1033 2536 1284 2594 Potestne
1331 2540 1466 2608 ﬁeri,
1492 2550 1551 2597 ut
1576 2542 1719 2614 quod
1747 2543 1969 2614 bonum,

361 2625 512 2696 quod
539 2625 826 2683 honestum
854 2644 977 2687 esse
1005 2640 1233 2697 constat,
1265 2634 1517 2690 mercede
1543 2650 1604 2693 ac
1633 2640 1854 2707 praemio
1881 2654 1973 2695 ca-

363 2730 512 2786 reat,
544 2721 722 2793 sitque
763 2731 874 2779 tam
904 2727 1110 2792 sterile,
1140 2736 1201 2783 ut
1238 2728 1462 2786 nihilex
1491 2746 1549 2787 se
1574 2732 1843 2788 commodi
1873 2749 1972 2806 pa-

359 2812 521 2869 riat?
549 2812 729 2871 Labor
759 2815 851 2873 ille
894 2832 1148 2890 magnus,
1178 2828 1233 2876 ct
1259 2820 1547 2879 difﬁcultas
1570 2865 1585 2890 ,
1632 2834 1688 2881 ct
1723 2826 1976 2884 eluctatio

358 2904 634 2961 adversus
673 2907 847 2976 mala,
878 2910 1071 2980 quibus
1113 2910 1231 2968 haec
1269 2914 1376 2969 vita
1424 2915 1582 2986 plena
1627 2926 1741 2985 est,
1773 2919 1975 2988 aliquid

357 2998 549 3071 magni
580 2998 704 3056 boni
736 3000 909 3073 pariat
933 3017 1160 3062 necesse
1187 3013 1295 3063 est.
1330 3005 1388 3063 ld
1424 3022 1556 3065 vero
1580 3010 1711 3082 quid
1737 3026 1861 3069 esse
1886 3013 1974 3069 di-

2072 1875 2235 1936 atque
2267 1865 2575 1933 praeclarius
2606 1863 2805 1929 efﬁcit;
2838 1879 2936 1919 nec
2985 1862 3181 1918 frustra
3214 1863 3297 1916 bis
3329 1863 3685 1932 praesentibus

2073 1956 2231 2012 bonis
2260 1955 2577 2021 reluctatur,
2605 1957 2706 2011 nisi
2736 1957 2878 2023 quod
2911 1957 3134 2026 majora,
3164 1964 3217 2011 et
3236 1953 3445 2011 veriora
3473 1955 3685 2013 deside-

2072 2057 2197 2105 rat:
2230 2064 2338 2103 non
2366 2049 2721 2119 desperemus
2748 2048 2976 2102 inveniri
3017 2062 3191 2119 posse,
3225 2046 3390 2103 modo
3417 2056 3596 2103 verset
3622 2063 3683 2105 se

2072 2140 2324 2211 cogitatio
2352 2144 2407 2195 in
2439 2141 2641 2196 omnia.
2670 2139 2859 2213 Neque
2883 2140 3027 2197 enim
3056 2140 3194 2197 levia
3239 2151 3333 2196 aut
3362 2140 3567 2197 ludicra
3588 2157 3684 2214 pe-

2076 2242 2261 2289 tuntur
2291 2233 2530 2305 praemia.

2678 2392 2904 2450 CAPUT
2952 2392 3071 2449 XII.

2077 2550 2157 2608 De
2183 2552 2377 2625 duplici
2418 2569 2590 2625 pugna
2620 2552 2851 2625 corporis
2878 2561 2924 2607 et
2953 2552 3173 2619 animae;
3218 2560 3372 2623 atque
3414 2552 3479 2609 de
3520 2568 3683 2625 appe-

2340 2647 2491 2703 tenda
2518 2647 2699 2702 virtute
2726 2656 2934 2720 propter
2958 2647 3112 2702 vitam
3140 2655 3399 2701 (sternam.

2150 2828 2257 2886 Sed
2304 2829 2563 2901 qumrilur
2608 2827 2736 2899 quid
2790 2827 2898 2892 sit,
2944 2835 3169 2897 propter
3195 2824 3339 2895 quod
3372 2824 3679 2893 nascimur;

2079 2922 2205 2995 quid
2233 2921 2435 2980 efﬁciat
2469 2924 2664 2987 virtus,
2718 2934 3007 2992 possumus
3049 2919 3130 2975 sic
3172 2918 3518 2989 investigare.
3568 2918 3682 2973 Duo

2080 3024 2241 3085 sunt,
2284 3032 2349 3073 ex
2398 3015 2595 3088 quibus
2638 3015 2802 3072 homo
2842 3019 3089 3081 constat,
3116 3011 3329 3068 animus
3368 3020 3435 3068 ει-
3460 3023 3677 3083 corpus.

1695 3148 1785 3206 VA
1794 3149 2058 3211 RIORUM
2092 3150 2330 3210 NOTAE.

438 3286 580 3364 Cunt_
611 3285 816 3364 b_etluis_,
856 3293 963 3364 etc.
1006 3285 1107 3344 Hic
1143 3285 1367 3364 afferam
1410 3288 1574 3364 verba
1614 3290 1736 3364 Auli
1777 3290 1959 3364 Gellii,
1992 3292 2038 3357 C
2069 3292 2221 3363 tutis)
2248 3303 2358 3359 est;
2383 3301 2438 3349 et
2462 3292 2554 3350 lib.
2587 3308 2688 3361 vn,
2711 3307 2831 3364 cap.
2865 3295 2891 3349 1
2921 3309 2936 3350 :
2968 3292 3267 3348 Tolerautia
3289 3292 3541 3347 malorum
3561 3290 3686 3347 lati-

358 3358 580 3431 etiamsi
610 3356 858 3431 Gentilis,
893 3357 989 3431 lib.
1018 3374 1111 3414 xu
1142 3359 1297 3415 Nnct.
1330 3359 1657 3431 Attic.,cap.
1691 3361 1726 3416 9.
1753 3381 1766 3417 :
1803 3356 1966 3431 Quin-

358 3447 463 3505 que
482 3471 499 3495 ,
531 3429 738 3500 inquit,
770 3438 888 3505 sunt
915 3429 1189 3505 hominum
1218 3448 1397 3486 sensus
1416 3474 1431 3497 ,
1462 3449 1553 3500 per
1579 3429 1704 3501 quos
1733 3429 1969 3505 voluptas

358 3501 543 3558 animo
569 3511 658 3555 aut
685 3501 888 3568 corpori
914 3503 1076 3572 quteri
1105 3502 1304 3557 videtur
1335 3521 1348 3556 :
1381 3513 1582 3569 gustus,
1621 3514 1805 3563 tactus.
1836 3501 1967 3559 odo-

359 3584 532 3631 ratas.
562 3573 720 3638 visus,
756 3572 984 3627 auditus.
1020 3572 1100 3628 Ea:
1143 3575 1223 3628 Itis
1263 3575 1496 3629 omnibus
1538 3592 1655 3643 qua:
1698 3577 1970 3631 inunodice

357 3645 608 3716 voluptas
647 3645 870 3716 capitur,
898 3660 958 3697 ea
992 3643 1155 3713 turpis
1184 3654 1340 3716 atque
1368 3647 1597 3713 improba
1626 3648 1965 3703 existimatur.

360 3717 480 3774 Sed
494 3714 639 3769 enim
674 3731 789 3786 quia
813 3714 973 3769 nimia
999 3731 1061 3770 ea:
1087 3714 1419 3786 gustu-atque
1447 3727 1585 3771 tactu
1613 3728 1708 3784 est,
1739 3735 1799 3772 ea
1825 3718 1971 3773 volu-

363 3799 518 3855 ptas.
569 3787 717 3841 sicuti
747 3787 999 3854 sapientes
1038 3788 1131 3841 uiri
1170 3797 1505 3855 censuerunt,
1547 3790 1773 3844 onmium
1803 3806 1970 3846 rerum

360 3859 654 3933 [redissinta
682 3869 773 3913 est.

444 3929 699 3986 Processu
736 3930 921 3986 (etatis.
964 3928 1203 3997 Quaestio
1248 3938 1332 3986 est
1372 3930 1511 4000 apud
1559 3928 1875 3987 Ciceronem
1916 3932 1970 3988 itt

356 4001 577 4059 Catone
604 4001 829 4072 majore,
866 4012 1042 4055 utrum
1087 4012 1340 4057 senectus
1372 4003 1646 4070 voluptate
1675 4012 1880 4059 careat.

446 4072 569 4128 Non
601 4083 741 4127 est...
771 4089 1022 4127 summum
1055 4073 1270 4132 bonum.
1307 4073 1396 4128 sed
1436 4089 1498 4128 ne
1527 4072 1715 4128 bonum
1742 4075 1968 4141 quidem.

360 4147 631 4215 Sequitur
670 4146 929 4199 Sent-cam
962 4146 1030 4197 de
1063 4143 1178 4200 Vita
1208 4144 1394 4207 Beata,
1432 4160 1551 4213 cap.
1598 4146 1681 4207 l0,
1716 4145 1807 4200 fin.
1841 4165 1853 4200 :
1887 4145 1970 4200 Tu

356 4219 516 4274 illum
546 4216 922 4290 (voluptatem)
951 4232 1202 4270 summum
1231 4216 1419 4271 bonum
1444 4218 1634 4288 putas?
1661 4216 1774 4290 Ego
1801 4234 1863 4272 ne
1881 4217 1973 4272 bo-

360 4306 517 4346 nam.
553 4303 685 4343 HUN.

448 4360 614 4416 Multo
642 4360 823 4429 magis.
858 4357 932 4414 lla
964 4372 1091 4414 mss.
1139 4367 1192 4414 et
1229 4359 1499 4430 impressi.
1540 4359 1773 4426 lllallem,
1810 4360 1970 4415 multo

358 4449 565 4488 minus.

450 4502 516 4557 Et
538 4512 796 4572 optantur.
824 4502 990 4557 Recte
1010 4502 1179 4557 sensit
1208 4502 1393 4557 Isteus.
1422 4518 1529 4557 non
1557 4502 1861 4559 addendam
1886 4502 1974 4558 hic

354 4575 739 4645 negationem,
776 4584 833 4629 nt
859 4574 914 4628 in
945 4572 1152 4645 Bonon.
1173 4616 1188 4637 ,
1230 4575 1255 4629 1
1291 4573 1527 4629 Colbcrt.
1559 4582 1615 4629 et
1643 4574 1807 4629 Brun.
1839 4590 1967 4628 mss.

354 4644 671 4716 reperitur;
703 4647 892 4716 probat
938 4644 1081 4699 enim
1123 4644 1338 4700 divitias
1380 4661 1488 4699 non
1536 4662 1659 4702 esse
1701 4661 1968 4700 summum

2078 3364 2200 3420 nius
2228 3366 2447 3421 dicitur.

2149 3434 2303 3491 Nihil
2327 3441 2554 3498 sapiente
2578 3436 2804 3503 dignius.
2836 3435 2910 3491 Ita
2938 3434 3047 3490 duo
3074 3450 3205 3490 mss.
3236 3435 3367 3504 Reg.
3402 3432 3677 3504 veterrimi

2073 3516 2129 3563 et
2173 3506 2334 3563 Gttth.
2379 3508 2434 3562 In
2471 3510 2494 3563 1
2540 3506 2694 3562 Colb.
2727 3516 2812 3563 est
2849 3507 3147 3575 sapientia,
3198 3506 3477 3561 mendose.
3517 3503 3578 3559 ltt
3616 3504 3684 3560 16

2078 3594 2211 3633 mss.
2248 3578 2578 3648 totidemque
2603 3580 2763 3633 editis
2791 3588 2894 3641 est,
2922 3578 3174 3637 sapientia
3197 3577 3421 3648 dignius.

2154 3648 2217 3703 Et
2247 3646 2504 3704 eluctatio
2532 3650 2774 3703 adversus
2815 3649 2971 3703 mala.
3013 3648 3140 3702 Mss.
3178 3646 3310 3714 rec.,
3340 3646 3376 3701 2
3408 3646 3539 3716 Reg.
3570 3655 3624 3701 et
3653 3647 3681 3702 1

2073 3716 2251 3786 Cnlb.,
2283 3730 2332 3775 et
2369 3720 2619 3783 luctatio;
2652 3720 2800 3783 Ειιι..
2829 3730 2876 3775 et
2914 3719 3221 3783 obluctatio,
3250 3718 3393 3789 quod
3439 3733 3560 3789 cum
3593 3733 3684 3771 se-

2114 3793 2367 3847 uentibus
2387 3832 2401 3851 ,
2430 3793 2671 3846 adversus
2707 3791 2845 3845 mala
2868 3832 2884 3856 ,
2932 3792 3226 3846 canvenire
3270 3788 3441 3860 magis
3472 3788 3685 3844 videtur

2120 3863 2310 3918 ellario
2339 3878 2497 3934 quam
2529 3863 2782 3927 aliorum,
2815 3863 3077 3917 eluctatio.

2153 3934 2237 3989 Ea:
2264 3931 2595 3990 eaJScilicvt
2623 3936 2839 3989 virtute.
2868 3934 2958 3988 Sic
2983 3932 3213 3989 emendo
3234 3947 3300 3988 ex
3327 3947 3458 3987 is.
3482 3941 3537 3987 et
3571 3931 3689 3988 edi-

2079 4008 2146 4061 tis
2179 4007 2335 4061 Rom.
2367 4006 2528 4079 1468.
2570 4004 2842 4079 Gymnic,
2871 4004 3065 4060 Ccllar.
3114 4004 3174 4060 ln
3206 4005 3268 4060 11
3322 4004 3551 4071 vulgatis
3582 4014 3684 4071 est,

2078 4094 2144 4133 ea.
2174 4094 2252 4139 eo,
2288 4078 2572 4133 mendose.

2148 4149 2407 4203 Abstra/ti.
2441 4150 2516 4204 lta
2557 4149 2774 4220 reposui
2798 4164 2864 4204 ex
2892 4147 3021 4202 edit.
3050 4145 3205 4202 Rom.
3239 4146 3397 4220 M70,
3427 4145 3683 4220 Tornes.,

2076 4219 2375 4285 Soubron.,
2414 4231 2465 4275 et
2494 4236 2563 4274 ex
2591 4215 2842 4274 omnibus
2872 4235 3002 4275 mss.
3034 4230 3233 4291 prteter
3254 4219 3287 4273 4
3318 4232 3428 4272 rec.
3464 4228 3519 4271 et
3550 4215 3682 4270 edit.

2079 4292 2167 4354 11,
2204 4292 2254 4344 in
2287 4293 2483 4362 quibus
2511 4302 2593 4345 est
2623 4291 2861 4345 distrahi.

2154 4356 2318 4429 Quarti
2346 4364 2387 4416 si
2417 4374 2461 4416 et
2492 4364 2761 4430 prOprinm
2788 4364 2852 4415 sit
2878 4361 3097 4414 virtutis.
3131 4359 3209 4413 Ex
3243 4372 3372 4411 mss.
3398 4356 3683 4430 ac_veteri-

2081 4427 2427 4488 bus—excusis
2454 4427 2566 4495 est,
2593 4427 2655 4487 et
2697 4432 3028 4501 elegantius,
3073 4445 3232 4501 quam
3275 4439 3321 4483 et
3365 4429 3409 4483 si
3454 4427 3689 4483 duorum

2078 4518 2211 4560 mss.
2240 4520 2352 4559 rec.
2384 4515 2438 4559 et
2464 4503 2821 4573 quorumdam
2849 4503 3138 4556 editorum.

2149 4574 2327 4646 anue
2361 4570 2550 4630 omnia.
2590 4576 2664 4628 Ex
2698 4589 2827 4629 mss.
2858 4583 2914 4628 et
2940 4573 3101 4646 editis
3132 4572 3345 4646 Romai
3361 4571 3481 4637 {70,
3512 4570 3682 4627 Torn.

2079 4657 2134 4702 et
2187 4643 2457 4703 Sniubron.
2509 4646 2739 4701 restitui.
2776 4646 2832 4700 lu
2864 4644 3078 4701 caeteris
3117 4643 3348 4717 vulgatis
3388 4652 3493 4711 est,
3541 4652 3691 4716 atque

355 4719 598 4783 bonum,
625 4718 897 4786 siquidem
924 4716 998 4771 illi
1025 4716 1117 4785 qni
1140 4716 1255 4770 illas
1278 4716 1786 4796 possidentxplures
1810 4732 1976 4787 appc-
1997 4735 2053 4796 D
2081 4720 2274 4796 omnia.

352 4800 493 4848 tum
515 4800 570 4844 et
596 4798 784 4860 optant
808 4806 822 4841 :
846 4803 1116 4860 summum
1141 4802 1270 4860 vero
1294 4788 1491 4860 bonum
1522 4788 1644 4860 talis
1670 4789 1830 4860 debet
1851 4802 1973 4860 esse

357 4873 604 4926 natura),
633 4857 695 4931 ut
739 4858 1062 4931 desiderium
1091 4859 1326 4927 expleat,
1360 4857 1487 4931 illss.
1534 4858 1568 4913 9
1599 4861 1757 4931 Rng.,
1788 4859 1823 4915 5
1846 4858 1976 4931 Gol-

353 4933 541 4996 bert.,
570 4932 607 4986 2
644 4930 916 4996 Clarum,
963 4930 1088 4986 .lun.
1131 4942 1318 4984 carent
1361 4929 1462 4984 bac
1500 4929 1785 5000 negatione
1825 4949 1838 4984 :
1883 4930 1970 4986 .lo.

354 5004 539 5061 Cauci
573 5005 733 5059 etiam
777 5003 1062 5073 delendam
1090 5010 1303 5068 censet;
1350 5003 1499 5057 abest
1532 5018 1745 5073 quoque
1775 5002 1842 5059 ab
1874 5003 1976 5057 im-

356 5080 578 5149 pressis
604 5075 883 5130 tredecim.
1029 5073 1199 5129 ϐΑιι..

451 5142 518 5199 Et
546 5162 743 5201 necesse
770 5154 865 5201 est.
912 5143 1262 5200 Heumannus
1304 5144 1523 5210 scribit,
1562 5152 1614 5199 at
1642 5160 1844 5199 necesse
1879 5155 1972 5199 est.

356 5219 511 5288 Quia
543 5227 592 5271 et
616 5226 700 5273 est
729 5219 779 5271 in
809 5217 1063 5273 omnibus
1099 5216 1277 5288 iibris,
1309 5215 1656 5288 interpretor,
1691 5226 1735 5271 et
1782 5227 1972 5288 tamen.

362 5284 471 5349 Fat
486 5289 642 5344 ticnla
660 5299 829 5343 tamen
851 5302 995 5356 εςιιρε
1013 5289 1064 5341 in
1087 5284 1348 5342 Cicerone
1365 5298 1419 5342 et
1441 5286 1720 5342 Lactantio
1741 5290 1821 5343 sic
1846 5287 1978 5343 sub—

359 5362 609 5419 auditur.
652 5358 830 5425 Lact.,
879 5359 971 5416 lib.
1008 5374 1086 5425 tv,
1115 5373 1234 5428 cap.
1262 5358 1302 5431 2
1342 5376 1357 5431 ξ
1391 5358 1726 5431 Nusquam...
1773 5362 1981 5430 sapien-

362 5437 502 5489 tiam
544 5431 1070 5504 comprehenderunt,
1109 5440 1157 5486 et
1197 5428 1388 5484 alicubi
1426 5428 1534 5486 esse
1570 5430 1713 5485 illaut
1754 5428 1981 5487 necesse

362 5516 481 5562 est.
513 5506 645 5561 Bon.

450 5576 558 5633 Sed
584 5579 629 5632 si
651 5577 818 5632 beata.
843 5574 1011 5632 Abest
1037 5575 1081 5629 si
1105 5588 1137 5628 a
1167 5588 1270 5629 ms.
1293 5572 1416 5631 Em.
1447 5574 1505 5630 ln
1535 5588 1646 5630 rec.
1675 5574 1711 5631 ὅ
1737 5572 1977 5629 Colbcrt.

363 5657 431 5708 et
465 5651 487 5703 l
524 5648 761 5703 Clarum.
795 5656 900 5711 est,
936 5647 1043 5702 Sed
1071 5647 1115 5700 si
1145 5646 1299 5700 bona.

448 5717 517 5774 In
540 5721 792 5774 malorum
857 5718 1149 5844 errantia.
1174 5717 1372 5779 Betnl.,
1399 5717 1763 5789 praeferentia;
1795 5732 1978 5787 prave.

448 5791 495 5845 Ι).
521 5806 601 5845 ιιι.
623 5806 741 5845 can;
767 5737 855 5845 1;
864 5807 880 5845 :
942 5807 974 5844 η
994 5789 1312 5845 perferendis
1334 5788 1483 5845 titulis
1504 5800 1609 5845 tota
1627 5790 1701 5845 vis
1719 5791 1828 5845 eius
1849 5788 1978 5845 (vir-

365 5791 495 5850 Lib.
521 5806 601 5862 ιιι,
623 5806 741 5862 cap;
767 5790 795 5847 1

942 5807 974 5844 n
994 5789 1312 5863 perferendis
1334 5788 1483 5847 titulis
1504 5800 1609 5846 tota
1627 5790 1701 5845 vis
1719 5791 1828 5857 eius
1849 5788 1983 5863 (vir-

2154 4789 2221 4843 ld
2249 4800 2319 4845 est
2349 4789 2579 4860 profecto
2619 4789 2837 4844 uirtutis.
2887 4788 2977 4846 Sic
3021 4787 3237 4860 reposui
3282 4802 3369 4860 ex,
3401 4796 3510 4843 vet.
3540 4786 3686 4860 edit.

2078 4861 2238 4917 Rom.
2272 4871 2325 4916 et
2352 4858 2619 4916 omnibus
2661 4876 2792 4916 mss.
2827 4873 3024 4931 praeter
3066 4862 3101 4916 5
3146 4858 3327 4922 Coll).,
3360 4859 3413 4913 in
3461 4858 3686 4929 quibus,

2083 4934 2220 4989 sicut
2259 4933 2310 4986 in
2344 4932 2410 4988 15
2440 4932 2700 5003 vulgatis.
2734 4934 2944 5002 legitur,
2992 4932 3047 4984 id
3085 4941 3159 4986 est
3204 4932 3431 4998 profecto
3466 4931 3683 5003 virtutis.

2085 5004 2144 5058 In
2175 5003 2307 5059 edit.
2342 5001 2572 5058 Tornes.
2604 5017 2657 5059 et
2684 5001 2933 5060 Sotibron
2956 5046 2970 5070 ,
3000 5003 3057 5058 id
3098 5012 3169 5057 est
3199 5003 3435 5071 perfecta:
3463 5001 3683 5071 virtutis.

2086 5072 2343 5148 Proiecto
2360 5075 2724 5148 virtus,et_iam
2754 5076 2881 5145 legit
2905 5070 3254 5131 Heumannus
3276 5089 3340 5127 ex
3362 5073 3546 5148 edit_._l
3565 5070 3686 5136 172,

2084 5140 2251 5229 1ῤ76,
2283 5146 2424 5203 1478
2453 5154 2508 5202 ει
2535 5146 2694 5215 1-197,
2725 5163 2788 5202 ac
2809 5140 2977 5203 etiam
3008 5162 3075 5203 ex
3106 5162 3211 5201 uno
3237 5160 3268 5199 e
3295 5156 3423 5197 mss.
3453 5140 3690 5197 Thoma-

2084 5232 2274 5273 Stants.

2159 5288 2278 5343 Duo
2309 5298 2446 5344 sunt.
2478 5289 2636 5346 Juxta
2668 5290 2727 5345 Β.
2769 5289 2994 5344 Paulum
3039 5286 3208 5341 tribus
3252 5284 3416 5338 homo
3448 5284 3688 5353 partibus

2087 5370 2340 5416 constat:
2374 5377 2625 5429 corpore,
2668 5363 2872 5422 anima,
2920 5368 2974 5415 et
3024 5359 3237 5429 spiritu.
3284 5356 3392 5429 Sed
3442 5358 3690 5411 animalis

2089 5431 2255 5487 homo
2285 5449 2389 5487 non
2420 5426 2644 5502 percipit
2676 5447 2736 5487 ea
2780 5447 2900 5498 quae
2922 5439 3066 5502 sunt
3120 5428 3236 5483 Dei.
3267 5426 3690 5502 Δςῖιιιιειίιιιςιιιιιιε

2089 5504 2251 5572 igitur
2275 5504 2325 5559 in
2355 5498 2617 5576 spirituali
2646 5502 2863 5576 homine
2888 5501 3158 5576 sinceram
3202 5498 3543 5576 religionem.
3582 5517 3688 5576 qua

2091 5571 2339 5631 homines
2370 5571 2661 5645 perfectam
2710 5573 2894 5643 (quam
2935 5571 3130 5627 Cicero
3174 5573 3482 5639 somniavit)
3525 5574 3691 5626 ratio-

2089 5661 2212 5700 nem
2240 5647 2523 5711 habentes,
2557 5647 2738 5700 multis
2768 5645 3023 5715 gradibus
3052 5661 3082 5698 ιι
3111 5645 3383 5700 communi
3428 5646 3525 5715 illa;
3566 5658 3688 5712 psy-

2086 5718 2387 5783 chicorum,
2424 5718 2668 5783 plurimis
2694 5732 2724 5772 a
2756 5713 2987 5773 bellnina
3019 5729 3206 5771 natura
3238 5716 3456 5770 distant.
3500 5713 3686 5783 Potest

2090 5790 2283 5860 videri,
2313 5781 2648 5847 Lactantium
2683 5789 2824 5848 idem
2850 5788 3146 5846 credidisse
3175 5788 3437 5855 animum,
3460 5782 3599 5853 quod
3628 5781 3684 5837 in
