4154 6196
458 287 565 346 579

1559 270 1744 342 risit.
1784 259 2149 339 LACTAN't‘i't
2194 258 2400 342 oile.
2441 276 2683 338 lNSTiT.

3655 279 3760 339 380

458 394 620 461 Multa
664 404 791 461 Sunt
839 398 1052 475 propria
1093 402 1294 471 animi,
1331 394 1495 460 multa
1539 401 1756 475 propria
1782 390 2050 473 corporis.
2078 397 2135 466 Α
2159 395 2381 463 Caduca,
2409 398 2654 467 spernit,
2686 396 2812 470 quid
2844 394 2991 454 aliud
3022 405 3229 466 restat,
3281 400 3383 455 nisi
3430 406 3490 455 ιιι
3532 362 3758 458 coaleste

460 501 629 555 multa
660 492 871 568 utrique
898 494 1231 563 Communia,
1260 497 1400 553 sicut
1425 506 1507 552 est
1534 488 1646 568 ipsa
1690 502 1867 551 Virtus
1898 511 1911 549 :
1937 508 2057 564 qua:

459 586 673 662 quoties
698 582 761 643 ad
793 600 988 660 Corpus
1020 588 1272 657 refertur,
1312 580 1653 646 discernendi
1693 587 1863 660 gratia
1902 585 2059 642 forti-

460 678 590 740 tudo
620 683 945 737 nominatur.
970 680 1235 749 Quoniam
1264 682 1426 753 igitur
1451 678 1660 753 utrique
1684 679 1925 751 siibjacc't
1949 674 2059 733 for-

461 770 655 837 titudo,
687 773 793 830 utri
817 786 902 837 iuc
934 776 1205 845 proposita
1236 774 1514 830 dimicatio
1538 780 1640 843 est,
1673 780 1726 829 et
1759 780 1971 844 utrique
1992 784 2058 827 ex

461 862 810 925 dimicatione
838 869 1112 924 victoria:
1146 884 1378 940 corpus,
1428 869 1550 940 quia
1598 866 1827 924 solidum
1876 875 1960 921 est
2005 876 2059 921 et

463 952 976 1033 cnmprehensibile,
1005 980 1127 1018 cum
1169 950 1354 1019 solidis
1390 971 1445 1017 et
1484 950 2060 1031 comprcliensiliilibus

462 1054 721 1126 ciinlligat
748 1070 972 1113 necesse
1002 1066 1115 1117 est;
1147 1058 1360 1110 animus
1386 1062 1585 1117 autem,
1618 1056 1737 1125 quia
1781 1053 1976 1116 tenuis,
2010 1054 2063 1104 et

464 1144 751 1205 invisibilis
778 1154 861 1205 est
881 1190 898 1216 ,
938 1163 1058 1203 cum
1090 1136 1154 1201 iis
1183 1145 1530 1217 congreditur
1561 1145 1829 1211 hostibus,
1861 1141 1953 1212 qui
1986 1143 2064 1196 vi-

464 1237 578 1298 deri
627 1240 879 1311 tatigique
929 1255 1037 1294 non
1086 1244 1329 1308 poSsuiit.
1384 1236 1485 1304 Qui
1519 1246 1645 1292 sunt
1670 1243 1848 1291 autem
1880 1234 2063 1289 hostes

465 1334 652 1399 animi,
686 1334 786 1389 nisi
816 1330 1159 1403 cupiditates,
1194 1331 1340 1395 vitia,
1368 1326 1630 1401 peccata?
1659 1342 1778 1400 quae
1806 1329 1849 1383 si
1879 1322 2065 1382 vicerit

465 1429 658 1490 virtus,
688 1441 751 1481 ac
782 1425 1068 1497 fugaverit,
1095 1424 1469 1479 iuimaculatus
1496 1424 1601 1480 erit
1628 1425 1860 1487 animus,
1884 1439 1946 1477 ac
1970 1439 2063 1492 pu-

466 1535 579 1577 rus.
613 1516 765 1575 Unde
792 1528 923 1591 ergo
950 1518 1130 1589 colligi
1158 1528 1355 1581 potest,
1384 1512 1511 1588 quid
1539 1519 1739 1573 elilciat
1765 1514 1929 1572 animi
1959 1515 2067 1571 for-

469 1602 680 1668 titudo?
708 1600 968 1666 Nimirum
1015 1626 1081 1666 ex
1130 1600 1440 1682 coniuncto.
1483 1621 1536 1667 et
1575 1608 1711 1682 pari,
1763 1608 1864 1665 hoc
1890 1620 1969 1664 est
1999 1614 2063 1664 ex

468 1706 714 1776 corporis
742 1703 1075 1769 fortitudine,
1105 1700 1249 1775 quod
1280 1720 1401 1760 cum
1436 1706 1490 1760 ιιι
1534 1704 1767 1774 aliquam
1812 1718 2063 1774 congres-

2159 490 2363 563 aliquid
2395 488 2619 557 efficiat,
2653 493 2777 564 quia
2808 496 3023 548 terrena
3050 491 3301 548 universa
3333 494 3632 548 contemnit
3659 536 3673 560 ,
3710 498 3764 550 et

2161 586 2228 640 ad
2282 585 2475 640 altiora
2524 586 2748 651 nitatur,
2798 586 2921 657 quia
2968 574 3191 641 humilia
3238 585 3504 656 deSpicit?
3536 582 3594 642 ld
3635 603 3765 644 vero

2161 672 2293 734 nihil
2325 676 2467 733 aliud
2500 674 2679 749 putest
2707 694 2846 743 esse,
2881 692 3039 750 quam
3073 679 3469 734 immortalitas.

2233 767 2426 827 Merito
2456 788 2587 836 ergo
2605 772 3049 843 plillosiiphoriiiu
3077 784 3181 826 non
3202 773 3468 828 obscurus
3488 770 3760 841 Euclides,

2163 862 2252 936 qui
2283 865 2378 921 fuit
2400 860 2649 923 conditor
2673 858 3060 937 Megaricorum
3084 866 3408 934 disciplinas,
3439 866 3767 924 dissentiens

2164 973 2193 1011 a
2221 959 2450 1023 cmteris,
2481 958 2529 1012 id
2562 964 2681 1013 esSe
2710 970 2979 1013 summum
3006 956 3201 1014 bonum
3227 958 3391 1026 dixit,
3418 960 3560 1030 quod
3587 962 3767 1017 simile

2164 1048 2254 1113 sil,
2283 1057 2337 1104 et
2367 1046 2505 1103 idem
2535 1062 2769 1119 semper.
2805 1049 3072 1105 Intellexit
3113 1049 3356 1119 profecto
3400 1066 3519 1121 qua:
3567 1055 3634 1106 sit
3668 1070 3766 1107 na-

2167 1150 2284 1194 tura
2313 1141 2504 1194 Summi
2535 1136 2681 1207 boni,
2715 1142 2838 1197 licet
2863 1141 2915 1196 id
2942 1158 3049 1196 non
3091 1142 3442 1210 explicaverit
3484 1143 3612 1213 quid
3650 1143 3719 1198 sit
3750 1165 3764 1201 :

2166 1238 2218 1293 id
2248 1238 2330 1292 est
2359 1246 2538 1293 autem
2571 1234 2971 1304 immortalitas,
3004 1250 3104 1292 nec
3147 1234 3291 1291 aliud
3340 1240 3561 1292 omnino
3604 1237 3766 1310 quid-

2166 1341 2360 1403 quam;
2389 1333 2509 1402 quia
2541 1332 2653 1389 sola
2687 1346 2785 1387 nec
2816 1322 3080 1392 imminui.
3115 1340 3213 1386 nec
3241 1331 3425 1403 augeri
3447 1375 3461 1398 ,
3510 1347 3611 1387 nec
3661 1333 3765 1386 im-

2169 1423 2363 1479 mutari
2395 1433 2588 1494 potest.
2625 1422 2832 1480 Seneca
2861 1430 3075 1494 Quoque
3116 1420 3428 1493 imprudens
3458 1423 3678 1491 incidit,
3712 1430 3769 1479 ut

2169 1517 2443 1586 fateretur,
2479 1516 2681 1573 nullum
2716 1530 2837 1573 csse
2863 1512 3006 1572 aliud
3034 1516 3248 1572 virtutis
3273 1517 3576 1587 praemium,
3604 1531 3766 1588 qnam

2169 1611 2647 1667 immortalitatem.
2679 1606 2929 1666 Laudatis
2958 1608 3101 1665 enim
3139 1610 3392 1663 virtutem
3441 1612 3494 1664 in
3536 1626 3600 1664 eo
3628 1610 3768 1665 libro

2171 1719 2328 1776 quem
2357 1703 2424 1760 de
2454 1705 2737 1760 immatura
2772 1711 2945 1759 tniirte
2972 1702 3329 1771 conscripsit:
3361 1719 3378 1753 ι
3414 1698 3549 1765 Una,
3573 1701 3764 1773 inquit,

468 1790 679 1854 sionem
719 1805 1104 1868 certamenque
1137 1798 1376 1859 venerit,
1411 1790 1537 1869 quid
1565 1798 1709 1852 aliud
1738 1812 1805 1853 ex
1844 1796 2062 1851 Victoria
2094 1806 2142 1868 Β
2173 1810 2258 1854 res
2284 1805 2366 1854 cst
2392 1799 2580 1860 virttis,
2614 1808 2732 1868 quin
2764 1798 2863 1851 hos
2892 1794 3297 1850 immortalis-ite
3334 1798 3538 1850 donare
3577 1796 3765 1865 possit,

467 1908 626 1965 quam
687 1891 849 1946 vitain
902 1890 1074 1961 petit?
1107 1888 1233 1948 Sive
1282 1892 1423 1947 enim
1473 1907 1598 1946 cum
1646 1886 1893 1956 homine,
1949 1891 2064 1945 sive

467 2000 590 2042 cum
633 1984 805 2041 bestia
857 1982 1102 2051 dimices,
1139 1999 1236 2054 pro
1294 1981 1467 2038 salute
1523 1992 1781 2038 certatur.
1821 1978 1959 2053 Ergo
2005 1993 2066 2037 ut

469 2091 667 2146 corpus
724 2074 988 2131 vincendo
1030 2073 1080 2130 id
1133 2077 1455 2145 assequitur,
1508 2080 1566 2129 ut
1615 2089 1721 2129 non
1772 2074 2001 2129 intereat
2049 2091 2062 2127 :

469 2167 551 2224 sic
600 2166 761 2223 etiam
815 2168 1059 2233 animus,
1116 2176 1174 2222 ut
1202 2172 1551 2238 permaneat;
1595 2176 1649 2223 et
1686 2167 1828 2224 sicut
1870 2180 2065 2237 corpus

468 2260 538 2317 ab
568 2260 813 2316 hostibus
841 2261 953 2315 suis
979 2261 1210 2323 victum,
1241 2270 1416 2315 morte
1442 2260 1733 2314 mulctatur
1759 2278 1772 2315 :
1804 2259 1873 2313 ita
1906 2275 2066 2329 supe-

468 2365 665 2411 ratusa
685 2353 828 2409 vitiis
848 2353 1060 2409 animus
1090 2352 1352 2409 moriatur
1378 2368 1603 2409 necesse
1633 2362 1733 2408 est.
1765 2352 1904 2420 Quid
1933 2368 2065 2424 ergo

468 2447 718 2502 intererit
742 2446 880 2500 inter
907 2445 1071 2500 animi
1114 2444 1467 2516 corporisque
1493 2445 1921 2514 dimicationem,
1962 2447 2062 2500 nisi

469 2536 614 2609 quod
660 2546 860 2607 corpus
908 2538 1260 2609 temporalem
1312 2542 1476 2593 vitam
1532 2540 1743 2609 expetit
1771 2580 1786 2606 ,
1848 2539 2065 2594 animus

469 2629 892 2701 sempiternam?
939 2628 997 2686 Si
1039 2645 1170 2701 ergo
1218 2631 1390 2686 virtus
1447 2646 1545 2702 per
1597 2632 1831 2702 seipsnm
1905 2632 2061 2687 beata

468 2737 576 2778 ιιοιι
623 2732 744 2789 est,
792 2723 1046 2793 quoniam
1097 2724 1150 2778 in
1206 2722 1543 2794 perferendis
1585 2721 1667 2797 (ut
1716 2723 1854 2795 disi)
1908 2725 2064 2779 malis

469 2824 579 2871 tcta
612 2814 692 2870 vis
717 2815 838 2885 ejus
867 2824 979 2886 est;
1026 2814 1074 2869 si
1116 2816 1328 2881 omnia,
1379 2829 1502 2886 quae
1531 2830 1628 2885 pro
1665 2815 1822 2870 bonis
1862 2830 2065 2871 concu-

470 2909 771 2978 piscuntur,
803 2906 1054 2980 negligit;
1084 2908 1129 2962 si
1158 2920 1402 2963 summus
1437 2909 1556 2977 ejus
1596 2907 1794 2979 gradus
1821 2906 1888 2961 ad
1921 2922 2065 2962 mor-

472 3009 578 3055 tem
608 3007 776 3070 patet,
805 2999 1239 3071 quandoquidem
1271 3002 1458 3067 vitam,
1486 3012 1609 3071 qua:
1633 3010 1851 3072 optatur
1890 3015 1922 3055 a
1961 3011 2067 3057 caeo

468 3091 621 3158 teris,
650 3106 796 3162 saepe
817 3093 1042 3161 respuit,
1068 3101 1428 3163 mortemque,
1459 3108 1618 3161 quam
1642 3094 1826 3148 eteteri
1851 3094 2064 3161 timent,

470 3183 679 3240 fortiter
708 3186 964 3256 suscipit;
994 3186 1039 3239 si
1068 3200 1290 3242 necesse
1311 3196 1469 3242 estut
1493 3186 1694 3256 aliquid
1712 3203 1780 3243 ex
1798 3202 1858 3243 se
1883 3187 2063 3259 magni

470 3276 599 3333 boni
645 3279 849 3349 pariat,
903 3280 1025 3350 quia
1074 3276 1359 3336 sustentati
1404 3290 1459 3337 et
1501 3285 1737 3351 superati
1786 3292 1957 3353 usque
1995 3282 2063 3339 ad

470 3381 702 3427 mortem
736 3371 949 3429 labores
989 3373 1107 3428 sine
1137 3375 1363 3445 praemio
1402 3388 1522 3429 esse
1563 3389 1669 3429 non
1719 3382 1976 3445 possunt;
2018 3370 2064 3430 sl

470 3462 676 3521 nullum
710 3464 1011 3535 praemium,
1038 3462 1181 3537 quod
1214 3482 1276 3522 ea
1308 3462 1530 3538 dignum
1555 3468 1646 3533 sit,
1694 3460 1746 3522 in
1793 3478 1936 3523 terra
1974 3484 2067 3524 re-

472 3556 699 3627 peritur,
732 3556 1169 3629 quandoquidem
1197 3568 1416 3629 cuncta,
1457 3575 1577 3631 quin
1608 3558 1818 3632 fragilia
1849 3570 1976 3614 sunt
2012 3568 2069 3615 et

2169 1900 2223 1947 et
2251 1906 2408 1961 pares
2434 1889 2536 1945 diis
2564 1892 2757 1945 facere.
2782 1894 2802 1942 ι
2825 1887 2931 1946 Sed
2960 1895 3014 1943 et
3038 1886 3229 1955 Stoici,
3260 1903 3395 1959 quos
3422 1896 3639 1943 secutus
3661 1896 3765 1958 est,

2171 1991 2365 2054 negant
2395 1984 2511 2039 sine
2538 1986 2733 2038 virtute
2759 1978 2900 2037 effici
2942 1990 3264 2052 quemquam
3315 1979 3528 2035 beatum
3575 1996 3757 2051 posse.

2173 2077 2314 2146 Ergo
2340 2076 2554 2131 virtutis
2587 2076 2865 2145 praemium
2900 2074 3052 2128 beata
3096 2073 3200 2128 vita
3234 2085 3338 2140 est,
3390 2074 3436 2128 si
3485 2075 3654 2128 virtus
3686 2072 3769 2148 (ut

2172 2178 2318 2227 recte
2346 2170 2542 2225 dictum
2568 2169 2675 2237 est)
2705 2169 2914 2224 beatam
2948 2168 3111 2222 Vitam
3142 2166 3285 2223 facit.
3324 2162 3440 2222 Non
3470 2176 3553 2222 est
3584 2170 3766 2240 igitur,

2175 2270 2234 2319 ut
2275 2262 2459 2329 aiunt,
2506 2268 2726 2332 propter
2768 2262 3001 2331 seipsam
3058 2260 3229 2315 virttis
3275 2252 3618 2329 expetenda,
3670 2260 3767 2318 sed

2175 2359 2397 2425 propter
2423 2352 2584 2408 vitam
2618 2352 2851 2417 beatam,
2882 2362 3003 2422 qua:
3033 2352 3289 2406 virtutem
3333 2352 3645 2408 necessario
3682 2368 3770 2409 se-

2172 2447 2371 2518 quitur.
2404 2445 2555 2513 Quod
2599 2454 2973 2515 argumentum
3016 2444 3212 2501 docere
3260 2460 3354 2500 eos
3383 2446 3575 2516 potuit,
3622 2444 3767 2518 quod

2171 2547 2314 2595 esset
2339 2550 2607 2595 summum
2644 2540 2863 2595 bonum.
2912 2539 3038 2595 Hth
3078 2548 3256 2595 autem
3290 2539 3392 2595 vita
3434 2556 3669 2610 praesens
3710 2549 3767 2598 et

2171 2633 2466 2704 corporalis
2498 2633 2649 2688 beata
2679 2644 2928 2689 essenon
2966 2641 3164 2703 potest,
3194 2635 3315 2703 quia
3346 2633 3501 2688 malis
3529 2641 3613 2689 est
3639 2633 3769 2689 sub-

2167 2726 2311 2796 jecta
2340 2740 2436 2796 per
2463 2736 2678 2797 corpus.
2711 2727 2974 2798 Epicurus
3023 2726 3188 2781 Detint
3234 2726 3451 2783 beatum
3492 2738 3545 2782 et
3590 2728 3767 2784 incor-

2172 2827 2388 2889 ruptum
2419 2830 2595 2885 vocat,
2625 2821 2747 2891 quia
2777 2824 3139 2891 sempiternus
3167 2830 3270 2877 est.
3310 2820 3592 2877 Beaiitudo
3624 2826 3766 2879 enim

2175 2909 2410 2981 perfecta
2437 2923 2556 2967 esse
2578 2911 2759 2974 debet.
2793 2921 2849 2966 ut
2872 2908 3002 2967 nihil
3026 2913 3115 2979 sit,
3145 2909 3286 2982 quod
3310 2926 3427 2969 eam
3456 2928 3676 2980 vexare,
3706 2930 3770 2971 ac

2176 3004 2517 3069 imminuere,
2543 3014 2635 3059 aut
2660 3005 2945 3061 immutare
2968 3004 3155 3075 possit.
3176 3002 3281 3061 Nec
3303 3006 3462 3062 aliter
3477 3007 3769 3078 quidquam

2176 3098 2470 3174 existimari
2495 3098 2710 3153 beatum
2756 3107 2963 3169 potest,
3014 3100 3117 3155 nisi
3164 3098 3324 3155 fuerit
3367 3102 3760 3173 incorruptum.

2170 3187 2544 3259 Incorruptqu
2575 3203 2752 3247 autem
2786 3193 2918 3247 nihil
2945 3204 3025 3247 est
3048 3234 3064 3261 ,
3104 3193 3208 3248 nisi
3246 3195 3386 3265 quod
3431 3207 3516 3250 est
3544 3199 3767 3253 immor-

2172 3283 2297 3337 tale.
2320 3281 2446 3339 Sola
2479 3298 2607 3353 ergo
2638 3284 3014 3339 immortalitas
3045 3286 3194 3340 beata
3220 3292 3321 3354 est,
3344 3286 3467 3358 quia
3494 3291 3769 3361 corrumpi

2169 3388 2231 3428 ac
2259 3366 2482 3429 dlssolvi
2515 3389 2619 3431 non
2666 3382 2862 3446 potest.
2906 3376 3059 3443 Quod
3106 3368 3151 3431 si
3200 3379 3344 3433 Cadit
3390 3379 3440 3433 iii
3494 3378 3770 3436 hominem

2170 3469 2366 3532 virtus,
2396 3467 2538 3539 quod
2566 3485 2762 3541 negare
2789 3470 2970 3525 nullus
2997 3480 3196 3535 potest.
3226 3472 3374 3527 cadit
3395 3482 3451 3528 et
3475 3474 3767 3529 beatitudo.

2172 3561 2289 3617 Non
2316 3572 2495 3635 potest
2519 3563 2660 3620 enim
2693 3563 2832 3632 fieri,
2865 3572 2923 3619 tit
2963 3566 3036 3620 sit
3081 3565 3265 3632 miser,
3315 3568 3406 3637 qui
3451 3568 3649 3624 virtute
3687 3577 3777 3623 est

1806 3676 2165 3741 VARIORUM
2201 3684 2427 3741 NUTAL.

469 3799 522 3855 in
546 3797 717 3855 sacris
742 3794 965 3855 Litteris
994 3800 1147 3854 tertia
1180 3804 1302 3866 pars
1318 3804 1402 3856 est
1422 3799 1676 3859 Spiritus:
1703 3813 1899 3866 nempe
1924 3798 2065 3869 apud

471 3886 628 3939 quem
679 3872 897 3940 spiritus
946 3885 1141 3940 nomen
1191 3870 1522 3926 rarissimum
1565 3883 1667 3926 est.
1701 3871 1839 3937 Quid
1885 3882 2064 3927 autem

471 3937 684 3995 animus
710 3937 766 3995 et
794 3941 967 3996 aiiiiiia
997 3937 1264 4007 differant,
1293 3943 1446 3998 docet
1478 3942 1618 3998 idem
1660 3942 1971 3997 Laetaiitiiis
1997 3943 2067 3998 de

472 4009 699 4081 Opiiicio
724 4012 838 4074 Dei,
864 4013 1037 4080 capite
1064 4014 1146 4069 18.
1170 4010 1492 4069 BETULEIUS.

546 4081 678 4156 Ipsa
702 4086 880 4138 virtus.
912 4083 1094 4140 Genus
1120 4088 1313 4156 probat
1342 4101 1408 4140 ex
1447 4085 1649 4155 specie.
1695 4084 1877 4140 Robur
1921 4084 2065 4156 enim

472 4155 735 4224 corporis.
764 4156 929 4210 animi
962 4152 1217 4211 fortitudo
1241 4171 1362 4212 esse
1400 4152 1532 4210 alias
1559 4160 1897 4212 observatur.
1932 4152 2067 4212 Vide

473 4225 755 4281 Erasmuiii
785 4227 835 4280 in
868 4226 1179 4282 Eiicliiridio
1203 4229 1386 4282 militis
1406 4228 1703 4283 christiani.

548 4295 617 4353 Ut
645 4298 860 4368 aliquid.
908 4298 986 4353 Ex
1025 4314 1155 4353 mss.
1185 4301 1296 4370 eti
1328 4300 1541 4357 esensis
1572 4298 1786 4370 reposui
1820 4297 2061 4355 voculam

473 4377 700 4444 ul,_i_iit:e
730 4371 942 4424 i-asteris
971 4380 1035 4425 vii
1058 4375 1196 4444 gzitis
1220 4368 1395 4427 deest.

547 4436 766 4496 Necesse
790 4451 883 4505 est,
917 4452 1038 4497 ut...
1061 4436 1256 4512 'parini.
1285 4443 1400 4498 Lib.
1432 4456 1488 4508 ιι,
1510 4457 1558 4499 c.
1588 4443 1673 4506 tl;
1704 4442 1795 4498 lib.
1818 4458 1895 4504 iii.
1920 4456 1970 4495 c.
1996 4441 2062 4496 9:

477 4509 700 4565 Necesse
713 4526 811 4580 est,
830 4523 952 4569 ut...
978 4518 1042 4571 si.
1070 4509 1135 4571 At
1160 4530 1304 4580 mox,
1324 4530 1372 4570 c.
1397 4512 1496 4571 13:
1520 4513 1738 4569 Necesse
1762 4524 1857 4579 est,
1882 4513 1997 4583 ipsa
2028 4554 2066 4567 ..

477 4583 654 4653 (iaciat.
674 4583 735 4638 L.
766 4598 840 4638 tv.
862 4601 911 4639 c.
940 4587 1001 4642 l4
1031 4608 1042 4642 :
1072 4586 1291 4641 Necesse
1318 4596 1411 4649 est,
1436 4586 1640 4641 habeat.
1664 4587 1759 4641 Lib
1801 4601 1873 4653 Vl,
1894 4602 1943 4638 c.
1974 4584 2066 4640 t9:

478 4651 702 4708 Necesse
722 4665 791 4709 est
823 4668 1057 4711 naturain
1089 4658 1381 4725 deprarent.
1427 4657 1488 4712 L.
1524 4672 1623 4723 vii,
1653 4673 1700 4713 c.
1735 4657 1757 4712 l
1795 4674 1809 4712 :
1851 4652 2071 4710 Necesse

477 4736 884 4797 est,_rcvertatnr.
909 4728 970 4783 [ι.
989 4746 1000 4781 ι
1017 4770 1034 4794 ,
1053 4744 1102 4783 c.
1118 4731 1182 4783 21
1213 4748 1225 4781 :
1257 4728 1476 4784 Necesse
1493 4739 1635 4784 est...
1666 4729 1919 4797 ﬁctasint.
1938 4726 2068 4781 BUN.

552 4795 857 4871 Susteniau'.
891 4797 1119 4854 Restllui
1153 4816 1214 4855 ex
1243 4799 1277 4855 9
1303 4799 1463 4856 editis
1508 4810 1561 4855 et
1608 4795 1858 4854 omnibus
1902 4813 2073 4871 prope

478 4881 610 4941 mss.
637 4868 695 4941 In
718 4885 813 4925 sex
834 4873 1050 4941 scriptis
1071 4882 1125 4926 ct
1151 4874 1179 4926 7
1203 4871 1362 4927 editis
1383 4882 1463 4926 est
1503 4872 1746 4941 suscepti.

476 4952 505 5008 ξ
548 4938 811 5013 Euclides.
844 4941 903 5013 _Is
940 4938 1032 4998 fuit
1063 4942 1299 4998 Socratis
1328 4942 1641 5013 discipulus.

477 5014 495 5071 ἓ
548 5010 795 5069 Conditor
825 5011 1220 5086 Megaricorum.
1261 5010 1479 5086 Orditiir
1515 5017 1624 5083 jam
1670 5028 1861 5068 novam
1890 5013 2075 5083 dispu-

477 5085 736 5157 tationem
764 5085 948 5141 contra
975 5101 1089 5145 eos.
1121 5086 1214 5156 qui
1246 5085 1649 5157 imprudentes,
1688 5095 1741 5141 et
1784 5088 1933 5156 quasi
1979 5101 2075 5155 per

479 5155 728 5212 nebulam
751 5171 1017 5211 summum
1047 5155 1246 5212 bonum
1278 5155 1543 5211 viderunt.
1574 5155 1641 5210 Et
1664 5168 1747 5213 est
1776 5155 1897 5211 talis
1924 5172 2075 5227 argu-

476 5227 758 5295 meiitatio,
789 5229 960 5300 qualis
989 5229 1135 5284 Pauli
1175 5231 1435 5284 adversus
1463 5229 1839 5293 Athenienses,
1873 5229 1942 5282 de
1983 5242 2073 5282 ara

478 5301 642 5366 ignoti
687 5301 801 5355 Dei.
842 5300 1099 5355 Videntur
1141 5302 1256 5356 hazc
1294 5314 1358 5355 ex
1401 5311 1591 5367 quarto
1638 5302 2074 5354 Acadeinicaruui

477 5371 682 5435 Quaest.
713 5370 990 5442 Ciceronis
1014 5372 1299 5442 desumpta
1340 5384 1480 5442 eSse.
1506 5369 1707 5426 Locum
1748 5374 1889 5425 liiiiic
1936 5372 2075 5442 iule-

476 5441 890 5516 grunireferam
918 5461 929 5496 :
958 5443 1021 5497 Et
1059 5440 1343 5516 quamgnon
1374 5440 1592 5516 multum
1633 5460 1665 5497 a
1716 5442 1931 5516 Platone
1967 5441 2079 5497 Me-

478 5511 642 5588 garici
668 5511 1036 5588 discesserunt,
1064 5511 1281 5588 quorum
1315 5513 1639 5588 fuitinobilis
1683 5515 1978 5588 disciplina,
2021 5524 2077 5570 ut

479 5583 728 5656 scriptum
760 5582 934 5656 video,
970 5582 1202 5656 princeps
1230 5582 1576 5656 Xennii/mnes
1596 5629 1610 5650 ,
1646 5582 1828 5639 deinde
1856 5603 1970 5641 eum
2002 5601 2079 5639 se-

481 5655 587 5727 cuti
624 5652 956 5727 Parmenides
1005 5667 1049 5708 et
1076 5652 1234 5727 Zeno.
1266 5652 1450 5727 Itaque
1477 5656 1537 5709 ub
1566 5658 1643 5712 Itis
1676 5656 1923 5709 Eretriaci
1965 5656 2080 5727 plii—

488 5724 735 5794 losOphici
760 5725 1171 5781 nominabantur.
1195 5725 1319 5781 Post
1360 5724 1598 5782 Euclides
1622 5770 1635 5791 ,
1664 5727 1894 5783 Socratis
1919 5724 2077 5780 disci-

487 5795 658 5870 pulus,
691 5793 997 5869 Megareus,
1028 5814 1060 5854 a
1086 5811 1185 5871 quo
1224 5797 1378 5855 iidem
1418 5796 1496 5854 illi
1525 5795 1772 5872 Megarici
1817 5797 2075 5867 dicuntur,

2168 3798 2255 3870 qui
2282 3800 2337 3855 id
2368 3802 2554 3856 bonum
2583 3802 2747 3856 solum
2773 3802 3139 3874 esserdicebaitt
3173 3802 3313 3874 quod
3336 3813 3463 3858 esset
3493 3820 3675 3872 unum,
3704 3804 3782 3861 si-

2169 3874 2309 3945 mile.
2339 3883 2386 3928 el
2426 3875 2559 3927 idem
2603 3891 2821 3943 semper.
2856 3873 2926 3928 Hi
2970 3891 3168 3945 quoque
3187 3873 3191 3874 ί
3210 3876 3371 3929 multa
3395 3892 3426 3928 η
3456 3874 3673 3931 Platone
3695 3893 3714 3932 :
3743 3893 3783 3930 α

2171 3941 2471 4018 Menedemo
2513 3941 2869 4018 autem,an
2912 3944 2956 4000 is
2983 3941 3215 4000 'Et‘e'trias
3245 3949 3364 4015 fuit,
3400 3945 3652 4001 Eretriaci
3680 3965 3786 4018 ap-

2170 4016 2368 4083 pellati.
2396 4015 2624 4080 Quorum
2655 4033 2803 4070 omne
2828 4017 3014 4071 bonum
3036 4019 3088 4070 t'n
3115 4033 3280 4072 meme
3307 4021 3549 4086 positum.
3569 4031 3616 4072 et
3640 4015 3789 4073 mert—

2168 4090 2232 4160 tis
2257 4088 2384 4140 acie.
2408 4103 2508 4159 qua
2535 4104 2707 4141 verum
2735 4099 3047 4142 cerneretur.
3073 4087 3152 4143 Ex
3180 4091 3376 4157 quibus
3397 4094 3577 4144 verbis
3600 4100 3780 4160 patet,

2170 4158 2573 4213 Laetaiitiaiiaui
2602 4160 2884 4213 lcetioiieiii
2913 4164 3173 4228 integram
3198 4177 3303 4214 non
3348 4176 3488 4216 esse.
3536 4158 3666 4215 Nam
3712 4160 3794 4216 ad

2169 4230 2588 4299 descriptioneiti
2622 4232 2817 4283 summi
2851 4232 2973 4285 boni
3006 4232 3305 4298 pertinebat
3327 4242 3510 4294 etiam,
3537 4245 3589 4286 ut
3618 4248 3791 4288 unum

2169 4313 2332 4356 esset.
2366 4302 2601 4356 Galenus
2629 4302 2696 4355 ad
2722 4301 3018 4366 Stilponem
3052 4303 3392 4372 Megara-um,
3426 4304 3663 4358 Euclidis
3685 4320 3753 4358 au
3774 4333 3795 4344 -

2170 4373 2420 4434 ditiirein,
2449 4372 2749 4441 disciplinae
2779 4373 2934 4441 hujus
2964 4378 3231 4442 originem
3262 4374 3425 4428 refert
3457 4391 3506 4428 in
3548 4375 3793 4430 Hismria

2093 4461 2145 4521 ι)
2174 4446 2564 4521 philosophica.
2595 4445 2701 4521 Sed
2731 4448 2937 4521 ratione
2962 4450 3073 4514 ipsa
3096 4487 3112 4511 ,
3138 4445 3334 4500 deinde
3359 4448 3521 4521 etiam
3545 4448 3794 4521 aitetori-

2172 4523 2281 4571 tate
2330 4513 2529 4571 Laertii
2582 4516 2943 4586 probabiliora
2986 4513 3115 4570 ειιιιι
3162 4534 3282 4587 qua:
3339 4518 3519 4571 retulit
3562 4515 3787 4573 Cicero.

3234 4589 3554 4644 BETULEIUS.

2249 4657 2402 4737 Quod
2428 4658 2595 4737 simile
2618 4659 2703 4737 sit.
2749 4657 2959 4737 simile,
2992 4673 3096 4737 noti
3124 4658 3255 4737 πρὸς
3288 4681 3340 4714 τι
3371 4657 3798 4737 intelligeiidum

2172 4741 2277 4793 est,
2308 4731 2400 4784 sed
2431 4730 2572 4798 quod
2595 4728 2695 4782 sibi
2726 4730 2795 4783 sit
2821 4728 3017 4785 simile.
3058 4728 3285 4786 Susiiilit
3327 4735 3493 4797 enim,
3527 4728 3581 4786 ut
3620 4732 3800 4786 Laer—

2176 4804 2281 4855 tius
2320 4802 2544 4866 scribit,
2587 4800 2655 4855 de
2681 4805 3086 4871 comparatione
3130 4803 3574 4874 disputatioiieiii.
3609 4804 3803 4859 Βετο-

2176 4887 2354 4928 ιειιιε.

2249 4943 2484 5010 Seneca,
2531 4952 2635 4999 elc.
2686 4942 2873 5001 Nullus
2919 4943 3078 4999 hodie
3113 4944 3337 5000 Senecae
3378 4945 3516 5000 liber
3544 4944 3644 5000 sub
3684 4943 3803 5001 hoc

2176 5026 2324 5073 extat
2351 5017 2525 5069 titulo.
2553 5015 2709 5069 Extat
2733 5017 2949 5086 quidem
2978 5017 3044 5071 de
3066 5015 3180 5072 Vita
3210 5018 3361 5071 beata
3391 5017 3457 5070 ad
3481 5017 3802 5073 Gallionem

2179 5089 2314 5143 liber
2345 5087 2563 5142 nobilis.
2596 5087 2735 5155 Quin
2784 5090 2947 5141 itiiiiio
2976 5090 3153 5142 omnia
3181 5089 3404 5144 Seneca:
3445 5091 3643 5158 scripta
3688 5089 3803 5143 hac

2178 5168 2303 5216 sunt
2329 5157 2574 5214 doctrina
2597 5174 2887 5231 conspersa
2916 5177 2929 5212 :
2959 5163 3256 5227 praesertim
3291 5171 3468 5216 tamen
3497 5157 3658 5231 epist.
3688 5158 3797 5228 86,

2179 5247 2299 5302 quae
2325 5241 2404 5285 est
2434 5233 2522 5285 lib.
2561 5245 2656 5286 χιι.
2685 5230 3012 5286 Βετυιειυε.

2256 5302 2481 5374 [γεθαγηε.
2514 5312 2619 5356 etc.
2653 5304 2725 5356 lte
2745 5318 2851 5371 quo
2880 5303 2998 5358 Vide
3023 5300 3166 5374 apud
3196 5299 3372 5358 Cicer.
3404 5319 3457 5359 ν.
3494 5302 3710 5360 Tuscul.

2258 5373 2431 5439 Quod.
2461 5375 2563 5428 Pro
2584 5376 2867 5442 quodnam.

2256 5442 2515 5517 Epicurus
2545 5442 2712 5498 Deum
2738 5447 2955 5507 beatum,
2983 5453 3089 5499 etc.
3124 5444 3181 5499 In
3221 5445 3449 5513 epistola
3491 5445 3556 5501 ad
3597 5460 3799 5517 quemg

2181 5516 2305 5572 dam
2353 5515 2717 5588 Mciioceeuui,
2762 5532 2883 5586 quae
2932 5526 3080 5571 extat
3128 5522 3179 5572 in
3234 5519 3450 5588 Epicuri
3498 5514 3803 5587 vita'apud

2182 5589 2456 5644 Laertiiim
2492 5588 2528 5641 l.
2566 5603 2621 5642 χ.
2653 5586 2743 5642 Sic.
2765 5587 2927 5642 etiam
2957 5598 3166 5643 veteres
3197 5604 3265 5643 xv
3283 5586 3473 5644 Vsa-culi
3503 5586 3800 5644 editiones.

2257 5659 2379 5713 Non
2412 5671 2641 5726 potest...
2672 5668 2722 5713 ut
2752 5665 2815 5713 st't
2848 5659 3014 5713 miser.
3048 5658 3181 5713 Infra
3215 5661 3445 5725 Seneca,
3478 5663 3545 5715 ile
3578 5657 3797 5713 PI'thd.

2183 5747 2231 5788 c.
2262 5732 2330 5786 τις
2360 5728 2537 5785 Bonas
2589 5732 2665 5801 uir
2721 5741 2882 5800 potest
2932 5732 3083 5801 miser
3132 5732 3254 5801 dici,
3285 5748 3383 5784 non
3432 5742 3593 5801 potest
3638 5732 3797 5801 miser

2191 5815 2317 5859 esse.
2349 5803 2565 5867 Cicero,
2594 5796 2857 5858 Parados.
2891 5812 2948 5869 ti,
2981 5800 3071 5855 lin.
3099 5816 3113 5856 :
3150 5796 3219 5858 Ut
3246 5796 3499 5873 intprolio,
3524 5810 3570 5858 ct
3612 5797 3796 5871 stulto,
