4154 6196
435 278 542 343 585

1510 279 1695 341 FIRM.
1740 270 2104 334 LACTANTII
2142 271 2345 329 DIVIN.
2395 271 2638 330 lNS’l‘lT.

3630 259 3742 328 ’.εει

432 400 526 458 riri
546 443 562 470 ,
594 398 717 473 quia
758 411 1026 455 summum
1074 396 1275 453 bonum
1319 410 1430 453 non
1461 397 1513 452 in
1543 409 1756 451 summo
1797 392 2024 466 quaesie-
2050 392 2107 457 Α
2128 406 2250 447 mus
2279 392 2735 448 immortalitatem
2765 404 2888 447 esse
2914 403 3184 445 summum
3211 389 3436 457 bonum,
3475 389 3526 446 id
3554 390 3733 460 ipsum

430 506 555 553 runt
578 534 594 561 ,
624 493 717 549 sed
748 491 804 547 in
833 492 962 546 itno.
996 490 1277 548 Summum
1301 500 1480 545 autem
1506 488 1634 561 quid
1660 498 1764 553 est,
1791 488 1890 542 nisi
1919 500 2032 542 ca:—

431 585 543 643 lum
562 628 577 652 ,
603 596 658 641 et
691 587 863 651 Deus,
896 583 1038 640 unde
1076 585 1290 638 animus
1316 583 1528 639 oritur?
1557 581 1728 636 lmmn
1758 579 1885 653 quid
1913 588 2027 644 est,

432 681 535 739 nisi
566 691 706 735 terra
728 721 744 748 ,
775 679 917 734 unde
940 693 1138 749 corpus
1165 679 1289 735 est?
1310 677 1493 749 Itaque
1519 677 1643 733 licet
1664 676 1881 747 quidam
1914 674 2032 745 phi-

433 771 651 844 losophi
676 786 946 826 summum
971 771 1173 827 bonum
1204 786 1309 827 non
1331 772 1571 840 corpori,
1600 768 1694 825 sed
1724 769 1908 823 animo
1931 765 2032 821 de-

432 863 632 932 derint,
695 874 907 929 tamen,
942 864 1194 936 quoniam
1225 863 1356 919 illud
1385 863 1451 916 ad
1481 865 1619 918 hanc
1645 862 1807 916 vitam
1837 861 2035 916 retule-

433 969 590 1024 runt,
621 974 743 1027 qua:
770 974 894 1013 cum
921 973 1154 1029 corpore
1179 957 1525 1023 terminatur,
1554 956 1619 1011 ad
1653 969 1852 1024 corpus
1879 968 2035 1009 revo-

434 1050 532 1109 luti
554 1061 714 1118 sunt,
738 1052 892 1122 cujus
914 1064 998 1106 e51
1030 1051 1132 1105 hoc
1158 1065 1320 1105 omne
1348 1059 1581 1120 tempus,
1607 1047 1750 1119 quod
1779 1046 2033 1116 transigi-

437 1154 524 1200 tur
552 1143 607 1199 in
655 1152 822 1200 terra.
871 1143 1050 1212 Quare
1076 1159 1184 1198 non
1215 1143 1487 1198 immerito
1516 1156 1786 1196 summum
1832 1140 2034 1195 bonum

438 1255 547 1296 non
570 1238 1123 1311 comprehenderunt;
1141 1239 1262 1310 qttia
1282 1237 1545 1310 quidquid
1568 1237 1637 1293 ad
1659 1251 1860 1308 corpus
1880 1250 2036 1307 spec-

437 1341 553 1401 tat,
582 1343 638 1389 et
660 1333 1083 1388 immortalitatis
1109 1340 1193 1386 est
1217 1346 1448 1403 expers,
1481 1331 1649 1386 imum
1698 1335 1771 1385 sit
1813 1342 2037 1384 necesse

437 1442 540 1487 εει.
564 1428 680 1485 Νοη
713 1428 853 1485 cadit
878 1442 1008 1499 ergo
1036 1428 1090 1483 in
1113 1427 1391 1483 hominem
1413 1424 1690 1483 beatitudo
1716 1424 1810 1481 illo
1839 1423 1998 1479 modo
2019 1465 2035 1487 ,

438 1537 547 1595 quo
563 1522 866 1595 philosophi
896 1531 1219 1593 putaverunt
1247 1537 1260 1574 ί
1286 1519 1379 1577 sed
1409 1520 1479 1574 ita
1503 1518 1666 1584 cadit,
1698 1534 1803 1574 non
1825 1527 1883 1572 ut
1911 1527 2038 1573 tunc

437 1616 631 1676 beatus
660 1617 875 1672 sitcum
904 1617 1036 1671 vivit
1062 1616 1115 1671 in
1141 1630 1392 1687 corpore,
1421 1614 1563 1686 quod
1606 1616 1811 1685 utique,
1841 1622 1901 1668 ut
1927 1612 2041 1668 dis-

440 1713 702 1778 solvatur,
735 1726 962 1768 necesse
989 1720 1074 1766 est
1101 1710 1414 1781 corrumpi;
1440 1709 1536 1764 sed
1569 1718 1695 1763 tunc
1715 1749 1730 1774 ,
1765 1723 1888 1762 cum
1915 1706 2036 1761 ani-

2132 486 2490 541 immortalem
2517 500 2639 541 esse
2665 485 2899 540 animam
2926 485 3365 556 comprobemus.
3405 483 3521 553 Qua
3569 486 3638 543 de
3680 500 3740 546 rc

2132 577 2320 648 ingens
2349 578 2490 632 inter
2533 576 2887 648 philosophos
2932 577 3255 649 disceptatio
3295 588 3400 646 est,
3448 594 3549 634 nec
3583 579 3740 648 quid-

2133 686 2294 742 quam
2330 680 2505 727 tamen
2535 672 2828 743 explicare,
2859 682 2950 726 aut
2978 672 3207 743 probare
3228 682 3528 745 potuerunt
3559 672 3616 741 ii,
3642 674 3738 745 qui

2132 780 2320 820 verum
2358 764 2427 821 de
2456 767 2634 821 anima
2681 765 3025 832 sentiebant;
3081 777 3337 837 expertes
3386 767 3530 822 enim
3583 767 3741 839 hujus

2134 857 2329 912 divinae
2351 856 2693 925 eruditionis,
2728 872 2829 913 nec
2859 867 3174 929 argumenta
3226 874 3377 925 vera,
3401 858 3599 929 quibus
3623 860 3741 916 vin-

2134 960 2343 1018 eerent,
2367 954 2686 1019 attulerunt,
2720 966 2820 1007 nec
2844 952 3170 1018 testimonia,
3195 953 3392 1024 quibus
3419 953 3740 1023 probarent.

2134 1042 2238 1100 Sed
2269 1046 2592 1114 OpOI'llltlillS
2631 1046 2768 1100 hanc
2807 1046 3165 1116 qumslionettt
3201 1047 3550 1103 traCtabimns
3576 1047 3628 1102 in
3657 1047 3742 1103 ul-

2135 1135 2269 1189 timo
2295 1135 2455 1203 libro,
2478 1151 2598 1191 cum
2623 1135 2693 1191 de
2716 1138 2824 1191 vita
2850 1137 3002 1191 beata
3033 1138 3189 1192 nobis
3215 1139 3318 1193 erit
3339 1137 3737 1196 disserendum.

2138 1226 2396 1297 Superest
2424 1243 2545 1297 pars
2572 1230 2662 1283 illa
2692 1228 3049 1300 philosophia:
3102 1231 3282 1296 tertia,
3329 1245 3489 1301 quam
3544 1242 3743 1290 vocant

2137 1321 2354 1395 λογικήν.
2389 1320 2443 1375 in
2476 1337 2577 1390 qua
2610 1330 2719 1375 tota
2746 1320 3053 1388 dialeetica,
3076 1330 3132 1377 et
3159 1322 3338 1377 omnis
3370 1323 3625 1394 loquendi
3653 1339 3743 1379 ra-

2140 1414 2215 1470 tio
2243 1413 2569 1469 continetur.
2606 1414 2755 1469 llanc
2778 1413 2958 1468 divina
2988 1413 3222 1469 eruditio
3265 1430 3371 1469 non
3422 1415 3736 1472 desiderat:

2139 1507 2263 1578 quia
2286 1521 2392 1560 non
2424 1507 2476 1560 in
2506 1507 2703 1575 lingua,
2732 1506 2827 1562 sed
2859 1506 2912 1560 in
2934 1506 3099 1561 corde
3125 1507 3386 1577 sapientia
3407 1518 3510 1574 est;
3536 1524 3634 1563 nec
3660 1509 3746 1563 in-

2141 1607 2331 1665 terest,
2360 1600 2502 1670 quali
2536 1608 2689 1653 utare
2737 1613 3022 1654 sermone:
3078 1614 3165 1654 res
3217 1603 3386 1663 enim,
3442 1616 3548 1656 non
3580 1601 3743 1657 verba

2140 1700 2468 1761 qureruntur.
2509 1691 2575 1745 Et
2612 1706 2711 1746 nos
2755 1705 2861 1745 non
2889 1691 2958 1746 de
2982 1693 3355 1763 grammatico,
3386 1704 3475 1747 aut
3501 1706 3741 1761 oratore,

442 1821 528 1862 ma
556 1806 817 1860 societate
844 1804 1090 1875 corporis
1121 1803 1343 1860 liberata
1366 1845 1382 1868 ,
1431 1804 1482 1856 in
1513 1802 1632 1856 solo
1659 1801 1852 1872 spiritu
1883 1799 2033 1854 vivit.

2148 1799 2370 1855 quorum
2400 1783 2623 1839 scientia
2655 1794 2759 1849 est,
2790 1784 3062 1854 quomodo
3095 1784 3239 1857 loqui
3281 1785 3491 1851 deceat,
3538 1785 3632 1841 sed
3676 1785 3744 1842 de

442 1896 558 1955 Hoc
580 1913 687 1952 uno
717 1897 857 1953 beati
881 1911 1002 1953 esse
1031 1895 1085 1952 in
1112 1895 1211 1952 hae
1237 1895 1345 1951 vita
1376 1909 1701 1966 possumus,
1734 1893 1779 1948 si
1823 1892 2043 1948 minime

441 1992 586 2049 beati
613 2005 734 2047 esse
758 1990 1070 2057 videamur;
1103 1990 1149 2046 si
1189 1988 1459 2060 fugientes
1490 1987 1775 2044 illecebras
1798 1986 2044 2055 volupta-

444 2094 589 2150 tum,
618 2085 830 2156 solique
869 2083 1055 2141 virtuti
1097 2084 1433 2148 servientes,
1481 2083 1535 2137 in
1566 2082 1817 2138 omnibus
1844 2079 2044 2136 labori-

443 2178 544 2235 bus
570 2178 914 2249 miseriisque
951 2177 1221 2245 vivamus,
1244 2193 1363 2248 qua:
1387 2185 1513 2232 sunt
1538 2177 1819 2239 exercitia,
1840 2184 1893 2229 et
1923 2188 2044 2230 cor-

443 2270 826 2328 roboramenta
853 2269 1104 2335 virtutis;
1128 2270 1171 2324 si
1194 2269 1428 2341 denique
1452 2284 1702 2341 asperam
1731 2268 1875 2323 illam
1900 2268 2039 2323 viam

443 2361 835 2432 difﬁcilemque
864 2369 1146 2417 teneamus
1165 2402 1179 2426 ,
1213 2375 1334 2429 quae
1356 2361 1511 2418 nobis
1539 2361 1609 2416 ad
1651 2359 2041 2416 beatitudinem

441 2455 711 2529 patefacta
742 2464 845 2511 est.
890 2455 1169 2511 Sttmmum
1211 2456 1372 2527 igitur
1399 2456 1599 2511 bonum
1620 2496 1635 2521 ,
1663 2455 1807 2525 quod
1856 2455 2045 2511 beatos

444 2546 609 2615 facit,
644 2562 751 2603 non
796 2557 975 2618 potest
1004 2563 1125 2605 esse
1150 2591 1165 2616 ,
1211 2549 1316 2606 nisi
1347 2549 1401 2605 in
1431 2564 1493 2605 ea
1533 2549 1794 2619 religione
1817 2591 1831 2615 ,
1884 2558 2044 2618 atque

443 2639 727 2709 doctrina‘,
773 2639 863 2697 cui
914 2656 1041 2713 spes
1084 2642 1510 2699 immortalitatis
1552 2640 1803 2713 adjuncta
1829 2650 1934 2699 est.

1027 2755 1278 2814 CAPUT.
1312 2754 1453 2813 XIII.

442 2891 524 2951 De
551 2896 740 2952 anima
764 2894 1168 2962 immortalitate,
1210 2894 1372 2965 deque
1394 2895 1668 2970 sapientia,
1716 2894 2046 2967 philosophia

1059 3000 1106 3046 et
1131 2989 1442 3061 eloquentia.

2148 1877 2392 1946 sapiente
2418 1876 2754 1944 disserimus,
2782 1876 2937 1946 cujus
2964 1877 3207 1931 doctrina
3231 1888 3335 1942 est,
3365 1878 3635 1948 quomodo
3659 1879 3744 1932 vi-

2148 1984 2279 2026 vere
2334 1979 2604 2041 Oportvat.
2661 1970 2817 2042 Quod
2875 1971 2921 2026 si
2962 1986 3139 2043 neque
3194 1972 3415 2044 physica
3464 1972 3553 2027 illa
3608 1972 3746 2029 ratio

2149 2064 2452 2119 necessaria
2480 2075 2584 2130 est,
2611 2080 2786 2135 neque
2809 2063 2925 2119 hmc
2946 2064 3135 2136 logica,
3167 2065 3292 2137 quia
3319 2065 3535 2121 beatum
3568 2068 3747 2123 facere

2149 2172 2255 2212 non
2287 2166 2546 2227 possunt:
2582 2166 2752 2213 restat
2775 2169 2833 2213 ut
2862 2158 2914 2213 in
2943 2157 3057 2213 sola
3096 2158 3274 2214 ethica
3308 2160 3472 2214 totius
3504 2158 3745 2229 philosoo

2150 2253 2291 2324 pbite
2328 2253 2408 2309 \is
2434 2253 2794 2321 contineatur,
2826 2251 2893 2308 ad
2920 2267 3080 2324 quam
3108 2267 3189 2321 se,
3218 2252 3446 2323 ahjectis
3469 2253 3744 2323 omnibus,

2147 2346 2399 2405 Socrates
2426 2347 2724 2403 contulisse
2752 2347 2972 2403 dicitur.
3016 2348 3074 2402 In
3098 2364 3201 2420 qua
3241 2349 3403 2405 etiam
3433 2358 3582 2421 parte
3609 2366 3747 2422 quo-

2148 2443 2291 2497 niam
2313 2441 2665 2514 philosophos
2687 2457 2900 2499 errasse
2919 2442 3097 2509 docui,
3123 2445 3213 2515 qui
3236 2458 3506 2501 summum
3525 2445 3743 2512 bonum,

2145 2537 2299 2607 cujus
2337 2537 2580 2608 capiendi
2607 2539 2777 2609 gratia
2821 2539 3065 2609 generati
3108 2553 3315 2608 sumus,
3367 2555 3473 2596 non
3500 2556 3751 2611 compre-

2147 2629 2450 2686 ltenderunt
2482 2646 2498 2697 ;
2545 2640 2770 2702 apparet
2807 2630 2999 2687 falsam
3043 2640 3101 2687 et
3138 2632 3352 2687 inanem
3379 2647 3502 2689 esse
3531 2648 3749 2690 omnem

2147 2725 2571 2796 pltil050pltiam,
2605 2725 2727 2794 quia
2773 2740 2875 2781 nec
2904 2724 3121 2780 instruit
3151 2725 3218 2779 ad
3242 2724 3471 2796 justitite
3501 2740 3747 2793 munera,

2148 2835 2249 2878 ttec
2278 2819 2512 2875 ol'ticium
2543 2818 2781 2874 hominis
2820 2820 3196 2892 rationemque
3221 2818 3525 2875 conﬁrmat.
3565 2820 3752 2878 Sciant

2147 2914 2310 2986 igitur
2335 2930 2519 2971 errare
2536 2928 2616 2979 se,
2638 2914 2731 2984 qui
2755 2913 3148 2985 philoSOphiam
3175 2924 3364 2986 putant
3380 2931 3504 2971 esse
3525 2916 3749 2981 sapien-

2150 3008 2279 3064 tiam
2313 3025 2326 3063 :
2374 3023 2479 3062 non
2509 3006 2789 3063 trahantur
2811 3007 3131 3063 auctoritate
3156 3007 3508 3079 cujusquam,-
3532 3007 3627 3064 sed
3658 3023 3753 3064 ve-

511 3105 623 3163 Res
653 3105 872 3179 exigere
909 3104 1128 3163 videtur
1171 3104 1276 3162 hoc
1307 3105 1448 3173 loco,
1476 3114 1537 3162 ut
1560 3107 1812 3178 quoniam
1843 3106 2031 3162 docui-
2060 3101 2106 3165 C
2139 3105 2285 3161 ritati
2317 3106 2496 3176 potius
2521 3104 2754 3173 faveant,
2785 3113 2838 3161 et
2864 3104 3142 3161 accedant.
3173 3103 3363 3161 Nullus
3402 3102 3491 3160 hic
3526 3104 3753 3160 temeri-

1777 3219 2137 3280 VARIORUM
2173 3218 2404 3278 ΝοτιιΕ.

516 3347 773 3415 Quoniam
804 3346 943 3402 illud
968 3348 1038 3402 ad
1069 3348 1202 3403 hanc
1228 3349 1385 3403 vitam
1430 3349 1729 3403 retulerunt.
1780 3348 1856 3404 lla
1904 3364 2030 3404 cor.

441 3422 681 3476 reximus
725 3434 791 3476 ex
839 3434 967 3474 mss.
1023 3428 1157 3482 vet..
1205 3436 1219 3474 t
1264 3420 1506 3480 Bonon..
1553 3421 1588 3475 4
1632 3420 1767 3485 Reg.
1816 3422 2039 3485 optimm.r

442 3502 602 3555 noue,
630 3508 643 3545 ι
673 3491 941 3554 Colbert..
960 3490 1119 3553 Pen.,
1148 3490 1341 3558 Brun.,
1368 3502 1421 3548 et
1450 3491 1608 3546 editis
1634 3491 1915 3555 Thomas..
1942 3493 2033 3554 ls.,

442 3561 604 3628 Gali,
630 3561 825 3625 Snark.
872 3562 1018 3617 Multi
1052 3578 1183 3619 mss.
1217 3577 1327 3618 rec.
1360 3570 1417 3618 et
1437 3564 1619 3618 excusi
1671 3563 1873 3626 legunt.
1906 3580 2037 3632 quo-

441 3636 583 3762 ni‘am
611 3636 679 3689 ad
717 3633 851 3690 illud
886 3635 1041 3703 hanc,
1067 3647 1173 3691 etc.
1214 3633 1304 3690 alii
1342 3634 1494 3702 editi,
1541 3634 1611 3688 ad
1652 3634 1801 3689 illaut
1830 3635 1883 3690 in
1910 3636 2040 3690 hanc

442 3721 489 3761 vt
515 3723 616 3761 ttm.

442 3721 616 3761 vllam.

517 3796 748 3866 Spectat.
782 3796 1036 3853 Omnium
1076 3795 1206 3852 Mss.
1237 3805 1293 3852 et
1328 3796 1596 3852 editorum
1636 3806 1740 3860 est,
1789 3801 2039 3862 prteteri

444 3867 593 3933 Lips.
628 3868 712 3922 cui
744 3879 828 3923 est
857 3870 1091 3936 pertinet.
1118 3897 1191 3908 —
1218 3867 1301 3922 Ad
1328 3885 1517 3935 corpus
1546 3879 1761 3937 spectat.
1794 3869 2049 3926 Ediderat

444 3938 735 4005 Cellarius,
770 3940 839 3992 ad
868 3955 1054 3997 cornus
1078 3940 1314 4008 pertinet.
1338 3956 1404 3994 ex
1430 3955 1537 3993 uno
1563 3939 1681 4010 solo
1715 3939 1860 4010 Lips.
1895 3943 1945 3996 1.
1979 3942 2051 3999 At

447 4025 611 4081 gnum
642 4025 831 4063 omnes
849 4010 1036 4081 reliqui
1063 4023 1192 4064 is.
1218 4011 1379 4065 etiam
1399 4011 1570 4075 Lips.,
1586 4010 1623 4064 2
1638 4009 1825 4075 Goth.,
1846 4011 2046 4078 Gttelf.,

446 4079 701 4153 Witterb.
720 4123 735 4142 .
772 4079 1004 4137 Reimm.
1033 4096 1329 4153 omnesque
1372 4082 1499 4136 editi
1527 4091 1838 4153 consmnter
1862 4095 2053 4153 spectat

448 4151 775 4219 exhibeant,
803 4154 1033 4208 restitui.
1067 4152 1214 4207 Lact.
1238 4154 1273 4207 I.
1294 4168 1369 4216 tv,
1390 4167 1510 4222 cap.
1527 4151 1601 4207 26
1628 4168 1643 4206 :
1678 4154 1815 4217 Quid
1840 4151 1908 4208 ad
1927 4172 2050 4210 cru-

449 4224 986 4297 cem_spectat.ilbid._
1006 4240 1126 4293 cap.
1152 4227 1184 4297 ᾧ
1220 4242 1233 4278 :
1267 4224 1537 4297 Sapientia
1563 4236 1757 4292 spectat
1798 4227 1868 4279 ad
1895 4227 2049 4294 ﬁlios.

448 4296 525 4366 De
550 4294 692 4363 Opif.
724 4312 776 4351 c.
803 4296 912 4351 20:
950 4294 1079 4361 Qum
1103 4295 1173 4349 ad
1203 4297 1317 4349 uitta
1345 4294 1520 4350 heluat
1570 4306 1760 4350 statum
1801 4308 2053 4366 spectent.

449 4365 623 4437 Instit.
661 4367 696 4419 l.
730 4383 808 4431 Ill,
838 4383 957 4437 cap.
994 4368 1061 4422 17
1107 4385 1121 4421 :
1167 4367 1247 4422 Ad
1278 4368 1546 4422 utilitatem
1576 4378 1768 4435 spectat
1811 4368 2052 4426 alienant.

452 4438 528 4492 De
558 4436 712 4492 Mort.
747 4436 953 4493 Perfec.
985 4454 1104 4507 cap.
1140 4439 1172 4493 7
1206 4458 1218 4489 τ
1260 4438 1388 4507 Qua:
1416 4439 1485 4492 ad
1528 4439 1837 4494 exhibendos
1874 4441 2060 4495 milites

2139 3349 2275 3402 hanc
2295 3346 2466 3402 divina
2493 3347 2709 3402 eruditio
2734 3362 2839 3403 non
2865 3344 3147 3411 desiderat,
3200 3358 3267 3399 ex
3305 3340 3498 3398 iisdem
3530 3357 3659 3399 mss.
3695 3352 3753 3401 ut

2140 3433 2325 3485 supra.

2226 3491 2423 3559 Quibus
2452 3492 2727 3545 uincerent.
2770 3488 2860 3546 Sic
2892 3503 3101 3544 omnes.
3141 3486 3391 3559 Vincere.
3431 3485 3574 3559 idem
3604 3486 3746 3558 quod

2150 3556 2391 3635 probare,
2421 3564 2771 3635 comprobare.
2795 3560 2953 3616 Conf.
3095 3575 3191 3635 vn.
3221 3572 3341 3635 cap.
3370 3558 3405 3614 8
3436 3568 3489 3612 et
3515 3556 3748 3635 9._More

2146 3629 2443 3695 Ciceronis.
2476 3650 2573 3699 pro
2600 3634 2815 3689 Cluent.
2835 3648 2954 3691 can.
2983 3632 3091 3688 2‘5:
3130 3630 3192 3686 Si
3219 3629 3375 3683 doceo
3401 3643 3508 3684 non
3538 3630 3603 3684 ab
3629 3629 3755 3684 Avi-

2154 3714 2228 3769 to,
2259 3707 2421 3761 vinco
2441 3706 2504 3759 ab
2532 3704 2849 3775 Oppianico.
2877 3704 2940 3759 Si
2967 3702 3180 3758 ostendo
3208 3702 3273 3756 ab
3292 3699 3605 3771 Oppianico,
3635 3718 3757 3772 pur—

2149 3793 2215 3848 go
2269 3778 2487 3832 Avitum.
2517 3778 2648 3833 BUN.

2229 3848 2403 3905 Utere.
2436 3849 2664 3903 Restituti
2697 3863 2761 3903 ex
2795 3848 3049 3905 omnibus
3079 3858 3384 3918 penegmss.
3417 3852 3474 3901 et
3507 3844 3543 3918 4
3571 3844 3752 3901 editis.

2153 3919 2211 3976 In
2242 3922 2263 3975 1
2306 3921 2436 3990 Reg.
2467 3920 2632 3989 antiq.
2670 3930 2753 3975 est
2783 3930 2938 3986 utar;
2966 3919 3020 3974 in
3055 3916 3183 3974 l‘al.
3233 3916 3362 3987 Reg.
3394 3917 3581 3982 utaris,
3623 3918 3676 3972 in
3721 3919 3757 3973 4

2154 3992 2369 4057 scriptis
2402 4002 2580 4046 rec.et
2606 3990 2671 4044 12
2699 3992 2925 4060 vulgatis
2951 4000 3055 4055 est,
3089 4000 3284 4044 utatur.

2230 4062 2331 4117 Res
2357 4064 2512 4123 enim,
2537 4078 2638 4116 non
2659 4058 2831 4126 verba,
2858 4070 2961 4115 etc.
2986 4061 3215 4117 Historia
3254 4069 3550 4132 memoratu
3595 4058 3755 4132 digna

2158 4134 2414 4189 soribitur
2444 4136 2498 4187 in
2530 4134 2769 4188 historiis
2791 4133 3201 4197 ecclesiasticis,
3232 4131 3301 4186 de
3326 4131 3560 4202 quodam
3594 4131 3757 4201 argu-

2159 4213 2217 4259 to
2245 4204 2603 4272 disptttatore,
2634 4206 2788 4271 cuius
2837 4205 3167 4274 sophismata
3208 4218 3332 4259 cum
3385 4218 3545 4257 nemo
3574 4220 3758 4273 atqua-

2161 4275 2292 4330 lium
2350 4276 2570 4332 eludere
2616 4277 2840 4343 valeret,
2885 4277 3145 4330 intererat
3186 4275 3515 4330 Christianus
3539 4274 3755 4344 aliqnis,

2164 4347 2313 4402 nullo
2339 4347 2445 4402 alio
2486 4363 2645 4417 quam
2700 4347 3061 4416 simplicitatis
3112 4345 3330 4400 nomine
3381 4345 3627 4411 insignis.
3661 4346 3760 4401 Hic

2165 4430 2483 4489 arroganter
2503 4420 2827 4486 disputantis
2854 4434 2916 4473 os
2946 4433 3041 4473 sua
3070 4417 3519 4489 simplicitateita
3542 4417 3762 4471 obstru-

1124 4486 1163 4566 ι’
1190 4486 1215 4564 τ’
2087 4507 2143 4568 D
2167 4488 2264 4581 fit,
2298 4486 2358 4544 iit
2379 4492 2805 4581 obmutesceret,
2830 4505 2935 4543 non
2965 4489 3085 4572 sine
3113 4489 3352 4581 «impium
3380 4486 3757 4581 admiratiolne.

453 4580 694 4635 humana:
717 4589 902 4634 statum
925 4580 1139 4651 spectat.
1182 4583 1314 4638 BUN.

528 4673 721 4749 linum.
749 4672 808 4729 In
837 4690 995 4729 manu
1027 4677 1261 4749 exaratis
1290 4693 1430 4747 pene
1456 4679 1710 4733 omnibus
1739 4690 1840 4743 est,
1872 4682 2056 4749 imum,

454 4745 599 4816 quod
626 4762 826 4799 summa
852 4748 1164 4822 opponitur.
1199 4748 1256 4803 In
1286 4745 1320 4804 ὀ
1344 4749 1475 4822 Reg.
1514 4762 1562 4805 et
1598 4750 1631 4805 5
1656 4750 1899 4806 Colbert.
1927 4745 2060 4822 legi-1

455 4826 545 4889 tm:
565 4834 724 4871 unum
745 4833 763 4880 ,'
787 4819 927 4877 quod
960 4828 1036 4873 tot
1062 4830 1268 4875 constat
1302 4821 1562 4874 tractibus
1603 4830 1734 4889 quot
1777 4823 1935 4874 imum
1958 4819 2055 4884 :Vin

458 4890 486 4945 1
514 4886 668 4944 Coll).
694 4900 744 4944 et
769 4889 943 4965 Brttn.
962 4901 1010 4945 et
1026 4891 1246 4965 mortale
1270 4901 1318 4965 et
1346 4886 1764 4965 periturntnisit;
1789 4894 1839 4947 in
1863 4893 1898 4947 ‘2
1920 4893 2054 4965 Reg.

457 4976 568 5017 rec.
603 4977 742 5023 esse,
780 4977 876 5028 pro
901 4963 999 5027 sit;
1024 4963 1075 5016 in
1103 4963 1318 5018 excusis
1344 4979 1547 5017 vanum.
1594 4962 1724 5019 Vide
1752 4965 1981 5032 prmccd.

531 5032 1011 5089 Corroborameata.
1040 5032 1189 5089 Nova
1221 5048 1347 5101 vox,
1379 5034 1548 5089 solius
1574 5034 1839 5091 Lactantii
1867 5047 2057 5093 aucto-

457 5106 621 5161 ritate
653 5106 855 5161 innixa.

531 5197 736 5252 Beatos.
770 5197 861 5253 Sic
888 5197 1104 5267 reposui
1126 5211 1190 5254 ex
1213 5198 1464 5254 omnibus
1490 5213 1621 5255 mss.
1644 5208 1700 5254 et
1724 5208 1849 5256 octo
1872 5198 2053 5266 editis;

459 5269 513 5323 in
546 5271 578 5340 7
607 5269 747 5340 vulg.
781 5277 863 5323 est
882 5312 897 5334 ,
922 5270 1141 5325 beatum.

535 5338 603 5392 Id
631 5338 821 5408 ipsum.
856 5341 1004 5396 Hane
1032 5341 1322 5397 dictionem
1356 5356 1462 5398 non
1512 5356 1676 5396 ausus
1707 5357 1824 5396 sum
1866 5353 2055 5398 contra

462 5408 622 5483 ﬁdem
667 5413 906 5483 nomium
939 5411 1108 5467 ferme
1147 5416 1637 5483 mattnscriplorunt
1685 5424 1741 5467 et
1786 5413 2053 5468 editorum

462 5480 709 5535 codicum
742 5482 1046 5554 immutare.
1079 5484 1134 5538 In
1154 5498 1361 5554 septem
1386 5480 1518 5541 mss.
1546 5500 1656 5541 rec.
1688 5495 1743 5540 et
1769 5485 1898 5541 edit.
1922 5485 2057 5541 Tor-

465 5567 588 5627 ηεξἒ
613 5559 718 5627 est.
742 5568 800 5627 eo
821 5553 954 5627 ipso.
988 5553 1151 5627 Abest
1178 5553 1245 5608 ab
1275 5558 1487 5612 excusis
1518 5567 1769 5627 quatuor.

537 5621 712 5695 Hujus
754 5623 941 5677 diuina:
966 5626 1289 5679 eruditionis.
1326 5628 1451 5680 llmc
1486 5621 1646 5682 lectio
1683 5636 1767 5680 est
1807 5627 2052 5682 omnium

463 5695 582 5751 fere
622 5693 893 5750 editorum
946 5706 999 5750 et
1050 5697 1117 5752 18
1146 5712 1275 5750 mss.
1309 5697 1556 5752 codicum
1598 5699 1949 5753 vetustiorum
1988 5714 2053 5755 ac

462 5767 780 5840 meliorum.
806 5766 860 5840 In
892 5781 1001 5840 rec.
1037 5768 1252 5840 scriptis
1285 5768 1315 5822 7
1353 5779 1410 5823 et
1435 5769 1711 5840 excusis?
1741 5780 1844 5840 est,
1889 5770 2052 5825 tradi-

459 5810 644 5907 ἱὶόῐὶἐῖζ
659 5810 782 5895 ’ἰὶῖὶ
806 5810 1410 5910 ’ίὲοῐῑρὲὶιῖὶιὶἵᾶὶῖιὸηῧῖ
1436 5810 2041 5915 ἓᾟὲῒίῆῐὲἔῖεάἒὶὗ,

2166 4560 2531 4633 Interrogatus
2563 4562 2631 4617 de
2678 4573 2783 4616 tam
2826 4561 3112 4626 repentino
3156 4560 3395 4633 silentio,
3444 4560 3760 4633 respondit:

2162 4632 2300 4685 alios
2338 4632 2495 4689 verba
2539 4634 2719 4687 verbis
2757 4641 3142 4695 commutasse,
3194 4632 3337 4686 hunc
3385 4645 3515 4686 vero
3564 4632 3764 4688 virtute

2164 4719 2423 4770 pugnare.
2472 4704 2672 4757 Extant
2714 4703 3034 4757 Sozomenis
3071 4703 3239 4758 verba
3295 4702 3389 4757 lib.
3432 4718 3472 4766 ι.
3505 4718 3624 4769 cap.
3669 4702 3760 4759 18.

2163 4773 2447 4832 Βετυι..-
2467 4775 2654 4830 Simile
2675 4774 2803 4845 qttid
2821 4776 3013 4844 legitur
3029 4777 3080 4828 in
3107 4774 3325 4829 historia
3345 4774 3557 4829 concilii
3590 4773 3762 4829 Nicae-

2164 4846 2239 4909 ni,
2268 4861 2389 4900 cum
2434 4857 2655 4901 sanctus
2682 4846 2900 4916 quidam
2937 4846 3223 4914 cpiscomts
3261 4848 3548 4899 verbosnm
3573 4861 3765 4915 quent-

2161 4916 2284 4990 dam
2310 4918 2596 4990 Arriannnt
2619 4919 2733 4973 sola
2757 4917 3023 4990 dogmatis
3046 4916 3299 4973 catholici
3326 4917 3667 4988 expositione
3692 4917 3763 4974 ad

2161 4988 2438 5044 silentium
2470 4989 2671 5059 adegit.

2233 5059 2460 5124 Abiectis
2485 5063 2739 5115 omnibus.
2767 5059 2899 5116 Scil.
2941 5059 3308 5130 Phil050phim
3340 5060 3606 5130 partibus,
3636 5076 3686 5116 e.
3706 5076 3758 5132 g.

2161 5128 2411 5201 Physica.
2442 5132 2565 5187 Viti.
2601 5133 2633 5186 Ι.
2661 5149 2700 5194 ι,
2729 5146 2848 5200 cap.
2881 5133 2933 5196 1.
2963 5141 3102 5196 not.,
3126 5128 3182 5186 et
3212 5132 3246 5185 l.
3272 5128 3354 5195 ut,
3376 5147 3495 5201 cap.
3520 5128 3765 5188 21.803'.

2233 5192 2472 5259 Cenerati
2502 5192 2697 5260 sumus.
2728 5192 2819 5259 Sic
2849 5192 3058 5257 restitui
3091 5192 3169 5258 ex
3217 5192 3348 5258 mss.
3384 5192 3765 5259 vetustissimis

2158 5281 2209 5327 et
2254 5276 2528 5337 oatimisl
2573 5276 2729 5338 Bon.,
2781 5277 2812 5328 4
2854 5273 3016 5345 Reg.,
3069 5273 3233 5329 Gttlh.
3283 5275 3533 5345 aliisque.
3583 5275 3666 5332 Ad
3711 5275 3765 5330 id

2159 5346 2303 5417 enim
2336 5361 2433 5401 nos
2463 5362 2655 5401 omnes
2684 5346 2911 5416 generati
2938 5362 3135 5410 sanius,
3160 5360 3266 5399 non
3297 5347 3399 5400 soli
3430 5347 3762 5417 philosophi.

2161 5415 2216 5471 ln
2248 5416 2433 5490 decem
2462 5415 2693 5486 scriptis
2725 5433 2838 5472 rec.
2870 5426 2925 5472 et
2955 5418 3022 5473 15
3050 5417 3267 5473 excusis
3301 5418 3498 5489 legitur
3537 5415 3767 5490 generati

2157 5497 2303 5551 sunt;
2331 5489 2383 5543 in
2416 5490 2561 5554 Em.,
2593 5491 2700 5543 nati
2726 5500 2868 5543 sunt.

2232 5559 2446 5614 lnanem
2464 5578 2571 5615 esse
2588 5560 3199 5631 omnemphilosOphiam.
3222 5560 3523 5630 Interpnsni
3541 5578 3762 5627 omnem,

2156 5647 2223 5687 ex
2244 5639 2353 5686 vet.
2381 5632 2515 5686 edit.
2547 5633 2728 5696 Ilom.,
2757 5630 3018 5697 Tornes.,
3051 5648 3113 5686 ac
3134 5631 3407 5686 Sonltron.
3441 5644 3493 5687 et
3513 5634 3766 5688 omnibus

2155 5718 2287 5774 mss.
2316 5715 2516 5772 praeter
2541 5704 2564 5758 1
2595 5704 2708 5774 Reg
2757 5716 2867 5757 rec.
2892 5704 2979 5758 cni
3008 5703 3185 5768 deest,
3216 5714 3271 5758 et
3305 5703 3368 5758 11
3404 5704 3639 5774 excusis.

2229 5772 2523 5848 Trahantur
2570 5772 2891 5848 auctoritate.
2940 5776 3074 5848 Plin.
3132 5775 3171 5830 Ι.
3221 5788 3336 5845 vttt,
3390 5790 3482 5848 ep.
3536 5773 3623 5845 15,
3659 5774 3764 5843 Qui

2150 5846 2448 5901 auctoritate
2469 5846 2578 5917 ejus
2604 5844 2948 5902 trahebantur.
2972 5845 3103 5901 Bait.
