4154 6196
392 254 506 314 385

1262 253 1465 312 LIBER
1503 249 1590 311 ΙΙΙ.
1635 252 1724 310 DE
1762 248 1984 310 FALSA
2012 245 2381 310 SAPIENTIA
2405 244 2809 306 PHILOSOPH.

3592 237 3703 299 386

397 371 490 426 tati
522 369 673 425 locus
701 376 785 425 est
815 389 828 425 :
878 367 935 424 in
965 374 1228 424 aeternum
1256 370 1498 425 stultitiae
1529 384 1689 441 poena
1716 367 1993 425 subeundo
2022 369 2072 429 Α
2103 366 2375 434 vituperat
2429 363 2482 418 id
2536 363 2799 429 studium,
2854 359 2997 432 quod
3053 367 3276 416 vocatur
3322 357 3697 430 philosophia;

396 472 505 531 est,
526 464 574 519 si
598 472 691 518 aut
718 477 948 533 persona
974 462 1176 527 inanis,
1210 474 1302 517 aut
1329 462 1513 535 opinio
1545 463 1674 518 falsa
1703 462 2000 533 deceperit.

396 556 574 614 Homo
596 564 797 620 autem,
819 557 1229 628 qualiscumque
1254 565 1360 623 est,
1381 555 1425 610 si
1452 555 1553 610 sibi
1571 555 1765 619 credit,
1795 554 1898 610 hoc
1920 563 2005 611 est

395 651 445 708 si
474 650 679 707 homini
702 648 875 707 credit
899 649 983 724 (ut
1010 666 1116 706 non
1143 649 1316 705 dicam
1345 649 1563 712 stultus,
1595 650 1686 720 qui
1712 665 1866 704 suttm
1896 663 2001 704 non

397 743 576 799 videat
597 743 860 815 errorem)
891 752 1041 799 certe
1064 757 1325 814 arrogans
1369 751 1475 811 est,
1525 743 1616 814 qui
1662 743 1764 799 sibi
1808 742 2004 798 audeat

393 838 704 904 vendicare,
732 836 876 907 quod
908 835 1141 892 humana
1175 835 1416 893 cciiditio
1446 852 1552 890 non
1576 836 1781 905 recipit.

472 929 568 986 Ille
596 931 712 1001 ipse
755 944 996 986 romame
1025 931 1218 1002 linguae
1245 944 1490 985 summus
1529 941 1716 986 anetor
1740 937 1999 1001 quantum

396 1023 634 1091 fallatur,
669 1023 798 1081 licet
826 1040 889 1079 ex
940 1023 1028 1080 illa
1079 1024 1348 1080 sententia
1394 1024 1718 1095 pervidere:
1750 1024 1842 1095 qui
1874 1039 1996 1080 cum

395 1119 452 1175 in
480 1117 633 1174 libris
661 1116 959 1174 ofﬁciorum
991 1116 1385 1188 philosophiam
1411 1117 1546 1173 nihil
1575 1117 1721 1173 aliud
1754 1132 1876 1173 esse
1916 1118 1999 1173 di-

392 1212 583 1276 xisset,
604 1226 764 1281 quam
792 1211 1026 1267 studium
1052 1211 1350 1282 sapientiai,
1376 1213 1547 1284 ipsam
1586 1212 1998 1280 atiteinsapien-

402 1303 557 1371 tiam,
613 1319 794 1358 rerum
839 1302 1140 1358 divinarum
1188 1313 1244 1359 et
1295 1303 1649 1360 humanarum
1689 1304 1993 1371 si'ieiitiam,

396 1401 514 1451 tum
559 1394 788 1465 adjecit:
848 1414 868 1449 ι
905 1394 1073 1467 Cujus
1121 1395 1366 1452 studium.
1401 1397 1494 1467 qui
1522 1398 1807 1466 vituperat,
1853 1395 1995 1452 haud

392 1504 525 1545 sane
566 1490 812 1560 intelligo
861 1488 1116 1560 quidnam
1158 1491 1249 1556 sit,
1289 1489 1433 1560 quod
1465 1488 1790 1544 laudandum
1821 1498 1990 1560 putet.

390 1579 523 1637 Nam
553 1581 600 1636 si
643 1581 935 1636 oblectatio
965 1581 1226 1651 quaeritur
1259 1581 1449 1648 animi,
1484 1581 1807 1652 requiesque
1832 1598 1992 1638 cura-

387 1691 509 1731 rum
535 1717 549 1737 .
580 1691 703 1747 qua:
728 1675 965 1731 conferri
1014 1691 1138 1731 cum
1179 1690 1368 1732 eorum
1415 1675 1607 1731 studiis
1655 1684 1853 1746 potest,
1898 1675 1988 1747 qui

2105 456 2323 522 deinde,
2345 470 2519 528 neque
2548 455 2693 510 illam
2723 468 2848 509 esse
2864 465 3058 515 artem,
3082 468 3187 524 qua
3218 453 3388 507 virtus
3414 464 3465 508 et
3484 452 3695 522 jus-tilia

2105 549 2367 615 discatur,
2403 563 2505 605 nec
2533 548 2691 603 aliam
2723 546 2914 613 ullam,
2964 546 3105 602 sicut
3136 547 3374 615 putavit;
3396 554 3697 615 postremo,

2104 645 2358 716 quoniam
2408 654 2495 701 est
2541 642 2756 699 virtutis
2796 642 3103 712 disciplina,
3154 640 3246 696 ubi
3287 639 3577 709 querenda
3609 638 3701 704 sit,

2103 753 2225 795 cum
2253 738 2321 793 ab
2366 737 2460 793 illo
2502 737 2746 794 discendi
2792 751 2993 807 genere
3036 734 3394 791 discesseris:
3426 731 3571 803 quod
3613 730 3703 787 ille

2102 848 2209 887 non
2261 830 2512 886 audiendi
2555 829 2908 897 discendique
2942 828 3111 899 gratia
3162 827 3455 898 qumreliat.
3501 825 3544 879 A
3594 838 3703 895 quo

2102 928 2245 982 enim
2276 936 2459 998 posset
2483 925 2696 989 audire,
2724 940 2845 981 cum
2876 922 3039 979 sciret
3080 921 3134 978 id
3166 920 3371 977 nemo?
3420 919 3525 976 Sed
3563 929 3621 973 ut
3650 923 3701 974 in

2101 1026 2280 1079 causis
2319 1022 2499 1078 facere
2535 1021 2768 1085 solebat,
2801 1018 3231 1091 interrogatione
3272 1017 3444 1072 voluit
3483 1030 3699 1087 urgere,

2100 1114 2165 1170 ad
2193 1113 2698 1185 confessionemque
2739 1112 3065 1182 perducere;
3104 1119 3358 1183 tanquam
3389 1109 3692 1167 confideret

2100 1208 2417 1279 reSponderi
2443 1222 2665 1278 prorsus
2691 1204 2823 1260 nihil
2851 1219 3030 1273 posse,
3054 1200 3343 1274 quominus
3360 1200 3700 1272 philosophia

2098 1310 2241 1357 esset
2274 1301 2527 1371 magistra
2558 1298 2790 1354 virtutis.
2824 1296 2977 1366 Quod
3011 1296 3229 1367 quidem
3273 1296 3325 1351 in
3371 1294 3698 1351 Tusculanis

2097 1391 2552 1462 disputationibus
2580 1400 2766 1461 aperte
2793 1387 3071 1459 professus
3110 1396 3215 1454 est,
3258 1386 3327 1442 ad
3370 1401 3488 1443 eam
3523 1386 3698 1456 ipsam

2096 1500 2361 1541 conversa
2384 1484 2653 1544 oratione.
2681 1491 2954 1551 tamquam
2985 1494 3045 1535 se
3073 1478 3463 1535 declamatorio
3488 1476 3699 1534 dicendi

2092 1589 2291 1645 genere
2330 1574 2574 1643 iactaret.
2632 1591 2652 1626 ι
2679 1571 2724 1628 Ο
2755 1573 2880 1627 vitae
2931 1568 3273 1643 philosophia
3320 1569 3453 1636 dux,
3486 1569 3695 1637 inquit,

2095 1681 2128 1720 ο
2189 1667 2402 1721 virtutis
2464 1665 2769 1736 indagatrix
2823 1664 3204 1734 expultrixque
3249 1661 3699 1731 vitiorumzquid

386 1780 604 1838 semper
631 1767 831 1838 aliquid
857 1767 1161 1836 inquirunt,
1191 1766 1335 1838 quod
1363 1778 1594 1839 spectet,
1629 1777 1684 1822 et
1715 1768 1891 1823 valeat
1919 1767 1990 1821 ad
2020 1756 2066 1817 B
2096 1774 2200 1814 non
2231 1758 2390 1813 modo
2420 1774 2540 1825 nos,
2570 1757 2664 1813 sed
2692 1757 2914 1813 omnino
2940 1755 3048 1811 vita
3080 1754 3360 1811 hominum
3387 1755 3505 1810 sine
3536 1765 3591 1811 te
3611 1769 3700 1811 cs-

385 1859 525 1917 bene
550 1859 813 1930 beateque
835 1859 1163 1916 vivendum?
1194 1860 1321 1916 Sive
1347 1860 1488 1916 ratio
1516 1861 1837 1915 constantiae
1878 1858 1992 1914 vir-

387 1954 626 2026 tutisque
645 1954 879 2022 diicitur,
900 1962 994 2009 aut
1023 1953 1139 2009 haec
1169 1968 1259 2008 ars
1283 1961 1388 2022 est,
1429 1963 1521 2007 aut
1553 1951 1699 2007 nulla
1739 1951 1982 2021 omnino,

386 2060 488 2118 per
506 2062 665 2118 quam
689 2061 782 2102 eas
808 2060 1183 2116 assequamur.
1200 2044 1416 2101 Nullam
1434 2046 1616 2102 dicere
1631 2045 1988 2100 maximarum

388 2153 571 2194 rerum
601 2149 774 2192 artem
803 2152 947 2205 esse,
977 2152 1100 2193 cum
1144 2136 1490 2191 minimarum
1536 2137 1655 2192 sine
1685 2145 1803 2192 arte
1841 2136 1989 2193 nulla

388 2230 484 2295 sit,
517 2230 797 2286 hominum
826 2237 914 2286 est
934 2246 1123 2302 parum
1149 2230 1491 2287 considerate
1522 2230 1882 2303 loquentium,
1913 2240 1988 2286 at-

391 2342 497 2397 que
524 2325 577 2380 in
603 2326 857 2381 maximis
880 2326 1040 2382 rebus
1066 2326 1384 2381 errantium.
1415 2324 1472 2382 Si
1498 2336 1676 2381 autem
1703 2334 1787 2382 est
1810 2326 1987 2397 aliqua

390 2419 674 2491 disciplina
701 2421 937 2486 virtutis,
969 2421 1058 2476 ubi
1092 2436 1154 2476 ea
1186 2431 1486 2492 quaeretur,
1514 2437 1641 2477 cum
1666 2422 1734 2477 ab
1762 2421 1864 2476 isto
1890 2436 1986 2492 ge-

391 2527 528 2569 nere
555 2512 796 2569 discendi
826 2513 1161 2569 discesseris.
1199 2531 1220 2565 ι
1242 2512 1504 2583 Equidem
1530 2513 1743 2569 tametsi
1766 2528 1989 2584 cperam

391 2603 661 2671 dederim,
705 2615 764 2661 ut
797 2606 1343 2677 quantulumcumque
1384 2606 1626 2662 discendi
1670 2622 1991 2678 aSsequerer

394 2696 702 2753 facultatem
732 2708 949 2767 propter
976 2697 1214 2753 studium
1240 2698 1492 2767 docendi,
1527 2709 1705 2755 tamen
1732 2701 1993 2770 eloquens

394 2806 674 2862 nunquam
699 2790 775 2845 fni
795 2808 811 2858 ;
833 2794 1032 2862 quippe
1050 2792 1139 2860 qui
1165 2790 1343 2847 forum
1365 2807 1431 2847 ne
1447 2793 1718 2862 attigerim
1737 2793 1953 2863 quidem
1975 2809 1990 2847 :

393 2887 495 2945 sed
525 2902 747 2944 necesse
776 2896 883 2951 est,
914 2889 1030 2959 ipsa
1068 2903 1155 2945 me
1202 2888 1362 2944 faciat
1398 2902 1581 2943 causa:
1622 2886 1838 2944 bonitas
1879 2888 1994 2943 elo-

393 2990 684 3051 quentem;
711 2980 777 3036 ad
808 2995 968 3051 quam
1016 2979 1220 3037 diserte
1244 2981 1573 3052 coitioscque
1598 2978 1993 3035 defendendam

393 3075 621 3131 scientia
660 3074 976 3143 divinitatis,
1020 3083 1077 3131 et
1120 3076 1233 3146 ipsa
1272 3076 1476 3132 veritas
1506 3074 1729 3131 suflicit.
1784 3075 1991 3131 Vellem

390 3167 557 3240 igitur
577 3166 897 3224 Ciceronem
932 3168 1203 3238 paulisper
1229 3169 1298 3224 ab
1322 3168 1508 3224 inferis
1535 3184 1782 3241 surgere,
1812 3179 1870 3225 ut
1907 3171 1992 3226 vir

2094 1868 2154 1908 se
2184 1850 2485 1922 potuisset?
2529 1850 2608 1905 Tu
2641 1849 2912 1906 inventrix
2959 1852 3159 1920 legum,
3192 1856 3250 1902 tu
3293 1847 3547 1919 magistra
3580 1861 3697 1902 nio-

2093 1961 2214 2001 rum
2242 1960 2306 2000 ac
2325 1943 2625 2013 disciplinae
2654 1942 2822 1998 fuisti.
2850 1962 2871 1996 ι
2914 1941 3081 2011 Quasi
3114 1956 3252 1998 vero
3282 1939 3488 2011 aliquid
3512 1956 3610 2012 per
3635 1954 3696 1997 se

2093 2039 2209 2111 ipsa
2242 2039 2490 2103 sentiret,
2524 2052 2589 2092 ac
2615 2052 2722 2092 non
2752 2036 2930 2107 petitis
2959 2037 3051 2093 ille
3078 2035 3379 2093 laudandus
3406 2044 3571 2099 esset,
3603 2035 3695 2107 qui

2092 2149 2211 2191 eam
2244 2132 2450 2188 tribuit.
2483 2130 2662 2186 Potuit
2690 2129 2880 2186 eodem
2917 2130 3081 2186 modo
3124 2129 3328 2201 gratias
3368 2145 3532 2201 agere
3574 2128 3697 2186 eibo

2100 2238 2154 2286 et
2183 2228 2354 2299 pomi,
2380 2226 2504 2298 quia
2535 2227 2656 2282 sine
2703 2225 2786 2280 liis
2815 2225 2976 2281 rebus
3007 2225 3112 2280 vita
3154 2235 3406 2281 constare
3436 2239 3541 2279 non
3572 2238 3698 2295 pos-

2091 2323 2202 2388 sit;
2237 2322 2290 2376 in
2341 2320 2539 2391 quibus
2562 2327 2623 2375 ut
2646 2333 2860 2385 sensus,
2888 2318 2960 2374 ita
2990 2317 3236 2374 beneficii
3277 2318 3563 2388 niliil‘est.
3596 2325 3697 2374 Αἱ·

2091 2414 2181 2486 qui
2211 2424 2269 2468 ut
2297 2413 2387 2469 illa
2430 2414 2678 2484 corporis
2722 2412 2985 2469 alimenta
3036 2421 3184 2480 sunt,
3229 2413 3310 2469 sic
3345 2412 3564 2483 animae,
3607 2426 3698 2470 sa-

2090 2506 2311 2577 pieiitia.

2702 2618 2931 2678 CAPUT
2964 2618 3107 2676 XIV.

2102 2733 2252 2803 Quod
2276 2733 2545 2791 Lucretius
2573 2744 2622 2792 et
2649 2735 2741 2790 alii
2768 2744 3095 2802 erraverunt,
3142 2752 3203 2790 ac
3251 2736 3363 2808 ipse
3389 2736 3568 2794 Cicero
3586 2778 3602 2805 ,
3647 2737 3702 2795 in

2488 2828 2758 2884 statuenda
2792 2828 3059 2900 sapientia:
3085 2829 3303 2901 origine.

2168 2988 2391 3046 Rectius
2410 2980 2594 3059 itaque
2619 2987 2927 3057 Lucretius,
2952 3004 3077 3045 cum
3103 3004 3226 3046 eum
3251 2989 3466 3058 laudat,
3490 2991 3580 3060 qui
3611 3006 3701 3049 sa-

2099 3081 2355 3154 pientiam
2387 3084 2594 3153 primus
2618 3081 2827 3138 invenit
2875 3101 2891 3138 :
2937 3082 3037 3139 sed
3081 3083 3185 3140 hoc
3228 3083 3432 3155 inepte,
3466 3085 3609 3156 quod
3635 3088 3704 3141 ab

2098 3177 2314 3234 homine
2340 3176 2617 3233 inventam
2657 3177 2887 3248 putavit.
2936 3177 3103 3245 Quasi
3139 3193 3274 3235 vero
3317 3178 3464 3235 illam
3504 3179 3706 3237 alicubi

393 3260 869 3329 eloquentissimus
883 3263 951 3319 ab
972 3264 1302 3320 homunculo
1321 3279 1426 3320 non
1448 3263 1655 3320 diserto
1673 3264 1985 3336 doceretur,
2021 3247 2069 3312 Ο
2093 3270 2364 3342 jacentem
2396 3272 2557 3327 liomo
2587 3247 2699 3339 ille,
2729 3287 2891 3343 quem
2918 3271 3197 3342 laudabat,
3230 3272 3541 3342 invenerit,
3584 3284 3706 3330 tan-

392 3356 649 3427 primum,
680 3355 936 3430 quidnam
986 3357 1089 3425 sit,
1120 3356 1263 3429 quod
1310 3356 1634 3414 laudandum
1690 3367 1861 3430 putet,
1905 3361 1995 3431 qui

2100 3377 2263 3433 quam
2308 3362 2465 3419 tibias
2498 3361 2581 3434 ad
2624 3361 2861 3434 fontem,
2905 3372 2965 3419 ut
3010 3374 3188 3435 poetae
3234 3366 3406 3422 aiunt.
3460 3365 3617 3436 Quod
3656 3365 3707 3424 si

1713 3515 2072 3577 VARIORUM
2110 3519 2345 3577 NOTAE.

473 3655 642 3714 Homo
672 3666 865 3725 autem,
892 3665 997 3714 etc.
1030 3654 1271 3729 Respicit
1291 3656 1358 3713 ad
1384 3655 1514 3714 illud
1541 3656 1783 3714 Terentii
1812 3676 1825 3712 :
1858 3657 1991 3714 Cen-

394 3731 502 3786 sen'
533 3747 611 3784 me
640 3732 893 3785 hominem
918 3730 1068 3786 esse?
1097 3732 1216 3797 Quo
1247 3731 1368 3785 loco
1399 3741 1552 3800 poeta
1586 3734 1865 3800 proprium
1897 3732 1996 3787 lio-

393 3803 559 3858 niinis
596 3818 719 3858 e~sc
742 3801 896 3862 dicit.
927 3817 1133 3858 errare.

469 3872 719 3928 Romam:
748 3872 939 3942 lingua:
967 3890 1198 3928 summus
1242 3884 1441 3928 auctor.
1492 3871 1684 3928 Cicero
1710 3874 1788 3929 sic
1817 3873 1993 3930 dictus

393 3944 468 3999 ob
500 3944 680 3999 latina:
702 3945 897 4012 linguae
929 3945 1253 4000 facundiam.
1284 3946 1459 4001 Locus
1480 3956 1564 4001 est
1590 3946 1643 3999 in
1678 3944 1993 4014 pra-fatioiie

393 4015 519 4071 libri
546 4031 582 4071 ιι
613 4016 682 4070 de
711 4016 936 4088 Ufliciis,
975 4033 1139 4088 quam
1169 4016 1313 4081 vide,
1345 4017 1468 4088 quia
1498 4017 1550 4071 iii
1580 4017 1852 4087 aliquibus
1883 4017 1989 4072 dif-

393 4089 499 4142 fert
529 4106 556 4137 :I
578 4096 723 4142 textu
749 4086 1033 4142 Lactantii.

466 4157 598 4230 Cum
619 4175 794 4213 eorum
822 4159 1005 4214 studiis
1039 4168 1223 4230 potest.
1259 4159 1333 4214 ita
1379 4159 1589 4213 correxi
1633 4174 1701 4213 ex
1732 4174 1864 4214 mss.
1900 4160 1993 4222 25,

392 4227 528 4301 edit.
550 4228 588 4283 2
608 4242 660 4285 et
696 4246 762 4285 ex
791 4233 908 4298 ipso
929 4227 1208 4286 Civerunc.
1243 4231 1298 4285 In
1328 4229 1361 4285 5
1390 4230 1608 4301 scriptis
1633 4241 1687 4285 et
1719 4233 1998 4300 impre~5is

398 4301 468 4358 15
500 4300 696 4374 legitur
726 4312 960 4370 possunt.
991 4313 1045 4357 et
1063 4318 1161 4374 pro
1183 4303 1471 4373 inquirunt.
1508 4305 1559 4356 iii
1590 4302 1822 4373 vulgatis
1842 4302 1998 4358 Cice-

393 4373 547 4430 ronis
578 4372 748 4434 libris,
772 4375 1062 4441 acquirunt.

471 4443 694 4498 Ratio...
725 4443 952 4500 ducitur.
982 4446 1045 4502 L.
1073 4461 1132 4510 ii,
1165 4445 1217 4499 in
1252 4443 1407 4500 Verr.
1438 4459 1559 4515 cap.
1606 4443 1714 4500 52:
1767 4444 1868 4510 Qui
1893 4462 1995 4501 non

2096 3675 2257 3743 quem
2288 3657 2454 3743 etiam
2503 3659 2760 3743 consulas
2803 3659 2991 3731 velim,
3044 3668 3101 3716 ut
3151 3657 3417 3718 Lactantii
3464 3671 3702 3722 mentem

2099 3740 2318 3803 propius
2350 3740 2631 3803 intuenris.

2170 3802 2260 3859 Sic
2289 3803 2495 3857 animae.
2528 3802 2752 3873 Repete,
2786 3804 3091 3860 alimentum
3120 3814 3213 3861 est.
3242 3806 3325 3861 Ad
3352 3806 3447 3863 lib.
3478 3822 3535 3872 ν,
3564 3822 3613 3863 c.
3649 3809 3702 3865 l:

2106 3872 2306 3929 Veritas
2331 3875 2621 3947 estganimaz
2642 3875 2907 3947 pabulum,
2931 3876 3411 3934 excitavisiiiiilem
3432 3880 3609 3935 locum
3637 3895 3706 3938 ex

2095 3947 2376 4002 Cicerone.
2404 3945 2539 4002 BUN.

2166 4016 2435 4094 Tanquam
2457 4018 2606 4094 tibias
2622 4018 2703 4094 ad
2731 4021 2941 4090 fontem.
2967 4020 3163 4094 Decem
3191 4036 3321 4078 mss.
3352 4021 3474 4078 Vat.
3508 4023 3706 4094 quibus

2098 4088 2237 4144 adde
2266 4092 2300 4144 9
2327 4090 2462 4165 alios
2486 4132 2502 4157 ,
2548 4088 2749 4165 habent
2772 4102 3027 4165 tanquam
3052 4092 3143 4146 tibi
3174 4108 3265 4148 vas
3290 4095 3359 4147 ad
3384 4088 3577 4165 [autem
3599 4138 3613 4160 ,
3649 4106 3705 4151 ut

2100 4169 2327 4214 testatur
2355 4161 2539 4233 Isinus,
2568 4163 2658 4232 qui
2688 4172 2743 4216 et
2771 4161 2985 4216 illorum
3017 4163 3304 4219 lectionem
3334 4161 3420 4220 est
3444 4179 3698 4233 secntns;

2100 4246 2200 4286 nos
2236 4248 2366 4287 vero
2413 4232 2545 4306 nihil
2586 4242 2795 4306 mutare
2827 4234 3094 4306 voluimus
3122 4276 3136 4296 ,
3187 4237 3487 4306 simplicem
3517 4232 3706 4290 lectio-4

2100 4317 2224 4356 nem
2255 4303 2426 4358 secuti
2460 4345 2474 4368 ,
2524 4313 2579 4357 et
2626 4304 2694 4358 ab
2741 4305 2992 4376 omnibus
3023 4303 3307 4376 impressis
3338 4313 3394 4359 et
3431 4307 3704 4376 plerisque

2100 4376 2316 4445 optimae
2349 4385 2489 4445 notae
2520 4390 2649 4428 mss.
2680 4385 2735 4445 et
2760 4374 2794 4430 6
2815 4375 2975 4444 Reg.,
2995 4376 3028 4430 4
3049 4374 3230 4445 Colb.,
3257 4377 3292 4430 2
3324 4374 3519 4441 Vatie.,
3557 4374 3701 4445 Eiii.,

2100 4443 2290 4518 Brom,
2324 4443 3330 4518 exhibitam.GALL£tis.—Tanquam
3362 4448 3531 4503 tibias.
3566 4443 3703 4504 Pro;

395 4523 503 4569 tam
532 4516 647 4591 etin
674 4517 943 4591 rationem,
970 4508 1128 4589 quam
1162 4517 1334 4572 cwlati
1378 4508 1575 4589 argenti
1599 4508 1821 4571 duceret.
1856 4516 1989 4573 ibid.
2019 4508 2073 4569 D
2099 4516 2249 4591 verb.
2271 4508 2431 4591 rasus
2460 4516 2686 4591 fortuiti,
2706 4529 2983 4591 natum_ex
3008 4508 3429 4591 fabula'Mai'syai
3454 4521 3699 4591 Phrygis.

392 4602 517 4654 cap.
547 4588 638 4642 63.
674 4587 803 4645 BUN.

468 4657 670 4713 Tamen
716 4661 973 4726 eloquens.
1007 4658 1170 4715 Vides
1217 4674 1381 4726 porro
1432 4659 1519 4714 liic
1567 4658 1860 4714 discrimen
1891 4658 1999 4714 ali-

394 4730 541 4799 quod
572 4730 714 4784 iuter
741 4731 1083 4801 eloquentem
1105 4740 1162 4787 et
1204 4730 1465 4785 disertum
1486 4773 1500 4792 .
1532 4730 1599 4785 de
1643 4745 1752 4800 quo
1781 4730 1998 4799 Quinti-

396 4802 579 4858 lianus
601 4803 654 4857 in
687 4804 950 4873 proteinio
980 4804 1100 4857 libri
1125 4803 1321 4864 octavi.
1341 4802 1559 4857 disertis
1583 4804 1713 4856 satis
1746 4812 1896 4871 putat
1915 4802 1999 4856 di-

394 4888 526 4928 cere
550 4890 669 4943 qua:
690 4886 969 4942 Oporteai:
999 4887 1189 4930 ornate
1224 4883 1405 4927 autem
1433 4874 1647 4943 proprie
1669 4888 1794 4929 esse
1819 4874 2000 4928 dicere

396 4944 853 5015 eloquentissimi.
882 4945 1151 5001 Anioiiius
1182 4944 1233 4999 in
1260 4948 1434 5015 primo
1465 4945 1533 4999 de
1577 4945 1806 5000 Oratore
1857 4943 1999 5014 apud

395 5015 739 5078 Ciceroneni.
776 5017 1010 5072 disertos
1051 5016 1184 5072 dicit
1219 5032 1279 5070 se
1312 5016 1511 5069 vidisse
1543 5016 1851 5073 noonnllos.
1884 5016 1995 5069 elo-

398 5097 656 5158 quentem
687 5088 862 5143 adhuc
891 5089 1183 5144 neminem.
1228 5086 1376 5148 Ouod
1407 5086 1560 5149 enim,
1594 5087 1780 5152 inquit.
1802 5095 1995 5158 statue-

399 5156 816 5231 bamdisertmn.
864 5160 951 5231 qui
1001 5168 1167 5227 posset
1215 5160 1341 5212 satis
1391 5167 1536 5210 acute
1576 5156 2000 5231 atqueAdilucide

398 5229 548 5300 apud
575 5232 851 5286 mediocres
877 5227 1103 5284 homines
1128 5246 1191 5285 ex
1212 5230 1469 5282 communi
1489 5231 1712 5300 quadam
1737 5227 2000 5281 hominum

400 5299 649 5373 opinione
670 5302 838 5357 dicere
855 5317 874 5356 :
894 5301 1204 5373 eloquentem
1221 5316 1357 5362 vero,
1382 5300 1467 5367 qui
1491 5299 1775 5373 iiiirobiliu_s_
1795 5309 1840 5352 et
1854 5315 2000 5370 mug-

403 5370 703 5439 niﬁcentius
724 5390 911 5446 augere
931 5370 1119 5443 posset,
1148 5384 1301 5442 atque
1324 5386 1508 5446 ornare
1534 5386 1646 5446 qua:
1676 5370 1842 5446 vellet,
1887 5387 2001 5423 ont-

404 5459 596 5514 nesque
618 5442 847 5499 ominum
893 5442 1082 5509 rerum,
1133 5459 1247 5512 qua:
1272 5445 1339 5495 ad
1369 5443 1640 5495 dicendum
1672 5442 2002 5510 pertinerent,

405 5513 577 5586 fontes
603 5517 777 5570 animo
801 5533 861 5570 ac
888 5516 1130 5570 memoria
1151 5515 1445 5568 contineret.
1479 5514 1678 5569 BETUL.

486 5583 795 5642 Perducere.
840 5589 929 5642 Sic
978 5587 1184 5643 restitui
1213 5602 1281 5640 ex
1310 5587 1469 5640 editis
1510 5602 1603 5639 sex
1657 5595 1712 5640 et
1758 5584 2007 5640 omnibus

583 5669 777 5729 praeter
804 5659 839 5714 2
868 5659 1000 5731 Reg.
1030 5673 1140 5715 rec.
1182 5668 1239 5713 et
1283 5657 1352 5713 l0
1401 5658 1539 5729 vulg.
1597 5656 1651 5712 in
1681 5657 1874 5728 quibus
1900 5664 2004 5723 est,

450 5745 480 5784 e
521 5745 687 5785 acere.

450 5745 687 5786 educere.

484 5797 816 5862 Tusculanis.
847 5802 1166 5863 Ciceronem
1197 5799 1322 5861 vide
1363 5799 1435 5878 in,
1462 5798 1677 5860 Prtefat.
1708 5816 1743 5857 v
1785 5797 2006 5859 Tusco].

2107 4588 2212 4642 Sed
2239 4589 2319 4643 sic
2342 4602 2461 4642 eum
2487 4602 2551 4641 ex
2584 4587 2795 4659 Hygino
2837 4586 3226 4659 referreduco.
3275 4586 3512 4647 Minerva
3549 4586 3707 4648 tibias

2105 4659 2301 4734 dicitur
2328 4661 2499 4729 prima
2538 4674 2605 4714 ex
2634 4658 3010 4734 ossecervino
3042 4658 3237 4734 fecisse
3256 4704 3272 4729 ,
3306 4675 3361 4718 et
3390 4663 3458 4718 ad
3488 4666 3706 4734 epulum

2104 4729 2328 4786 deorum
2359 4741 2633 4786 cantatum
2658 4729 2891 4786 venisse.
2913 4730 3054 4786 Juno
3074 4741 3128 4788 et
3145 4732 3325 4789 Venus
3346 4751 3467 4790 cum
3489 4729 3608 4791 eain
3637 4736 3709 4790 ir-

2104 4802 2369 4867 riderent,
2393 4803 2536 4872 quod
2561 4811 2616 4857 et
2641 4803 2799 4857 caesia
2827 4813 2965 4860 erat.
2995 4812 3053 4859 ct
3084 4803 3281 4860 buccas
3308 4806 3538 4869 inflaret,
3566 4806 3704 4862 fmda

2104 4874 2257 4948 visa,
2287 4875 2418 4948 etin
2452 4883 2610 4928 cantu
2641 4874 2818 4948 irrisa,
2852 4873 2905 4929 in
2938 4874 3085 4930 Idam
3131 4876 3339 4948 sylvain
3383 4878 3451 4933 ad
3505 4878 3705 4932 fontem

2104 4945 2251 5017 venit
2274 4986 2289 5006 ,
2319 4944 2499 5016 ibique
2529 4955 2756 5017 cantans
2784 4945 2837 4999 in
2867 4961 3005 5016 aqua
3032 4960 3092 5002 se
3128 4944 3358 5017 aspexit,
3397 4958 3454 5004 et
3484 4949 3618 5003 vidit
3645 4962 3707 5002 se

2100 5015 2293 5070 merito
2326 5015 2556 5072 irrisum.
2604 5016 2756 5073 Unde
2787 5015 2945 5090 tibias
2970 5017 3044 5072 ibi
3073 5015 3290 5090 abjeeit,
3320 5031 3378 5074 et
3408 5022 3704 5090 imprecata

2101 5097 2291 5170 est,_iit
2320 5091 2545 5170 quisque
2575 5102 2668 5144 eas
2694 5088 3211 5170 sustulisset,__gravi
3238 5088 3546 5146 al’liceretiir
3571 5104 3704 5159 sup-

2100 5158 2295 5231 plicio;
2327 5157 2471 5227 quas
2486 5158 2747 5231 Marsyas,
2775 5157 2971 5230 αἰδειί
3012 5157 3152 5213 lilius
3170 5202 3185 5225 ,
3216 5171 3398 5230 pastor
3420 5201 3436 5223 ,
3465 5176 3605 5215 unus
3632 5157 3704 5215 ex

2101 5230 2330 5301 Satyris,
2364 5235 2599 5297 invenit,
2634 5230 2836 5299 quibus
2863 5232 3078 5286 assidue
3103 5232 3573 5297 cmiiiiieletattdo,
3619 5247 3711 5287 so-

2106 5304 2568 5374 iiumrsuaviorem
2615 5302 2666 5355 in
2698 5301 2818 5358 dies
2865 5301 3115 5365 faciebat,
3144 5302 3281 5356 adeo
3310 5312 3368 5356 tit
3399 5303 3708 5374 Apollinem

2107 5372 2174 5425 ad
2205 5373 2440 5446 citharae
2456 5383 2673 5428 cantum
2708 5375 2759 5427 in
2789 5382 3066 5446 certamen
3096 5372 3462 5441 provocaretf
3488 5377 3607 5446 Quo
3652 5385 3712 5431 ut

2111 5446 2304 5519 ltpollo
2325 5445 2490 5519 venit,
2522 5446 2696 5499 Musas
2720 5444 2931 5519 judices
2956 5455 3338 5519 smnpsernut;
3368 5456 3425 5519 et
3449 5444 3571 5502 cuiu
3595 5448 3709 5519 jam

2109 5513 2348 5586 Marsyas
2377 5516 2504 5570 inde
2533 5518 2704 5569 victor
2733 5513 3059 5577 discederet,
3082 5516 3277 5583 Apollo
3300 5518 3563 5575 citharam
3587 5513 3710 5575 ver-

2110 5590 2281 5650 sabat,
2311 5587 2559 5670 idemque
2580 5601 2747 5670 sonus
2763 5598 2881 5670 erat
2906 5604 2919 5640 :
2944 5588 3089 5670 quod
3108 5586 3345 5670 Marsyas
3364 5591 3522 5670 tibiis
3536 5593 3713 5670 facere

2113 5672 2221 5711 non
2251 5661 2439 5733 potuit.
2484 5660 2666 5733 ltaqne
2699 5658 2898 5733 _Apollo
2920 5658 3122 5733 victum
3154 5658 3422 5733 Marsyam
3457 5662 3523 5716 ad
3552 5663 3714 5733 arbo-

2113 5744 2228 5783 rem
2255 5731 2538 5803 religatuui
2564 5729 2795 5803 Scythae
2816 5731 3059 5803 tradidit,
3078 5748 3110 5787 e
3133 5729 3583 5803 cujus'sanguiue
3611 5730 3713 5803 ουτ

2113 5815 2239 5859 mea
2266 5801 2517 5876 Marsyan
2530 5811 2615 5861 est
2641 5801 2990 5873 appellatum.
3016 5801 3401 5874 Mythologiam
3425 5801 3549 5860 vide
3567 5801 3713 5877 apud
