4154 6196
432 259 543 316 595

1015 342 1243 403 CAPUT
1271 340 1415 399 XVI.

443 448 592 518 Quod
640 452 773 502 recte
817 441 1049 495 docentes
1096 435 1387 508 philosophi
1415 432 1550 487 male
1593 431 1781 495 vivant,
1814 437 1935 485 teste
1956 426 2043 481 Ci-

514 554 695 595 eerono
720 552 733 596 ;
764 532 901 587 unde
925 546 1028 586 non
1058 539 1163 585 tam
1194 525 1557 600 philosophus,
1589 540 1743 593 quam
1771 520 2040 593 sapientior

513 628 827 689 studendum
866 636 961 682 est.

508 742 711 798 Verum
740 752 864 793 cum
891 750 950 793 se
978 741 1252 807 perpotare
1280 727 1503 788 desidias
1530 729 1767 793 tradant,
1799 726 2042 782 nullam-

443 850 551 910 que
578 834 833 889 virtutem
863 834 1172 900 capessant,
1202 836 1257 883 et
1286 836 1504 882 omnem
1535 838 1687 879 suam
1715 823 1883 878 vitam
1911 819 2045 874 nihil

443 927 589 985 aliud
617 940 779 998 quam
812 925 866 978 in
907 920 1218 990 eloquendo
1244 926 1525 990 peragant,
1557 914 1686 988 quid
1711 914 1853 969 aliud
1881 925 2042 983 quam

441 1023 648 1078 inertes
676 1018 849 1087 putari
879 1017 1082 1073 debent
1100 1015 1127 1069 ‘l
1145 1014 1422 1084 Sapientia
1449 1012 1619 1077 enim,
1650 1011 1752 1065 nisi
1784 1010 1837 1064 in
1861 1007 2042 1077 aliquo

442 1125 569 1169 actu
609 1109 773 1166 fuerit
817 1122 924 1177 quo
970 1107 1079 1161 vim
1131 1120 1285 1161 suam
1316 1113 1588 1170 exerceat,
1620 1102 1799 1157 inanis
1832 1109 1885 1156 et
1912 1098 2045 1153 falsa

442 1213 529 1261 est
553 1221 568 1269 ;
598 1213 856 1272 recteque
884 1198 1095 1255 Tullius
1122 1198 1313 1253 civiles
1338 1198 1505 1259 viros,
1530 1197 1619 1267 qui
1649 1192 2042 1265 rempublicam

441 1296 768 1369 gubernant,
784 1291 1072 1363 qui‘urbes
1099 1299 1194 1345 aut
1222 1303 1394 1344 novas
1418 1288 1775 1351 constituam,
1800 1293 1892 1339 aut
1917 1299 2046 1340 con-

438 1390 659 1445 stitutas
708 1386 965 1456 aequitate
993 1391 1271 1449 tueantur,
1300 1384 1391 1453 qui
1422 1381 1651 1437 salutem
1703 1380 2045 1434 libertatem-

443 1497 551 1554 que
576 1480 776 1535 civium
802 1478 892 1534 vel
930 1478 1087 1532 bonis
1136 1477 1367 1546 legibus,
1412 1476 1497 1530 vel
1526 1473 1833 1531 salubribus
1862 1471 2045 1527 consi-

444 1577 555 1641 liis,
587 1575 672 1631 vel
719 1573 940 1645 judiciis
994 1573 1249 1644 gravibus
1303 1578 1654 1636 conservent,
1684 1566 2046 1639 philosophia:

448 1668 769 1725 doctoribus
814 1665 1053 1737 prafert.
1088 1665 1269 1721 Bonos
1296 1666 1441 1719 enim
1487 1662 1667 1718 facere
1706 1666 1921 1732 oportet
1949 1673 2044 1728 po-

1476 246 1489 279 έ
1541 242 1726 303 FIBM.
1770 237 2139 300 LACTANTH
2174 234 2378 298 DIVIN.
2420 230 2665 295 lNS’l‘lT.

2060 349 2113 409 A
2137 357 2285 428 quasi
2318 356 2555 420 timeret,
2584 365 2651 409 ne
2679 347 2881 423 proditi
2908 346 3152 420 mysterii
3188 354 3315 402 reus
3342 354 3371 399 a
3402 344 3745 416 philosophis

3636 226 3744 286 396

2143 450 2418 514 citaretur,
2472 460 2577 501 non
2632 451 2717 499 est
2761 455 2927 497 ausus
2980 438 3320 495 conﬁdenter
3367 436 3741 508 pronuntiare,

2143 542 2284 612 quod
2307 539 2405 596 fuit
2433 553 2639 601 verum,
2661 536 2782 592 illos
2808 549 2915 590 non
2944 531 3068 589 ideo
3086 531 3386 603 disputare,
3414 538 3472 583 ut
3492 529 3744 594 doceant,

2143 633 2237 688 sed
2270 640 2327 687 ut
2354 647 2414 687 se
2459 631 2732 687 oblectent
2772 628 2826 683 in
2872 626 3033 683 otio:
3064 625 3157 696 qui
3200 622 3453 693 quoniam
3499 630 3749 676 adctores

2144 734 2272 782 sunt
2301 738 2483 781 rerum
2512 720 2894 795 gerendarum,
2924 731 3024 774 nec
3076 716 3181 789 ipsi
3212 714 3500 786 quidquam
3530 721 3747 784 gerunt,

2145 834 2243 892 pro
2271 817 2587 890 loquacibus
2615 823 2741 871 sunt
2765 812 3021 869 habendi.
3042 810 3149 867 Sed
3177 808 3441 880 profecto,
3468 807 3591 877 quia
3618 804 3752 860 nihil

2144 912 2277 969 boni
2307 911 2375 967 ad
2405 912 2570 966 vitam
2601 907 2918 965 aﬂerebant.
2966 918 3065 960 nec
3090 903 3191 973 ipsi
3240 900 3472 956 decretis
3500 899 3612 954 suis
3656 899 3754 953 ob-

2147 1013 2620 1076 temperaverunt,
2679 1016 2780 1057 nec
2828 998 3114 1071 quisquam
3168 1010 3267 1067 per
3323 1002 3404 1050 tot
3431 993 3631 1049 saecula
3672 993 3756 1048 in-

2146 1108 2343 1157 ventus
2373 1108 2476 1165 est,
2503 1098 2592 1168 qui
2620 1110 2810 1152 eorum
2836 1093 3048 1165 legibus
3073 1092 3303 1146 viveret.
3328 1086 3645 1159 Abjicienda
3671 1095 3754 1143 est

2148 1193 2311 1264 igitur
2340 1192 2518 1247 omnis
2563 1186 2944 1262 philosophia,
2992 1184 3119 1257 quia
3163 1198 3270 1239 non
3315 1181 3639 1237 studendum
3672 1187 3757 1236 est

2147 1284 2450 1355 sapientiae,
2481 1281 2626 1351 Quod
2656 1280 2761 1335 line
2786 1292 2850 1335 ac
2894 1276 3058 1334 modo
3086 1286 3235 1333 caret
3263 1290 3278 1329 :
3311 1274 3408 1330 sed
3435 1273 3756 1344 sapientium

2148 1388 2254 1441 est,
2300 1375 2606 1447 etquidem
2644 1382 2878 1429 mature.
2911 1370 3033 1427 Non
3074 1369 3219 1425 enim
3270 1367 3428 1423 nobis
3458 1366 3631 1422 altera
3670 1365 3758 1420 via

2148 1471 2481 1536 conceditur,
2516 1478 2593 1536 ut,
2622 1483 2743 1525 cum
2771 1467 2822 1522 in
2855 1466 2957 1522 hac
2986 1463 3305 1535 sapientiam
3329 1474 3637 1535 quaeramus
3655 1501 3671 1527 ,
3702 1458 3759 1513 in

2146 1565 2241 1621 illa
2272 1577 2466 1634 sapere
2493 1562 2767 1633 possimus
2802 1577 2817 1614 :
2860 1559 2915 1613 in
2945 1558 3045 1613 hac
3072 1567 3361 1626 utrumque
3386 1553 3506 1609 ﬁeri
3534 1564 3759 1607 necesse

2147 1666 2252 1714 est.
2301 1656 2421 1712 Cito
2462 1655 2692 1711 inveniri
2728 1652 2913 1719 debet,
2950 1659 3007 1707 ut
3049 1649 3159 1707 cito
3204 1647 3409 1718 suscipi
3451 1644 3659 1717 possit,
3691 1654 3761 1699 ne

444 1762 553 1817 tius
598 1772 761 1831 quam
803 1735 1045 1813 inclusos
1092 1758 1145 1811 in
1195 1756 1408 1829 angulis
1451 1755 1696 1811 facienda
1722 1750 2040 1824 prteclpere,
2073 1754 2122 1815 B
2150 1750 2277 1821 quid
2306 1758 2491 1820 pereat
2518 1763 2586 1804 ex
2606 1748 2717 1803 vita
2746 1745 2901 1816 cujus
2930 1743 3050 1799 linis
3089 1743 3325 1798 incertus
3352 1748 3455 1796 est.
3480 1735 3764 1793 Ciceronis

446 1870 568 1926 qua:
598 1867 668 1908 ne
698 1853 799 1923 ipsi
826 1850 1042 1922 quidem
1075 1849 1293 1916 faciunt,
1326 1849 1417 1920 qui
1458 1850 1753 1919 loquuntur
1785 1863 1800 1913 ;
1831 1853 1887 1901 et
1911 1859 2046 1917 quo-

446 1946 591 2001 niam
642 1959 703 1999 se
751 1958 782 1998 a
815 1943 960 1999 veris
1005 1942 1214 1997 actibus
1266 1950 1638 2005 removerunt,
1675 1946 1904 2010 apparet
1954 1951 2049 1994 eos

441 2032 764 2094 exemendte
812 2036 1007 2106 lingu-.e
1036 2049 1221 2100 causa,
1264 2035 1348 2088 vel
1380 2032 1682 2089 advocandi
1735 2032 1927 2103 gratia,
1954 2044 2044 2085 ar-

439 2141 560 2187 .tem
589 2130 762 2199 ipsam
798 2127 1155 2199 philosophim
1196 2127 1483 2198 reperisse.
1519 2127 1620 2195 Qui
1646 2133 1828 2180 autem
1855 2124 2055 2180 docent

451 2233 685 2289 tantum,
716 2235 818 2276 nec
872 2220 1097 2287 faciunt,
1150 2220 1250 2287 ipsi
1307 2218 1591 2290 praeceptis
1621 2218 1734 2273 suis
1763 2216 2055 2271 detrahunt

445 2314 662 2385 pondus
693 2329 709 2378 ;
738 2312 860 2383 quis
887 2314 1031 2367 enim
1077 2313 1442 2381 obtemperet,
1473 2324 1596 2367 cum
1628 2311 1728 2381 ipsi
1753 2318 2054 2381 praecepto-

448 2421 540 2463 res
568 2406 801 2460 doceant
831 2418 937 2459 non
965 2404 1392 2473 obtemperare?
1420 2404 1626 2458 Bonum
1657 2412 1740 2457 est
1759 2410 1941 2457 autem
1967 2416 2053 2458 re-

451 2504 536 2555 cta
563 2507 617 2555 et
640 2498 863 2555 honesta
888 2498 1186 2566 praecipere
1221 2516 1232 2549 :
1263 2496 1358 2551 sed
1401 2496 1505 2551 nisi
1528 2502 1583 2551 et
1611 2494 1795 2561 l‘acias,
1826 2493 2054 2550 menda-

451 2592 595 2649 cium
624 2598 746 2657 est;
780 2599 946 2646 etest
974 2590 1340 2660 incongruens
1366 2598 1529 2660 atque
1552 2590 1814 2659 ineptum,
1847 2602 1953 2643 non
1987 2588 2042 2641 in

455 2694 701 2753 peetore,
731 2680 825 2736 sed
860 2681 912 2735 in
939 2680 1105 2736 labris
1125 2680 1324 2737 habere
1347 2681 1660 2736 bonitatem.

523 2776 641 2832 Non
677 2792 805 2847 ergo
836 2775 1121 2830 utilitatem
1156 2791 1223 2831 ex
1272 2776 1633 2847 philosophia,
1668 2776 1764 2832 sed
1810 2777 2057 2833 obiecta-

452 2872 658 2929 tionem
706 2879 917 2941 petunt.
948 2869 1100 2937 Quod
1149 2871 1367 2941 quidem
1421 2868 1615 2927 Cicero
1656 2880 1887 2927 testatus
1937 2881 2056 2927 eat:

457 2981 478 3016 ι
508 2962 777 3028 Proiecto,
807 2963 1014 3033 inquit,
1066 2962 1245 3017 omnis
1273 2963 1499 3019 istarum
1547 2964 1864 3034 disputatio,
1889 2979 2063 3035 quan-

454 3064 615 3127 quam
639 3054 944 3110 uberrimos
966 3053 1143 3110 fontes
1172 3057 1385 3111 virtutis
1414 3064 1470 3113 et
1490 3056 1731 3113 scientia:
1764 3058 2060 3121 contineat,

455 3158 634 3205 tamen
664 3148 861 3204 collata
904 3163 1025 3203 cum
1058 3149 1254 3205 horum
1291 3151 1425 3205 actis
1468 3152 1833 3223 perlectisque
1876 3153 2058 3218 rebus,

457 3256 653 3299 vereor
679 3257 747 3298 ne
774 3256 881 3297 non
913 3250 1119 3298 tantum
1150 3242 1399 3300 videatur
1427 3246 1675 3302 attulisse
1704 3248 1934 3317 negotiis
1968 3247 2065 3303 hoe-

456 3337 662 3392 minum
693 3335 959 3403 utilitatis,
992 3345 1245 3407 quantam
1278 3337 1694 3396 oblectationem
1725 3336 1869 3395 otiis.
1911 3359 1930 3393 ι
1960 3339 2066 3398 Ve-

459 3432 569 3490 reri
612 3430 833 3504 quidem
884 3438 995 3489 non
1048 3431 1255 3501 debuit,
1282 3440 1407 3490 com
1451 3438 1640 3492 'verum
1688 3434 1937 3493 diceret:
1969 3434 2068 3491 sed

2151 1845 2476 1901 Hortensius
2508 1849 2698 1899 contra
2747 1838 3151 1911 philosophiam
3198 1835 3499 1901 disserens,
3532 1833 3767 1887 circnm-

2151 1940 2367 1997 vcnitur
2393 1946 2579 2010 arguta
2611 1934 3003 2001 conclusione;
3033 1929 3176 1996 quod
3205 1944 3327 1986 cum
3356 1927 3562 1984 diceret
3589 1923 3765 1996 philo-

2153 2032 2493 2107 sophandum
2516 2044 2625 2085 non
2657 2042 2799 2093 esse,
2830 2024 3188 2080 nihilominus
3217 2016 3586 2092 philosophari
3616 2014 3769 2070 vide-

2159 2127 2337 2193 batur,
2369 2125 2628 2196 quoniam
2677 2120 2986 2193 philosophi
3013 2126 3118 2184 est,
3171 2115 3298 2187 quid
3335 2112 3388 2169 in
3420 2111 3528 2167 vita
3560 2109 3767 2165 facien-

2160 2219 2310 2287 dum,
2357 2214 2442 2273 vel
2474 2232 2580 2271 non
2627 2212 2936 2269 faciendum
2965 2211 3055 2278 sit,
3089 2210 3389 2279 diSputare.
3419 2204 3528 2261 Nos
3557 2203 3626 2260 ab
3668 2200 3770 2257 hac

2158 2312 2427 2368 calumnia
2456 2310 2724 2364 immunes
2745 2322 2808 2361 ac
2834 2305 2988 2360 liberi
3017 2318 3223 2367 sumus,
3251 2302 3342 2372 qui
3372 2296 3769 2371 philosophiam

2162 2404 2420 2471 tollimus,
2452 2403 2578 2476 quia
2612 2402 2859 2456 humanae
2886 2396 3231 2469 cogitationis
3261 2393 3502 2450 inventio
3526 2400 3612 2448 est
3635 2405 3650 2457 ;
3677 2402 3771 2444 so-

2162 2498 2347 2571 phiam
2394 2495 2762 2562 defendimus,
2786 2493 2914 2566 quia
2942 2492 3122 2547 divina
3157 2488 3372 2546 traditio
3397 2494 3501 2553 est,
3544 2495 3773 2554 eamque

2161 2593 2229 2648 ab
2260 2590 2511 2647 omnibus
2535 2588 2737 2654 suscipi
2764 2594 3017 2657 oportere
3046 2592 3325 2639 testamur.
3354 2579 3472 2644 Ille,
3499 2591 3620 2633 cum
3651 2574 3774 2646 phi-

2155 2686 2457 2755 losophiam
2488 2683 2725 2747 tolleret,
2758 2695 2862 2736 nec
2910 2678 3106 2734 melius
3154 2674 3353 2747 aliquid
3396 2672 3651 2739 ail‘erret,
3684 2682 3775 2726 sa-

2160 2780 2421 2851 pientiam
2474 2777 2671 2833 tollere
2729 2776 3039 2847 putabatur,
3074 2787 3248 2843 eoque
3302 2768 3510 2825 facilius
3540 2766 3609 2823 de
3646 2780 3776 2822 seu-

2162 2874 2327 2930 tentia
2378 2873 2567 2944 pulsus
2622 2879 2743 2926 est:
2798 2868 2922 2938 quia
2974 2873 3189 2922 constat
3238 2863 3513 2920 hominem
3562 2856 3772 2916 nonad

2164 2967 2465 3033 stultitiam,
2496 2963 2590 3021 Sed
2622 2963 2690 3021 ad
2722 2962 3040 3033 sapientiam
3068 2959 3235 3016 nasci.

2238 3061 2508 3117 Praeterea
2531 3058 2660 3113 illud
2689 3071 2902 3127 quoque
2925 3062 3305 3126 argumentum
3332 3059 3520 3108 contra
3544 3046 3777 3122 philoso-

2170 3152 2352 3224 phiam
2400 3152 2542 3208 valet
2568 3151 2882 3221 plurimum,
2930 3166 3039 3222 quo
3080 3147 3223 3203 idem
3255 3158 3338 3201 est
3363 3154 3495 3201 usus
3546 3144 3777 3198 Horten-

2168 3245 2317 3312 sius;
2355 3260 2425 3300 ex
2455 3259 2521 3300 eo
2567 3258 2728 3315 posse
2778 3242 3035 3314 intelligi,
3071 3239 3465 3313 phil050pbiam
3508 3251 3614 3291 non
3653 3247 3778 3290 esse

2168 3332 2510 3408 sapientiam,
2543 3324 2689 3407 quod
2738 3332 3060 3407 principium
3092 3344 3148 3391 et
3174 3335 3327 3405 origo
3353 3328 3471 3403 ejus
3495 3336 3773 3403 appareat.

2168 3431 2416 3499 Quando,
2448 3430 2641 3502 inquit,
2691 3429 3004 3501 philosophi
3050 3442 3172 3485 esse
3214 3424 3536 3499 ceperunt?
3575 3420 3775 3480 Thales

1794 3564 2154 3627 VARIOBUM
2192 3556 2424 3624 NOTE.

540 3711 727 3769 Verum
767 3728 906 3768 cum.
949 3709 1042 3767 Sic
1094 3711 1294 3780 optima
1343 3709 1671 3769 colonieu‘sis
1722 3712 1870 3769 edito
1919 3724 2061 3770 anno

463 3782 622 3847 15H,
671 3785 791 3839 aliae
843 3797 973 3837 vero
1025 3790 1186 3852 atque
1220 3794 1348 3836 mss.
1404 3784 1586 3852 plures
1639 3785 1858 3851 habent,
1890 3800 2064 3838 υενιιηι

464 3859 597 3913 enim
642 3870 798 3919 cum;
826 3869 889 3908 ac
920 3853 1164 3925 tandem,
1203 3855 1297 3907 sed
1342 3856 1642 3921 pauciores,
1678 3857 1861 3925 legunt
1888 3871 2064 3911 verum

465 3930 597 3985 enim
627 3941 775 3979 vero:
797 3936 851 3977 at
882 3924 1161 3978 meliorem
1191 3924 1571 3991 amplectimur
1599 3924 1908 3980 lectionem.

548 3996 716 4051 Vitam
738 3995 870 4070 nihil
899 3995 1064 4070 aliud,
1088 4010 1239 4070 quoin
1256 3998 1306 4047 in
1324 3995 1603 4070 eloquendo
1631 4008 1895 4070 peragant.
1917 3997 2029 4052 Heu
2047 4026 2063 4040 -

468 4084 700 4126 manuus
746 4065 876 4122 dicit
914 4067 1187 4139 dictionem
1223 4065 1609 4121 lactantionam.
1632 4065 1773 4139 'Egd
1821 4070 1922 4124 hoc
1950 4084 2065 4123 am-

468 4142 615 4213 plius
647 4139 812 4213 (salva
844 4147 1021 4193 tamen
1055 4136 1344 4206 modestia)
1394 4136 1854 4213 pronuntio,'esse
1875 4142 2066 4195 dictio.

471 4210 599 4271 hem
660 4210 1003 4279 '0ptimorum
1063 4224 1409 4282 quorumque
1464 4210 1799 4281 Scriptorum
1834 4252 1847 4273 .
1901 4221 2068 4282 atque

470 4283 735 4352 exemplis
773 4299 800 4335 a
833 4281 1110 4336 Gronovio
1159 4296 1226 4334 ex
1253 4280 1427 4346 Livio,
1472 4292 1527 4338 et
1575 4280 1605 4337 a
1635 4284 1948 4339 Burmanno
1982 4280 2065 4339 ex

474 4355 740 4413 Cicerone
771 4353 996 4422 aliisque
1024 4352 1292 4407 excitatis.
1337 4352 1471 4408 Bon.

2166 3706 2366 3766 Cellar.
2388 3717 2443 3767 et
2467 3708 2681 3765 Walch.
2723 3717 2778 3764 et
2802 3708 3055 3764 omnibus
3100 3720 3233 3765 mss.
3264 3714 3463 3778 praeter
3491 3706 3768 3778 duosirec.

2168 3798 2233 3836 ac
2260 3792 2487 3837 caeteros
2513 3782 2757 3850 vulgatos
2781 3781 2976 3848 quibus
3002 3789 3084 3835 est
3107 3777 3276 3835 labiis.
3307 3778 3363 3835 In
3406 3794 3519 3837 rec.
3548 3779 3573 3834 i
3611 3777 3768 3833 Colb.

2167 3864 2222 3908 et
2252 3854 2412 3907 Brun.
2450 3869 2543 3921 pro
2571 3852 2867 3917 bonitatem,
2896 3862 2977 3906 est
3003 3850 3315 3906 voluntatem
3342 3868 3361 3917 ;
3391 3850 3447 3906 in
3474 3850 3702 3906 Turues.
3720 3857 3779 3904 et

2169 3925 2386 3980 Cotton.
2416 3925 2701 3977 veritatem.

2246 3996 2506 4067 Profecto,
2536 3996 2721 4063 inquit,
2743 3996 2908 4048 omnis
2941 3995 3159 4067 istorum
3197 3994 3498 4067 disputatio,
3531 4000 3637 4049 etc.
3667 3989 3779 4067 Ett-

2170 4063 2366 4123 cidisse
2410 4068 2495 4121 hic
2535 4067 2686 4121 locus
2735 4076 2951 4135 putatur
2978 4082 3043 4120 ex
3093 4065 3384 4121 Hortensio
3426 4063 3541 4120 Cic.
3567 4078 3664 4118 seu
3706 4063 3779 4118 de

2171 4139 2537 4207 Philosophia,
2571 4139 2752 4207 inquo
2782 4137 3064 4202 legendum
3100 4147 3203 4203 est,
3234 4137 3450 4191 istorum
3474 4174 3489 4200 ,
3526 4147 3580 4189 ut
3612 4150 3774 4204 repe-

2172 4210 2308 4265 ritur
2342 4209 2392 4263 itt
2440 4210 2474 4263 8
2522 4208 2906 4265 vetustioribus
2936 4209 3126 4277 editis,
3154 4219 3208 4263 et
3242 4209 3296 4262 in
3341 4208 3592 4263 omnibus
3637 4220 3773 4261 mss.

2175 4290 2371 4351 praster
2404 4280 2441 4334 2
2472 4282 2601 4351 Reg.
2630 4295 2741 4335 rec.
2791 4280 2842 4334 in
2887 4282 3082 4351 quibus
3114 4288 3196 4335 est
3225 4282 3488 4351 ipsorum;
3517 4278 3569 4333 in
3588 4277 3649 4351 ΑΒ,
3677 4292 3779 4332 ex-

2173 4348 2316 4407 cusis
2358 4348 2652 4424 iustorum,
2698 4353 2877 4422 inepte
2895 4348 2919 4418 ;’
2962 4356 3015 4407 in
3059 4366 3165 4408 uno
3213 4349 3371 4407 Colb.
3413 4359 3497 4407 est
3541 4348 3777 4421 philoso-

550 4426 818 4493 Snpientia
845 4426 996 4478 enim.
1027 4424 1104 4479 Ex
1166 4439 1298 4497 mss.
1332 4427 1545 4493 reposui
1574 4427 1707 4481 enim
1732 4467 1746 4490 ,
1777 4427 1921 4497 quod
1976 4441 2065 4482 re-
2094 4435 2149 4495 1)
2177 4424 2415 4497 phorum.

478 4498 623 4559 clins
645 4508 749 4569 est,
781 4511 941 4565 quam
986 4507 1155 4569 autem
1196 4495 1486 4569 editorum.
1538 4495 1829 4569 Sapientia.
1865 4498 1999 4553 Nam
2027 4498 2074 4553 si

481 4567 700 4624 Virtutis
728 4567 846 4639 laus
874 4568 924 4620 in
955 4567 1166 4639 actione
1188 4568 1458 4639 coitsistit,
1487 4567 1637 4624 certe
1656 4570 1818 4625 etiam
1849 4572 2072 4639 sapien-

483 4640 793 4712 ti:u._l_)ocet
822 4637 923 4712 hoc
949 4638 1062 4712 Cic.
1093 4639 1143 4690 in
1177 4640 1348 4712 primo
1372 4637 1555 4706 Ofﬁc.,
1586 4657 1704 4712 eap.
1736 4642 1802 4696 de
1830 4637 2076 4696 Pruden-

482 4712 579 4766 tia.
606 4708 945 4782 Uudeietiam
970 4706 1290 4765 Aristoxeles
1317 4709 1369 4764 itt
1416 4715 1627 4782 magnis
1653 4706 1950 4767 Moralibus
1978 4713 2072 4777 ait,

485 4785 629 4852 quod
656 4781 927 4853 patientia
969 4796 1090 4849 quae
1140 4781 1189 4835 in
1241 4781 1522 4838 actionem
1540 4784 1706 4851 cadit,
1735 4782 1950 4839 virtutis
1977 4798 2079 4839 no-

486 4869 615 4910 men
644 4860 901 4913 meretur,
936 4869 1040 4905 non
1081 4866 1211 4906 vero
1249 4853 1372 4907 alia.

566 4921 817 4991 Recteque
862 4922 1080 4977 Tullius.
1133 4924 1475 4978 licsitieratur
1508 4925 1594 4980 hic
1635 4926 1784 4980 locus
1829 4925 1881 4980 in
1925 4925 2078 4985 Cice-

492 5008 624 5053 rone
658 5013 670 5049 :
702 4990 939 5065 attamen
997 4994 1130 5048 libro
1161 5010 1178 5048 ι
1213 4995 1280 5048 de
1308 4993 1534 5064 Oi'ticiis,
1582 5013 1632 5053 c.
1662 4996 1731 5053 de
1759 4990 2075 5065 Prudentia,

489 5070 709 5125 damnat
735 5064 978 5135 ignaram
1001 5066 1414 5135 philosophiam.

572 5139 665 5194 Vel
706 5138 1013 5192 advocandi.
1048 5137 1142 5191 Hic
1192 5141 1338 5205 ponit
1366 5138 1675 5195 Lactantius
1702 5155 1891 5196 vocem
1916 5141 2079 5194 adro-

488 5213 661 5277 candi,
698 5226 794 5278 pro
832 5224 1048 5263 causam
1074 5208 1286 5273 agendi.
1314 5209 1369 5263 lu
1397 5214 1432 5265 5
1463 5225 1591 5266 MSS.
1616 5222 1702 5268 est
1727 5212 2004 5275 evocandi;
2026 5212 2079 5266 in

491 5284 525 5339 8
548 5299 658 5338 rec.
687 5282 921 5335 vocandi.
947 5310 1019 5321 --
1062 5279 1167 5353 έναι
1194 5280 1475 5353 advocandi
1513 5285 1699 5352 gratia.
1734 5284 1847 5353 Ego
1902 5282 2083 5351 putavi

493 5353 958 5409 subaudiendum:
992 5352 1078 5407 vel
1106 5352 1765 5420 auditores,concionem,
1798 5355 2082 5423 populum,

493 5424 774 5505 advocandi
800 5425 983 5493 gratio.
1017 5425 1137 5505 egit
1166 5425 1403 5505 enimut:
1430 5425 1865 5505 Philosophis‘ib.
1890 5436 1943 5479 et
1963 5443 2081 5496 seq.

494 5504 548 5553 et
571 5496 638 5575 de
660 5496 913 5575 Epict‘tro,
936 5511 986 5575 (ιἶ
1017 5495 1082 5575 1]
1111 5498 1221 5575 1ait
1246 5496 1355 5575 :‘Ut
1384 5497 1451 5550 ad
1471 5514 1524 5575 se
1553 5496 1925 5575 titullilttdittettt
1956 5495 2085 5553 con-

496 5566 692 5640 tr_ahat_.
742 5564 945 5640 ibidem
977 5564 1366 5640 inf.__Circutum
1406 5569 1639 5640 colligit;
1664 5578 1824 5638 atque
1878 5570 2086 5639 integra

498 5636 713 5707 phrasis
728 5638 963 5691 occurrit
986 5639 1054 5692 de
1076 5636 1241 5692 Μαι-ιι
1258 5653 1488 5707 ρθτεθεη
1508 5636 1557 5695 (Ξ.
1582 5639 1675 5705 38,
1698 5636 1976 5696 A‘doocattit
1995 5636 2088 5711 po-

498 5711 695 5765 nulum.
720 5709 855 5765 BDN.

494 5723 695 5781 putum.
720 5723 855 5765 non.

568 5780 637 5838 1η
677 5782 832 5839 labris
875 5780 1057 5836 habere
1115 5780 1407 5836 bonitatem.
1458 5780 1533 5839 lia
1565 5783 1780 5854 reposui
1832 5799 1899 5841 ex
1929 5781 2089 5841 editis

2260 4494 2444 4550 Vereor
2470 4512 2595 4550 ne...
2624 4496 2758 4550 otiis.
2784 4494 2872 4550 Sic
2901 4494 3183 4550 emendavi
3209 4510 3277 4550 ex
3302 4491 3689 4550 vetustissimis
3714 4499 3772 4546 et

2177 4567 2396 4638 optimis
2416 4583 2545 4622 mss.
2580 4568 2606 4622 1
2641 4567 2798 4638 Bon.,
2826 4565 2861 4619 2
2894 4566 3049 4636 Reg,
3081 4567 3114 4621 4
3142 4566 3213 4620 al.
3248 4565 3407 4638 Reg,
3450 4567 3477 4619 1
3505 4565 3657 4638 Colb.
3705 4564 3775 4638 Et

2178 4635 2279 4694 vox
2326 4640 2538 4707 negotiis
2574 4637 2843 4707 postulare
2886 4635 3100 4693 videtur
3125 4638 3262 4692 otiis.
3298 4637 3367 4693 Et
3406 4648 3474 4693 ex
3520 4637 3604 4690 itis
3632 4635 3776 4707 opti-

2180 4711 2283 4767 mis
2312 4706 2442 4766 mas.
2469 4709 2651 4765 forsan
2682 4709 3048 4766 restituendus
3082 4710 3166 4764 hic
3193 4708 3476 4765 Ciceronis
3506 4707 3677 4761 locus.
3714 4706 3775 4760 in

2179 4780 2251 4835 9:).
2299 4783 2515 4849 scriptis
2566 4795 2675 4835 rec.
2710 4784 2831 4835 vet.’
2863 4781 3019 4836 editis
3064 4791 3146 4836 est
3175 4796 3236 4835 ne
3274 4796 3467 4835 nom...
3497 4778 3781 4849 quantdam

2182 4852 2564 4907 oblectationem
2606 4852 2715 4905 otii.
2765 4851 3040 4912 Pleristue
3068 4851 3190 4907 aliis
3213 4852 3561 4919 editiouibus,
3591 4849 3780 4904 etiam-

2184 4939 2290 4994 que
2315 4922 2683 4979 Ciceronianc
2711 4922 3051 4984 Gothol‘t'edi.
3080 4922 3234 4979 deest
3264 4941 3390 4978 non.

2256 4995 2555 5063 Abjicienda
2582 5005 2655 5051 est
2690 4996 2846 5066 igitur
2871 4997 3035 5049 omnis
3071 4995 3417 5065 philosophia.
3448 4994 3609 5048 Errat
3643 4991 3783 5066 Lac-

2184 5070 2405 5133 tantius,
2435 5069 2478 5122 si
2516 5063 2775 5137 intelligat
2803 5066 2871 5120 de
2900 5082 3024 5121 vera
3056 5063 3110 5120 et
3138 5063 3368 5135 genuina
3399 5063 3776 5137 philosotibia;

2186 5140 2267 5220 sin
2295 5149 2471 5194 autem
2501 5135 2849 5207 philosophiae
2875 5138 3091 5193 nomine
3115 5138 3367 5209 insigniat
3400 5135 3780 5220 philosophan-

2189 5211 2319 5266 tittm
2345 5206 2513 5280 nugas
2535 5223 2588 5265 et
2615 5206 2849 5278 errores,
2882 5223 3070 5263 verum
3096 5220 3197 5270 est.
3225 5206 3447 5264 omnem
3477 5209 3620 5263 illam
3652 5206 3779 5277 piti-

2187 5281 2484 5351 losopliiam
2543 5281 2830 5336 tollendam
2880 5295 3021 5336 esse.
3075 5281 3364 5350 Apostolus
3417 5280 3614 5336 Paulus
3666 5292 3781 5331 non

2189 5354 2665 5408 vultexterminari
2708 5367 2923 5407 omnem
2972 5351 3400 5423 philosophiam,
3432 5351 3527 5406 sed
3571 5358 3780 5404 tantum

2191 5439 2380 5478 vanam
2431 5434 2486 5479 et
2531 5424 2804 5489 fallacem,
2848 5433 2901 5476 ut
2941 5424 3123 5479 videre
3167 5433 3250 5478 est
3286 5423 3495 5480 Coloss.
3541 5437 3665 5491 cap.
3719 5433 3783 5485 tt,

2190 5510 2331 5551 vers.
2356 5496 2409 5553 8.
2445 5496 2589 5551 Haec.
2618 5497 2776 5567 igitur
2800 5498 3066 5550 sententia
3106 5506 3229 5551 cum
3270 5510 3443 5566 grano
3478 5493 3609 5551 satis
3636 5491 3789 5547 acci-

2191 5567 2403 5637 pienda.
2440 5567 2524 5621 Ea;
2561 5567 2932 5623 DAVENANTIO.
3010 5630 3013 5635 _

2262 5639 2430 5694 Caret.
2484 5638 2963 5709 Manuscriptorttm
2995 5648 3080 5709 est
3105 5654 3169 5696 ac
3214 5647 3325 5695 vet.
3353 5636 3390 5701 Ξ
3414 5636 3545 5694 edit.
3591 5635 3781 5709 Rom_.,

2191 5709 2444 5840 Τέἥιὲιθεη
2462 5710 2727 5768 Soubron.
2750 5704 2815 5766 et
2845 5704 3085 5781 Watch.,
3105 5720 3298 5779 careat,
3323 5718 3645 5767 caeterorum
3660 5706 3786 5762 vui-

2191 5798 2222 5840 α
2316 5797 2454 5839 rum.

2189 5796 2454 5854 gatorum.
