4154 6196
488 313 592 370 401

615 428 739 508 {iam
764 440 902 508 pater
919 433 1180 508 altitonans
1201 437 1421 508 stellanti
1446 442 1593 508 nixus
1609 441 1834 508 Olympo,

614 492 729 606 ipse
747 492 860 569 suas
882 508 1040 570 arces,
1059 505 1216 572 atque
1238 492 1835 576 inclytatempla‘petivit;

661 563 680 605 ι
700 555 982 606 Cabtloltnts
1005 569 1174 606 Intemt
1194 564 1400 606 sedibus
1423 578 1583 606 ιαηρς.

661 563 680 605 t
700 555 982 619 Capitolinis
1005 555 1174 624 injecit
1194 555 1400 615 sedibus
1423 555 1585 629 ignes.

490 659 757 718 Pertinaci
801 679 930 735 ergo
958 667 1182 724 stultitia
1214 685 1319 725 non
1367 672 1529 729 modo
1562 676 1662 730 vim
1713 676 2082 747 maiestatem-

488 769 594 825 que
619 757 734 812 veri
763 756 859 814 Dei
900 775 1006 814 non
1049 760 1434 820 intellexerunt
1463 783 1477 820 :
1505 768 1601 823 sed
1627 770 1789 824 etiam
1837 771 2084 841 impieta-

489 855 597 903 tem
623 849 705 904 sui
737 851 939 907 erroris
967 864 1267 923 auxerunt,
1297 860 1388 928 qni
1420 860 1679 930 templum
1710 862 1917 918 cmlesti
1938 862 2084 933 judi-

485 941 573 997 cio
615 957 764 1014 stepe
783 943 1095 1002 damnatum
1127 950 1413 1008 restituere
1439 962 1626 1010 contra
1658 955 1740 1012 fas
1758 971 1922 1014 omne
1947 973 2082 1014 con-

484 1033 774 1090 tenderint.

554 1124 688 1182 Cum
730 1128 847 1184 haec
875 1128 1035 1201 igitur
1054 1132 1319 1204 cogitaret
1365 1137 1651 1209 Epicurus,
1680 1155 1868 1198 earum
1898 1159 2081 1200 rerum

479 1219 923 1291 velutiniquitate
944 1222 1196 1281 inductus
1220 1226 1240 1301 (
1258 1227 1338 1286 sic
1360 1232 1504 1285 enim
1535 1247 1753 1289 causam
1791 1236 2084 1293 rationem-

478 1328 587 1385 que
637 1314 904 1385 ignoranti
952 1317 1271 1390 videbatur)
1319 1323 1651 1381 existimavit
1705 1328 1909 1385 nullam
1955 1345 2080 1387 esse

479 1406 893 1477 providentiam.
925 1409 1078 1479 Quod
1102 1427 1227 1469 cum
1268 1415 1369 1470 sibi
1390 1420 1786 1488 persuasisset,
1841 1426 2079 1496 suscepit

478 1498 638 1553 etiam
669 1497 1070 1557 defendendum
1096 1521 1108 1556 :
1133 1505 1213 1559 sic
1240 1506 1293 1560 in
1323 1521 1539 1564 errores
1577 1509 1976 1570 inextricabiles
2016 1532 2078 1571 se

471 1590 588 1662 ipse
616 1593 902 1649 conclusit.
935 1594 990 1651 Si
1033 1595 1176 1651 enim
1223 1599 1559 1668 providentia
1611 1604 1754 1659 nulla
1795 1614 1911 1671 est,
1941 1622 2077 1678 quo-

470 1685 636 1741 modo
664 1693 771 1743 tam
813 1688 1081 1759 ordinate,
1130 1700 1237 1746 tam
1264 1692 1525 1764 disposite
1570 1700 1805 1755 mundus
1850 1701 2076 1759 eﬂ‘ectus

471 1779 597 1835 est?
622 1779 779 1836 Nulla
802 1824 818 1849 ,
849 1782 1043 1854 inquit,
1076 1784 1361 1857 diSpositio
1393 1799 1507 1856 est;
1550 1792 1713 1847 multa
1742 1794 1884 1849 enim
1933 1794 2072 1852 facta

1353 321 1555 382 LIBER
1591 325 1681 382 III.
1726 326 1814 384 DE
1851 328 2068 388 FALSA
2109 332 2473 394 SAPIENTIA
2513 339 2918 399 PHILOSOPH.

3688 350 3795 409 402

2112 451 2397 524 Ainquit,
2445 459 2795 526 providentia:
2841 475 3013 531 opus;
3068 470 3189 517 sunt
3242 463 3382 519 enim
3437 468 3639 524 semina
3697 485 3793 542 per

2189 542 2352 602 inane
2376 548 2679 619 volitantia,
2713 554 2910 623 quibus
2935 554 3074 610 inter
3098 571 3156 610 se
3187 565 3389 613 temere
3417 561 3748 631 conglobatis
3772 606 3788 631 ,

2188 636 2437 693 universa
2468 642 2757 712 gignuntur
2781 654 2940 715 atque
2966 658 3345 703 concrescunt.
3377 649 3485 705 Cur
3510 652 3670 722 igitur
3698 654 3792 710 illa

2188 743 2295 783 non
2313 733 2575 788 sentimus
2591 751 2682 790 aut
2704 738 3012 793 cernimus?
3035 740 3171 807 Quia
3196 756 3295 797 nec
3312 744 3546 799 colorem
3568 746 3788 816 habent,

2188 822 2390 892 inquit,
2444 841 2546 882 nec
2590 828 2824 885 calorem
2878 831 3067 899 ullum,
3121 848 3221 888 nec
3270 835 3529 903 odorem;
3580 841 3790 909 saporis

2184 928 2400 986 quoque
2428 924 2485 973 et
2512 918 2755 977 humoris
2784 923 3024 994 expertia
3064 935 3210 995 sunt,
3251 936 3304 982 et
3330 935 3437 982 tam
3466 930 3666 985 minuta
3686 973 3701 998 ,
3734 942 3795 987 ut

2183 1008 2354 1063 secari
2383 1024 2447 1065 ac
2473 1010 2638 1068 dividi
2665 1026 2952 1085 nequeant.

2256 1098 2346 1155 Sic
2371 1117 2515 1170 eum,
2549 1106 2669 1174 quia
2695 1107 2748 1161 in
2780 1108 3050 1178 principio
3077 1108 3270 1165 falsum
3296 1123 3627 1182 susceperat,
3654 1131 3785 1172 con-

2182 1194 2524 1264 sequentium
2578 1214 2759 1254 rerum
2803 1204 3099 1259 necessitas
3149 1205 3217 1260 ad
3264 1206 3613 1264 deliramenta
3663 1227 3785 1279 per-

2181 1283 2354 1340 duxit.
2385 1286 2487 1344 Ubi
2517 1290 2660 1345 enim
2690 1302 2836 1359 sunt,
2866 1303 2959 1349 aut
2984 1296 3125 1351 unde
3163 1297 3264 1351 ista
3296 1302 3648 1369 corpuscula?
3675 1301 3786 1358 Cur

2181 1374 2273 1430 illa
2300 1392 2460 1433 nemo
2492 1390 2690 1450 praeter
2713 1399 2875 1439 unum
2905 1385 3233 1457 Leucippum
3266 1391 3593 1448 somniavit?
3618 1409 3647 1447 a
3674 1410 3783 1465 quo

2183 1467 2522 1527 Democritus
2566 1475 2809 1531 eruditus
2858 1477 3226 1535 litereditatem
3275 1483 3515 1539 stultitia:
3570 1487 3785 1558 reliquit

2184 1562 2439 1634 Epicuro.
2471 1566 2602 1636 Quae
2630 1570 2674 1624 si
2705 1581 2829 1627 sunt
2864 1576 3183 1644 corpuscula
3203 1619 3218 1645 ,
3247 1587 3300 1633 et
3338 1580 3554 1650 quidem
3584 1584 3779 1651 solida,

2179 1665 2239 1710 ut
2261 1656 2467 1725 dicunt,
2496 1662 2596 1715 sub
2623 1662 2812 1719 oculos
2841 1674 2989 1721 certe
3018 1669 3206 1724 venire
3229 1682 3472 1739 possunt.
3505 1671 3561 1728 Si
3588 1675 3781 1732 eadem

2178 1760 2262 1806 est
2290 1762 2480 1809 natura
2516 1756 2755 1812 omnium
2778 1800 2792 1823 ,
2824 1761 3095 1830 quomodo
3133 1778 3222 1818 res
3271 1766 3445 1822 varias
3494 1767 3781 1826 efﬁciunt?

470 1880 599 1926 sunt
623 1842 993 1944 alitem-quam
1024 1842 1143 1931 iieri
1165 1842 1514 1935 'debueruﬁnt'.
1550 1842 1884 1940 inve-itit"
1909 1842 2072 1942 ιῖἇιῖαιῖ
2104 1842 2149 1903 Β
2177 1845 2340 1944 Yario
2360 1889 2374 1913 ’
2405 1850 2594 1920 inqun'
2627 1851 2817 1909 ordine
2846 1869 2908 1910 ac
2937 1856 3202 1925 posmone
3245 1861 3575 1915 conveniunt
3599 1880 3612 1915 ³
3638 1865 3779 1920 Sicut

470 1961 710 2032 divinus,
738 1981 858 2038 quae
904 1968 1347 2039 reprehenderet.
1394 1972 1526 2042 Quae
1552 1975 1758 2046 singula
1783 1978 1828 2033 si
1859 1989 2076 2035 vacaret

471 2056 761 2125 refellere,
812 2058 969 2116 facile
1014 2063 1398 2132 ostenderem,
1445 2081 1546 2121 nec
1589 2069 1886 2139 sapientem
1929 2073 2073 2127 hunc

471 2148 677 2216 fuisse,
724 2165 825 2207 nec
868 2166 1081 2208 sanum.
1127 2155 1259 2211 Item
1300 2156 1346 2210 si
1398 2158 1545 2213 nulla
1590 2161 1922 2230 providentia
1963 2173 2066 2231 est,

471 2242 745 2313 quomodo
793 2244 1106 2302 animalium
1140 2263 1368 2318 corpora
1392 2260 1500 2305 tam
1550 2253 1894 2321 providenter
1920 2256 2068 2313 ordi-

470 2345 596 2391 nata
627 2346 778 2405 sunt,
808 2346 867 2393 ut
904 2339 1113 2411 singula
1141 2356 1368 2411 qumque
1412 2345 1653 2400 membra
1701 2346 1930 2402 mirabili
1981 2364 2067 2403 ra-

469 2427 613 2482 tione
639 2428 897 2499 disposita
928 2444 1023 2486 sua
1052 2430 1233 2489 officia
1258 2438 1616 2491 conservent?
1644 2436 1786 2493 Nihil
1812 2481 1826 2505 ,
1870 2440 2062 2512 inquit,

462 2518 517 2575 in
564 2523 911 2591 procreandis
954 2526 1280 2584 animalibus
1327 2530 1683 2600 providentiae
1712 2534 1850 2589 ratio
1880 2537 2063 2594 molita

458 2621 573 2680 est;
615 2629 740 2672 nam
771 2632 946 2687 neque
976 2620 1117 2674 oculi
1142 2617 1270 2675 facti
1294 2632 1421 2677 sunt
1446 2623 1511 2678 ad
1532 2624 1855 2692 videndum,
1885 2644 2062 2701 neque

455 2719 614 2762 aures
655 2707 724 2763 ad
754 2709 1115 2779 audiendum,
1172 2728 1346 2784 neque
1375 2715 1555 2787 lingua
1600 2717 1668 2773 ad
1707 2719 2054 2791 loquendum,

452 2813 629 2867 neque
680 2801 848 2871 pedes
877 2803 940 2859 sd
972 2806 1352 2863 ambulandum
1386 2813 1684 2882 :qnoniam
1732 2815 1885 2885 prius
1940 2817 2056 2874 haec

450 2900 572 2947 nata
600 2903 729 2949 sunt
747 2912 907 2967 quam
931 2899 1259 2971 essetloqui,
1287 2903 1498 2972 audire,
1523 2905 1728 2975 videre,
1752 2910 2047 2966 ambulare.

446 2983 632 3057 Itaque
651 3004 756 3043 non
802 2990 918 3047 htec
945 2992 1011 3047 ad
1041 3009 1194 3048 usum
1222 3004 1345 3051 nata
1373 3007 1499 3053 sunt
1526 3018 1538 3052 :
1573 3002 1666 3057 sed
1699 3019 1826 3058 usus
1848 3020 1915 3060 ex
1942 3005 2049 3064 illis

439 3090 601 3136 natus
645 3092 748 3137 est.
776 3083 831 3140 Si
882 3085 1025 3141 nulla
1066 3089 1402 3158 providentia
1443 3102 1555 3163 est,
1591 3109 1690 3151 cur
1725 3097 1925 3155 imbres
1952 3115 2044 3157 ca-

436 3171 593 3243 dunt,
648 3175 824 3248 fruges
866 3179 1135 3246 oriuntur,
1181 3183 1400 3239 arbusta
1458 3185 1843 3245 frondescunt?
1886 3191 2039 3259 Non,

434 3267 633 3338 inquit,
663 3283 882 3343 semper
907 3288 1069 3329 causa
1097 3276 1448 3333 animantium
1483 3279 1580 3334 ista
1601 3280 1755 3348 fiunt,
1782 3285 2034 3354 quoniam

435 3360 790 3430 providentia;
814 3363 943 3421 nihil
964 3376 1189 3437 prosunt
1216 3386 1227 3421 :
1258 3368 1355 3424 sed
1374 3372 1550 3425 omnia
1571 3386 1666 3429 sua
1696 3386 1890 3445 sponte
1918 3378 2035 3435 ﬁeri

431 3467 659 3513 necesse
683 3466 786 3513 est.
818 3458 970 3516 Unde
1000 3476 1130 3532 ergo
1159 3473 1454 3519 nascuntur
1481 3464 1500 3539 (
1527 3463 1655 3521 Vide
1677 3466 1910 3536 Lucret.,
1941 3472 2030 3527 lib.

429 3545 508 3620 ιι)
550 3558 644 3605 aut
668 3551 939 3621 quomodo
960 3554 1094 3609 ﬁunt
1120 3556 1300 3611 omnia
1325 3572 1446 3628 qua:
1472 3562 1769 3629 geruntur?
1787 3561 1907 3617 Non
1928 3572 2031 3630 est,

2177 1937 2402 2005 litterae,
2425 1955 2546 2010 qua:
2579 1956 2701 1996 cum
2730 1943 2838 1998 sint
2861 1960 3064 2015 paucae,
3087 1948 3236 2003 varie
3259 1960 3435 2005 tamen
3464 1952 3781 2023 collocatae,

2177 2029 2589 2086 innumerabilia
2624 2033 2786 2089 verba
2817 2036 3123 2092 conﬁciunt.
3154 2040 3225 2094 At
3250 2039 3442 2097 littera:
3462 2045 3638 2099 varias
3666 2043 3779 2102 for-

2175 2135 2294 2175 mas
2318 2121 2537 2177 habent.
2567 2123 2641 2179 Ita
2666 2165 2679 2180 .
2711 2126 2909 2197 inquit,
2941 2137 2994 2183 et
3016 2129 3131 2184 ha‘c
3158 2131 3269 2201 ipsa
3294 2132 3615 2204 primordia;
3647 2152 3772 2193 nam

2172 2221 2299 2268 sunt
2323 2229 2544 2284 aSpera,
2573 2226 2701 2272 sunt
2728 2218 2962 2285 hamata,
2989 2231 3114 2277 sunt
3143 2223 3316 2280 laevia.
3350 2225 3534 2282 Secari
3561 2245 3692 2299 ergo
3718 2241 3777 2286 et

2171 2306 2337 2363 dividi
2363 2322 2604 2380 possunt,
2639 2313 2683 2368 si
2711 2313 2911 2385 aliquid
2944 2317 3083 2372 inest
3109 2317 3215 2373 illis
3243 2320 3385 2390 quod
3426 2323 3679 2379 emineat.
3712 2325 3772 2382 Si

2168 2409 2348 2454 autem
2390 2401 2541 2457 laevia
2570 2414 2777 2461 suntet
2807 2405 2980 2463 hamis
3028 2409 3287 2481 indigent,
3336 2413 3612 2471 cohmrere
3659 2433 3771 2474 non

2168 2503 2415 2562 possunt.
2451 2495 2670 2551 Hamata
2704 2498 2865 2567 igitur
2890 2515 3012 2556 esse
3036 2512 3274 2570 oportet,
3304 2514 3360 2558 ut
3395 2508 3607 2575 possint
3633 2510 3770 2563 invi-

2164 2600 2285 2642 cem
2313 2592 2676 2646 concatenari.
2706 2590 2841 2648 Cum
2871 2610 3002 2650 vero
3040 2605 3145 2649 tam
3179 2598 3380 2653 minuta
3418 2614 3538 2655 esse
3584 2601 3771 2657 dican-

2162 2692 2271 2749 tur,
2292 2692 2349 2737 ut
2380 2684 2523 2738 nulla
2568 2685 2692 2741 ferri
2722 2687 2837 2741 acie
2878 2687 3058 2743 dissici
3089 2689 3319 2757 valeant,
3352 2692 3625 2761 quomodo
3670 2692 3769 2750 ba-

2159 2787 2297 2839 mos,
2328 2784 2422 2829 aut
2449 2776 2674 2844 angulos
2695 2776 2931 2833 habent?
2952 2779 3099 2847 Quos
3118 2821 3133 2847 ,
3167 2781 3287 2851 quia
3309 2790 3513 2847 extant,
3541 2799 3766 2841 necesse

2156 2878 2242 2922 est
2289 2882 2447 2937 posse
2492 2869 2694 2925 divelli.
2736 2871 2939 2928 Deinde
2963 2888 3070 2943 quo
3111 2873 3316 2930 foedere
3367 2876 3507 2932 inter
3536 2893 3628 2946 se,
3660 2895 3765 2949 qua

2154 2969 2335 3016 mente
2373 2962 2732 3028 conveniunt,
2764 2973 2820 3017 ut
2849 2979 2912 3018 ex
2943 2964 3025 3018 his
3053 2966 3253 3036 aliquid
3282 2970 3665 3024 construatur?
3695 2970 3752 3027 Si

2151 3067 2314 3108 sensu
2332 3064 2538 3120 carent,
2570 3070 2669 3111 nec
2688 3056 2834 3110 coire
2876 3065 2983 3111 tam
3030 3057 3288 3128 diaposite
3335 3070 3594 3129 possunt;
3627 3063 3753 3132 quia

2151 3161 2257 3200 non
2289 3155 2467 3216 potest
2492 3146 2783 3217 quidquam
2816 3148 3080 3205 rationale
3104 3151 3386 3220 perlicere,
3441 3152 3543 3207 nisi
3590 3154 3753 3209 ratio.

2069 3233 2115 3297 C
2147 3237 2317 3305 Quam
2352 3239 2531 3293 multis
2551 3240 2771 3310 coargui
2803 3241 2917 3296 haec
2942 3243 3151 3297 vanitas
3173 3252 3352 3313 potest
3386 3245 3398 3298 !
3430 3244 3525 3300 sed
3556 3259 3753 3316 prope—

2143 3341 2228 3388 rat
2248 3334 2440 3388 oratio.
2470 3331 2567 3388 llic
2586 3342 2669 3389 est
2692 3334 2781 3390 ille
2799 3377 2812 3399 ,

2267 3511 2360 3578 Qui
2381 3524 2542 3578 genus
2562 3512 2825 3578 humanum
2849 3516 3055 3577 ingenio
3076 3519 3347 3578 superavit,
3369 3525 3421 3568 et
3443 3532 3617 3571 omnes

2267 3574 2555 3626 Praesumit
2575 3575 2767 3639 stellas,
2791 3574 3000 3628 exortus
3018 3580 3093 3629 uti
3116 3574 3353 3631 aetherius
3368 3582 3457 3631 sol.

1770 3697 2131 3757 VARIORUM
2158 3699 2387 3758 NOTAE.

501 3827 661 3914 lese,
690 3838 796 3887 etc.
954 3835 1225 3914 secundus
1254 3850 1443 3894 versus
1489 3838 1592 3896 hoc
1646 3841 1809 3897 modo
1839 3841 2034 3914 legitur

426 3900 572 3969 apud
603 3901 804 3969 Cicer.,
837 3904 928 3960 lib.
960 3921 996 3959 ιι
1019 3905 1086 3962 de
1113 3907 1285 3964 Divin.
1327 3928 1337 3961 :

560 4012 669 4078 Ipse
695 4029 813 4067 suos
833 4019 1077 4080 quondam
1102 4020 1330 4083 tumulos,
1357 4036 1413 4073 ac
1431 4023 1614 4087 templa
1633 4026 1826 4088 petivit.

501 4116 707 4195 Sejpse
731 4122 1001 4195 conclusit.
1043 4124 1133 4179 Sic
1180 4126 1387 4180 restitui
1415 4142 1479 4180 ex
1512 4129 1718 4195 optimo
1744 4139 1796 4185 et
1827 4140 2026 4186 veterr.

425 4203 533 4271 ms.
578 4188 746 4271 ltfgio
794 4192 993 4271 Pnt._.et
1037 4195 1062 4250 1
1092 4196 1159 4271 al.
1187 4198 1495 4271 recentiori,
1520 4188 1763 4267 5'Colh.,
1793 4202 1817 4255 1
1854 4201 2028 4271 Lips.,

425 4258 578 4340 E_m._,
612 4258 1243 4340 Brutiqsuﬂ'ragantihus
1274 4267 1338 4322 l6
1371 4258 1496 4340 aliis
1528 4272 1578 4325 in
1600 4258 1793 4340 quibus
1813 4284 1894 4327 est
1923 4258 2024 4328 ἰήἶ

424 4332 601 4406 ciusit,
631 4343 688 4387 ut
716 4333 777 4406 in
797 4337 865 4392 10
888 4332 1327 4406 νθιῖἱιηιιτθεείς.
1366 4339 1460 4395 Hic
1489 4332 1792 4396 concludere
1820 4343 2024 4399 Teren-

425 4402 631 4481 tianum
658 4416 741 4459 est
769 4402 1303 4481 liacgsiguillcatioue,
1355 4426 1453 4481 pro
1497 4427 1552 4465 se
1592 4414 1884 4481 immittere,
1922 4416 2020 4470 im-

424 4474 757 4553 pligareLse‘,
788 4474 994 4535 Gallice
1036 4474 1318 4553 s'engager,
1356 4474 1763 4552 s’etrtbarrasser,
1809 4486 1843 4543 '5
1868 4474 1955 4542 ’ΒΘ

421 4552 481 4600 et
509 4544 698 4625 editi
715 4546 926 4625 ferunt,
953 4568 1006 4607 se
1035 4544 1404 4625 ipse'conjeeit.

500 4615 959 4694 Nallgdispositio
991 4615 1084 4677 esi.
1117 4615 1494 4681 Vide'Lucret.
1528 4641 1565 4680 tt
1603 4635 1657 4683 et
1705 4641 1763 4694 ν,
1796 4629 1899 4684 sub
1925 4629 2027 4685 ini-

424 4687 593 4763 tium.
620 4688 755 4745 Vide
775 4687 939 4746 etiam
959 4694 1208 4750 Cicerou.
1238 4696 1306 4751 de
1336 4697 1533 4752 Natura
1564 4687 1812 4763 deorum,
1861 4701 1953 4756 lib.
1984 4717 2022 4756 ι.

498 4756 565 4813 Et
578 4761 1164 4841 invenit-hontodivinns,
1185 4783 1299 4841 qua?
1315 4769 1717 4838 reprehenderet.
1737 4756 2024 4841 Perperam

422 4830 543 4910 hac
573 4836 729 4910 verba
758 4836 811 4910 in
842 4837 1024 4890 multis
1058 4830 1297 4893 eddfita
1329 4830 1612 4910 impressa,
1656 4857 1719 4896 ac
1749 4844 1794 4896 si
1845 4830 2028 4899 essent

422 4902 642 4977 Epicuri
698 4907 882 4973 verba,
915 4925 1085 4977 quum
1118 4919 1244 4965 sunt
1273 4902 1433 4965 verba
1491 4902 1691 4967 ironica
1738 4913 2023 4970 Lactantii.

422 4974 562 5051 “ille
595 4977 732 5051 typis
758 4974 1048 5051 ordinariis
1081 4982 1341 5051 impressa
1364 4983 1530 5037 volui.
1568 4983 1843 5041 Bonnam.

498 5045 853 5122 Prooidenter.
881 5048 1045 5106 Goth.
1070 5045 1366 5122 prudenter.
1392 5052 1548 5108 Conl.
1585 5055 1623 5109 l.
1651 5070 1726 5119 vr,
1745 5072 1794 5110 c.
1830 5058 1917 5112 15.
1948 5057 2027 5114 De

421 5116 684 5205 irancap.‘
702 5121 789 5205 l0.
812 5116 1278 5205 inegituruqttoque
1297 5126 1348 5179 in
1374 5125 1507 5205 l’lini
1527 5116 1870 5205 Panegyric.,
1902 5143 2023 5205 cap.

418 5191 457 5265 1Δ
491 5208 506 5244 :
535 5189 684 5257 Quod
695 5191 846 5265 nihil
868 5189 964 5246 rite
993 5189 1219 5265 nihilque
1246 5196 1593 5263 providenter
1636 5189 1866 5253 homines
1915 5189 2027 5254 sine

419 5260 635 5339 deorum
687 5260 1053 5319 immortalium
1102 5260 1314 5322 consilio
1367 5267 1560 5323 honore
1605 5269 2019 5339 auspicarentur.

418 5333 704 5389 Bessus.

497 5403 632 5458 Sunt
664 5408 799 5460 enim
826 5408 1040 5462 semina.
1075 5407 1497 5465 Reservabimns
1547 5410 1687 5466 haue
1717 5411 1785 5467 de
1828 5414 2025 5469 atomis

420 5473 840 5548 diSputationem
865 5479 916 5533 in
948 5490 1107 5548 caput
1138 5479 1204 5535 l0
1237 5480 1353 5536 libri
1386 5483 1451 5536 de
1477 5482 1559 5537 Ira
1613 5483 1725 5539 Dei.
1758 5483 1893 5539 Vide
1945 5486 2025 5539 in-

420 5556 568 5628 terea
590 5545 646 5601 S.
670 5547 920 5603 Basilium
949 5545 1111 5631 super
1137 5550 1235 5631 hac
1262 5568 1321 5631 re
1344 5553 1645 5631 liontiliagi;
1661 5557 1730 5631 Δτὸ
1753 5555 2026 5631 ἐξαήμεροη

460 5618 637 5699 riinaL
649 5628 703 5673 et
728 5631 889 5689 caput
928 5618 1141 5677 tertium
1172 5623 1292 5678 libri
1347 5624 1502 5695 primi
1532 5618 2024 5699 Placitorurn'apud

460 5633 617 5683 rnna,
649 5633 703 5673 et
728 5633 889 5689 caput

416 5633 567 5744 Blut.
601 5690 926 5747 Beruuzws.

498 5758 695 5837 (frater
722 5780 892 5837 unum
935 5762 1272 5837 Leucippum.
1322 5767 1395 5822 De
1436 5766 1528 5821 illo
1558 5766 1790 5823 Galenus
1818 5769 1868 5823 in
1908 5768 2026 5825 llis-

422 5829 559 5885 loria
592 5834 981 5904 philosophica.
1012 5829 1211 5894 Sed'de
1238 5839 1318 5894 his
1347 5839 1399 5895 in
1430 5840 1567 5896 libro
1595 5839 1665 5898 de
1693 5840 1773 5896 Ira
1798 5840 1913 5897 Dei.

2216 3844 2278 3917 Si
2305 3855 2440 3900 sunt.
2472 3845 2890 3917 Manuscriptum
2921 3855 3038 3909 est;
3063 3850 3108 3902 si
3127 3851 3250 3916 sint,
3281 3851 3572 3907 editorum.

2223 3915 2378 3989 Vario
2406 3917 2602 3971 ordine.
2637 3918 2713 3973 De
2744 3915 2869 3989 'quo
2896 3918 3020 3974 vide
3046 3915 3260 3977 Lucret.
3292 3938 3330 3977 ιι
3361 3922 3455 3979 lib.

2214 3987 2277 4043 Si
2304 3999 2473 4043 autem
2501 3989 2648 4067 letavit!
2676 3987 2795 4067 sunt
2821 4000 2869 4044 et
2898 3990 3063 4067 [tantis
3086 3993 3334 4067 indigent.
3365 3993 3454 4067 Sic
3481 3996 3608 4067 legit
3639 3996 3742 4052 Bo-

2139 4075 2267 4117 non.
2298 4076 2365 4115 ex
2391 4076 2500 4131 quo
2530 4059 2679 4116 locus
2702 4059 2791 4133 hic
2836 4059 3320 4133 corrigendus'est,
3348 4059 3560 4121 etiamsi
3595 4069 3739 4123 enim

2137 4131 2191 4184 iu
2214 4132 2334 4186 aliis
2357 4147 2486 4186 mss.
2506 4146 2568 4186 ac
2590 4132 2800 4186 cunctis
2818 4131 3003 4203 editis‘
3020 4135 3242 4203 legatur,
3275 4146 3321 4189 et
3348 4136 3575 4191 humoris
3597 4139 3737 4193 indi-

2135 4214 2275 4271 gent,
2305 4203 2492 4257 vitiosa
2522 4212 2697 4275 tamen
2725 4212 2809 4275 est
2862 4202 3050 4275 lectio;
3080 4202 3227 4275 quod
3257 4215 3465 4261 constat
3496 4208 3595 4263 hac
3646 4226 3737 4263 ra-

2138 4274 2313 4348 tione,
2342 4291 2501 4348 quam
2546 4274 2719 4348 solide
2759 4274 2953 4348 allegat
2979 4274 3346 4348 Tliouiasins,
3366 4280 3487 4345 quia
3535 4295 3731 4348 nempe

2130 4342 2327 4400 ltuutor
2352 4345 2567 4400 additus
2606 4345 2845 4409 la'vitati,
2873 4342 2993 4397 'nou
3027 4346 3200 4399 solum
3243 4342 3442 4401 nullam
3470 4342 3735 4405 cobmsio-

2128 4430 2274 4479 nem,
2306 4418 2400 4472 sed
2432 4416 2637 4484 lapsum
2663 4415 2837 4481 potius
2877 4416 3092 4470 efliciet.
3122 4415 3406 4473 GALLEUS.

2200 4485 2383 4541 ϐίη...
2413 4488 2585 4541 dissici
2608 4488 2827 4540 valeant.
2855 4486 2947 4540 llic
2972 4502 3181 4542 rursum
3214 4490 3379 4545 habes
3396 4491 3616 4545 verbum
3638 4506 3735 4547 an-

1959 4503 2011 4558 g.
2200 4503 2383 4541 υι.....
2413 4503 2585 4541 dissici
2608 4503 2827 4540 ualeant.
2855 4503 2954 4567 me.
2972 4503 3181 4569 rursum
3214 4503 3379 4545 naues
3396 4503 3616 4572 vernum
3638 4506 3727 4574 an-

2044 4529 2098 4589 D
2130 4556 2334 4627 tiqunm
2359 4559 2586 4631 dissieio,
2616 4558 2770 4631 cujus
2815 4557 3224 4631 explicationem
3267 4575 3429 4631 supra
3455 4562 3597 4627 Vide,
3633 4562 3727 4618 lib.

2131 4643 2342 4701 incap.
2378 4629 2431 4701 8.
2456 4629 2613 4701 Nota,
2644 4628 2790 4701 male
2815 4628 2866 4681 in
2900 4642 3010 4684 rec.
3038 4627 3075 4682 2
3102 4629 3261 4701 Reg.,
3293 4627 3516 4689 i'Colb.
3568 4642 3625 4691 et
3674 4635 3727 4690 in

2129 4700 2288 4755 editis
2313 4700 2496 4755 haberi
2519 4700 2709 4768 disjici.
2753 4697 2923 4753 ϐΑιι..

2201 4770 2560 4825 Construatur.
2594 4770 2651 4825 In
2679 4771 2704 4824 1
2738 4770 2949 4825 Bonou.
2996 4773 3161 4842 antiq.
3213 4783 3531 4830 conseratur.
3573 4775 3632 4830 In
3660 4775 3727 4832 12

2130 4857 2262 4897 mss.
2296 4858 2407 4898 rec.
2435 4854 2491 4898 et
2522 4842 2590 4897 10
2618 4842 2774 4897 editis
2800 4845 3157 4898 constituatur.

2205 4912 2386 4969 Hicest
2415 4916 2519 4987 ille.
2575 4914 2791 4987 Scilicet
2824 4911 3111 4987 Epicurus,
3159 4918 3225 4969 ad
3252 4932 3411 4987 quem
3454 4917 3568 4972 haec
3606 4930 3725 4972 car-

2129 4989 2269 5042 mina
2299 4986 2597 5056 respiciunt
2624 5000 2688 5056 ex
2721 4984 2953 5056 Lucretii
2986 4986 3080 5039 lih.
3112 5002 3192 5052 ιιι,
3222 4984 3286 5040 in
3307 4988 3430 5041 line.

2206 5055 2502 5141 Prtestinxit
2522 5055 2877 5141 stellas..lllss.
2901 5057 3124 5141 illeg...
3153 5058 3341 5141 (lauti,
3370 5058 3544 5139 Lips.,
3575 5056 3720 5141 PaL,

2128 5128 2277 5187 Juu..
2302 5129 2456 5182 Cant.
2490 5129 2595 5183 etii
2618 5128 2745 5181 editi
2778 5125 2958 5199 [erunt
2980 5125 3250 5191 restinxit;
3278 5128 3310 5182 6
3345 5125 3492 5199 typis
3533 5130 3722 5184 excusi

2127 5201 2429 5281 restrinxit;
2450 5200 2493 5281 εἰ
2527 5198 2678 5267 Reg.,
2706 5195 3029 5281 (ihCo'l‘bertq
3055 5202 3097 5281 in
3111 5195 3717 5281 St.irbon.,'i'Clartitn.,

2129 5271 2322 5337 Brun.,
2368 5280 2422 5325 et
2449 5270 2486 5324 2
2521 5279 2627 5323 vet.
2669 5270 2799 5323 edit.
2828 5267 3015 5334 Rom.,
3053 5269 3302 5322 Extinxit.
3339 5268 3409 5324 At
3435 5268 3717 5325 Lucretius

2129 5358 2157 5395 a
2203 5342 2463 5398 Lambino
2507 5340 2826 5396 emendatus
2874 5342 3001 5411 legit
3054 5338 3372 5405 Prwstinxit,
3418 5339 3719 5409 eodemque

2126 5415 2294 5468 verbo
2347 5414 2511 5466 utitur
2537 5411 2628 5467 lib.
2663 5427 2698 5466 ιι
2727 5422 2780 5465 et
2825 5430 2897 5468 IV.
2934 5409 3323 5483 ‘Prnrstinguere
3369 5419 3546 5483 autem
3615 5412 3719 5483 (ut

2129 5484 2286 5539 docet
2343 5483 2588 5551 Nonius)
2646 5483 2787 5535 valet
2825 5481 3186 5539 ohtenehrare
3244 5482 3327 5535 vel
3381 5481 3711 5548 obscurare,

2129 5552 2688 5635 quemadmodum'sol
2729 5557 2980 5610 exoriens
3011 5553 3285 5635 stellarum
3311 5553 3578 5635 fulgorem
3610 5554 3709 5607 ob-

2130 5624 2330 5683 seurat.
2364 5624 2605 5680 Dubitari
2634 5637 2740 5695 non
2777 5637 2951 5695 poteSt
2981 5625 3108 5694 quin
3134 5624 3418 5695 legendum
3449 5625 3519 5679 sit
3544 5638 3705 5695 precs-

2130 5701 2302 5761 tinxit,
2336 5714 2439 5751 non
2463 5694 2717 5760 restinxit,
2748 5694 2837 5751 aut
2865 5698 3119 5762 extinxit;
3150 5712 3255 5750 non
3288 5696 3430 5750 enim
3475 5694 3553 5745 sol
3580 5707 3709 5745 exo-

2131 5770 2276 5824 riens
2307 5768 2584 5846 stellttt'tuu
2619 5769 2960 5846 splendorem
2986 5769 3275 5846 extinguit,
3310 5765 3402 5819 sed
3431 5771 3705 5846 (inuitauit

2130 5840 2472 5911 prtestinguit.
2494 5831 2784 5907 Restinguit
2808 5851 2988 5897 autem
3015 5831 3183 5893 multo
3204 5836 3381 5891 minus
3397 5849 3412 5887 :
3430 5848 3550 5886 nam
3576 5831 3702 5888 lies-
