4154 6196
443 290 550 350 403

1526 287 1713 349 FIBM.
1744 287 2118 349 LACTANTII
2157 287 2363 347 DIVIN.
2393 287 2635 347 lNSTlT.

3641 293 3749 351 4οι

516 406 662 477 Quos
688 404 935 477 equidem
987 418 1175 460 versus
1226 417 1521 477 numquam
1570 403 1688 463 sine
1715 406 1828 467 risu
1862 406 2045 478 legere
2071 408 2126 469 A
2152 406 2451 478 punitatem
2478 407 2625 465 vitiis
2642 408 2759 467 suis
2788 408 3113 479 spopondit;
3136 408 3238 468 fuit
3258 411 3403 468 enim
3422 413 3750 481 hirpissima:

446 514 689 573 possum.
716 498 833 552 Non
864 497 1007 552 enim
1031 495 1099 552 de
1132 497 1377 564 Socrate,
1410 508 1500 552 aut
1524 496 1748 555 Platone
1789 498 1894 555 hoc
1938 499 2046 555 sal-

451 604 558 648 tem
572 592 805 659 dicebat,
831 591 920 660 qui
938 590 1085 646 velut
1099 607 1255 662 reges
1276 590 1545 647 habemur
1562 591 2042 663 philosophorum:

449 683 545 743 sed
585 683 651 739 de
701 682 956 751 homine,
990 700 1096 754 quo
1136 699 1270 739 sano
1316 693 1370 738 et
1416 683 1651 754 vigente,
1693 686 1873 741 nullus
1903 700 2047 757 :eger

447 777 684 848 ineptius
720 776 990 831 deliravit.
1024 774 1213 847 Itaque
1258 785 1416 847 poeta
1464 775 1817 833 inanissimus
1872 778 2048 834 leonis

448 868 698 926 laudibus
727 885 934 924 murem
959 886 1065 923 non
1100 869 1347 934 ornavit,
1390 868 1485 923 sed
1512 868 1693 923 obruit
1723 879 1776 925 et
1802 868 2045 926 obtrivit.

449 966 521 1020 At
566 964 704 1018 idem
739 978 838 1017 nos
878 972 1027 1017 metu
1052 961 1248 1017 liberat
1272 961 1482 1029 mortis,
1516 960 1583 1016 de
1609 976 1716 1031 qua
1744 960 1859 1017 haec
1879 960 2049 1031 ipsius

447 1057 615 1117 verba
637 1066 764 1111 sunt
789 1070 1045 1126 expressa
1068 1072 1082 1108 :
1115 1073 1133 1106 ι
1156 1054 1385 1124 Quando
1412 1070 1511 1109 nos
1528 1071 1741 1121 sumus,
1770 1070 1916 1111 mors
1938 1070 2049 1109 non

447 1157 569 1203 est:
619 1146 835 1217 quando
878 1160 1025 1202 mors
1062 1155 1165 1212 est,
1212 1159 1311 1199 nos
1348 1161 1456 1203 non
1485 1160 1707 1213 sumus;
1740 1161 1889 1203 mors
1920 1161 2051 1215 ergo

448 1239 582 1295 nihil
612 1239 680 1293 ad
713 1255 832 1294 nos.
867 1258 887 1292 ι
920 1239 1091 1306 Quam
1118 1245 1309 1309 argute
1345 1253 1443 1295 nos
1473 1237 1699 1295 fefellitl
1732 1241 1886 1311 quasi
1918 1256 2051 1297 vero

450 1343 719 1388 transacta
754 1348 902 1387 mors
933 1334 1208 1401 timeatur,
1237 1332 1468 1405 qnajam
1495 1348 1687 1391 sensus
1706 1343 1927 1403 ereptus
1944 1343 2049 1403 est,

450 1440 513 1479 ac
548 1441 652 1479 non
702 1424 880 1495 ipsum
912 1426 1074 1493 mori,
1107 1440 1215 1495 quo
1261 1440 1456 1482 sensus
1498 1428 1748 1497 eripitur.
1784 1429 1879 1485 Est
1906 1429 2053 1485 enim

452 1527 666 1589 tempus
695 1516 934 1589 aliquod,
972 1533 1077 1590 quo
1105 1532 1203 1571 nos
1244 1518 1540 1575 etiamnum
1569 1534 1778 1587 sumus,
1822 1530 1872 1576 et
1906 1536 2053 1577 mors

452 1622 631 1669 tamen
683 1612 920 1666 nondum
962 1620 1079 1677 est;
1129 1611 1290 1683 idque
1330 1611 1506 1682 ipsum
1555 1612 1768 1667 videtur
1795 1614 2052 1671 miserum

449 1719 592 1772 esse,
617 1720 739 1759 eum
770 1714 823 1759 et
851 1719 1002 1758 mors
1025 1718 1145 1759 esse
1169 1703 1375 1775 incipit,
1396 1714 1450 1759 et
1475 1720 1576 1763 nos
1594 1721 1714 1763 esse
1731 1705 2051 1765 desinimus.

2150 502 2439 574 voluptatis
2470 511 2735 571 assertor,
2764 501 2921 575 cujus
2951 502 3227 577 capienda:
3254 518 3441 572 causa,
3472 508 3617 562 nasci
3645 506 3751 564 hoc

2151 597 2351 651 minem
2381 595 2607 667 putavit.
2641 592 2793 664 Quis,
2818 612 2940 650 cum
2967 594 3071 651 hoc
3096 595 3355 652 ofﬁrmari
3378 598 3583 667 audiat,
3608 601 3751 665 vitiis

2151 698 2206 746 et
2229 688 2525 746 sceleribus
2545 689 2854 744 abstineat?
2876 687 3007 743 Nam
3031 689 3075 743 si
3098 688 3352 759 periturae
3380 699 3505 752 sunt
3526 691 3748 761 animm,

2151 790 2469 855 appetamus
2494 780 2731 847 divitias,
2766 790 2825 836 ut
2853 794 3045 836 omnes
3063 782 3360 837 suavitates
3386 797 3581 853 capere
3624 800 3753 856 pos-

2152 874 2323 931 simus
2353 893 2365 929 :
2392 888 2516 947 quae.
2539 875 2584 930 si
2618 875 2774 931 nobis
2800 874 3017 943 desunt,
3042 877 3111 931 ab
3140 876 3203 933 iis
3226 877 3314 949 qui
3348 878 3565 946 habent,
3596 878 3751 938 aufe-

2153 982 2338 1023 ramus
2394 970 2557 1036 clam,
2591 968 2739 1033 dolo,
2786 967 2875 1035 vi;
2919 984 2984 1025 eo
3015 969 3204 1041 magis,
3254 971 3299 1026 si
3352 971 3618 1031 humanas
3663 992 3752 1033 res

2158 1059 2298 1114 Deus
2330 1059 2509 1115 nullus
2536 1070 2730 1131 curat,
2763 1061 3215 1131 quandocumque
3262 1079 3387 1136 spes
3418 1065 3753 1138 impunitatis

2154 1148 2418 1219 arriserit,
2474 1152 2770 1223 rapiamus,
2830 1168 3105 1209 necemus.
3157 1152 3428 1226 Sapientis
3475 1166 3558 1214 est
3607 1162 3751 1218 enim

2154 1242 2497 1310 malefacere,
2526 1243 2649 1301 siet
2678 1246 2810 1301 utile
2838 1247 2929 1317 sit,
2956 1256 3011 1302 et
3041 1256 3243 1314 tntum;
3274 1250 3527 1320 quoniam
3561 1251 3604 1305 si
3635 1253 3753 1322 quis

2154 1337 2208 1392 in
2235 1337 2376 1393 cutio
2391 1336 2532 1392 Deus
2558 1347 2662 1404 est,
2689 1350 2795 1394 non
2824 1336 3078 1394 irascitur
3097 1342 3367 1415 cuiquam.
3397 1338 3574 1414 Atque
3605 1345 3754 1403 stulti

2155 1438 2239 1487 est
2268 1441 2321 1487 et
2345 1429 2699 1498 benefacere;
2723 1433 2847 1502 quia
2870 1432 3007 1488 sicut
3031 1434 3107 1488 ira
3131 1449 3236 1493 non
3264 1446 3656 1503 commovetur,
3684 1439 3755 1495 ita

2157 1534 2257 1578 nec
2278 1526 2448 1593 gratia
2465 1520 3107 1596 tangitur.Voluplatibtts
3131 1524 3318 1597 igitur,
3342 1543 3560 1603 quoquo
3594 1532 3756 1587 modo

2157 1630 2466 1688 possumus,
2494 1615 2816 1672 serviamus.
2853 1616 3011 1673 Brevi
3039 1618 3183 1673 enim
3212 1630 3456 1690 tempore
3490 1622 3617 1677 nulli
3653 1623 3758 1679 eri-

2158 1724 2280 1766 mus
2323 1709 2565 1765 omnino.
2601 1711 2744 1781 Ergo
2792 1710 2997 1765 nullum
3038 1711 3179 1766 diem
3207 1754 3221 1778 ,
3273 1712 3474 1768 nullum
3527 1710 3759 1788 denique

519 1798 629 1855 Nec
648 1799 847 1853 frustra
871 1798 1072 1853 dictum
1097 1808 1179 1853 est
1214 1816 1229 1855 :
1260 1798 1403 1854 Mors
1426 1798 1623 1857 misera
1651 1816 1758 1857 non
1786 1809 1893 1859 est.
1918 1799 2052 1857 Adi-
2083 1808 2132 1871 Β
2161 1802 2425 1874 temporis
2468 1812 2725 1873 punctum
2752 1800 2923 1859 fluere
2949 1802 3107 1858 nobis
3145 1802 3263 1859 sine
3290 1806 3565 1876 voluptate
3597 1804 3761 1878 patia-

450 1902 536 1947 tus
558 1892 625 1949 ad
654 1900 889 1948 mortem
916 1899 1001 1946 est
1025 1889 1226 1946 miser:
1258 1890 1361 1947 hoc
1384 1901 1488 1959 est,
1524 1891 1715 1949 morbo
1749 1891 2049 1963 tabescere,

452 1987 618 2043 ietum
650 1986 879 2056 perpeti,
913 1984 1118 2041 ferrum
1146 1999 1379 2054 corpore
1400 1985 1673 2059 excipere,
1706 1985 1899 2043 ardere
1918 1987 2049 2058 igni,

450 2075 705 2133 dentibus
735 2076 1030 2132 bestiarum
1061 2076 1276 2133 laniari.
1305 2076 1431 2137 Haec
1460 2088 1587 2132 sunt
1615 2093 1735 2150 quae
1768 2079 2049 2149 timentur,

450 2187 558 2229 non
604 2173 726 2242 quia
772 2180 1002 2229 mortem
1034 2170 1295 2238 afferunt,
1343 2171 1441 2228 sed
1469 2171 1595 2243 quia
1634 2172 1881 2229 dolorem
1934 2190 2053 2230 ma-

448 2281 635 2340 gnum.
690 2265 827 2333 Quin
898 2264 1081 2336 potius
1132 2262 1289 2320 efﬁce
1350 2279 1421 2321 ne
1474 2264 1634 2321 dolor
1691 2267 1892 2321 malum
1960 2268 2050 2323 sit.

450 2363 729 2428 Omnium,
774 2361 966 2431 inquit,
1012 2360 1277 2418 malorum
1310 2361 1604 2416 maximum
1650 2368 1756 2419 est.
1786 2360 1888 2426 Qui
1925 2376 2056 2434 ergo

453 2471 561 2515 non
592 2469 814 2528 possum
845 2470 953 2510 non
973 2454 1186 2522 timere,
1212 2456 1257 2510 si
1285 2455 1359 2520 id,
1391 2455 1535 2526 quod
1567 2464 1803 2510 mortem
1836 2464 2055 2512 antece-

454 2547 553 2615 dit,
578 2556 671 2603 aut
701 2546 891 2614 efﬁcit,
939 2546 1143 2603 malum
1172 2546 1295 2605 est?
1318 2545 1482 2614 Quid,
1531 2546 1673 2618 quod
1707 2555 1877 2602 totum
1922 2546 2056 2607 illud

456 2650 835 2710 argumentum
868 2637 1063 2695 falsum
1087 2637 1208 2694 est?
1235 2638 1361 2709 quia
1392 2652 1500 2693 non
1532 2638 1809 2694 intereunt
1835 2639 2053 2697 anima.

456 2733 663 2791 Anima:
687 2750 837 2799 vero,
854 2734 1048 2804 inquit,
1067 2733 1357 2789 intereunt.
1382 2732 1516 2788 Nam
1532 2732 1674 2804 quod
1688 2749 1811 2790 cum
1829 2749 2060 2807 corpore

455 2829 719 2893 nascitur,
741 2842 863 2883 cum
895 2841 1126 2896 corpore
1156 2826 1388 2882 intereat
1420 2840 1645 2883 necesse
1675 2835 1782 2885 est.
1803 2825 1923 2882 Jam
1961 2842 2059 2884 su-

454 2921 637 2991 perius
681 2919 815 2982 dixi,
835 2918 1054 2975 differre
1086 2934 1172 2974 me
1205 2921 1347 2973 hunc
1368 2917 1548 2973 locum
1592 2919 1805 2988 melius,
1833 2929 1888 2976 et
1906 2919 2060 2991 aperi

458 3014 645 3068 ultimo
672 3028 976 3072 reservare.
998 3022 1058 3067 ut
1081 3011 1220 3066 hanc
1252 3010 1466 3080 Epicuri
1493 3010 1926 3080 persuasionem,
1944 3011 2060 3069 sive

2161 1912 2313 1955 mur:
2358 1910 2461 1973 ne,
2510 1895 2636 1967 quia
2666 1896 2768 1966 ipsi
2798 1895 3121 1969 quandoque
3160 1898 3383 1967 perituri
3422 1912 3610 1957 sumus
3638 1942 3654 1966 ,
3705 1900 3761 1958 id

2162 1988 2336 2060 ipsum
2364 1985 2507 2059 quod
2530 1986 2768 2043 visimus
2802 1994 3009 2058 pereat.

2234 2081 2348 2137 Hoc
2390 2080 2481 2137 ille
2511 2082 2722 2137 tametsi
2753 2096 2862 2137 non
2904 2080 3036 2137 dicit
3063 2083 3265 2147 verbo,
3314 2096 3375 2139 re
3417 2090 3595 2139 tamen
3643 2085 3761 2157 ipsa

2164 2173 2341 2231 docet.
2365 2173 2498 2229 Nam
2520 2188 2642 2230 cum
2668 2174 2925 2246 disputat,
2951 2177 3131 2232 omnia
3155 2178 3452 2249 sapientem
3484 2194 3578 2235 sua
3599 2195 3764 2236 causa

2164 2265 2359 2332 facere,
2391 2266 2460 2321 ad
2491 2265 2776 2323 utilitatem
2805 2280 2956 2322 suam
2987 2266 3156 2323 refert
3177 2268 3357 2324 Omnia
3381 2285 3501 2341 qua:
3532 2272 3658 2342 agit.
3685 2270 3764 2327 ita

2164 2361 2252 2430 qui
2282 2358 2428 2415 audit
2458 2356 2575 2415 bare
2599 2357 2818 2431 flagitia,
2853 2372 2953 2416 nec
2980 2360 3106 2416 boni
3135 2362 3424 2434 quidquam
3458 2361 3763 2423 faciendum

2118 2476 2123 2481 -
2164 2453 2408 2531 putabit,
2458 2455 2709 2524 quoniam
2752 2449 3071 2510 benefacere
3115 2454 3180 2509 ad
3233 2454 3523 2511 utilitatem
3556 2466 3767 2529 spectat

2164 2546 2415 2610 alienam,
2453 2559 2552 2600 nec
2579 2560 2610 2601 a
2639 2544 2845 2602 scelere
2873 2544 3254 2601 abstinendum
3275 2589 3290 2613 ,
3339 2549 3462 2618 quia
3496 2546 3767 2604 maleficio

2166 2638 2344 2708 praeda
2371 2637 2654 2709 conjuncta
2686 2648 2787 2692 est.
2824 2635 3181 2709 Archipyrata
3213 2639 3521 2711 quisquam,
3558 2640 3642 2696 vel
3688 2641 3768 2695 la-

2165 2739 2379 2786 tronum
2412 2729 2622 2799 ductor,
2670 2732 2714 2787 si
2745 2745 2871 2787 suos
2913 2730 2979 2787 ad
3021 2733 3376 2809 grassandum
3406 2736 3762 2803 cobortetnr;

2164 2840 2272 2895 qtto
2302 2824 2407 2877 alio
2437 2839 2689 2880 sermone
2718 2825 2792 2880 uti
2824 2832 3021 2895 potest,
3069 2840 3229 2896 quam
3280 2835 3337 2881 ut
3376 2826 3565 2883 eadem
3595 2830 3760 2895 dicat,

2163 2906 2775 2995 qnazgdiclt'Epicurus?
2800 2916 2943 2974 Deos
2972 2918 3099 2973 nihil
3128 2932 3351 2987 curare;
3388 2938 3493 2977 non
3526 2922 3622 2995 ira,
3657 2940 3766 2979 non

2163 3013 2335 3082 gratia
2366 3012 2546 3082 tangi;
2583 3010 2878 3066 inferorum
2912 3026 3096 3082 poenas
3136 3029 3239 3068 non
3273 3030 3395 3069 esse
3426 3015 3763 3085 metuendos,

455 3109 545 3165 illa
580 3108 892 3175 Democriti,
927 3109 1041 3162 sive
1066 3105 1358 3160 Dicmarcbi
1390 3103 1509 3172 fuit,
1542 3115 1597 3161 et
1619 3106 1972 3177 argumentis,
2006 3116 2059 3161 et
2088 3090 2133 3154 (ἶ
2165 3107 2308 3178 quod
2339 3106 2533 3161 anima:
2571 3112 2692 3175 post
2718 3111 2948 3160 mortem
2979 3106 3246 3175 occidant,
3282 3121 3381 3163 nec
3409 3106 3503 3163 ttlli
3544 3108 3767 3171 omnino

456 3206 655 3262 divinis
675 3203 1001 3261 testimoniis
1023 3196 1575 3272 redarguémNerum
1591 3200 1683 3257 ille
1704 3199 1936 3257 fortasse
1958 3203 2062 3257 im—

2168 3202 2275 3255 sint
2306 3198 2496 3264 inferi;
2528 3197 2860 3268 voluptatem
2889 3212 3010 3254 esse
3041 3198 3333 3255 maximum
3364 3201 3596 3270 bonum;
3644 3200 3767 3258 ιιιιΙ-

1784 3297 2139 3355 VARIORUM
2172 3294 2403 3352 NOTAE.

457 3400 685 3469 tinguere
711 3394 777 3449 de
806 3393 1001 3469 agdore
1026 3401 1116 3446 aut
1146 3393 1330 3447 calore
1354 3390 1573 3453 dicitur,
1609 3407 1713 3447 non
1747 3390 1813 3446 de
1840 3391 2046 3447 lumine

459 3464 551 3524 aui
573 3468 800 3537 fulgore.
830 3464 916 3520 Ex
946 3464 1206 3523 Lausum.

531 3530 752 3604 Quando
777 3554 911 3591 mors
939 3546 1034 3596 est.
1064 3552 1155 3591 nos
1176 3552 1278 3591 non
1306 3551 1503 3604 sumus.
1541 3530 1689 3604 lianc
1711 3548 1834 3604 esse
1854 3535 2044 3603 genui-

460 3598 581 3666 nam
629 3609 914 3665 lectionem
964 3616 1177 3663 constat
1208 3623 1277 3662 ex
1329 3603 1559 3673 Bonon.,
1610 3598 1769 3669 Tax.,
1825 3598 1983 3668 P'en”
2014 3606 2049 3660 2

459 3684 650 3746 Brttn.,
681 3682 714 3735 6
741 3681 917 3744 Colb.,
949 3680 984 3732 2
1010 3676 1247 3733 Clarom.
1278 3687 1327 3731 et
1376 3677 1628 3731 omnibus
1678 3676 1847 3734 Vatic.
1881 3687 1935 3731 et
1980 3692 2051 3732 ex

462 3753 699 3821 Epicuro
747 3752 864 3818 ipso
916 3751 966 3803 in
998 3748 1159 3815 epist.
1207 3748 1275 3802 ad
1318 3747 1651 3803 Moenecenm
1683 3748 1821 3814 apud
1866 3747 2048 3801 Laert.

468 3840 575 3879 non
610 3840 728 3888 quae
750 3822 912 3890 vulgo
943 3822 1189 3890 habetur,
1218 3821 1426 3888 quando
1444 3835 1537 3873 nos
1566 3834 1668 3877 non
1696 3834 1894 3885 sumus,
1920 3836 2058 3873 mors

464 3905 557 3948 est.
590 3891 780 3947 lszaus.
818 3889 942 3945 llaec
978 3889 1096 3944 [sati
1136 3890 1404 3945 correctio
1451 3890 1804 3944 oculirmatttr
1847 3906 1876 3943 a
1922 3905 2055 3945 mss.

460 3965 637 4032 Lips,
672 3963 809 4029 PaL,
843 3960 979 4032 Ult.,
1012 3958 1646 4032 JuliugeditisPlautina,
1678 3958 1903 4032 Gymnﬁ
1948 3959 2058 4015 Ge-

464 4030 617 4098 nev.,
668 4034 817 4099 Ald.,
846 4030 1129 4095 Cratand.,
1168 4030 1237 4101 is.
1272 4042 1328 4086 et
1357 4031 1563 4101 Thysii.
1615 4030 1792 4101 Locus
1844 4030 2060 4099 Epicuri

465 4108 534 4163 ad
560 4106 784 4161 anec.
806 4098 891 4178 Sic
922 4103 1082 4178 habet
1119 4120 1134 4158 :
1170 4098 1330 4178 Ὀτᾳν
1360 4101 1414 4178 δαὶ
1443 4098 1469 4158 ὃ
1495 4104 1709 4178 Oenotro;
1754 4098 1921 4178 ἅπρή,
1963 4103 2065 4178 τρθ’

469 4186 619 4252 gypsi;
646 4178 739 4252 οὐκ
762 4176 937 4252 ἐσμέν.
959 4174 1255 4252 Caucasus}
1284 4176 1356 4228 De
1384 4173 1917 4252 litteratioeinatiiinc
1936 4175 2061 4252 vide

466 4243 800 4311 Lucretium,
828 4243 925 4299 lib.
955 4262 1034 4311 ut;
1066 4243 1362 4311 Laértinm,
1384 4245 1436 4299 in
1466 4245 1740 4314 Epicuro;
1773 4245 1897 4299 Aul.
1929 4244 2059 4300 Gel-

467 4322 631 4388 lium,
688 4320 782 4374 lib.
817 4333 877 4382 ll,
911 4332 1050 4388 cap.
1081 4317 1114 4371 8
1149 4334 1163 4381 ;
1217 4315 1492 4388 Plutarch.
1537 4316 1608 4372 de
1652 4316 2061 4386 Tranquillitate

468 4387 626 4453 Vitae,
657 4403 709 4445 et
735 4391 1005 4443 Stulta-nm
1036 4387 1297 4443 Sét‘mone
1332 4387 1418 4442 15.

2151 3388 2483 3445 centioribus
2512 3388 2727 3444 excusis
2752 3394 2835 3444 est
2863 3387 3105 3456 afferant.

2230 3462 2369 3529 Quin
2395 3462 2561 3530 potius
2587 3461 2722 3531 efﬁce
2741 3476 2804 3514 ne
2828 3461 2975 3515 dolor
2995 3463 3190 3515 malum
3220 3462 3307 3515 sit.
3338 3461 3430 3517 Sic
3456 3464 3668 3520 restitui
3697 3480 3765 3521 ex

2159 3533 2228 3591 10
2262 3532 2458 3605 editis,
2490 3548 2553 3605 ac
2583 3533 2962 3605 vetustissimis
3011 3550 3141 3605 mss.
3173 3533 3209 3587 ἳ
3242 3534 3374 3601 Reg.
3402 3544 3459 3589 et
3504 3536 3569 3589 21
3617 3538 3763 3605 aliis,

2161 3606 2261 3677 nisi
2312 3603 2454 3677 quod
2489 3604 2539 3677 in
2571 3602 2781 3677 dntibus
2809 3613 2893 3658 est
2914 3604 3056 3673 efﬁci,
3172 3620 3269 3677 sex
3299 3607 3493 3677 efficit;
3526 3612 3576 3661 in
3624 3609 3649 3662 1
3686 3602 3758 3662 al.

2160 3675 2293 3744 Reg.
2331 3685 2386 3730 ut
2416 3675 2563 3728 dolor
2593 3674 2785 3727 malum
2825 3691 2926 3728 non
2952 3679 3035 3729 sit.
3075 3674 3181 3731 Sed
3216 3687 3268 3729 et
3296 3674 3536 3731 nostram
3574 3679 3766 3734 lectio-

2162 3758 2531 3821 nem‘seculus
2566 3756 2649 3821 est
2686 3746 2909 3821 gallicus
2952 3749 3220 3821 interpres
3247 3747 3338 3821 :_0
3375 3748 3618 3821 Epicure,
3665 3753 3768 3821 [eis

2163 3818 2327 3889 plutot
2358 3833 2453 3889 que
2483 3816 2700 3872 douleur
2728 3833 2790 3868 ne
2814 3817 2913 3889 scit
2948 3818 3092 3885 point
3120 3821 3242 3872 mat.
3273 3817 3331 3873 lu
3358 3836 3451 3874 ses
3483 3816 3769 3878 editis'lc-

2164 3887 2331 3959 gitur,
2366 3888 2495 3954 Qua:
2522 3905 2600 3942 res
2628 3889 2798 3957 potius
2826 3887 2992 3957 efﬁcit,
3021 3900 3074 3943 ut
3100 3890 3249 3943 dolor
3274 3892 3467 3945 malum
3491 3893 3576 3944 sit.

2242 3960 2377 4026 Quia
2408 3976 2507 4012 non
2552 3960 2808 4017 intereunt
2837 3960 3039 4013 animm.
3080 3960 3279 4014 Anium:
3322 3978 3437 4016 vero
3486 3965 3764 4019 intereunt.

2166 4032 2242 4085 Ita
2275 4030 2559 4103 emendavi
2582 4044 2654 4103 εις
2674 4043 2775 4083 ms.
2811 4029 2942 4099 Reg.
2973 4030 3079 4085 400
3123 4046 3315 4086 annor.
3347 4035 3565 4102 optimm
3598 4044 3763 4103 ιιοιςιι,

2170 4100 2664 4176 sttccui-[entibnsi
2684 4103 2986 4176 veterrimis
3016 4103 3219 4176 Regiis,
3251 4100 3468 4174 alioque
3491 4105 3622 4176 Heg.
3649 4100 3763 4162 rec.

2168 4182 2225 4228 et
2253 4171 2339 4227 ed.
2376 4171 2552 4227 Betui.
2600 4170 2652 4226 in
2687 4173 2887 4240 quibus
2936 4170 3217 4228 semelest
3244 4170 3469 4241 animle;
3496 4189 3549 4232 et
3572 4170 3647 4231 'in
3696 4179 3766 4233 l5

2169 4245 2385 4315 scriptis
2415 4256 2469 4298 et
2497 4245 2558 4303 Η
2591 4242 2845 4311 vulgatis.
2878 4259 3010 4308 rere,
3043 4246 3236 4315 inquit;
3266 4248 3317 4300 in
3353 4250 3542 4311 tribus,
3572 4264 3762 4304 verum.

2169 4315 2467 4442 rbillecesse
2509 4326 2605 4371 est.
2639 4315 2696 4371 ω
2728 4324 2849 4384 post
2880 4315 3171 4385 Epicurum
3203 4320 3438 4373 somniat
3483 4318 3767 4375 Lucretius

2192 4403 2206 4441 ι
2252 4427 2263 4439 .
2299 4402 2373 4441 ιιι.

2192 4402 2263 4441 ΙΙ).
2299 4402 2373 4441 ΙΙΙ.

547 4463 663 4529 Qua
684 4462 797 4551 jam
820 4477 999 4551 sensus
1020 4471 1221 4530 ereptus
1236 4468 1335 4551 rest.
1355 4458 1430 4513 ita
1448 4458 1662 4551 reposui
1689 4472 1754 4513 ex
1782 4466 1891 4551 vet.
1924 4456 2055 4551 edit.
2087 4490 2142 4551 Β
2169 4543 2220 4551 μ
2244 4457 2645 4551 ρρςνίηκίξὶηιςι.
2692 4456 3143 4551 Hocneseqmtur
3181 4457 3494 4551 Lactantius
3526 4462 3620 4517 lib.
3668 4478 3764 4531 vit,

473 4533 631 4590 Rom.
660 4529 725 4587 ac
760 4530 947 4586 Venet.
977 4546 1204 4586 necnon
1236 4530 1491 4597 Tornes.,
1535 4529 1731 4584 Cellar.
1766 4540 1821 4585 et
1845 4531 2057 4586 cunctis

471 4620 602 4659 mss.
639 4612 833 4672 praeter
864 4604 886 4655 i
924 4602 1058 4671 Reg.
1089 4612 1141 4657 et
1170 4602 1233 4656 l7
1272 4600 1403 4657 edit.
1446 4602 1498 4656 in
1544 4601 1739 4672 quibus
1785 4612 1869 4657 est
1913 4603 2055 4670 quia.

472 4675 608 4731 Vide
641 4676 798 4735 infra,
822 4689 921 4743 quo
946 4689 1125 4727 sensus
1151 4674 1387 4743 eripitur.

547 4746 663 4813 Quo
693 4762 783 4798 nos
808 4742 1087 4799 etiamnum
1119 4742 1314 4799 sumus.
1354 4744 1534 4799 Placet
1561 4742 1678 4798 Ismi
1708 4742 1775 4797 ad
1805 4742 1945 4798 hunc
1977 4743 2058 4797 lo-

472 4833 596 4872 cum
624 4815 950 4882 observatio,
975 4816 1064 4885 qtti
1093 4830 1190 4885 pro
1231 4829 1299 4870 eo
1323 4815 1464 4885 quod
1498 4817 1550 4870 in
1590 4815 1868 4883 impressis
1897 4814 2061 4870 habe-

472 4899 580 4948 tur.
627 4903 726 4957 quo
756 4897 803 4942 et
832 4904 923 4941 nos
951 4888 1065 4956 jam
1114 4903 1218 4941 non
1263 4903 1458 4949 sumus,
1502 4886 1967 4957 legendumputat
1995 4902 2061 4942 eo

472 4956 773 5029 modoquo
800 4958 992 5013 excudi
1022 4961 1359 5029 curavimus.
1393 4958 1549 5013 Balio
1587 4958 1705 5025 eius
1724 4956 2060 5029 solidissima

471 5042 576 5096 est;
591 5033 635 5085 si
652 5027 794 5086 enim
814 5039 1026 5099 tempus
1043 5040 1126 5084 est
1146 5027 1385 5099 aliquod,
1406 5044 1513 5097 quo
1531 5038 1583 5082 et
1599 5042 1698 5082 nos
1716 5027 1825 5097 jam
1846 5044 1952 5083 non
1972 5043 2062 5083 su-

469 5118 613 5169 mus,
647 5112 700 5157 et
740 5115 887 5156 mors
914 5102 1152 5154 nondum
1186 5109 1288 5166 est,
1322 5110 1469 5156 recte
1497 5099 1698 5155 dictum
1730 5110 1815 5156 est
1847 5100 1915 5154 ab
1937 5101 2062 5170 Epi-

474 5188 627 5241 curo,
658 5172 801 5243 quod
831 5187 898 5226 eo
926 5182 1170 5239 tempore
1201 5187 1346 5226 tllJl‘s
1363 5171 1495 5226 nihil
1516 5171 1581 5225 ad
1607 5185 1725 5226 nos.
1752 5170 2062 5227 Lactantius

473 5260 603 5300 vero
627 5243 957 5300 contrarium
988 5244 1240 5310 intenuit,
1263 5252 1320 5296 ut
1344 5252 1494 5313 patet
1509 5258 1574 5299 ex
1600 5256 1786 5312 scopo,
1806 5244 1849 5296 si
1878 5250 2061 5297 textus

474 5325 682 5372 attente
722 5315 1082 5383 expendatur.
1140 5314 1206 5369 Ει
1232 5314 1596 5384 εαιιθλιιιριιιιε
1624 5313 1795 5384 facilis
1827 5313 1925 5367 fuit
1960 5329 2062 5368 non

475 5404 574 5457 pro
617 5403 739 5440 num
786 5385 1171 5441 subetituendi.
1201 5385 1344 5441 Edit.
1373 5383 1610 5457 Grapltei
1640 5394 1696 5440 et
1739 5383 1984 5457 Gygmnici
2008 5393 2065 5441 et

476 5455 579 5511 ins.
621 5457 745 5511 Jun.
778 5466 1017 5511 nostram
1051 5460 1189 5512 hanc
1216 5456 1653 5513 emendationem
1696 5455 2055 5522 confirmant;

475 5536 662 5581 carent
685 5528 827 5598 enim
857 5528 945 5581 illa
970 5529 1254 5596 negatione
1284 5544 1405 5597 qua:
1435 5528 1489 5584 in
1512 5526 1756 5598 reliquis,
1784 5536 1894 5582 tum
1927 5541 2057 5584 mss.

474 5610 597 5652 cum
625 5596 785 5651 editis
815 5596 1104 5653 invenitur.
1135 5596 1428 5654 GALLI-SUB.

549 5666 675 5724 Cum
704 5679 751 5724 et
775 5684 911 5723 mors
938 5684 1046 5722 esse
1073 5670 1270 5738 incipit.
1306 5670 1428 5724 Mss.
1456 5671 1523 5725 17
1544 5678 1599 5724 et
1619 5667 1752 5725 edit.
1782 5667 1838 5737 5,
1862 5669 1996 5738 quod
2017 5678 2064 5726 et

476 5756 634 5811 mors.
665 5741 690 5795 l
723 5741 929 5797 Bonon.
957 5740 1124 5810 antiq.
1171 5749 1227 5796 et
1253 5739 1441 5806 Brun.,
1463 5756 1562 5811 quo
1592 5750 1639 5795 et
1664 5756 1822 5796 mors.

544 5810 800 5879 efferunt.
827 5811 904 5868 Ex
936 5825 1065 5868 mss.
1096 5823 1151 5869 et
1187 5813 1221 5871 9
1244 5810 1515 5871 veteribus
1541 5811 1701 5870 editis
1727 5821 1847 5883 est;
1891 5812 1948 5871 in
1974 5828 2062 5875 re-

2164 4530 2383 4599 Capitib.
2413 4529 2466 4589 7,
2487 4530 2542 4594 8,
2565 4539 2696 4593 etc.;
2726 4527 3077 4599 et‘Epitome,
3107 4544 3228 4598 cap.
3256 4531 3342 4587 l0.

2236 4597 2650 4672 Democriti,ete.
2680 4599 2772 4654 Ille
2788 4597 2884 4653 fuit
2908 4597 3217 4665 Abderites,
3244 4604 3335 4672 qui
3363 4613 3575 4659 atomos
3603 4621 3766 4662 exco-

2162 4671 2416 4745 gitaverit
2449 4689 2461 4725 :
2490 4672 2682 4740 quinto
2708 4671 2907 4745 saeculo
2935 4673 3067 4725 vixit
3092 4684 3219 4727 ante
3258 4671 3537 4745 vulgarem
3567 4694 3763 4745 atram,

2164 4742 2403 4814 obiitque
2426 4757 2599 4815 annos
2643 4752 2799 4797 natus
2816 4742 2953 4815 _l(l9,
2976 4744 3291 4815 Dlymplad.
3311 4742 3489 4802 LsLiv.
3528 4742 3768 4803 Dicaear-l

2164 4812 2467 4890 chnsvero
2509 4812 2766 4870 Misenins
2807 4812 3315 4890 fuitnpbilosophus,
3362 4820 3452 4889 qui
3508 4821 3763 4890 opinatus

2164 4900 2334 4959 genus
2362 4884 2901 4959 Irnnnanumsemper
2920 4885 3127 4954 fuisse,
3160 4884 3333 4959 atque
3362 4884 3628 4946 omniain
3669 4893 3770 4947 ho-

2166 4958 2309 5012 mine
2340 4957 2501 5014 simul
2526 4956 2771 5017 interire.

2238 5048 2573 5117 Turpissima:
2621 5048 2915 5120 voluptatis.
2952 5048 3051 5104 Hic
3095 5050 3177 5106 sui
3213 5051 3310 5106 fuit
3339 5052 3538 5108 oblitus
3582 5064 3771 5112 auctor

2166 5131 2385 5186 noster;
2435 5134 2597 5194 supra
2643 5121 2789 5194 enim
2832 5120 3077 5194 dixerat,
3133 5123 3423 5194 Epicurum
3470 5126 3770 5183 collocasse

2165 5205 2435 5246 summum
2465 5193 2663 5246 bonum
2685 5191 2738 5245 in
2757 5191 3032 5261 voluptate
3053 5191 3238 5248 animi.

2238 5262 2593 5341 lmpunitatis.
2617 5263 2713 5341 Sic
2735 5262 2926 5341 Cicero
2956 5278 3052 5333 pro
3078 5265 3280 5341 Milone
3310 5268 3385 5324 ait
3404 5287 3416 5323 :
3434 5268 3769 5341 Impunitatis

2164 5350 2278 5406 spes
2301 5336 2525 5388 utaxinta
2553 5344 2624 5388 est
2654 5334 2892 5389 illecebra
2918 5336 3184 5405 peccandi.

2242 5424 2570 5502 Malechere.
2607 5428 2676 5480 At
2701 5442 2731 5481 e
2758 5434 2944 5481 contra
2970 5425 3187 5498 Cicero,
3219 5430 3285 5488 de
3308 5428 3532 5501 Officiis,
3570 5434 3729 5491 docet
3750 5477 3766 5502 ,

2166 5496 2555 5575 bonumvirum
2580 5513 2873 5575 numquam
2904 5496 3270 5575 peccaturum,
3300 5496 3772 5575 etiamsi'impnni;

2167 5577 2247 5623 tas
2267 5570 2345 5695 lsit
2376 5574 2667 5640 proposita.
2702 5568 2848 5625 Nihil
2894 5571 3037 5626 enim
3066 5574 3217 5644 utile,
3253 5568 3399 5645 quod
3427 5593 3532 5633 non
3564 5568 3633 5633 sit
3664 5577 3767 5635 lto-

2167 5652 2260 5695 nes
2288 5656 2398 5695 nm.

2165 5652 2398 5699 nestum.

2236 5731 2325 5808 ita
2349 5733 2435 5803 qui
2459 5733 2607 5808 audit
2647 5733 2754 5789 lucc
2796 5733 3014 5808 ﬁngitis.
3061 5733 3150 5793 Sic
3191 5739 3407 5808 reposui
3437 5755 3502 5797 ex
3544 5754 3672 5797 mss.
3709 5741 3767 5797 in

2166 5802 2394 5877 vulgatis
2418 5813 2522 5866 est.
2550 5802 2734 5876 Itaque
2753 5802 2840 5876 qui
2867 5802 3151 5873 nudit,etc.
