4154 6196
421 309 532 366 405
1295 311 1499 371 LIBER
1536 312 1623 375 III.
1662 312 1757 373 DE
1794 313 2018 377 FALSA
2050 315 2418 379 SAPIEN'I‘IA
2457 314 2865 377 PHILOSOPH.
3630 317 3736 377 406

422 431 528 487 lam
555 445 680 488 esse
702 431 994 489 huniaaam
1017 432 1368 503 societatem;
1398 435 1501 493 sibi
1528 450 1799 507 quemque
1827 452 2025 495 consu-
2050 439 2106 502 Α
2131 448 2275 496 runt.
2304 438 2441 497 Nam
2470 452 2592 496 cum
2621 440 2880 499 timerent
2900 448 3279 513 argumentum
3303 438 3463 507 illud,
3490 453 3599 513 quo
3621 439 3733 497 coi—

417 526 562 592 iere;
611 527 885 582 neminem
932 541 1056 584 esse
1095 529 1189 598 qui
1238 529 1467 585 alterum
1508 529 1732 600 diligat,
1781 530 1883 586 nisi
1925 546 2023 589 sua
2127 532 2309 603 ligitur
2331 546 2556 589 necesse
2580 547 2727 599 esse,
2772 542 2829 586 ut
2866 532 3121 593 occidant
3147 530 3341 586 animai
3378 546 3498 586 cum
3539 547 3735 604 corpo-

416 632 608 685 causa;
641 629 874 676 mortem
905 635 1014 675 non
1043 635 1167 677 esse
1194 622 1545 679 metuendam
1589 620 1716 679 torti
1743 624 1878 690 viro,
1922 639 2023 681 nee
2128 626 2300 691 ribus,
2332 625 2455 696 quia
2487 641 2609 681 cum
2639 620 2958 696 corporibus
2990 636 3306 694 nascuntur,
3341 622 3595 680 dixerunt
3624 641 3733 683 non

415 715 585 770 ullum
624 712 894 781 dolorem,
940 713 1034 784 qui
1069 715 1279 771 etiamsi
1327 724 1672 783 torqueatur,
1725 716 1771 771 si
1811 726 2020 785 uratur,
2128 719 2273 773 nasci
2305 718 2535 786 animas,
2570 720 2665 775 sed
2698 720 2961 775 insinuari
2993 721 3172 790 potius
3198 720 3253 774 in
3283 734 3535 790 corpora,
3560 729 3617 776 et
3656 722 3731 778 de

415 804 549 861 nihil
578 820 770 861 curare
796 820 858 862 se
882 806 1048 862 dicat.
1077 806 1170 864 Est
1205 807 1383 877 plane,
1415 822 1513 864 cur
1534 810 1819 879 quisquam
1850 819 2020 879 putet,
2125 811 2319 866 aliisin
2342 813 2443 867 alia
2466 813 2715 883 migrare.
2742 813 2855 868 Non
2880 822 3205 884 putaverunt
3223 814 3381 868 aliter
3401 813 3519 868 iieri
3546 829 3727 883 posse,

412 899 554 955 hanc
577 915 765 956 vocem
789 901 887 956 viri
914 916 1036 956 esse
1062 903 1346 973 sapientis,
1369 919 1491 975 quae
1515 914 1695 975 potest
1717 905 2019 965 latronibus
2124 914 2183 961 ut
2208 908 2481 978 supersint
2502 910 2697 963 animo:
2721 918 2841 978 post
2864 922 3114 977 corpora,
3140 909 3240 963 nisi
3265 908 3546 963 videantur
3562 908 3729 967 fuisse

409 992 691 1064 aptissime
717 993 1090 1050 commodari?

983 1159 1213 1217 CAPUT
1252 1160 1436 1220 XVIII.

409 1312 749 1389 Pythagorici
780 1316 825 1369 el
856 1314 1055 1383 Stoici,
1098 1317 1391 1371 animarum
1428 1316 1864 1373 immortalitatem
1900 1322 2010 1387 sta-

486 1418 693 1477 tuentes,
728 1398 1071 1464 voluntariam
1108 1420 1317 1466 mortem
1352 1411 1573 1466 inaniter
1600 1412 1933 1491 persuadent.

482 1552 585 1610 Alii
614 1562 793 1609 autem
819 1554 1090 1610 contraria
1118 1554 1202 1610 his
1232 1554 1525 1624 disserunt,
1573 1573 1863 1627 superesse
1891 1562 2010 1615 ani-

404 1661 524 1702 mas
554 1656 677 1718 post
707 1656 968 1713 mortem;
999 1658 1051 1703 et
1080 1647 1133 1702 hi
1166 1659 1291 1703 sunt
1316 1650 1549 1709 maxime
1572 1649 1916 1722 Pythagorici
1942 1667 2008 1708 ac

401 1739 572 1796 Stoici
600 1757 615 1795 :
642 1740 837 1809 quibus
856 1741 957 1795 etsi
984 1740 1367 1811 ignoscendum
1390 1751 1494 1805 est.
1523 1743 1649 1812 quia
1673 1758 1857 1799 verum
1881 1758 2006 1801 sen-

400 1833 560 1900 tiunt,
587 1847 694 1889 non
723 1847 943 1902 possum
974 1842 1151 1889 tamen
1171 1849 1278 1889 non
1307 1835 1708 1904 reprehendere
1732 1851 1849 1902 eos,
1873 1839 1997 1907 quia

395 1939 505 1980 non
532 1926 818 1991 sententia,
851 1925 947 1981 sed
979 1930 1109 1981 easu
1139 1926 1444 1983 inciderunt
1472 1928 1525 1983 in
1554 1929 1857 1984 veritatem.
1885 1927 1996 1984 Ita-

394 2030 502 2088 que
549 2016 605 2072 in
657 2031 725 2073 eo
751 2017 870 2087 ipso
896 2017 1039 2088 quod
1082 2028 1229 2073 recte
1269 2018 1576 2074 sentiebant
1614 2018 1816 2090 aliquid
1844 2034 1994 2079 erra-

2126 1009 2249 1055 snte
2276 1015 2523 1071 corpora.
2556 1002 2660 1057 Par
2698 1002 2881 1073 igitur,
2924 1018 2987 1058 ac
3024 1016 3193 1073 prope
3235 1003 3428 1058 similis
3467 1017 3622 1058 error
3646 1012 3734 1059 est

2121 1093 2291 1161 partis
2313 1094 2613 1164 utriusque.
2648 1093 2757 1149 Sed
2785 1090 2902 1147 inec
2930 1094 2984 1147 in
3016 1094 3291 1163 praeterito
3333 1092 3466 1147 falsa
3497 1103 3603 1161 est,
3632 1093 3726 1150 illa

2120 1183 2174 1238 in
2202 1185 2401 1241 futuro.
2434 1186 2606 1242 Nemo
2632 1187 2781 1242 enim
2810 1185 2963 1251 vidit,
2992 1187 3135 1258 quod
3161 1197 3246 1242 est
3275 1186 3640 1253 verissimum,
3669 1196 3728 1244 et

2118 1279 2268 1334 nasci
2294 1279 2523 1346 animas,
2551 1288 2606 1334 et
2634 1294 2739 1334 non
2768 1278 3049 1341 occidere;
3072 1280 3219 1350 quia,
3245 1293 3342 1335 cur
3364 1279 3415 1333 id
3441 1279 3612 1345 iteret,
3633 1287 3728 1334 aut

2120 1384 2239 1443 quae
2271 1374 2408 1427 ratio
2448 1382 2593 1429 esset
2636 1373 2891 1439 hominis,
2939 1372 3269 1427 nescierunt.
3320 1372 3466 1427 Multi
3497 1386 3627 1442 ergo
3655 1385 3724 1427 ex

2119 1464 2207 1529 iis,
2236 1466 2361 1536 quia
2405 1475 2634 1521 internas
2683 1480 2804 1521 esse
2845 1464 3055 1519 animos
3094 1463 3546 1533 suSpicabantur,
3589 1472 3726 1519 tam—

2116 1572 2277 1629 quam
2310 1559 2363 1614 in
2393 1560 2588 1615 coelum
2619 1558 2902 1628 migraturi
2948 1569 3153 1623 essent,
3203 1558 3305 1615 sibi
3357 1558 3489 1629 ipsis
3533 1573 3724 1615 manus

2114 1650 2413 1707 intulerunt
2443 1672 2455 1707 :
2480 1650 2869 1717 utCleanthes,
2901 1661 2958 1706 ut
2983 1650 3351 1723 Chrysippus;
3379 1661 3435 1705 ut
3460 1650 3631 1717 Zeno,
3661 1661 3721 1707 ut

2114 1744 2493 1815 Empedocles,
2518 1746 2609 1816 qui
2638 1760 2696 1801 se
2723 1749 2777 1800 in
2808 1745 3047 1800 ardentis
3068 1744 3250 1798 AEtnae
3282 1758 3504 1813 specum
3523 1745 3719 1800 intem-

2108 1849 2258 1907 pesta
2290 1847 2444 1893 nocte
2471 1838 2687 1908 dejecit,
2718 1849 2796 1903 ut,
2820 1852 2940 1892 cum
2968 1846 3191 1907 repente
3218 1852 3325 1891 non
3354 1838 3713 1907 apparuisset,

2107 1930 2306 1985 abiisse
2334 1929 2402 1983 ad
2430 1929 2562 1983 deos
2591 1928 2949 1992 crederetur;
2980 1938 3034 1982 et
3060 1943 3128 1982 ex
3155 1927 3411 1982 Romanis
3444 1925 3599 1993 Cato,
3628 1928 3722 1997 qui

2105 2018 2208 2087 fuit
2251 2020 2304 2075 in
2346 2020 2492 2078 omni
2532 2035 2628 2076 sua
2673 2019 2779 2074 vita
2826 2019 3115 2076 Socratica:
3155 2018 3407 2074 vanitatis
3456 2019 3716 2076 imitator.

1694 2131 2062 2189 VARIORUM
2090 2131 2329 2188 NOTIE.

468 2246 588 2302 Nisi
608 2262 701 2302 sua
721 2262 897 2301 causa.
921 2247 1082 2318 Atqui
1102 2246 1294 2304 Cicero
1316 2248 1367 2303 in
1389 2248 1556 2303 Laelio
1577 2248 1796 2303 damnat
1816 2262 1991 2319 quaes-

389 2328 602 2390 tuosam
646 2319 968 2386 amicitiam,
1000 2335 1102 2374 nec
1145 2320 1305 2373 alium
1352 2319 1600 2374 amicitiae
1630 2320 1786 2375 linem
1830 2336 1991 2390 quam

390 2389 690 2446 honestatis
715 2390 948 2445 admittit
974 2409 986 2445 :
1011 2401 1171 2460 atque
1192 2392 1344 2446 Plato
1366 2391 1479 2457 ipse
1508 2390 1688 2457 ducet,
1720 2389 1990 2447 hominem

386 2476 496 2517 non
527 2473 631 2516 tam
657 2462 755 2516 sibi
790 2471 973 2517 natum
1006 2476 1163 2531 quam
1196 2462 1439 2529 proximo
1463 2462 1676 2531 cuique.

464 2532 561 2599 Qui
592 2532 789 2586 etiamsi
817 2541 1127 2602 torqueatur.
1175 2532 1274 2599 Qui
1302 2549 1367 2588 ex
1402 2534 1646 2603 plurimis
1674 2548 1801 2589 mss.
1834 2534 1992 2590 resti-

387 2605 485 2670 tui,
513 2605 651 2674 qnod
678 2606 1060 2674 congruentius
1089 2614 1173 2659 est
1200 2620 1358 2675 quam
1390 2607 1511 2673 quin
1541 2605 1792 2675 aliorum.

460 2675 583 2729 Non
607 2678 748 2730 nasci
775 2676 993 2729 anilitas.
1029 2674 1284 2729 Antonio.
1319 2675 1413 2728 lib.
1440 2690 1514 2739 tv,
1549 2674 1578 2746 ς
1617 2677 1709 2742 '21,
1734 2678 1845 2731 vult
1868 2679 1985 2733 ani-

380 2761 503 2803 mas
530 2750 679 2815 solm,
703 2748 985 2812 immutari,
1016 2747 1248 2817 refundi,
1279 2747 1607 2810 redaccendi,
1640 2758 1695 2801 ut
1720 2749 1839 2801 aliis
1865 2763 1986 2804 suc-

381 2818 702 2874 cedentibus
746 2826 802 2871 et
845 2819 1199 2872 subeuntibus
1240 2818 1478 2885 quotidie
1526 2818 1699 2871 locum
1753 2819 1983 2883 faciant,

379 2898 543 2961 prout
571 2889 639 2943 de
665 2890 983 2961 corporibus
1009 2888 1222 2943 dchrat
1248 2889 1301 2942 in
1345 2899 1543 2961 terram
1588 2890 1861 2944 resolutis.
1890 2895 1987 2945 At-

379 2976 487 3031 que
525 2961 626 3015 hoc
661 2969 746 3016 est
781 2960 1010 3015 fortasse
1042 2960 1182 3028 quod
1216 2960 1546 3029 Epiphanius
1582 2961 1768 3028 voluit,
1800 2962 1887 3015 ubi
1916 2962 1986 3018 de

379 3033 579 3091 Stoicis
604 3033 760 3096 dixit,
786 3046 847 3095 ιι,
879 3032 1047 3099 Hann,
1075 3031 1108 3087 5
1128 3048 1150 3105 7:
1173 3035 1564 3105 Μεταγγισμρύσ
1602 3052 1656 3087 τε
1687 3031 1880 3105 ψυχῶν
1905 3038 1986 3089 καὶ

446 3108 917 3177 τεμσωματὼσειςξ
944 3113 998 3177 et
1028 3118 1094 3177 ex
1124 3102 1442 3177 Epiphanio
1463 3102 1620 3158 Joan.
1653 3102 1897 3159 Dariiasc.
1932 3107 1986 3161 in

402 3180 479 3232 ib.
506 3174 580 3229 de
613 3174 817 3230 (iteres.
839 3174 1043 3230 :.Stoici
1084 3177 1319 3244 animant
1353 3175 1413 3227 de
1461 3190 1675 3244 corpore
1716 3192 1768 3228 tn
1799 3192 1988 3244 corpus

377 3264 601 3317 iurgi-are
624 3247 819 3301 uolunt.
841 3249 956 3312 Quo
975 3245 1190 3300 nomine
1206 3242 1561 3317 Pythagoreis
1566 3247 1815 3317 adjungit
1841 3242 1984 3302 Stoi-

374 3312 474 3375 cos
498 3318 742 3373 Lactant.
778 3317 881 3371 hoc
910 3320 1045 3371 lotto.
1072 3312 1293 3371 Servius
1313 3312 1409 3382 ait,
1437 3318 1501 3369 ad
1527 3312 1860 3373 AEné'idflib.
1888 3334 1942 3373 ιιι
1965 3337 1978 3372 :

2104 2246 2335 2320 relinquo
2362 2249 2491 2302 scire
2532 2244 2655 2320 quid
2684 2247 2749 2305 sit
2777 2248 2831 2302 in
2864 2254 3030 2320 utero,
3063 2255 3121 2320 et
3147 2248 3192 2301 si
3227 2246 3312 2320 cui
3338 2246 3448 2320 ipse
3488 2247 3712 2303 revelare

2105 2316 2423 2391 dignabitur.
2456 2320 2530 2374 De
2546 2316 2656 2374 hoc
2683 2320 2845 2373 etiam
2877 2318 3060 2373 videas
3088 2316 3375 2391 Eusebium
3412 2316 3710 2391 Praeparat.

2102 2390 2307 2460 Evang.
2357 2392 2451 2445 lib.
2483 2402 2599 2455 snt,
2630 2405 2677 2446 c.
2716 2391 2818 2460 id;
2852 2401 2906 2446 et
2945 2390 3365 2457 Cassiodorum,
3391 2390 3461 2446 de
3488 2391 3703 2460 Anima,

2108 2478 2232 2518 can.
2259 2478 2312 2517 υ.

2180 2479 2308 2602 δαῖε
2334 2534 2463 2587 ratio
2494 2542 2621 2587 esset
2647 2532 2886 2597 hominis,
2917 2532 3223 2586 nescierunt.
3268 2532 3357 2587 Sic
3396 2540 3480 2587 est
3522 2531 3712 2602 legen-

2103 2603 2231 2659 dum
2272 2620 2339 2660 ex
2365 2620 2493 2658 mss.
2524 2615 2629 2660 vel.
2676 2606 2699 2659 1
2747 2603 2976 2668 Βοιιοιι.,
3010 2606 3044 2657 2
3072 2602 3205 2674 Reg.
3249 2604 3536 2673 utjudicat
3564 2602 3710 2659 Tho-

2094 2678 2331 2740 masius;
2372 2692 2477 2729 non
2512 2677 2763 2741 homines,
2810 2686 2865 2729 ut
2894 2675 3054 2745 vulgo
3100 2685 3185 2729 est
3231 2677 3281 2728 in
3333 2676 3611 2742 impressis
3637 2691 3702 2743 ac

2092 2748 2214 2801 aliis
2255 2761 2382 2801 mss.
2418 2762 2524 2803 non
2558 2747 2702 2801 enim
2730 2748 2794 2799 de
2824 2747 3131 2800 hominibus
3159 2748 3211 2800 in
3238 2760 3438 2816 genere
3464 2745 3590 2817 quid
3623 2746 3703 2803 illi

2093 2820 2362 2883 noverint,
2395 2819 2488 2873 sed
2528 2817 2594 2873 de
2626 2817 2996 2888 Pythagoricis
3033 2831 3097 2871 ac
3132 2818 3347 2882 Stoicis,
3394 2832 3531 2887 quos
3572 2818 3703 2888 dicit

2093 2889 2328 2945 hominis
2370 2890 2634 2944 ratioinem
2676 2887 2981 2958 ignorasse.
3019 2889 3401 2943 Gauisus—
3454 2888 3527 2943 ita
3586 2887 3702 2945 fere

2098 2960 2325 3030 Ιιιιηνιι,
2358 2977 2477 3030 cap.
2506 2960 2540 3015 5
2565 2972 2619 3015 et
2641 2957 2760 3028 cap.
2793 2957 2826 3012 5
2862 2957 3034 3013 liivin.
3070 2958 3300 3014 institut.

2171 3028 2236 3087 Ut
2269 3028 2557 3107 Cleanthes.
2592 3029 3240 3107 PiniostiplinsAStoicns,
3290 3029 3377 3101 qui
3422 3030 3699 3107 φρεάγτλης

2094 3102 2295 3169 dii-tus,
2319 3103 2459 3172 quod
2493 3110 2652 3157 noctu
2681 3102 2732 3155 in
2768 3101 2937 3172 hortis
2970 3104 3207 3156 hauriret
3234 3101 3436 3172 aquas,
3456 3101 3608 3156 'unde
3639 3118 3698 3157 se

2093 3175 2240 3231 alere
2264 3170 2465 3242 posset.
2487 3183 2542 3227 ιιι
2567 3173 2795 3228 interdiu
2819 3170 3181 3242 philosophari
3197 3170 3383 3228 liceret
3404 3192 3416 3224 :
3439 3173 3484 3228 is
3504 3183 3699 3242 Sponte

2090 3242 2266 3299 inedia
2299 3246 2459 3298 vitam
2503 3245 2692 3305 ﬁnivit.
2729 3255 2785 3297 ut
2808 3244 3050 3298 Laertius
3074 3244 3210 3298 libro
3233 3244 3465 3313 septimo
3494 3244 3544 3297 in
3574 3245 3695 3312 ejus

2094 3315 2210 3370 Vita
2238 3316 2420 3370 refert.
2440 3315 2678 3369 Meminit
2696 3315 2961 3369 Lucmnus
2978 3318 3029 3369 in
3049 3315 3348 3370 Macrobiis.
3366 3314 3691 3371 Beruwtus.

376 3391 582 3446 Stoicos
612 3389 832 3469 mediam
867 3389 1001 3469 viam
1031 3399 1249 3469 secutos,
1273 3404 1389 3442 cum
1425 3387 1576 3441 Plato
1604 3391 1839 3469 animant
1858 3407 1977 3456 pcr-
2007 3407 2052 3469 ρ
2116 3458 2128 3469 _
2165 3386 2233 3442 Ut
2261 3388 2596 3469 Chrysippus.
2623 3385 2866 3466 Zenonis.
2887 3386 3306 3469 diSClIlLlllIS,nel
3348 3396 3473 3469 post
3503 3385 3694 3469 Giean-

373 3473 586 3533 petitam
613 3461 822 3523 diaterit,
844 3470 892 3513 et
918 3460 986 3533 ad
1015 3461 1472 3533 diuersuqcorpora
1510 3461 1781 3515 transitum
1813 3465 1982 3529 facere

370 3530 547 3589 statim
577 3549 668 3602 pro
698 3533 891 3585 meritis
926 3531 1040 3584 uitta
1080 3531 1266 3599 prioris
1296 3545 1314 3583 :
1346 3530 1670 3602 Pythagoras
1696 3546 1833 3595 uero,
1876 3549 1980 3586 non

373 3604 811 3676 μετεμψύχωσιν,
851 3605 938 3657 sed
979 3604 1366 3676 παλιγγενεσίαν
1411 3618 1517 3654 esse
1549 3603 1718 3676 dicat,
1761 3605 1855 3655 ltoc
1881 3613 1977 3667 est,

373 3672 562 3741 redire,
607 3672 696 3729 sed
744 3684 856 3745 post
890 3672 1501 3745 tenipusIGA'ruenus.
1549 3672 1681 3729 Vide
1728 3677 1979 3744 Augusti-

374 3764 526 3814 num,
559 3747 651 3801 lib.
686 3762 718 3801 x
752 3748 820 3801 de
844 3745 1002 3799 Civit.
1029 3745 1141 3813 Dei,
1170 3761 1288 3816 cap.
1310 3745 1398 3800 '50.

448 3841 516 3895 Et
541 3842 605 3895 de
619 3842 738 3896 aliis
754 3843 805 3894 in
821 3841 925 3893 alia
942 3840 1182 3912 migrare.
1204 3838 1439 3912 "alii:de
1466 3838 1763 3912 animarum
1788 3860 1977 3912 μετεμ-

373 3917 630 3988 ψύχωσᾳι
660 3911 1153 3988 οιιίιιιριιθιιιιιιιῇηιι
1189 3910 1460 3964 tradidere
1481 3909 1734 3988 dflgyptii.
1761 3909 1844 3966 Ab
1868 3909 1977 3988 illis

373 3980 553 4041 :iuiétn
584 3985 764 4039 hausit
787 3985 932 4037 illam
960 3983 1308 4053 Pythagoras,
1337 3991 1472 4053 teste
1497 3980 1767 4053 Herodoto
1791 3988 1841 4035 in
1871 3984 1977 4038 En-

374 4067 546 4127 terpe.
580 4056 694 4127 line
718 4055 859 4109 idem
889 4052 1110 4127 sensere
1153 4052 1313 4108 Galli.
1344 4052 1462 4127 Lib.
1490 4069 1541 4107 γι
1572 4052 1639 4107 de
1678 4053 1822 4107 Bello
1851 4054 1976 4109 Gal-

374 4125 524 4184 lico:
571 4125 633 4182 In
674 4127 852 4195 primis
893 4126 986 4178 hoc
1025 4127 1199 4178 volunt
1241 4126 1578 4193 persuadere,
1626 4141 1729 4178 non
1768 4126 1977 4180 interire

371 4201 598 4263 animos,
628 4197 719 4252 sed
742 4197 804 4251 ab
833 4198 949 4250 aliis
971 4205 1085 4265 post
1108 4206 1319 4248 mortem
1348 4198 1565 4249 transire
1584 4196 1654 4249 ad
1679 4198 1831 4249 alios.
1865 4196 1974 4252 Sed

372 4271 491 4326 hinc
522 4272 662 4325 inter
701 4270 977 4323 Gallorum
1008 4276 1064 4321 et
1112 4268 1427 4337 Pythagorae
1471 4271 1779 4335 opinionem
1822 4268 1976 4323 ditis-

370 4344 545 4398 rentia
576 4351 678 4402 est,
712 4342 853 4411 quod
882 4339 1018 4394 Galli
1053 4340 1321 4407 putarint,
1352 4340 1561 4393 animos
1590 4348 1794 4394 tantum
1828 4349 1976 4411 trano

369 4416 481 4469 sire
502 4413 569 4467 ad
597 4410 844 4466 homines
870 4412 1026 4476 alios,
1063 4411 1391 4481 Pythagoras
1411 4424 1553 4481 _vero
1578 4416 1739 4463 etiam
1770 4410 1836 4463 ad
1867 4413 1972 4466 alia

369 4487 683 4539 animantia.
720 4483 857 4537 Huic
886 4483 1045 4536 etiam
1074 4479 1312 4548 opinioni
1357 4479 1515 4533 iidem
1562 4480 1799 4535 habuere
1830 4482 1970 4535 Pita-

368 4557 536 4618 rismi,
568 4566 702 4611 teste
749 4554 988 4621 Josepho
1036 4555 1128 4607 lib.
1177 4567 1325 4616 XVIII,
1358 4567 1481 4618 cap.
1506 4550 1541 4604 ‘2
1580 4552 1763 4622 Anttq.
1794 4552 1969 4608 Etiam

370 4628 646 4683 modernis
672 4626 874 4681 Iudaeis
902 4627 1015 4678 hinc
1042 4624 1299 4678 arrident.
1324 4622 1612 4678 Germans.

444 4699 511 4752 Et
558 4700 699 4752 nasci
746 4698 963 4751 animus.
1019 4696 1241 4750 Videtur
1284 4694 1386 4749 hoc
1433 4696 1554 4748 loco
1604 4693 1970 4752 Lactantiusa

366 4772 552 4841 seipso
582 4769 885 4824 dissentire.
919 4767 1105 4841 '[radit
1125 4768 1270 4841 enim
1298 4781 1457 4833 supra
1484 4765 1620 4841 libro
1645 4782 1705 4831 ιι,
1734 4782 1852 4837 cap.
1881 4768 1969 4841 12,

366 4838 512 4896 circa
542 4844 730 4906 tinem,
751 4841 893 4909 quod
935 4838 1073 4891 Deus
1094 4839 1321 4890 animum
1345 4853 1444 4907 qua
1469 4839 1724 4905 spiramus
1745 4840 1974 4909 infundit

367 4914 425 4967 in
452 4928 648 4979 corpus
674 4930 686 4964 :
713 4913 800 4967 hic
823 4925 952 4964 vero
984 4912 1141 4964 docet
1169 4912 1378 4961 animas
1403 4910 1570 4962 nasci.
1605 4910 1710 4964 Sed
1734 4926 1793 4964 ea
1825 4914 1891 4963 do
1916 4926 1974 4965 re

365 4984 635 5038 videndus
664 4994 747 5038 est
785 4984 842 5037 S.
876 4981 1234 5051 Hieronymus
1276 4980 1368 5033 lib.
1403 4995 1440 5034 ιι
1482 4979 1757 5051 Apologia:
1783 4982 1974 5036 adver-

366 5070 464 5110 sus
491 5054 762 5120 Ruﬁnum,
792 5055 945 5121 cujus
969 5050 1266 5106 inec’vet‘ba
1292 5059 1418 5104 sunt
1444 5069 1455 5104 :
1486 5050 1630 5121 Legi,
1656 5053 1824 5121 inquit
1852 5054 1976 5107 llic-

365 5142 657 5197 ronymus,
685 5128 932 5197 quosdam
959 5125 1206 5197 dicentes,
1227 5123 1363 5197 quod
1386 5124 1577 5197 pariter
1600 5139 1720 5197 cum
1736 5140 1973 5197 corpore,

369 5215 461 5269 per
477 5193 706 5253 immani
724 5197 954 5263 corporis
984 5194 1247 5248 traducem
1274 5194 1427 5269 etiam
1445 5194 1646 5269 animo:
1672 5193 1976 5269 (li/fundan-

365 5264 453 5323 tur
469 5284 489 5333 ,'
510 5282 555 5322 et
585 5269 691 5322 haec
718 5268 898 5339 quibus
926 5275 1155 5339 poterant
1185 5264 1548 5339 assertionibus
1577 5265 1973 5339 conﬁrmabant.

370 5341 528 5407 Quod
559 5351 677 5406 puto
707 5333 840 5393 inter
868 5333 1081 5391 Latinos
1115 5333 1490 5390 Tertullianum
1516 5339 1731 5390 seruisse
1756 5348 1801 5389 et
1843 5334 1977 5392 Lac-

369 5415 613 5477 tantium,
663 5411 935 5482 fortassis,
978 5420 1022 5463 et
1068 5407 1341 5482 nonnullos
1386 5408 1534 5482 alios.
1584 5408 1693 5482 Alii
1720 5420 1974 5475 asserunt,

366 5483 511 5553 quod
541 5476 775 5553 formatis
792 5483 844 5535 in
869 5492 1010 5553 utero
1035 5479 1334 5545 corporibus
1352 5519 1366 5544 ,
1390 5476 1530 5533 Deus
1555 5481 1780 5550 quotidie
1821 5485 1978 5551 iaciat

366 5551 575 5609 animos
606 5564 654 5608 et
682 5553 940 5621 infundat.
976 5551 1080 5605 Alii
1112 5558 1277 5618 [actas
1298 5553 1415 5620 jam
1460 5552 1604 5616 olim,
1640 5552 1692 5603 id
1721 5560 1812 5616 est,
1858 5566 1978 5608 tunc

370 5642 489 5679 cum
521 5626 694 5679 omnia
724 5626 910 5678 creauit
942 5622 1078 5677 Deus
1097 5639 1161 5678 ea:
1186 5623 1368 5687 nihilo,
1396 5638 1529 5674 nunc
1554 5638 1640 5675 eas
1661 5624 1859 5692 judicio
1885 5641 1976 5678 suo

366 5697 516 5751 nasci
546 5696 804 5767 dispenset
826 5697 877 5749 in
908 5711 1190 5767 corpore...
1221 5692 1335 5763 Ego
1356 5708 1472 5746 vero
1491 5709 1612 5767 cum
1644 5698 1752 5746 hwc
1774 5697 1980 5765 singula

367 5768 598 5841 legerim
626 5764 759 5841 (Deo
781 5776 910 5841 teste
938 5767 1078 5841 dico)
1105 5766 1223 5836 quia
1239 5780 1409 5841 usque
1430 5764 1499 5817 ad
1528 5780 1749 5836 prazsens
1774 5764 1910 5841 certi
1933 5777 1981 5821 et

388 5836 592 5907 deﬁniri
628 5836 824 5909 aliquid
852 5838 915 5897 de
949 5836 1347 5910 hacquwstione
1384 5851 1484 5893 non
1522 5848 1697 5904 teneo;
1740 5838 1827 5892 sed
1869 5836 1980 5896 Deo

2092 3458 2235 3513 Ilieili
2269 3471 2429 3512 secta:
2453 3460 2757 3512 Stoicorum
2792 3458 3038 3525 princeps
3064 3457 3178 3510 fuit.
3211 3457 3336 3510 Dum
3358 3465 3480 3509 sunt
3502 3457 3568 3509 de
3595 3459 3692 3510 Ιιιι-

2082 3530 2172 3599 jus
2201 3531 2350 3584 obitu
2390 3530 2529 3599 apud
2561 3528 2833 3583 Laertium
2873 3530 3157 3581 sententia:
3188 3545 3200 3580 :
3230 3544 3354 3599 una,
3394 3527 3536 3595 quod
3560 3526 3690 3599 flar-

2085 3598 2237 3671 giore
2286 3600 2458 3653 dulcis
2510 3599 2644 3671 meri
2678 3598 2891 3671 haustu,
2939 3599 3129 3671 altera,
3164 3598 3308 3667 quod
3360 3598 3686 3671 risu_nirnio

2085 3667 2366 3726 emortuus
2395 3670 2484 3724 sit.
2516 3669 2724 3725 Seneca
2756 3669 2914 3736 epist.
2947 3670 3014 3723 57
3048 3678 3334 3732 memorat,
3366 3667 3510 3738 quod
3543 3670 3679 3723 assi-

2084 3742 2187 3797 dua
2221 3743 2472 3795 salutatio
2503 3743 2675 3809 ipsum
2706 3742 3011 3808 perduxerit
3043 3742 3111 3793 ad
3143 3749 3393 3794 mortem.
3418 3739 3628 3794 BETUL.

2162 3813 2227 3869 Ut
2258 3812 2419 3867 Zeno.
2454 3812 2710 3877 Citticus,
2742 3823 2904 3866 secta:
2935 3811 3136 3866 Stoicae
3168 3812 3441 3881 princeps.
3476 3813 3550 3865 Ue
3583 3813 3686 3865 hu-

2076 3885 2169 3956 jus
2197 3886 2413 3938 interitn
2455 3884 2633 3937 Laert.
2669 3884 2747 3938 sic
2780 3884 3013 3956 scribit;
3038 3881 3165 3935 Cum
3194 3885 3354 3935 abiret
3402 3898 3434 3933 a
3476 3881 3680 3956 schola,

2082 3952 2319 4024 oﬂ'endit,
2344 3956 2655 4027 digitumque
2670 3955 2932 4027 perfregit.
2958 3952 3121 4027 Manu
3143 3969 3256 4027 vero
3274 3963 3460 4027 terram
3478 3953 3687 4027 feriens,

2082 4030 2212 4081 dixit
2232 4029 2367 4102 illud
2392 4024 2648 4102 eraNiolte
2666 4043 2685 4102 ς
2701 4024 2973 4102 Ἐρχομᾳι,
3072 4025 3122 4098 μ’
3146 4026 3288 4102 ᾲύεις
3311 4040 3340 4102 ,‘_
3358 4024 3540 4102 yenio,
3566 4026 3690 4102 quid

2083 4115 2162 4152 me
2191 4098 2427 4152 claritas?
2460 4098 2513 4151 In
2541 4098 2629 4150 ed.
2665 4094 3179 4150 Laertn'l’arisiensi
3198 4112 3286 4149 an.
3323 4094 3462 4150 i585
3492 4097 3688 4164 legitur

2079 4167 2359 4247 Ἔρχομαι,
2391 4172 2443 4224 τί
2485 4190 2547 4243 με
2576 4169 2753 4247 καλεῖς
2773 4184 2797 4247 ς.
2829 4166 3005 4247 Vettio,
3033 4169 3155 4247 quid
3187 4182 3263 4219 me
3288 4167 3475 4219 vocas?
3507 4167 3688 4221 contis

2080 4239 2296 4310 nu'dfpic
2326 4255 2385 4294 se
2415 4239 2754 4309 strangulans
2786 4239 3007 4292 interiit.
3045 4240 3364 4310 [lsi-usuros.

2156 4306 2224 4367 Ut
2248 4306 2973 4381 Empedocles.Philostiphus
2999 4320 3051 4363 et
3081 4322 3258 4381 poeta.
3286 4306 3462 4361 Variis
3487 4306 3556 4362 de
3584 4306 3686 4361 hu-

2075 4383 2164 4453 jus
2195 4384 2341 4437 obitu
2367 4383 2673 4436 referuntur
2694 4396 2723 4434 a
2756 4380 2971 4435 Laertio
2998 4380 3325 4453 Opiniones:
3356 4387 3469 4432 haec
3498 4389 3680 4432 tamen

2080 4449 2419 4510 constantior
2449 4453 2586 4506 fama
2634 4452 2899 4517 obtinuit,
2950 4465 3069 4520 quae
3098 4465 3128 4503 a
3157 4449 3423 4503 Strabone
3467 4464 3685 4519 quoque

2000 4520 2054 4580 D
2082 4525 2313 4581 refertur
2344 4524 2435 4578 lib.
2477 4539 2550 4578 v1.
2584 4522 2739 4590 Apud
2770 4519 3087 4588 Lucaniam,
3124 4522 3174 4573 in
3205 4519 3418 4591 dialogo
3445 4520 3683 4590 Meuippi

2079 4606 2134 4653 et
2163 4595 2341 4661 1Eaci,
2374 4605 2570 4663 quierit
2600 4609 2666 4648 ex
2699 4596 2814 4659 ipso
2844 4592 3125 4659 Menippus
3152 4605 3346 4645 causas
3377 4592 3683 4663 pruicipita;

2081 4670 2275 4731 tionis;
2329 4659 2619 4736 respondet
2676 4664 3039 4737 Empedocles
3069 4680 3082 4716 :
3110 4663 3437 4737 Μελαγχολία
3475 4659 3591 4724 eis.

2076 4741 2325 4795 Μένιππε.
2355 4734 2636 4806 Menippus
2666 4734 2949 4806 factumrin
2981 4736 3202 4806 fastum,
3232 4734 3393 4804 atque
3426 4735 3478 4788 in
3510 4736 3686 4789 inanis

2077 4812 2263 4881 glorite
2290 4804 2687 4881 :tiIectaitionetn
2724 4805 3012 4881 transfert.
3028 4804 3264 4881 Notatur
3278 4806 3448 4881 etiam
3479 4806 3532 4859 in
3567 4806 3681 4860 lca-

2077 4876 2417 4951 rorncnippo.
2451 4879 2840 4945 Tertullianus,
2886 4879 2937 4932 in
2983 4878 3120 4931 libro
3151 4876 3532 4951 adMartyres.
3583 4891 3683 4951 pro

2077 4946 2344 5021 exemplo'
2393 4950 2805 5005 contemnendae
2864 4952 3075 5021 _mortis
3137 4946 3416 5021 adducit."
3437 4946 3679 5021 Meminit

2077 5017 2525 5080 etiarn—Tatianns
2551 5022 2819 5075 adversus
2848 5019 3070 5087 Gentes,
3101 5029 3157 5075 et
3184 5019 3346 5086 Greg.
3375 5017 3672 5073 Nazianze-

2077 5111 2179 5151 nus
2209 5096 2261 5148 iu
2290 5108 2505 5162 egregio
2534 5094 2601 5146 ad
2629 5091 2947 5147 Nemcssum
2980 5093 3241 5145 carmine.

2150 5160 2518 5242 Ἐμπεδὸκλὲις,
2551 5174 2681 5229 ctc.,
2714 5180 2834 5234 qua:
2864 5167 2942 5217 sic
2973 5163 3138 5217 latine
3165 5160 3359 5216 reddas
3403 5178 3417 5213 :

2201 5277 2545 5343 Empedocles,
2566 5276 2692 5326 fastu
2717 5277 2953 5328 tumidum
2976 5282 3028 5325 te
3056 5274 3206 5343 valde
3219 5271 3434 5336 superbo

2203 5336 2381 5393 ιΕιιίξει
2406 5336 2678 5391 monStrant
2699 5349 2919 5389 crateres
2940 5347 3098 5386 morte
3122 5336 3375 5384 caducum.

2201 5402 2428 5465 Sandaiia
2453 5417 2517 5453 en
2531 5406 2716 5465 jac-tant
2738 5403 2945 5465 amentis
2961 5398 3171 5465 introitus
3187 5406 3342 5465 gestus

2204 5464 2369 5517 rErea.
2392 5458 2673 5514 liidciidutn
2692 5461 2978 5511 mortalibus
3002 5458 3082 5509 illa
3104 5459 3373 5520 dederunt,

2204 5533 2365 5590 Quem
2388 5541 2542 5591 grave
2565 5531 2614 5576 in
2636 5526 2844 5575 exitium
2868 5531 2921 5573 te
2946 5521 3113 5574 Gloria
3136 5521 3275 5587 pellit
3295 5523 3477 5574 inanis.
3518 5528 3528 5573 ι

2152 5639 2434 5694 Socratica:
2459 5635 2699 5691 vanitatis
2725 5633 2979 5688 imitator.
3022 5631 3113 5689 Sic
3141 5635 3372 5688 restituo
3410 5649 3475 5689 ex
3506 5633 3686 5690 omnis

2081 5711 2181 5767 bus
2209 5726 2339 5765 mss.
2369 5718 2425 5764 et
2452 5706 2633 5771 editis,
2660 5717 2857 5777 praeter
2882 5704 3082 5767 Betul.,
3113 5703 3309 5774 Spark.
3335 5716 3387 5759 et
3413 5702 3689 5777 Gsdlngui

2082 5792 2270 5838 contra
2318 5771 2825 5838 cunctorum'mss.
2875 5777 3035 5832 iidem
3088 5771 3443 5846 reposuerant
3471 5771 3686 5846 Stoicae,

2085 5851 2210 5928 quia
2256 5866 2447 5911 revera
2484 5850 2700 5909 Stoicus
2731 5857 2850 5906 erat
2887 5847 3041 5905 Cato.
3088 5843 3167 5901 At
3187 5844 3318 5905 nihil
3352 5845 3533 5901 obstat
3555 5843 3687 5921 quin
