4154 6196
458 350 562 407 407

1502 333 1687 391 FIRM.
1735 324 2103 387 LACTANTll
2135 320 2337 380 DIVIN.
2381 319 2632 377 INSTIT.

3662 299 3767 356 408

452 463 589 522 Nam
620 461 956 520 Democritus
984 457 1037 512 in
1068 454 1168 510 alia
1197 453 1295 509 fuit
1317 450 1685 523 persuasione.
1717 446 1822 502 Sed
1869 452 2052 498 tamen
2078 441 2128 502 A
2155 449 2331 492 mante
2356 434 2634 505 sapientia:
2661 429 2914 502 princeps
2939 426 3098 492 Cato,
3130 423 3223 496 qui
3272 429 3558 523 antequam
3673 432 3768 472 oc-

642 584 826 647 Sponte
844 591 931 631 sua
954 577 1091 628 letho
1113 581 1261 640 caput
1276 574 1450 624 obvius
1471 569 1648 622 obtulit
1666 569 1796 631 ipse,

459 726 569 782 quo
597 707 730 764 nihil
768 704 1082 762 sceleratius
1111 701 1225 757 ﬁeri
1280 706 1475 771 potest.
1518 696 1648 752 Nam
1697 694 1743 749 si
1789 689 2052 748 homicida

459 801 698 857 nefarius
728 806 845 862 est,
879 795 1001 866 quia
1034 793 1266 849 hominis
1294 790 1563 847 extinctor
1588 796 1668 843 est
1687 828 1702 853 ,
1732 784 1908 842 eidem
1935 798 2055 839 sce-

456 892 558 948 leri
585 890 877 947 obstrictus
901 896 1005 952 est,
1029 886 1118 958 qui
1141 900 1200 940 se
1226 890 1404 950 necat,
1429 882 1552 952 quia
1580 879 1852 935 hominem
1881 884 2054 932 necat.

457 981 575 1039 Imo
603 997 733 1037 vero
761 980 935 1050 majus
962 993 1085 1034 esse
1127 977 1179 1031 id
1229 975 1438 1030 facinus
1476 971 1894 1029 existimandum
1940 977 2057 1034 est,

462 1074 616 1145 cujus
646 1072 778 1127 ultio
808 1072 920 1126 Deo
948 1070 1051 1126 soli
1082 1068 1342 1139 suhjacet.
1377 1065 1511 1121 Nam
1540 1066 1679 1120 sicut
1716 1064 1769 1119 in
1813 1063 1953 1117 hanc
1981 1061 2061 1116 vi-

463 1177 574 1223 tam
616 1182 726 1221 non
769 1175 952 1221 nostra
999 1172 1192 1233 sponte
1234 1161 1510 1224 venimus,
1543 1160 1613 1214 ita
1647 1174 1830 1213 rursus
1860 1172 1929 1212 ex
1956 1154 2062 1210 hoc

464 1258 740 1315 domicilio
771 1257 1014 1327 corporis
1035 1296 1051 1322 ,
1080 1254 1222 1326 quod
1255 1252 1510 1308 tuendum
1552 1251 1707 1306 nobis
1732 1249 2061 1319 assignatum

466 1361 570 1417 est,
602 1349 845 1420 ejusdem
869 1349 1021 1418 jussu
1066 1345 1428 1403 recedendum
1458 1353 1564 1411 est,
1609 1343 1700 1414 qui
1729 1358 1827 1399 nos
1863 1343 1916 1398 in
1961 1342 2064 1397 hoc

465 1462 665 1516 corpus
692 1444 921 1511 induxit,
952 1444 1154 1500 tamdiu
1179 1443 1477 1509 habituros,
1503 1442 1677 1497 donec
1701 1440 1887 1511 jubeat
1909 1438 2065 1493 emit-

468 1538 543 1603 ti;
572 1547 627 1593 et
653 1537 697 1592 si
728 1538 806 1592 vis
849 1537 1028 1608 aliqua
1057 1537 1337 1602 inferatur,
1356 1551 1508 1605 aequa
1540 1546 1718 1590 mente
1758 1533 1813 1589 id
1854 1533 2062 1603 patien-

468 1630 596 1686 dum
624 1640 727 1695 est,
761 1646 881 1685 cum
913 1631 1147 1685 extincta
1190 1628 1494 1685 innocentis
1532 1629 1709 1683 anima
1753 1627 1919 1682 inulta
1946 1639 2066 1682 esse

466 1738 578 1779 non
609 1724 796 1793 possit,
841 1722 1241 1793 habeamusque
1264 1721 1500 1790 jodicem
1534 1736 1816 1792 magnum,
1849 1719 1937 1774 cui
1964 1718 2065 1775 soli

467 1816 705 1873 vindicta
734 1818 790 1872 in
816 1817 1028 1887 integro
1051 1831 1265 1887 semper
1290 1826 1390 1872 est.

463 1956 475 1981 ,
541 1912 835 1969 Homicida:
861 1913 1020 1984 igitur
1055 1913 1127 1968 illi
1155 1928 1344 1969 omnes
1375 1912 1697 1984 philosophi,
1727 1923 1780 1969 et
1828 1914 1944 1984 ipse
1968 1929 2060 1971 ro-

2158 528 2395 595 cideret,
2429 523 2725 596 perlegisse
2763 520 3003 576 Platonis
3042 517 3236 574 librum
3269 514 3501 579 dicitur,
3549 511 3641 582 qui
3684 517 3768 566 est

2157 621 2393 691 scriptus
2421 617 2491 675 de
2518 617 2821 673 aeternitate
2847 614 3173 675 animarum,
3200 618 3257 667 et
3278 607 3346 663 ad
3376 620 3646 663 summum
3674 619 3767 660 ne-

2160 714 2241 770 fas
2267 711 2573 784 philosophi
2597 708 2918 765 auctoritate
2943 703 3258 776 compulsus
3278 709 3384 766 est;
3412 708 3465 755 et
3479 698 3569 755 hic
3588 706 3765 752 tamen

2159 807 2392 878 aliquam
2432 802 2696 860 moriendi
2741 814 2960 856 causam
3006 797 3221 852 videtur
3264 793 3556 856 habuisse,
3588 789 3768 844 odium

2161 898 2447 954 servitutis.
2481 895 2620 964 Quid
2662 891 3035 949 Ambraciotes
3065 888 3187 954 ille,
3215 886 3331 956 qui,
3361 899 3484 940 cum
3514 881 3771 937 eumdum

2164 990 2368 1046 librum
2396 986 2711 1059 perlegisset
2735 983 3063 1055 prmcipitem
3092 994 3152 1035 se
3180 977 3349 1043 dedit,
3381 974 3582 1030 nullam
3612 972 3771 1027 aliam

2163 1082 2236 1139 ob
2262 1095 2504 1145 causam,
2551 1078 2656 1133 nisi
2701 1074 2841 1147 quod
2886 1072 3098 1129 Platoni
3140 1068 3406 1125 credidit?
3442 1063 3775 1122 Execrabilis

2167 1188 2393 1246 prorsus
2417 1188 2480 1229 ac
2505 1169 2755 1241 fugienda
2776 1168 3041 1235 doctrina,
3063 1166 3107 1221 si
3136 1163 3302 1234 abigit
3324 1160 3572 1216 homines
3594 1174 3624 1212 a
3646 1158 3771 1213 vita.

2165 1266 2320 1337 Quod
2349 1266 2396 1323 si
2420 1265 2611 1322 scisset
2634 1263 2807 1329 Plato,
2834 1271 2995 1331 atque
3016 1257 3308 1323 docuisset,
3342 1270 3373 1309 a
3400 1268 3532 1323 quo,
3559 1261 3615 1307 et
3638 1265 3775 1321 quo-

2166 1361 2348 1427 modo.
2380 1370 2433 1416 et
2460 1359 2691 1430 quibus,
2738 1366 2793 1413 et
2822 1368 2943 1426 quae
2988 1353 3059 1408 ob
3089 1353 3221 1407 facta
3242 1394 3258 1419 ,
3291 1359 3346 1405 et
3381 1362 3489 1419 quo
3531 1354 3777 1415 tempore

2167 1453 2543 1510 immortalitas
2574 1450 2869 1515 tribuatur,
2903 1461 3002 1502 nec
3028 1444 3431 1500 Cleombrotum
3461 1437 3778 1508 impegisset

2170 1549 2224 1603 in
2247 1555 2477 1602 mortem
2505 1541 2889 1608 voluntariam,
2919 1553 3017 1594 nec
3040 1536 3325 1597 Catonem,
3356 1532 3450 1587 sed
3480 1546 3574 1589 eos
3602 1529 3671 1585 ad
3693 1530 3778 1585 vi-

2171 1649 2280 1696 tam
2324 1648 2378 1695 et
2416 1637 2680 1709 justitiam
2712 1635 2890 1705 potius
2918 1631 3204 1687 erudisset.
3247 1627 3377 1683 Nam
3404 1623 3539 1682 Cato
3565 1624 3782 1680 videtur

2171 1733 2303 1790 mihi
2329 1747 2546 1789 causam
2570 1729 2830 1803 quaesisse
2851 1724 3136 1790 moriendi,
3160 1738 3266 1777 non
3297 1731 3404 1776 tam
3427 1728 3486 1775 ut
3502 1716 3776 1774 Caesarem

2095 1843 2143 1903 Β
2170 1825 2397 1898 fugeret,
2426 1839 2586 1896 quam
2634 1830 2694 1876 ut
2736 1818 3042 1876 Stoicorum
3081 1812 3314 1870 decretis
3343 1810 3768 1881 obtemperaret,

2167 1935 2304 1992 quos
2331 1917 2660 1985 sectabatur,
2704 1925 3014 1985 nomenque
3035 1923 3193 1966 suum
3215 1904 3405 1979 grandi
3434 1904 3615 1977 aliquo
3644 1901 3779 1958 faci-

1807 2049 2166 2112 VABIORUM
2202 2054 2436 2114 NOTAE.

471 2209 629 2273 Cato,
651 2205 751 2262 etsi
778 2204 1014 2271 Stoicus,
1038 2220 1067 2259 a
1097 2205 1372 2261 Lactantio
1401 2203 1753 2274 potueritdici
1784 2205 2065 2264 Socratica:

471 2279 710 2335 vanitatis
734 2278 979 2341 imitator,
1011 2276 1442 2347 quandoquidem
1465 2275 1559 2331 ille
1581 2277 1861 2332 Socratem
1885 2278 2064 2334 imita-

471 2360 581 2413 tus,
611 2367 715 2404 non
747 2348 863 2401 sine
891 2364 1083 2418 magno
1112 2350 1247 2401 fastu
1274 2358 1501 2402 mortem
1529 2356 1844 2415 aSpernatus
1865 2362 1982 2413 est;
2012 2361 2065 2406 ρι

472 2437 597 2478 eum
629 2437 688 2475 se
716 2418 1009 2484 occideret,
1046 2420 1239 2473 librum
1270 2418 1557 2488 pcrlegerit
1598 2419 1832 2473 Platonis
1854 2420 1922 2475 de
1946 2424 2066 2476 ani-

472 2509 688 2549 marum
709 2490 1053 2552 [Etet-nitate,
1074 2492 1166 2544 ubi
1190 2488 1398 2544 scilicet
1424 2491 1662 2544 Socratis
1691 2505 1837 2544 mors
1865 2492 2069 2547 deseri-

469 2567 638 2622 bitur.
675 2563 864 2618 Nonne
890 2570 1068 2615 autem
1098 2562 1148 2616 itl
1179 2560 1398 2623 sufﬁcit,
1432 2572 1488 2615 ut
1516 2559 1797 2616 Socraticae
1825 2564 2066 2617 vanitatis

472 2637 702 2691 imitator
726 2632 1039 2690 diceretur?
1083 2632 1321 2688 Novnnv.
1369 2633 1440 2686 De
1474 2631 1691 2687 Catonis
1736 2642 1907 2689 morte
1948 2636 2070 2690 \ide

475 2707 862 2770 Plutarchum,
898 2717 1025 2759 tom.
1059 2722 1125 2768 tt;
1156 2714 1210 2759 et
1242 2704 1593 2767 Augustinum
1617 2745 1630 2768 ,
1661 2703 1753 2757 lib.
1782 2704 1887 2759 ide
1915 2704 2072 2760 Civit.

478 2780 600 2840 Dei,
630 2795 748 2848 cap.
772 2780 864 2837 25.
897 2808 966 2818 -
994 2777 1185 2832 διοίσω
1212 2776 1452 2848 vanitatis
1479 2776 1722 2848 imitator.
1741 2774 2073 2848 Reclaman-

478 2852 623 2906 tibus
649 2845 772 2906 licet
802 2865 931 2907 mss.
959 2862 1013 2903 et
1033 2849 1155 2904 edtl.
1175 2848 1241 2901 ab
1271 2845 1410 2901 1465
1433 2845 1499 2901 ad
1522 2846 1663 2902 l65U
1686 2846 1868 2912 editis,
1896 2848 2076 2916 recepi

480 2922 692 2989 Stoicae,
724 2939 821 2992 pro
854 2923 1153 2985 Socraticar,
1185 2918 1446 2992 adductus
1492 2918 1724 2971 tnaxime
1774 2917 1893 2972 his:
1926 2917 2073 2986 Cato,

480 3005 537 3049 ut
577 2991 883 3049 Stoicorum
934 2994 1150 3046 decretis
1194 2991 1601 3058 obtemperaret,
1648 3005 1774 3058 quos
1822 2998 2077 3044 sectatur.

480 3066 640 3121 Coof.
668 3065 945 3120 Plutarch.
977 3065 1029 3117 in
1059 3062 1260 3117 Catone
1291 3059 1504 3125 Minori,
1538 3058 1629 3114 fol.
1670 3060 1798 3125 799.,
1832 3074 1951 3130 sqq.
1981 3059 2085 3115 De-

482 3138 617 3209 venit
659 3137 855 3209 (cato)
885 3135 964 3209 ad
986 3133 1279 3209 Stoicorum
1311 3133 1598 3209 paradoxa.
1642 3130 1775 3185 BUN.

560 3201 700 3261 Nam
730 3201 1072 3260 Democritus.
1091 3203 1357 3259 Laetitiam
1384 3202 1470 3256 hic
1489 3202 1753 3270 optimum
1779 3201 1935 3267 dixit,
1957 3202 2087 3256 tris-

484 3278 656 3333 titiam
706 3277 1020 3348 pessimum,
1069 3274 1431 3348 alienissimus
1478 3272 1720 3348 aStoiea
1771 3274 2082 3348 severitate.

488 3344 724 3405 Lucretii
759 3350 958 3410 locum,
993 3348 1136 3402 unde
1166 3346 1254 3400 hic
1298 3358 1485 3399 versus
1513 3344 1831 3414 desomptus
1858 3352 1962 3412 est,
1996 3344 2081 3399 in-

486 3430 697 3492 tegrum
729 3420 1098 3476 adscribemus
1125 3435 1138 3471 :

580 3537 811 3598 Denique
830 3534 1169 3584 Democritum
1188 3538 1442 3598 postquam
1468 3535 1664 3591 natura,
1690 3532 1915 3598 vetustas

581 3593 868 3659 Admonuit,
885 3608 1136 3646 memores
1157 3593 1320 3659 motus
1332 3593 1679 3659 languescere
1697 3593 1898 3653 mentis,

580 3664 768 3723 Sponte
792 3653 879 3711 sua
905 3660 1043 3711 letho
1065 3663 1213 3721 caput
1232 3657 1405 3706 obvius
1426 3653 1608 3705 obtulit
1632 3653 1781 3704 ultro.

490 3794 596 3852 Sed
626 3791 765 3863 apud
801 3790 1067 3863 Laertimn
1107 3786 1379 3863 diversum
1426 3782 1659 3863 legitur;
1709 3794 1903 3863 ueer
1948 3778 2090 3863 qttod

492 3849 902 3936 panes-calidos
933 3849 1539 3936 narilms__admovendo,
1575 3853 1746 3933 tribus
1767 3852 1956 3905 diebus
1982 3849 2089 3936 fata

494 3922 820 4004 impleverit.
873 3932 979 4004 sed
1041 3924 1447 4004 intelligendum
1509 3934 1590 3977 est
1642 3923 1815 4004 ipsum
1863 3922 2093 4002 antehac

495 3990 634 4061 ῄιιῖιὶ
667 4020 760 4074 pct‘
790 4003 1021 4058 inediam
1062 3990 1391 4074 decrevisse.
1426 3990 1725 4074 Itaque_de
1757 3992 1945 4073 mortis
1975 3990 2093 4061 ejus

495 4063 696 4148 genere
724 4076 929 4148 variant
953 4081 1202 4127 auctores
1233 4087 1244 4120 :
1273 4067 1471 4148 quippe
1499 4063 1642 4148 quod
1675 4063 1944 4148 Lucianus
1969 4079 2093 4143 cum

494 4133 768 4204 interiisse
790 4144 840 4200 al
848 4147 1021 4199 lirmet
1039 4151 1131 4203 τῆς
1150 4133 1339 4217 τροφῆς
1355 4133 1735 4217 citrea-ﬁgam,
1761 4133 1903 4215 quod
1929 4134 2091 4188 etiam

494 4221 659 4275 tradit
681 4218 958 4279 Laertius;
983 4207 1295 4271 Atltenmus.
1318 4210 1477 4263 melle
1501 4209 1763 4270 tantiSper
1788 4207 1949 4259 vitam
1975 4219 2093 4279 sus-

497 4300 755 4355 tentasse,
784 4288 909 4343 dum
940 4277 1668 4355 prieterieriutQsapopopiwv
1699 4278 1853 4355 festa,
1873 4291 1958 4355 Ane
1991 4277 2096 4343 pri-

494 4373 622 4419 vato
651 4347 797 4416 luctu
832 4347 1043 4429 publica
1093 4347 1569 4429 ititerpellar_ctiittr
1598 4348 1809 4419 gaudia.
1857 4347 1941 4402 Ab
1972 4361 2093 4398 om-

497 4435 655 4488 nibus
687 4422 933 4486 divorsus
966 4428 1268 4484 Antooious
1295 4422 1559 4491 pediculis
1589 4430 1969 4488 consumptum
2001 4432 2092 4472 re-

498 4506 621 4562 fert.
649 4503 733 4557 Ea:
763 4503 1038 4555 BETULEIO
1067 4496 1184 4569 (lib.
1216 4510 1294 4560 nt,
1328 4494 1356 4567 ς
1383 4493 1460 4563 5.)

574 4576 770 4645 Sponte
794 4575 968 4645 διιαῶ
982 4559 1087 4645 pud
1118 4559 1451 4630 Lucretium,
1477 4563 1566 4617 lib.
1591 4578 1656 4645 ut
1678 4561 1744 4616 de
1783 4559 1981 4642 Natura
2012 4573 2097 4612 re-

496 4632 641 4707 rum,
673 4649 723 4699 in
749 4647 872 4699 fine.
901 4632 1122 4697 Variant
1146 4649 1320 4692 tamen
1349 4645 1597 4707 auctores
1626 4634 1693 4688 de
1720 4632 1907 4707 mortis
1930 4644 2097 4707 gene-

500 4701 579 4779 re.
612 4701 671 4772 ut
696 4715 805 4770 dixi
837 4731 849 4765 :
883 4713 966 4767 vel
995 4726 1089 4781 per
1108 4710 1211 4764 cibi
1249 4705 1654 4781 abstinentiam,
1686 4703 1772 4757 vel
1796 4717 1862 4781 ex
1893 4701 2094 4781 vermi—

503 4773 601 4845 bus
628 4796 719 4841 aut
747 4773 1407 4856 pediculisconsmnptum
1441 4776 1674 4856 referunt
1707 4773 2057 4856 antiquiores.

576 4862 721 4915 Sicut
742 4842 794 4913 in
817 4860 948 4909 hanc
976 4855 1148 4915 vitam,
1176 4842 1282 4905 etc'.
1312 4848 1565 4920 Sequitur
1583 4844 1974 4920 Ciceronem_i_u
1996 4842 2099 4897 Ca-

500 4913 628 4987 tone
654 4930 800 4997 Maj.,
828 4942 877 4982 c.
911 4926 1010 4989 20;
1031 4913 1419 4997 etgin_Somnio'
1467 4918 1703 4987 Scipioo.
1735 4915 1876 4986 apud
1902 4913 2099 4970 Macro-

499 5003 669 5066 bium,
693 4995 788 5055 lii).
818 5015 857 5061 ι,
888 5012 1007 5067 cap.
1039 4995 1146 5067 25.7
1174 4995 1307 5067 Buu.

694 5054 871 5125 rursus
897 5054 969 5122 ex.
991 5069 1084 5121 hoc
1114 5064 1372 5118 domicilio
1413 5060 1661 5130 corporis.
1693 5056 1883 5130 Cicero
1906 5057 1961 5130 in
1994 5054 2098 5130 Ca-

499 5157 624 5201 tone
646 5144 849 5209 majore
872 5140 985 5193 lucc
1006 5139 1071 5192 ad
1097 5127 1679 5209 Pythagorattt_rcfcrt__:
1709 5127 1877 5209 γρεατ,
1904 5128 2095 5209 inquit,

505 5198 827 5288 ﬁptltago‘t'as
851 5212 1052 5288 injussu
1080 5198 1424 5288 iiiiperaloris,
1437 5202 1501 5288 id
1529 5215 1597 5257 est
1626 5200 1743 5267 Dei,
1770 5200 1833 5288 de
1858 5198 2099 5288 p'r‘wsidlio

498 5268 789 5341 etgstati'oue
814 5268 929 5337 vittis
954 5268 1212 5335 decedere.
1243 5277 1307 5330 Et
1340 5277 1391 5328 in
1412 5268 1733 5343 'fragmento
1770 5272 1839 5325 de
1860 5268 1865 5269 “
1886 5268 2094 5343 Bepub.

499 5339 684 5428 Scipio
724 5355 911 5423 Nepoti
953 5358 1177 5428 loquens
1217 5350 1297 5402 sic
1324 5348 1398 5428 ait
1428 5363 1441 5399 :
1478 5339 1647 5428 Quare
1670 5353 1717 5397 et
1746 5342 1856 5428 tilii,
1884 5339 2020 5394 Pub.
2039 5350 2099 5421 “et

497 5411 610 5495 itii
628 5411 857 5483 omnibus
882 5411 1267 5495 retinendusest
1293 5418 1492 5495 animus
1518 5417 1580 5495 in_
1598 5414 1828 5468 custodia
1849 5411 2101 5495 fat-poris;

499 5483 591 5556 nec
616 5501 815 5569 iniussu
848 5497 957 5568 ejus
986 5511 1017 5545 a
1043 5506 1141 5562 quo
1167 5491 1253 5545 ille
1278 5500 1349 5546 est
1378 5488 1519 5569 nobis
1546 5488 1716 5553 datus,
1754 5483 2100 5566 echominum

498 5555 603 5627 vita
630 5555 954 5639 migrandum
982 5555 1074 5639 est,
1115 5579 1180 5639 ne
1206 5578 1390 5616 manus
1432 5561 1705 5639 humanum
1733 5555 2043 5639 asaignttlum
2068 5569 2100 5606 a

632 5624 886 5708 defugisse
910 5634 1200 5689 videamini.
1230 5637 1520 5708 AApparent
1545 5626 1863 5708 adﬂat-one
1884 5624 2101 5706 desum-

499 5695 600 5838 git
619 5695 1200 5838 (ipsefBe'ruuttusw—
1220 5695 1344 5773 Qua
1377 5702 1445 5758 de
1486 5717 1546 5757 re
1585 5699 1708 5755 vide
1739 5698 2015 5752 Platonem
2044 5695 2096 5750 in

564 5801 625 5837 1;Ἰ¹
671 5796 794 5837 0118.

502 5787 794 5841 ΡΙιςιιόοιιθ.

570 5832 900 5909 patenum.
933 5851 1022 5911 Sic
1046 5846 1258 5911 restitui
1281 5861 1349 5907 ex
1373 5854 1483 5907 vet.
1507 5857 1604 5905 sex
1643 5840 1805 5903 editis
1838 5849 1895 5899 et
1921 5832 2097 5900 omni-

2170 2213 2270 2270 bus
2298 2229 2455 2280 mss.,
2489 2224 2684 2285 praeter
2711 2216 2901 2272 Marm.
2938 2214 2989 2270 in
3031 2228 3138 2284 quo
3164 2227 3193 2268 a
3214 2211 3387 2283 prima
3415 2224 3576 2265 manu
3604 2207 3775 2278 scrip—

2172 2293 2282 2341 tum
2312 2296 2415 2349 est,
2446 2297 2502 2341 ιιι
2523 2288 2576 2341 in
2604 2288 2874 2356 plerisque
2900 2285 3146 2356 vulgatis.

2249 2356 2490 2411 Extincto
2514 2352 2801 2413 innocentis
2826 2352 3018 2411 anima:
3044 2355 3103 2410 ld
3131 2363 3235 2422 est,
3276 2354 3407 2420 vita,
3444 2352 3481 2405 f.
3507 2353 3784 2422 extinctus

2176 2429 2437 2484 innocens
2465 2428 2686 2485 inultus.
2727 2429 2868 2484 Noto
2900 2428 2965 2482 ad
3001 2427 3094 2482 lib.
3122 2420 3280 2492 v1,'c.
3315 2426 3401 2488 11,
3436 2424 3527 2485 ‘20;
3563 2423 3658 2477 ιιι».
3688 2420 3784 2486 vit,

2175 2514 2226 2554 c.
2254 2500 2340 2555 ll.
2378 2498 2599 2554 Terent.
2630 2502 2685 2555 in
2714 2499 2909 2569 Adelp.
2950 2514 3032 2566 ιιι,
3076 2498 3154 2553 2ε
3193 2497 3317 2553 Seni
3355 2496 3583 2551 animam
3622 2494 3787 2549 extin-

2175 2588 2400 2644 guerem.
2428 2570 2559 2626 BUN.

2246 2640 2487 2696 Iudicem
2514 2658 2777 2713 magnum.
2818 2642 2892 2696 lla
2937 2640 3152 2713 reposui
3199 2655 3266 2713 ea;
3307 2638 3686 2713 c_ttncti_s_ms_s_.
3735 2643 3787 2690 et

2179 2712 2310 2767 edit.
2345 2724 2450 2767 vet.
2500 2706 2637 2767 roni.
2676 2729 2739 2768 ac
2767 2714 2967 2768 Cellar.
2998 2706 3257 2782 quidquid
3296 2710 3441 2765 dicat
3472 2706 3785 2782 Walcliius;

2181 2786 2335 2853 quasi
2365 2784 2594 2839 vindicta
2622 2784 2688 2838 ad
2717 2783 2952 2839 Judicem
2993 2777 3235 2852 maguum
3278 2798 3382 2836 non
3412 2780 3698 2850 pertineat.
3731 2777 3786 2832 In

2184 2857 2255 2910 l3
2284 2856 2562 2926 impressis
2586 2856 2783 2927 legitur
2809 2856 3055 2910 vindicem
3082 2870 3344 2925 magnum.

2268 2946 2503 3001 Vindicta
2532 2949 2585 3002 in
2610 2948 2807 3019 integro
2829 2962 3028 3015 semper
3047 2955 3141 3000 est.
3168 2945 3257 3019 Sic
3279 2960 3400 3019 cum
3433 2943 3604 3019 tribus
3629 2942 3789 3019 editis

2186 3034 2376 3074 omnes
2404 3035 2541 3087 pene
2572 3015 2800 3073 mssCEt
2828 3019 2906 3072 sic
2938 3018 3251 3072 Lactantius
3278 3017 3331 3069 in
3357 3025 3540 3080 totum,
3574 3016 3627 3068 in
3663 3015 3792 3087 inte-

2224 3106 2314 3152 ro;
2340 3100 2390 3144 et
2408 3086 2513 3146 nos
2534 3089 2670 3146 Galli
2698 3090 2861 3146 etiam
2883 3090 3132 3148 dicimus,
3164 3105 3225 3142 eu
3252 3096 3378 3149 lout,
3402 3103 3463 3139 en
3492 3102 3585 3139 son
3607 3086 3784 3140 entier.

2267 3177 2296 3215 κ
2330 3176 2460 3215 mss.
2492 3177 2603 3216 rec.
2629 3173 2682 3216 et
2716 3161 2786 3215 l0
2820 3160 2958 3231 typis
2982 3160 3169 3215 excusi
3200 3159 3404 3231 habent
3420 3158 3641 3231 uindicta
3665 3158 3792 3231 inte-

2190 3249 2302 3303 gra.
2328 3231 2478 3285 -—ln
2505 3234 2720 3303 integro.
2754 3228 3011 3286 Sic—solet
3038 3239 3369 3303 noster,rut,
3395 3228 3487 3303 lib.
3532 3245 3570 3296 ι,
3601 3243 3651 3282 c.
3670 3230 3743 3303 Δ11
3773 3246 3787 3284 :

2191 3300 2337 3357 Illud
2358 3304 2411 3357 iu
2436 3320 2551 3357 vero
2577 3300 2673 3367 eit;
2703 3303 2990 3372 ibid.,cap.
3024 3302 3089 3356 17
3122 3320 3134 3354 :
3171 3300 3309 3369 Quid
3329 3302 3395 3355 sit
3421 3302 3475 3372 iit
3504 3315 3639 3372 vero,
3668 3300 3705 3352 Ι.
3733 3316 3790 3365 v,

2192 3389 2243 3430 c.
2274 3376 2299 3430 1
2342 3395 2354 3430 :
2387 3373 2548 3445 Cujus
2583 3376 2656 3428 rei
2696 3390 2851 3429 causa
2886 3369 2953 3445 in
2970 3383 3149 3445 aperto
3185 3382 3278 3427 est.
3302 3372 3415 3445 ASic
3447 3371 3499 3426 in
3531 3369 3790 3445 Cicerone

2192 3446 2283 3500 lib.
2312 3461 2371 3501 ιιι
2398 3443 2572 3510 Οιίθιη
2609 3460 2727 3514 cap.
2759 3447 2792 3500 4
2823 3462 2835 3498 :
2870 3444 2976 3500 Sed
3007 3443 3256 3515 quoniam
3289 3443 3398 3515 lues
3417 3445 3528 3511 jam
3558 3458 3715 3515 neque
3738 3443 3790 3496 iu

2192 3517 2575 3643 integranobis
2609 3533 2718 3573 esse
2757 3525 2999 3588 possunt,
3034 3515 3251 3586 quidam
3291 3514 3488 3585 integra
3527 3514 3792 3569 suborna-

2194 3603 2289 3643 ran
2322 3630 2334 3643 .
2424 3605 2513 3643 UN.

2194 3599 2334 3644 rant.
2376 3599 2513 3645 BUN.

2269 3678 2339 3734 Et
2375 3680 2485 3750 ipse
2522 3680 2772 3735 Romana:
2805 3679 3070 3751 sapientiae
3091 3677 3386 3751 princeps,
3401 3686 3507 3751 etc.
3539 3676 3610 3751 Ut
3638 3677 3790 3751 cujus

2195 3748 2479 3807 consilium
2510 3753 2786 3807 oraculum
2812 3748 2881 3805 sit
2904 3748 3163 3815 habitum,
3200 3757 3338 3803 teste
3363 3748 3668 3814 Plutarcho,
3697 3748 3784 3819 qui

2198 3824 2250 3893 in
2272 3823 2389 3893 ejus
2415 3822 2529 3876 Vita
2556 3822 2774 3878 easdem
2806 3837 2997 3877 causas
3028 3831 3343 3889 spontaueze
3365 3819 3511 3874 necis
3532 3821 3787 3893 assignat.

2195 3891 2408 3960 Cicero,
2433 3893 2744 3949 Officiorum
2775 3909 2814 3959 ι,
2845 3893 2912 3949 de
2942 3893 3139 3948 decoro
3166 3906 3515 3960 personarum
3546 3891 3789 3959 loquens,

2196 3964 2327 4020 dicit
2373 3966 2473 4019 hoc
2502 3962 2722 4019 Catonis
2764 3965 3082 4033 gravitatem
3114 3962 3358 4017 decuisse
3395 3963 3625 4033 maxime
3651 3979 3664 4015 :
3694 3976 3796 4015 cre-

2198 4044 2365 4099 leros,
2396 4035 2488 4104 qui
2514 4039 2564 4088 in
2595 4032 2787 4090 eadem
2819 4049 2980 4089 causa
3012 4033 3248 4099 fuerunt,
3282 4034 3520 4087 minime.
3551 4032 3661 4087 Nos
3686 4035 3793 4104 Au-

2195 4102 2472 4176 gustinum
2502 4106 2698 4161 rectius
2726 4107 3029 4166 audiemus,
3061 4106 3151 4174 qui
3189 4105 3503 4176 voluntaria:
3538 4104 3685 4158 necis
3704 4102 3793 4176 jus

2196 4173 2359 4232 omne
2386 4177 2691 4232 hominibus
2721 4176 2914 4231 aufert.
2942 4176 2988 4231 ls
3018 4173 3108 4230 lib.
3139 4191 3154 4229 I
3179 4175 3245 4229 de
3272 4174 3429 4230 Civit.
3465 4176 3555 4228 ltei
3585 4216 3599 4241 ,
3629 4190 3675 4228 c.
3701 4173 3794 4237 23,

2198 4246 2303 4303 hoc
2323 4249 2628 4314 exemplum
2651 4250 2988 4314 examinans,
3012 4261 3204 4301 causas
3226 4263 3328 4299 non
3358 4246 3592 4299 Platonis
3616 4245 3793 4298 lectio-

2198 4335 2322 4374 nem
2345 4319 2536 4384 credit,
2561 4319 2654 4374 sed
2677 4319 2816 4390 quod
2837 4329 2989 4390 turpe
3005 4318 3240 4390 duxerit,
3256 4318 3307 4390 in
3327 4317 3558 4390 Caesaris
3577 4316 3794 4371 victoris

2199 4406 2390 4445 manus
2421 4393 2637 4454 venire;
2670 4388 2828 4459 atque
2856 4389 2958 4445 hoc
2988 4388 3193 4443 facinus
3218 4388 3604 4459 imbecillioris,
3633 4403 3792 4459 quam

2201 4462 2442 4517 fortioris
2481 4463 2648 4517 animi
2693 4458 2887 4515 factum
2930 4476 3069 4515 esse.
3102 4460 3157 4514 lo
3190 4460 3293 4514 hoc
3332 4461 3491 4513 etiam
3531 4458 3799 4527 .losephns

2203 4534 2493 4599 invehitur,
2534 4533 2669 4589 libro
2702 4533 2913 4586 Excidii
2945 4530 3420 4602 llierosolymitaoi
3450 4545 3526 4593 ιιι,
3551 4528 3795 4602 capaﬁl.

2202 4604 2333 4659 Jure
2359 4606 2502 4659 civili
2533 4620 2637 4658 non
2669 4603 3003 4673 lugebaotur,
3032 4616 3133 4657 nec
3158 4601 3371 4670 cegnati
3400 4616 3495 4657 eos
3520 4602 3570 4654 in
3605 4601 3799 4669 pollin-

2203 4685 2354 4730 ctora
2382 4672 2761 4735 nominabant,
2795 4676 2885 4741 qui
2928 4690 3119 4728 manus
3157 4673 3259 4727 Sibi
3291 4673 3426 4727 mala
3468 4672 3800 4727 conscientia

2203 4746 2519 4828 iniecerant.
2550 4747 2587 4828 ll:
2613 4744 2953 4828 Liberorum,
2986 4744 3159 4828 §_Non
3191 4744 3473 4828 solemni-ll
3513 4744 3580 4798 de
3603 4743 3671 4826 iis
3708 4744 3799 4828 qui

2202 4816 2421 4943 inﬁmi}
2417 4826 2529 4870 not.
2556 4816 2661 4873 Sed
2683 4818 2866 4883 stulte,
2893 4815 3038 4887 quod
3064 4817 3355 4871 nonetiam
3383 4815 3505 4871 illos
3526 4816 3615 4885 qui
3641 4815 3801 4870 taedio

2239 4904 2253 4942 ι
2332 4928 2346 4940 .
2424 4904 2582 4943 ετυι..

2202 4897 2346 4943 VlliB.
2381 4897 2582 4943 Βετυι..

2275 4978 2530 5034 Platonis.
2562 4980 2722 5037 Liber
2749 4981 2850 5036 iste
2876 4990 2958 5036 est
2988 4978 3244 5035 Phwdon.

2280 5050 2587 5134 PliilosOplti
2611 5053 3232 5134 auctoritatecompulsus
3255 5059 3349 5131 est.
3387 5049 3536 5104 Plato
3563 5049 3668 5106 hoc
3694 5064 3804 5104 non

2202 5122 2416 5205 docuit;
2451 5139 2529 5205 βξ
2578 5124 2729 5205 initio
2770 5122 3059 5205 Phaed-onis
3086 5122 3653 5205 contrariompatet:
3697 5134 3802 5205 non

2201 5193 2380 5273 itaque
2397 5184 2717 5273 philosophi
2738 5197 3076 5273 auctoritate,
3102 5194 3196 5248 sed
3225 5184 3805 5273 spi_i_net_insa_nia,phi-
3868 5184 3874 5189 ’

2203 5264 2412 5334 l050phi
2440 5277 2672 5320 mentem
2705 5281 2811 5321 non
2853 5266 3178 5336 percipiens,
3203 5263 3271 5319 ad
3301 5263 3433 5318 illud
3466 5264 3672 5318 facinus
3700 5263 3801 5317 fuit

2202 5336 2532 5404 compulsus.
2567 5336 2752 5392 lsieus.

2276 5407 2637 5462 AmbraciOtes.
2676 5407 2727 5462 Is
2765 5415 2849 5462 est
2877 5407 3253 5463 Cleombrotus
3283 5407 3631 5470 adolescens,
3672 5408 3801 5460 Am-

2202 5477 2398 5532 braciae
2444 5480 2575 5533 urbe
2613 5477 2796 5534 Graeca
2834 5478 2888 5533 in
2924 5479 3082 5547 Epiro
3114 5491 3299 5544 natos,
3342 5480 3430 5547 qui
3460 5495 3521 5534 se.
3553 5479 3802 5547 prmcipi-

2206 5558 2310 5604 tem
2339 5548 2488 5603 dedit
2518 5550 2570 5603 in
2605 5565 2862 5605 mare.—
2891 5549 3028 5617 Quid
3052 5551 3400 5606 Ambraciam
3434 5550 3544 5605 ille.
3582 5547 3804 5605 Cleom-

2204 5619 2390 5690 broms
2434 5631 2550 5687 est,
2596 5635 2753 5689 quem
2803 5636 2965 5690 supra
3011 5624 3326 5676 nominavit.
3374 5623 3447 5677 De
3497 5637 3563 5675 eo
3606 5617 3804 5676 Cicero

2202 5689 2368 5746 Tusc.
2396 5692 2446 5756 l,
2469 5705 2518 5744 c.
2549 5692 2619 5745 51
2641 5708 2658 5744 :
2682 5689 2985 5746 Callimachi
3013 5694 3327 5762 epigramma
3352 5696 3404 5747 in
3425 5692 3802 5745 Ambraciotam

2203 5762 2573 5845 Cleombrotum
2597 5773 2697 5845 est,
2720 5779 2867 5833 quem
2894 5764 2987 5845 ait,
3006 5780 3167 5845 quam
3193 5764 3327 5845 nihil
3345 5763 3804 5845 einaccidiuelad-

2202 5834 2354 5905 versi,
2380 5850 2408 5892 ε
2435 5849 2580 5891 muro
2608 5850 2661 5890 se
2684 5838 2738 5890 iu
2766 5851 2908 5892 mare
2932 5834 3193 5904 abiecisse,
3221 5839 3352 5892 lecto
3380 5833 3618 5893 Platonis
3645 5833 3797 5888 libro.
