4154 6196
357 298 464 358 409

1219 294 1423 352 LIBER
1460 293 1550 349 Ill.
1593 292 1683 349 DE
1721 290 1945 348 FALSA
1985 286 2353 348 SAPIENTIA
2391 284 2795 346 PHILOSOPH.

3554 277 3664 337 HO

353 430 488 472 nere
513 414 837 471 clarificaret
868 431 882 469 :
915 412 1002 469 cui
1029 410 1158 484 quid
1183 412 1310 467 mali
1336 410 1584 466 accidere
1616 408 1869 480 potuerit,
1910 406 1955 463 si
1984 413 2038 475 Α
2061 422 2220 479 quam
2248 405 2542 462 infantibus
2569 403 2804 460 credulis
2842 401 3012 457 ﬁnxit.
3043 398 3199 468 Quod
3227 399 3273 455 si
3300 397 3439 454 bene
3463 396 3665 454 sensis-

352 512 581 575 viveret,
631 525 737 565 nou
771 510 1005 564 invenio.
1038 508 1199 565 Caius
1225 506 1369 563 enim
1397 503 1598 572 Ctesar,
1633 512 1691 559 ut
1713 503 1956 558 clemens

354 611 495 669 erat,
529 602 661 658 nihil
693 601 837 657 aliud
876 600 1096 657 efficere
1129 599 1363 663 volebat,
1400 599 1566 653 etiam
1597 597 1652 651 in
1684 595 1800 666 ipso
1826 594 1956 651 belli

354 694 530 750 civilis
557 692 772 759 ardore,
803 708 961 763 quam
994 700 1051 747 ut
1076 692 1213 747 bene
1243 690 1436 746 mereri
1464 687 1535 744 de
1556 687 1852 758 Republica
1881 686 1959 739 vi-

355 784 599 851 deretur,
629 785 841 840 duobus
867 784 1083 855 optimis
1119 784 1324 839 civibus
1360 779 1623 837 Cicerone
1666 789 1722 835 et
1756 778 1959 833 Catone

352 878 606 935 servatis.
636 877 741 933 Sed
778 877 1068 934 redeamus
1093 877 1159 932 ad
1186 890 1281 931 eos
1319 876 1406 947 qui
1436 883 1665 930 mortem
1691 886 1790 942 pro
1818 872 1959 928 bono

352 968 601 1025 laudant.
628 969 703 1025 De
733 970 839 1024 vita
868 970 1131 1040 quereris,
1150 967 1302 1038 quasi
1331 967 1553 1027 vixeris,
1583 975 1677 1020 aut
1702 979 1954 1034 umquam

356 1062 457 1119 tibi
484 1065 624 1118 ratio
647 1063 967 1129 constiterit,
989 1078 1086 1117 cur
1107 1062 1326 1115 omnino
1346 1060 1421 1115 sis
1446 1070 1620 1114 natus.
1647 1057 1838 1112 Nonne
1865 1056 1962 1127 igi-

355 1164 447 1211 tur
479 1156 570 1211 tibi
596 1172 756 1213 verus
783 1157 872 1212 ille
897 1167 951 1212 et
974 1155 1279 1212 communis
1298 1154 1538 1210 omnium
1570 1162 1721 1223 pater
1748 1152 1959 1207 Teren-

355 1248 562 1303 tianum
592 1247 719 1303 illud
760 1246 912 1321 (Vid.
941 1246 1057 1303 Ter.
1088 1247 1540 1312 Heautontimor.,
1573 1253 1672 1298 act.
1720 1259 1772 1311 v,
1797 1258 1869 1297 ac.
1903 1241 1961 1312 2)

349 1339 478 1413 jure
504 1342 859 1414 iucrepaverit
888 1359 902 1397 :

604 1456 750 1505 Prius
765 1455 922 1518 disce.
943 1455 1062 1518 quid
1085 1456 1151 1505 sit
1172 1456 1372 1518 vivere;

606 1518 659 1569 Si
680 1514 973 1583 displicebit
987 1518 1106 1580 vita,
1130 1525 1233 1567 tum
1254 1514 1412 1567 isthOc
1435 1514 1608 1564 utitor.

357 1624 628 1696 lndigaris
672 1634 726 1682 te
770 1625 928 1681 malis
949 1638 1071 1680 esse
1100 1623 1404 1694 subjectum
1433 1640 1446 1677 :
1474 1620 1627 1693 quasi
1669 1617 1963 1690 quidquam

356 1722 622 1777 merearis
661 1719 786 1775 boni
814 1761 827 1783 ,
877 1718 971 1789 qui
1023 1729 1229 1789 patrem
1252 1757 1268 1781 ,
1299 1715 1389 1787 qui
1419 1714 1694 1770 dominum
1717 1755 1732 1780 ,
1759 1710 1850 1784 qui
1877 1725 1964 1766 re-

358 1829 482 1884 gem
533 1823 682 1867 tuum
733 1810 950 1877 nescis;
997 1810 1085 1881 qui
1110 1808 1357 1880 quamvis
1380 1807 1737 1862 clarissimam
1781 1805 1955 1859 lucem
1991 1823 2040 1883 Β

359 1907 622 1963 intuearis
668 1905 872 1972 oculis,
907 1913 1088 1960 mente
1129 1915 1304 1958 tamen
1355 1915 1531 1956 cmcus
1552 1914 1644 1965 es,
1672 1906 1728 1953 et
1754 1898 1806 1951 in
1837 1911 1962 1966 pro-

360 1997 540 2054 fundis
593 1996 911 2068 ignorantize
970 1994 1207 2051 tenebris
1247 1993 1414 2063 jaces.
1477 1990 1609 2059 Qua:
1662 1987 1961 2059 ignorantia

359 2090 580 2156 effecit,
614 2099 671 2144 ut
711 2088 974 2161 quosdam
1003 2087 1186 2143 dicere
1216 2102 1324 2140 non
1351 2084 1607 2156 puderet,
1630 2080 1833 2136 idcirco
1865 2093 1963 2135 nos

358 2198 483 2240 esse
508 2193 662 2238 natos
684 2222 700 2247 ,
732 2192 789 2237 ut
812 2181 1080 2237 scelerum
1126 2193 1316 2249 pmnas
1353 2177 1626 2231 lueremus
1660 2190 1672 2225 :
1702 2187 1808 2243 quo
1836 2169 1963 2241 quid

357 2276 583 2333 delirius
638 2274 740 2331 dici
795 2275 1002 2345 possit,
1043 2288 1149 2327 non
1187 2270 1367 2326 video.
1398 2268 1494 2325 Ubi
1521 2267 1702 2331 enim,
1737 2265 1822 2320 vel
1843 2277 1964 2334 qua:

361 2373 569 2427 scelera
596 2370 866 2441 potuimus
893 2367 1179 2422 admittere
1202 2406 1218 2431 ,
1251 2364 1340 2434 qui
1359 2362 1578 2417 omnino
1597 2375 1702 2414 non
1727 2356 1961 2413 fuimus?

359 2461 477 2519 Nisi
523 2462 663 2517 forte
702 2460 989 2515 credemus
1015 2458 1199 2527 inepto
1226 2455 1302 2511 illi
1326 2453 1441 2509 seni
1466 2495 1482 2520 ,
1513 2452 1602 2522 qui
1633 2466 1691 2505 se
1720 2450 1771 2505 in
1802 2447 1966 2518 priori

360 2557 474 2611 vita
527 2554 879 2625 Euphorbum
934 2552 1103 2607 fuisse
1143 2550 1401 2605 mentitus
1448 2557 1549 2603 est.
1600 2544 1728 2611 Hic,
1767 2542 1960 2607 credo,

362 2647 506 2720 quod
532 2656 649 2703 erat
679 2645 898 2716 ignobili
921 2659 1119 2716 genere
1146 2651 1327 2708 natus,
1358 2639 1615 2695 familiam
1638 2636 1737 2692 sibi
1765 2651 1830 2690 ex
1860 2634 1968 2689 llo—

363 2740 501 2796 meri
558 2739 887 2794 carminibus
938 2735 1231 2806 adeptavit.
1261 2734 1306 2789 0
1343 2733 1530 2787 miram
1564 2742 1615 2786 et
1639 2729 1965 2799 singularem

365 2833 686 2905 Pythagorae
732 2832 1048 2887 memoriam
1079 2830 1093 2884 ι
1123 2827 1169 2885 O
1205 2829 1457 2884 miseram
1489 2825 1811 2880 oblivionem
1842 2837 1968 2877 nos-

363 2933 509 2980 trum
551 2924 790 2979 omnium
817 2963 831 2989 ,
864 2923 955 2992 qui
1009 2921 1313 2977 nesciamus
1336 2961 1351 2986 ,
1399 2917 1492 2989 qui
1518 2927 1641 2971 ante
1667 2913 1963 2970 fuerimus!

362 3017 471 3074 Sed
523 3018 783 3083 fortasse,
830 3016 916 3072 vel
943 3030 1131 3072 errore
1159 3015 1369 3084 aliquo,
1392 3012 1479 3066 vel
1508 3014 1676 3083 gratia
1711 3009 1782 3063 sit
1802 3006 1968 3063 effec-

364 3120 515 3179 tum,
556 3118 616 3164 ut
651 3110 745 3165 ille
787 3109 936 3165 solus
961 3108 1211 3164 lethaeum
1256 3098 1521 3178 gurgitem
1553 3119 1657 3158 non
1691 3101 1963 3172 attigerit,

363 3220 469 3260 nec
515 3204 798 3260 oblivionis
847 3219 1042 3275 aquam
1084 3202 1379 3275 gustaverit
1435 3220 1449 3257 :
1494 3198 1745 3255 videlicet
1796 3210 1965 3251 senex

2060 509 2144 556 set
2183 500 2250 555 de
2300 500 2398 568 iis,
2435 500 2629 571 quibus
2674 498 2790 554 haec
2832 497 3042 553 locutus
3062 502 3147 551 est
3171 536 3187 561 ,
3219 493 3264 549 si
3296 492 3540 548 homines
3569 505 3666 546 eos

2060 594 2455 661 existimasset,
2490 607 2762 664 nunquam
2793 591 2896 647 sibi
2926 599 3030 645 tam
3046 585 3345 659 petulanter
3366 582 3664 639 mentiendi

2061 687 2333 742 licentiam
2386 684 2728 741 vindicasset.
2784 682 2890 739 Sed
2939 679 3231 737 deridenda
3294 686 3378 733 est
3427 676 3663 731 hominis

2063 781 2317 837 levissimi
2371 780 2597 836 vanitas.
2647 777 2783 849 Quid
2808 775 3056 832 Ciceroni
3083 774 3340 829 faciemus
3373 769 3510 841 iqui
3537 782 3660 823 cum

2060 876 2116 933 in
2163 875 2423 947 principio
2475 872 2869 929 Consolationis
2911 884 3023 924 suae
3048 867 3303 930 dixisset,
3334 862 3659 919 luendorunt

2062 970 2327 1026 scelerum
2376 983 2535 1023 causa
2585 966 2730 1022 nasci
2787 964 3072 1027 homines,
3122 960 3334 1015 iteravit
3365 956 3432 1025 ,id
3489 956 3662 1027 ipsum

2064 1073 2274 1136 postea,
2304 1064 2457 1134 quasi
2497 1061 2789 1131 obiurgans
2818 1074 2938 1115 eum
2966 1102 2980 1127 ,
3032 1057 3123 1128 qui
3165 1057 3327 1110 vitam
3378 1068 3486 1108 non
3540 1065 3663 1107 esse

2062 1171 2278 1228 poenam
2330 1163 2497 1225 putet.
2548 1152 2713 1208 Recte
2742 1166 2870 1220 ergo
2909 1148 3165 1220 praefatus
3191 1155 3309 1213 est,
3341 1158 3529 1201 errore
3553 1183 3569 1212 ,
3599 1156 3665 1198 ac

2065 1248 2358 1307 miserabili
2387 1248 2625 1304 veritatis
2656 1245 2958 1316 ignorantia
2986 1259 3046 1299 se
3074 1241 3264 1298 teneri.

2668 1357 2896 1415 CAPUT
2934 1356 3075 1412 XIX.

2066 1480 2237 1537 Cicero
2262 1488 2308 1534 et
2342 1478 2430 1533 alii
2457 1469 2815 1548 sapientissimi
2844 1473 3135 1528 animarum
3178 1450 3657 1541 immortalitatem,

2138 1576 2227 1631 sed
2280 1574 2553 1644 inﬁdeliter
2589 1574 2801 1637 docent;
2825 1574 2893 1640 ζει
2935 1569 3070 1641 quod
3094 1570 3225 1625 bona
3262 1568 3340 1624 vel
3368 1568 3507 1623 mala
3530 1583 3670 1623 mors

2139 1684 2202 1723 ea:
2221 1676 2338 1722 ante
2366 1676 2481 1720 acta
2505 1665 2607 1720 vita
2630 1665 2694 1719 sit
2722 1661 3076 1736 ponderanda.

2140 1785 2209 1837 At
2264 1782 2376 1849 illi,
2431 1781 2521 1852 qui
2571 1780 2640 1835 de
2668 1779 2855 1835 mortis
2896 1778 3040 1833 bono
3080 1777 3355 1846 disputant
3383 1776 3507 1845 quia
3535 1773 3670 1830 nihil

2067 1878 2180 1932 veri
2232 1875 2439 1938 sciunt,
2496 1874 2573 1929 sic
2624 1879 3068 1943 argumentantur
3113 1887 3126 1924 :
3166 1869 3225 1925 Si
3276 1867 3409 1922 nihil
3434 1876 3519 1922 est
3546 1875 3670 1937 post

2065 1979 2332 2032 mortem,
2367 1984 2473 2022 non
2498 1977 2579 2021 est
2600 1966 2797 2020 malum
2824 1979 3002 2025 mors;
3047 1961 3225 2018 aufert
3265 1961 3409 2017 enim
3450 1972 3668 2015 sensum

2066 2063 2211 2119 mali.
2247 2061 2305 2117 Si
2336 2069 2512 2114 autem
2536 2065 2828 2129 supersunt
2854 2059 3052 2110 animae
3078 2097 3091 2120 ,
3117 2065 3201 2110 est
3224 2055 3389 2110 etiam
3414 2053 3617 2109 bonum
3646 2092 3664 2119 ,

2066 2155 2190 2228 quia
2231 2152 2610 2209 immortalitas
2630 2150 2894 2222 sequitur.
2919 2149 3092 2218 Quam
3119 2150 3441 2203 sententiam
3469 2144 3665 2202 Cicero

2067 2251 2135 2308 de
2188 2248 2419 2320 Legibus
2455 2248 2533 2302 sic
2572 2244 2900 2315 explicavit:
2941 2260 2960 2293 ‹
3006 2240 3455 2309 Gratulemurque
3474 2238 3669 2305 nobis,

2067 2343 2319 2415 quoniam
2376 2355 2523 2395 mors
2573 2347 2663 2392 aut
2688 2336 2990 2400 meliorem,
3029 2349 3190 2404 quam
3217 2332 3308 2403 qui
3337 2340 3419 2386 est
3445 2331 3497 2385 in
3526 2329 3669 2397 vita,

2068 2447 2161 2492 aut
2215 2444 2365 2491 certe
2396 2449 2503 2488 non
2548 2432 2871 2488 deteriorem
2903 2431 3127 2485 allatura
3156 2434 3239 2483 cst
3285 2433 3508 2482 statum.
3539 2424 3673 2480 Nam

2066 2532 2185 2589 sine
2234 2543 2461 2599 corpore
2491 2526 2672 2582 animo
2702 2526 2917 2595 vigente
2943 2564 2958 2590 ,
2998 2523 3176 2577 divina
3219 2522 3326 2576 vita
3354 2529 3437 2576 est
3465 2535 3481 2586 ;
3510 2532 3675 2574 sensu

2068 2634 2318 2690 carente,
2373 2621 2506 2676 nihil
2565 2618 2806 2690 profecto
2837 2628 2917 2673 est
2947 2617 3094 2672 mali.
3127 2635 3146 2668 ι
3184 2618 3387 2685 Argute
3410 2656 3426 2679 ,
3471 2622 3529 2669 ut
3570 2612 3675 2668 sibi

2069 2717 2369 2781 videbatur,
2402 2714 2552 2785 quasi
2585 2711 2713 2767 nihil
2736 2725 2859 2766 esse
2882 2708 3026 2763 aliud
3073 2708 3259 2779 possit.
3286 2709 3439 2776 Atqui
3468 2715 3676 2760 utrum-

2070 2824 2175 2880 que
2201 2809 2301 2865 lioc
2329 2807 2517 2861 falsum
2547 2814 2645 2860 est.
2680 2804 2883 2859 Docent
2902 2801 3043 2855 enim
3069 2800 3263 2855 divinae
3293 2798 3535 2864 Litterae,
3566 2810 3674 2851 non

2069 2905 2307 2974 extingui
2334 2902 2539 2956 animas
2568 2918 2581 2953 ε
2613 2898 2707 2955 sed
2734 2908 2826 2953 aut
2863 2912 2961 2967 pro
2987 2896 3193 2965 justitia
3239 2893 3462 2966 przemio
3490 2890 3631 2946 afﬁci
3656 2932 3672 2958 ,

2070 3008 2163 3054 aut
2206 3012 2363 3070 poena
2416 3010 2514 3067 pro
2558 2991 2855 3049 sceleribus
2898 2990 3248 3060 sempiterna.
3293 2986 3400 3041 Nec
3424 2984 3566 3041 enim
3597 2983 3678 3039 fas

2070 3107 2162 3150 aut
2186 3109 2308 3148 eum
2335 3092 2424 3162 qui
2455 3089 2751 3146 sceleratus
2771 3087 2825 3141 in
2850 3086 2958 3141 vita
2977 3084 3205 3140 feliciter
3231 3081 3411 3146 fuerit,
3440 3078 3677 3148 effugere

2072 3188 2217 3261 quod
2239 3194 2509 3248 meretur;
2542 3193 2635 3237 aut
2655 3196 2801 3243 eum,
2829 3180 2920 3250 qui
2951 3178 3023 3232 ob
3045 3177 3312 3248 justitiam
3341 3171 3679 3228 miserrimus

363 3313 536 3356 vanus
585 3298 603 3370 (
652 3298 792 3354 sicut
842 3298 1030 3353 otiosa:
1083 3269 1306 3352 aniculae
1348 3293 1526 3349 solent
1558 3291 1807 3365 )fabulas
1831 3300 1962 3343 tam«
1988 3275 2037 3343 G
2071 3283 2264 3348 fuerit,
2298 3296 2394 3337 sua
2427 3276 2675 3333 mercede
2699 3273 2953 3330 fraudari.
2982 3270 3137 3341 Quod
3169 3269 3306 3326 adeo
3349 3280 3535 3323 verum
3559 3272 3640 3321 est
3663 3304 3678 3334 ,

1681 3419 2049 3483 VARIORUM
2086 3415 2316 3474 ΝΟΤᾸΕ.

368 3557 710 3629 Epigramma
736 3566 819 3614 est
849 3555 943 3623 24,
970 3555 1098 3613 edit.
1128 3552 1228 3608 Th.
1253 3551 1471 3618 Graevii,
1500 3548 1572 3605 28
1597 3550 1769 3604 Annae
1793 3545 1970 3600 Tana-

366 3630 543 3703 quilli.
574 3628 744 3703 CELL.

441 3700 778 3769 Clariﬁcaret.
802 3698 1176 3755 Ecelesiastica
1204 3710 1334 3769 vox,
1366 3709 1469 3764 qua
1471 3694 1576 3769 _usi
1606 3700 1727 3746 sunt
1767 3689 1970 3769 Auctor

368 3760 614 3842 Vulgata}:
642 3771 925 3827 Versionis
960 3771 1157 3842 passim
1202 3768 1254 3822 in
1294 3760 1434 3822 novo
1470 3764 1839 3824 Testamento,
1872 3760 1972 3815 Se-

366 3843 570 3914 dulius,
592 3842 810 3914 aliique.

439 3904 673 3969 Clemens
705 3904 838 3968 erat.
885 3914 959 3969 De
995 3911 1225 3967 C:esaris
1270 3908 1554 3965 clementia
1598 3909 1714 3976 lege
1757 3904 1971 3958 Plutar~

367 3986 531 4041 chum
554 4028 569 4052 ,
607 3985 922 4041 Suetonium
946 4027 960 4053 ,
1009 3982 1347 4039 Paterculum
1394 3992 1446 4033 et
1474 3979 1621 4053 alios
1653 3976 1969 4053 historicos;

366 4058 465 4113 sed
498 4046 765 4126 priacipue
795 4046 1108 4113 Ciceronem
1148 4055 1201 4107 in
1232 4052 1567 4108 orationibus
1597 4064 1693 4121 pro
1722 4046 1976 4101 Marcello

365 4140 422 4185 et
451 4145 550 4196 pro
581 4129 811 4197 Ligario.

452 4189 744 4257 νεαροὶεξο
762 4215 964 4271 repono
981 4214 1043 4251 ex
1071 4196 1199 4271 edit;
1227 4192 1730 4271 Tornes.,‘Soul_ir.,
1753 4189 1967 4246 Walch.

370 4272 689 4340 cunctisque
720 4263 850 4326 niss'.
888 4280 1083 4340 praeter
1108 4266 1145 4321 2
1168 4268 1299 4338 Reg.
1330 4282 1443 4322 rec.
1480 4266 1533 4319 in
1564 4263 1757 4334 quibus
1783 4270 1887 4324 est,
1922 4269 1979 4314 ut

371 4354 427 4400 et
458 4346 510 4397 iu
542 4343 703 4398 editis
725 4385 738 4405 ,
765 4342 981 4395 invenio.

445 4415 633 4482 Inepta
660 4415 736 4468 illi
768 4414 894 4467 seni.
933 4412 1256 4483 l‘ythagorm
1275 4409 1480 4483 scilicet
1510 4447 1548 4483 ,_
1580 4405 1646 4483 de

373 4487 517 4553 tius,
548 4472 884 4541 'Philosmit.
940 4472 1032 4537 liii.
1083 4472 1175 4537 vin
1226 4481 1294 4536 de
1346 4480 1464 4534 Vita
1523 4472 1978 4553 Apiilliin._;Ct-ll.

371 4544 595 4683 quarto,
651 4573 775 4626 cap.
812 4556 896 4609 ll.
930 4554 1105 4622 Atque
1143 4554 1229 4607 hic
1257 4554 1516 4614 observa,
1560 4544 1832 4618 quomodo
1860 4544 1983 4597 irri-

410 4638 501 4683 eat
524 4630 718 4683 docnta
742 4628 810 4681 de
837 4627 1118 4680 animabus
1142 4634 1265 4680 ante
1309 4636 1537 4683 corpora
1557 4617 1812 4677 conditis,
1837 4614 1979 4683 quod

410 4638 501 4684 eat
524 4614 810 4700 dognta'de
837 4614 1118 4700 animabus
1142 4634 1265 4680 ante
1309 4636 1537 4700 corpora
1557 4614 1812 4700 conditis,
1837 4614 1979 4700 quod

372 4700 479 4770 ipsi
500 4687 776 4754 Laciautio
793 4698 1008 4768 quidam
1030 4694 1378 4770 affinxerunt.
1399 4687 1983 4770 IS£U$.:—E||[)I'I‘OPI.HI5

374 4755 539 4842 igitur
588 4772 714 4842 ille,
767 4755 931 4842 quem
956 4767 1208 4842 se_fuisse
1234 4768 1358 4821 olim
1392 4755 1983 4842 mentiebatur;Py_tha-

372 4830 575 4911 g'oras,
625 4830 724 4895 fuit
772 4830 964 4895 nobilis
1012 4838 1277 4909 Trojauus
1314 4853 1343 4892 a
1391 4834 1712 4891 Meuelaoiu
1745 4830 1981 4900 Trojano

374 4914 521 4968 bello
545 4913 778 4967 occisus.

452 4984 556 5051 Qui
581 4999 634 5038 se
662 4984 717 5036 in
741 4983 898 5049 priori
919 4982 1050 5044 vita,
1084 4989 1190 5035 etc.
1214 4979 1398 5035 Altera
1445 4992 1569 5051 pars
1602 4975 1760 5051 hujus
1788 4971 1982 5051 confu-

376 5045 596 5110 talionis
649 5045 889 5125 continet
935 5049 1528 5125 nalmsvsaiazv,“sive
1564 5045 1979 5125 μετεμψύχωᾳιν

374 5126 791 5198 Pythagoricam
823 5124 925 5198 :‘de
954 5117 1152 5198 qua'éx
1175 5120 1479 5198 Gentilibus
1526 5117 1696 5198 nemo
1711 5117 1981 5198 copiosius

375 5186 687 5251 O'vidio'lih.
717 5212 806 5250 xv.
833 5186 1188 5260 Metainorplt.
1219 5193 1349 5247 Post
1398 5188 1832 5260 Laertiutnvcro
1862 5186 1979 5260 lege

374 5267 609 5325 Gellium
664 5268 754 5321 lih.
819 5282 870 5319 tv
912 5282 1029 5333 cap.
1083 5257 1189 5328 ll;
1239 5263 1622 5333 Philostratum
1672 5257 1763 5333 li_b.
1801 5258 1982 5333 vmde

378 5339 501 5394 Vita
542 5336 835 5407 Apollonii.
870 5328 1189 5405 Exploditur
1217 5335 1393 5407 dignis
1437 5330 1607 5407 modis
1638 5345 1664 5381 a
1698 5328 1976 5407 _l.u_cianol,

374 5425 509 5466 cum
568 5398 738 5474 alibi,
799 5419 907 5462 tum
954 5398 1114 5461 etiam
1162 5408 1212 5460 in
1262 5403 1437 5459 Gallo.
1484 5402 1562 5456 Ex
1598 5398 1980 5474 ecclesiasticis

375 5468 736 5550 scriptoribus
760 5490 945 5533 notant
972 5478 1199 5550 Tertull.
1219 5479 1269 5529 in
1289 5475 1515 5550 Apolog.
1541 5488 1598 5528 ea
1610 5488 1660 5541 ρ.
1686 5471 1779 5550 49,
1800 5468 1982 5550 ‘Tatia-

377 5542 507 5608 nus'
535 5552 798 5606 adversus
845 5550 1049 5606 Gentes
1079 5565 1094 5614 ;
1133 5548 1283 5617 Orig.
1310 5548 1406 5602 lib.
1441 5542 1669 5601 {contra
1719 5542 1935 5617 Celsum
1961 5580 1977 5604 ,

376 5636 541 5694 atque
568 5638 757 5694 rursus
787 5632 968 5676 noster
993 5611 1305 5694 Lactantiits
1332 5619 1427 5694 lib.
1461 5634 1550 5694 vn,
1581 5612 1800 5694 c:_tp._‘:25
1821 5611 1981 5694 ;.Hie-

379 5684 643 5750 ronvmus
667 5693 757 5747 lib.
784 5708 818 5746 ll
849 5694 1107 5746 adversus
1128 5691 1306 5745 Jovin.
1335 5700 1388 5742 et
1418 5692 1468 5742 in
1504 5686 1760 5755 Apologia
1789 5684 1981 5755 adver-

377 5780 473 5821 sus
500 5765 774 5820 Ruftioum
801 5780 815 5824 :
843 5762 1174 5833 Augustinus
1192 5763 1262 5818 de
1275 5761 1536 5833 Triuitgite
1554 5752 1655 5833 lih.
1683 5752 1782 5833 ’κιρ
1811 5752 1980 5833 Chry-

377 5849 518 5892 sost.
548 5836 762 5894 humilia
785 5824 1015 5907 quadam
1041 5835 1092 5890 itt
1123 5850 1201 5889 xu
1229 5842 1392 5904 caput
1437 5829 1697 5895 Joannis;
1744 5824 1977 5897 Cyrillus

1688 4418 1794 4473 quo
1817 4402 1979 4456 Laer-

2073 3546 2259 3592 conlra
2290 3531 2583 3591 lulianum,
2617 3527 2710 3582 lib.
2740 3540 2832 3579 vn.
2865 3524 3193 3592 Bsrunmus.

2148 3585 2481 3674 Eiipliorbum
2503 3585 2679 3671 fuisse.
2724 3595 3047 3666 Euphorbus
3073 3591 3340 3661 'l‘rojanus
3368 3603 3398 3643 a
3440 3585 3683 3642 Menelao

2078 3671 2415 3734 interfectus.
2439 3671 2606 3727 Ceu.

2149 3727 2476 3817 Singularem
2505 3741 2813 3812 Pytltagorw
2838 3735 3153 3817 memoriam.
3187 3733 3305 3804 Ipse
3334 3731 3405 3787 de
3434 3745 3493 3785 se
3543 3727 3683 3799 apud

2075 3807 2350 3882 Ovidium,
2382 3807 2595 3870 Metam.
2635 3807 2728 3878 xv,
2758 3826 2813 3865 v.
2854 3807 2956 3864 160
2989 3825 3001 3860 :

2202 3941 2317 3989 Isne
2344 3950 2439 3999 ego
2463 3938 2479 3998 (
2508 3949 2616 3999 nam
2634 3934 2837 3999 memini
2859 3930 2880 3994 )
2905 3929 3111 3999 Trojaui
3145 3933 3372 3991 tempore
3393 3925 3535 3999 belli.

2205 3989 2502 4052 Panthoides
2525 3996 2817 4058 Euphorbus
2839 3989 2974 4058 eram
2999 3989 3014 4052 ξ
3036 3989 3345 4058 cuipectore
3365 3989 3611 4058 quondam

2206 4050 2647 4115 seditiuadvers'o
2681 4058 2844 4120 gravis
2890 4050 3029 4105 hasta
3072 4050 3276 4103 minoris
3319 4050 3522 4165 totum.

3366 4130 3471 4163 san.

3366 4130 3451 4163 ΕΜ,
3460 4151 3471 4160 .

2157 4253 2253 4319 Qui
2284 4253 2438 4305 vitam
2460 4265 2560 4302 non
2583 4263 2691 4319 esse
2719 4261 2920 4315 plenam
2951 4250 3104 4312 putet.
3137 4238 3260 4319 Hinc
3280 4234 3690 4319 lect_io_perr_nul:

2085 4305 2258 4379 tori]...
2292 4337 2420 4377 mss.
2451 4333 2567 4384 ρει,
2602 4305 2870 4371 editorum
2921 4305 3171 4384 quatuor.
3200 4310 3395 4377 Scripti
3428 4309 3455 4358 ‘7
3485 4305 3690 4384 addunt

2087 4374 2273 4458 limis";
2295 4374 2538 4465 quinque
2557 4374 2820 4444 exhibent
2851 4374 2999 4438 malis
3030 4383 3269 4455 plenam,
3303 4374 3361 4432 tit
3397 4387 3452 4431 et
3492 4374 3687 4446 vulgati

2088 4481 2422 4606 sexfamafama
2443 4541 2546 4606 est;
2572 4529 2647 4606 ita
2674 4525 2950 4583 veterrimi
2984 4537 3112 4606 m_ss.
3142 4523 3168 4575 1
3203 4518 3504 4606 Βοηριιγυό
3529 4518 3686 4588 Reg,

2088 4608 2258 4677 Lips.,
2285 4590 2424 4677 ΡΛ,
2460 4602 2755 4677 l_Colbert._
2779 4614 2810 4652 a
2837 4595 3070 4677 secunda
3101 4608 3286 4677 manu.
3315 4591 3369 4645 lu
3398 4590 3466 4645 i5
3497 4604 3606 4677 rec.
3635 4598 3687 4643 et

2086 4660 2382 4733 formonsis
2412 4660 2605 4744 legitur
2634 4670 2865 4742 profatus
2880 4684 2899 4733 ;
2935 4668 2986 4720 in
3006 4667 3041 4721 4
3062 4664 3277 4744 scriptis
3294 4677 3406 4718 rec.
3429 4660 3690 4733 professus

2085 4761 2179 4805 est.
2218 4736 2597 4816 Prwfaluacst,
2631 4736 2682 4797 id
2709 4736 2818 4816 est,
2852 4736 3197 4816 supra-dixit.

2161 4803 2520 4879 Gratul'emur,
2570 4803 2676 4870 etc.
2732 4813 2858 4866 Haec
2885 4803 2991 4863 non
3017 4810 3268 4879 leguntur
3291 4803 3431 4879 apud
3470 4803 3692 4879 Cicero-

2085 4874 2207 4949 neni
2236 4896 2286 4946 in
2317 4889 2466 4944 libris
2486 4874 2553 4942 de
2579 4884 2845 4949 Legibus;
2874 4874 3122 4951 leguntur
3144 4874 3427 4951 equidem.
3452 4874 3688 4951 seduon

2086 4945 2276 5019 iisdem
2300 4960 2500 5024 verbis,
2531 4960 2582 5012 in
2605 4974 2622 5011 ι
2643 4945 2999 5011 Tusculanam
3019 4945 3302 5024 qumstiou.
3334 4946 3434 5024 sub
3456 4945 3686 5024 initium.

2160 5014 2581 5091 Siren—atticarente.
2609 5028 2787 5083 MssJ
2825 5014 3231 5089 Bouonfantiq.
3267 5032 3320 5072 et
3344 5014 3692 5091 Cot_t_on._ha-

2084 5086 2224 5161 benti
2252 5086 2408 5159 sensu
2453 5110 2707 5171 pereunte.
2756 5096 2908 5166 Apud
2926 5086 3261 5171 Ciceronem.
3282 5100 3334 5143 et
3357 5090 3410 5141 in
3438 5088 3470 5142 5
3497 5086 3654 5141 editis
3672 5126 3686 5149 ,

2083 5192 2293 5233 necnon
2332 5184 2387 5229 et
2417 5162 2606 5241 i'lleg.
2643 5184 2751 5224 rec.
2783 5162 2865 5241 est
2891 5183 3042 5241 sensa
3070 5162 3281 5241 carenti.

2158 5227 2675 5303 vtirsibiividebdtur.
2709 5239 2957 5294 Refertur
2979 5236 3045 5290 ad
3075 5235 3393 5303 Ciceronem
3429 5227 3515 5297 qui
3545 5243 3687 5296 prae-

2083 5300 2279 5385 cessit,
2312 5328 2368 5372 et
2397 5330 2521 5370 mox
2549 5314 2812 5381 sequitur.
2840 5308 2968 5385 Mss.
2992 5317 3103 5361 tres
3128 5304 3346 5385 addunt,
3370 5300 3568 5385 lectitas
3590 5310 3685 5383 est.

2083 5371 2352 5448 iﬁin’ss’.
2386 5394 2442 5440 et
2472 5386 2521 5439 in
2553 5371 2772 5438 totidem
2817 5380 2980 5436 editis
3009 5388 3093 5431 est
3122 5377 3355 5439 videtur;
3381 5375 3431 5426 in
3462 5371 3495 5426 8
3518 5372 3688 5443 scrip-

2084 5465 2152 5519 tis
2173 5505 2187 5525 .
2220 5460 2472 5514 videntur.

2160 5517 2382 5587 Litteras.
2411 5526 2645 5583 Scilicet.
2680 5522 2884 5579 Daniel.
2912 5535 2988 5573 xu
3010 5558 3025 5585 ,
3055 5517 3241 5573 Matth.
3268 5531 3324 5570 ιιι
3348 5555 3362 5579 ,
3394 5530 3509 5579 xui,
3546 5529 3689 5578 xxv,

2083 5605 2381 5731 JoiJIiOid‘tiiri
2405 5616 2627 5726 i‘ittlius.
2662 5666 2809 5720 llanc
2840 5664 3082 5719 ultimam
3114 5677 3301 5716 vocem
3332 5659 3512 5713 addidi
3535 5672 3601 5709 ex
3628 5656 3692 5731 iii

2083 5726 2295 5804 excusis
2310 5726 2331 5809 Ὗ,
2364 5755 2417 5798 et
2443 5758 2507 5797 ex
2539 5738 2792 5795 omnibus
2847 5751 2975 5809 mss.
3013 5731 3430 5809 prwterdhl’trg.
3459 5744 3566 5809 rec.
3602 5726 3689 5780 cui

2442 5795 2596 5868 abest
2624 5824 2803 5865 autem
2832 5826 2860 5862 a
2892 5795 3063 5862 tribus
3084 5819 3177 5861 rec
3202 5801 3363 5873 (Vide
3398 5795 3579 5869 infra).
