4154 6196
491 225 591 282 411

1564 222 1747 281 Fili“.
1791 219 2157 280 LACTANTII
2192 219 2394 278 DIVIN.
2436 220 2680 280 ΙΝΒΤΙΤ.

3683 226 3793 281 412

496 349 557 397 ut
608 341 748 398 idem
798 340 1007 398 Tullius
1047 342 1100 397 in
1149 340 1529 398 Consolatione
1553 355 1658 397 non
1680 339 1897 397 easdem
1935 336 2092 396 sedes
2118 344 2173 403 Α
2198 338 2449 409 pauciora
2471 339 2611 396 mala
2641 354 2748 396 non
2779 347 3009 411 pensant
3028 340 3189 399 bonis
3217 340 3482 412 pluribus.
3513 341 3646 396 Nam
3667 357 3791 398 cum

496 438 733 495 incolere
772 438 947 509 justas
970 446 1131 509 atque
1173 437 1368 508 impios
1395 435 1786 508 prtcdicaverit.
1810 434 1919 491 Nec
1948 434 2092 490 enim

494 534 745 588 omnibus
768 573 784 598 ,
814 532 1007 603 inquit,
1038 532 1199 587 iidem
1228 532 1308 587 illi
1334 532 1611 601 sapientes
1647 528 1889 585 arbitrati
1932 538 2091 596 sunt,

492 626 746 682 eumdem
776 642 992 681 cursum
1024 626 1079 681 in
1110 625 1303 682 calum
1328 632 1513 693 patere
1535 642 1549 679 :
1574 638 1697 679 nam
1729 623 1871 678 vitiis
1897 631 1952 678 et
1979 636 2097 678 sce—

494 722 695 779 leribus
746 723 1138 775 contaminatos
1189 720 1416 789 deprimi
1461 718 1517 773 in
1546 717 1817 784 tenebras,
1852 724 2013 786 atque
2042 716 2093 770 in

496 828 655 869 emno
676 812 859 880 jacere
886 813 1210 878 docuerunt;
1236 822 1414 868 castos
1441 822 1622 867 autem
1651 811 1879 877 animos,
1909 822 2093 879 puros,

496 908 769 979 integros,
824 907 1205 976 incorruptos,
1252 907 1407 962 bonis
1455 909 1618 961 etiam
1682 904 1874 959 studiis
1934 910 2096 972 atque

496 1001 700 1057 artibus
724 1000 1013 1070 expolitos,
1043 999 1146 1054 levi
1175 999 1406 1070 quodam
1428 1007 1484 1054 et
1512 996 1655 1052 facili
1686 997 1837 1066 lapsu
1854 994 1920 1049 ad
1941 993 2094 1058 deos,

495 1096 547 1150 id
577 1102 659 1150 est
679 1134 695 1160 ,
727 1092 793 1148 ad
823 1104 1068 1149 naturam
1093 1093 1176 1147 sui
1206 1093 1437 1148 similem
1482 1091 1781 1161 pervolare.
1811 1087 1943 1155 Quae
1968 1101 2094 1141 sen-

496 1187 659 1241 tentia
707 1186 972 1256 superiori
1001 1185 1076 1240 illi
1104 1193 1421 1255 argumento
1442 1193 1723 1254 repugnat.
1764 1181 1898 1237 Illud
1945 1180 2089 1236 enim

495 1280 573 1334 sic
619 1290 953 1348 assumptum
984 1287 1102 1344 est,
1158 1289 1431 1349 tamquam
1478 1292 1700 1333 necesse
1728 1277 1837 1342 sit,
1878 1290 2095 1329 omnem

497 1371 769 1427 hominem
832 1381 1013 1426 natum
1060 1371 1460 1426 immortalitate
1510 1372 1721 1426 donari.
1755 1369 1907 1439 Quod
1936 1370 2097 1441 igitur

498 1463 602 1519 erit
632 1463 925 1519 discrimen
957 1464 1204 1530 virtutis,
1234 1480 1295 1517 ac
1318 1462 1573 1529 sceleris,
1603 1462 1646 1517 si
1680 1460 1809 1521 nihil
1838 1462 2094 1526 interest,

496 1565 747 1614 utrumne
785 1555 1051 1613 Aristides
1102 1556 1169 1611 sit
1223 1554 1418 1629 aliquis
1440 1598 1455 1625 ,
1498 1572 1564 1610 an
1598 1554 1889 1615 Phalaris?
1920 1565 2095 1609 utrum

492 1649 663 1715 Cato,
712 1664 779 1703 an
828 1648 1057 1703 Catilina
1090 1647 1114 1701 ‘I
1142 1646 1250 1705 Sed
1296 1647 1434 1704 hanc
1466 1647 1871 1720 repugnantiam
1917 1663 2095 1703 rerum

2196 446 2412 488 omnem
2446 433 2612 490 vitam
2644 450 2742 506 per
2765 435 3061 504 exquisitas
3087 443 3143 491 et
3173 435 3351 491 varias
3378 437 3661 493 traducunt
3694 454 3793 494 vo-

2196 523 2451 594 luptates,
2483 525 2619 581 mori
2645 527 2904 596 cupiunt,
2934 527 2982 582 si
3012 527 3141 598 quid
3174 528 3314 584 forte
3351 528 3439 585 his
3477 532 3794 587 amaritudi-

2197 618 2282 672 nis
2308 619 2659 687 supervenit;
2708 629 2762 674 et
2789 620 2870 675 sic
2900 619 3106 675 habent
3133 660 3146 685 ,
3192 630 3466 692 tamquam
3500 624 3609 679 illis
3655 640 3793 681 nun-

2197 725 2357 781 quam
2387 710 2546 766 fuerit
2575 710 2737 778 bene,
2762 712 2808 766 si
2826 712 3121 783 aliquando
3150 713 3311 769 fuerit
3335 715 3497 770 male.
3527 716 3793 776 Damnant

2198 800 2358 872 igitur
2384 802 2545 857 vitam
2577 818 2792 858 omnem
2819 845 2833 869 ,
2881 805 3207 876 plenamque
3253 808 3388 861 nihil
3420 809 3562 863 aliud
3585 844 3601 876 ,
3630 826 3794 880 qnam

2197 897 2354 952 malis
2383 899 2694 967 opinantur.
2726 898 2863 954 Hinc
2890 908 3015 954 nata
3043 910 3129 956 est
3167 901 3352 972 inepta
3375 902 3468 956 illa
3497 907 3789 975 sententia,

2199 989 2337 1045 hanc
2366 1004 2488 1045 esse
2518 1000 2774 1057 mortem,
2805 1007 2965 1062 quam
2998 1008 3100 1049 nos
3129 994 3292 1048 vitam
3327 1004 3612 1065 putemus;
3643 998 3793 1054 illam

2196 1086 2382 1152 vitam,
2413 1103 2573 1157 quant
2603 1103 2701 1142 nos
2732 1104 2829 1158 pro
2861 1101 3040 1144 morte
3085 1091 3407 1146 timeamus:
3449 1091 3521 1146 ita
3554 1094 3793 1162 primum

2199 1175 2399 1232 bonum
2429 1194 2569 1244 esse,
2605 1195 2711 1233 non
2742 1182 2912 1247 nasci,
2939 1181 3238 1236 secundum
3259 1182 3420 1236 citius
3448 1184 3610 1238 mori.
3635 1185 3793 1255 Quae,

2200 1278 2259 1324 ut
2280 1271 2500 1340 majoris
2527 1273 2593 1326 sit
2622 1275 2977 1338 auctoritatis,
3008 1274 3194 1329 Sileno
3222 1276 3555 1331 attribuitur.
3576 1274 3794 1347 Cicero,

2200 1364 2254 1419 in
2306 1364 2730 1421 Consolatione:
2767 1385 2785 1419 ς
2816 1366 2933 1422 Non
2982 1367 3133 1424 nasci
3167 1408 3184 1434 ,
3228 1369 3440 1438 inquit,
3496 1372 3657 1441 lange
3697 1386 3795 1442 op-

2203 1461 2429 1525 timum,
2464 1476 2564 1517 nec
2598 1462 2651 1516 in
2699 1461 2802 1515 hos
2834 1462 3092 1531 scopulos
3120 1463 3361 1518 incidere
3393 1464 3556 1531 vitai;
3604 1465 3794 1520 Proxi-

2201 1570 2345 1611 mum
2368 1564 2572 1621 autem,
2622 1556 2668 1610 si
2700 1565 2855 1610 natus
2894 1557 2969 1610 sis
2990 1592 3005 1620 ,
3055 1556 3455 1626 quamprimum
3485 1557 3644 1623 mori,
3676 1566 3797 1612 tan-

2198 1663 2359 1718 quam
2382 1663 2449 1703 ex
2476 1648 2727 1703 inccndio
2754 1647 2991 1718 effugere
3012 1649 3329 1705 violentiam
3349 1649 3635 1705 fortunam
3661 1651 3795 1708 Cre-

492 1743 989 1813 sententiarumque
1016 1754 1120 1797 non
1142 1744 1333 1806 cernit,
1360 1743 1462 1798 nisi
1492 1743 1582 1814 qttl
1614 1752 1761 1798 tenet
1786 1743 2089 1798 veritatem.
2124 1743 2172 1805 Β
2199 1738 2401 1795 didisse
2432 1739 2583 1795 illum
2626 1741 2918 1795 vanissimo
2943 1741 3094 1797 dicto
3122 1741 3322 1796 exinde
3359 1752 3618 1811 ajiparet,
3652 1743 3797 1813 quod

492 1837 549 1893 Si
576 1837 695 1908 quis
726 1836 887 1907 igitur
917 1851 1016 1892 nos
1053 1846 1208 1907 roget
1235 1879 1247 1899 ,
1297 1846 1551 1892 utrumne
1580 1837 1780 1892 bonum
1811 1837 1882 1892 sit
1908 1851 2056 1892 mors
2077 1879 2092 1901 ,

490 1942 559 1984 an
590 1928 789 1983 malum
813 1929 838 1983 ἲ
863 1928 1313 2000 respondebimus
1337 1972 1352 1998 ,
1380 1930 1691 2000 qualitatem
1732 1930 1944 2000 ejus'ex
1971 1931 2095 1986 vitae

492 2024 703 2080 ratione
751 2022 1009 2094 pendere.
1062 2023 1193 2079 Nam
1237 2023 1376 2079 sicut
1402 2024 1505 2078 vita
1533 2024 1645 2094 ipsa
1667 2024 1867 2080 bonum
1897 2030 2016 2089 est,
2050 2025 2095 2080 si

490 2129 613 2172 cum
643 2116 839 2172 virtute
872 2117 1091 2172 vivatur
1110 2159 1126 2186 ,
1151 2117 1352 2172 malum
1380 2158 1395 2184 ,
1428 2116 1476 2171 si
1505 2129 1626 2171 cum
1650 2116 1853 2173 scelere
1886 2135 1898 2170 :
1928 2118 2005 2173 sic
2036 2124 2094 2172 et

491 2221 640 2263 mors
685 2222 751 2263 ex
800 2208 1087 2278 praeteritis
1112 2210 1237 2263 vitae
1270 2209 1481 2265 actibus
1508 2209 1853 2279 ponderanda
1882 2217 1985 2266 est.
2019 2210 2093 2265 Ita

493 2299 589 2364 fit,
639 2306 697 2352 ut
744 2299 791 2352 si
835 2299 945 2353 vita
996 2300 1047 2354 in
1091 2299 1186 2356 Dei
1216 2299 1476 2371 religione
1507 2309 1773 2356 transacta
1808 2302 1915 2369 sit,
1947 2316 2095 2358 mors

490 2391 691 2446 malum
740 2406 846 2447 non
902 2393 1009 2461 sit;
1042 2394 1165 2464 quia
1197 2394 1481 2449 translatio
1516 2394 1685 2450 estad
1710 2395 2092 2451 immortalita-

491 2492 621 2539 tem.
654 2484 748 2539 Sin
778 2494 953 2540 antem
981 2528 994 2551 ,
1026 2488 1225 2541 malum
1255 2488 1325 2542 sit
1373 2502 1599 2545 necesse
1652 2497 1774 2555 est;
1834 2491 2090 2561 quoniam

488 2576 553 2631 ad
590 2587 790 2632 aeterna
824 2579 843 2648 (
870 2586 927 2633 ut
952 2578 1062 2633 dixi
1090 2577 1110 2652 )
1134 2579 1392 2650 supplicia
1424 2582 1761 2636 transmittit.

559 2670 698 2739 Quid
721 2685 852 2744 ergo
880 2672 1124 2729 dicemus
1145 2724 1158 2741 ,
1194 2675 1298 2729 nisi
1316 2688 1502 2730 errare
1531 2674 1672 2742 illos,
1700 2676 1789 2747 qui
1818 2683 1911 2730 aut
1934 2688 2081 2731 mor-

487 2768 597 2845 tem
625 2773 908 2835 appetunt,
945 2773 1218 2837 tamquam
1256 2766 1456 2821 bonum
1480 2808 1495 2832 ,
1526 2776 1618 2822 aut
1648 2769 1810 2823 vitam
1840 2767 2047 2839 fugiunt
2068 2812 2084 2837 ,

2198 1833 2396 1902 adjecit
2421 1834 2621 1904 aliquid
2649 1833 2718 1890 de
2747 1850 2870 1901 suo,
2905 1845 2964 1891 ut
2993 1843 3234 1890 ornaret.
3270 1836 3467 1902 Quaero
3495 1837 3679 1905 igitur,
3708 1838 3797 1894 cui

2196 1939 2320 1981 esse
2346 1927 2610 1996 optintum
2642 1937 2793 1998 putet
2833 1943 2940 1984 non
2990 1927 3173 1995 nasci,
3206 1942 3329 1983 cum
3378 1929 3452 1983 sit
3475 1929 3657 1985 nullus
3679 1944 3799 1986 om-

2197 2019 2363 2088 nino,
2405 2022 2496 2091 qui
2528 2022 2765 2076 sentiat:
2802 2037 2925 2076 nam
2971 2032 3028 2077 ut
3058 2021 3260 2078 bonum
3305 2022 3376 2077 sit
3411 2023 3617 2093 aliquid
3643 2065 3659 2090 ,
3706 2033 3800 2080 aut

2196 2111 2436 2180 malum,
2482 2128 2676 2168 sensus
2720 2112 2908 2168 efﬁcit.
2953 2112 3175 2181 Deinde,
3228 2127 3326 2169 cur
3367 2128 3586 2169 omnem
3635 2117 3797 2171 vitam

2201 2204 2332 2261 nihil
2361 2205 2505 2261 aliud
2531 2221 2652 2262 esse
2675 2248 2690 2274 ,
2737 2221 2897 2277 quam
2928 2207 3181 2277 scopulos
3203 2248 3217 2273 ,
3249 2216 3306 2263 et
3334 2207 3645 2263 incendium
3692 2224 3797 2279 pu-

2201 2300 2428 2367 taverit;
2459 2301 2608 2371 quasi
2639 2308 2733 2354 aut
2760 2300 2810 2354 in
2838 2311 3020 2355 nostra
3052 2299 3214 2355 fuerit
3238 2310 3541 2371 potestate,
3572 2318 3640 2358 ne
3665 2318 3796 2359 nas-

2196 2406 2471 2460 ceremur,
2499 2403 2590 2447 aut
2612 2393 2773 2447 vitam
2807 2391 2962 2448 nobis
2993 2393 3203 2447 fortuna
3232 2394 3463 2459 tribuat,
3494 2410 3599 2449 non
3624 2396 3795 2463 Deus,

2196 2497 2290 2541 aut
2319 2486 2531 2541 vivendi
2583 2486 2720 2541 ratio
2764 2486 3060 2556 quidquam
3096 2486 3279 2543 simile
3316 2485 3567 2545 incendio
3599 2487 3798 2546 habere

2196 2578 2465 2635 videatur.

2263 2671 2382 2726 Non
2411 2670 2676 2727 dissimile
2723 2670 2964 2725 Platonis
2992 2669 3123 2725 illud
3167 2679 3282 2728 est.
3317 2671 3460 2742 quod
3501 2671 3704 2736 aiebat,
3733 2685 3793 2727 se

2189 2766 2392 2835 gratias
2434 2780 2595 2834 agere
2629 2773 2838 2819 natura
2868 2779 2883 2821 ;
2939 2763 3168 2833 primum
3193 2804 3207 2830 ,
3235 2763 3381 2835 quod
3425 2749 3587 2819 homo
3636 2775 3794 2820 natus

487 2868 761 2928 tamquam
786 2859 1029 2913 malum?
1074 2858 1179 2915 nisi
1226 2858 1372 2931 quod
1411 2870 1538 2916 sunt
1597 2860 1951 2933 iniquissimi,
1985 2863 2078 2933 qui
2105 2852 2149 2915 C
2183 2868 2330 2915 esset
2379 2855 2589 2929 potius,
2644 2872 2805 2929 qnam
2850 2866 3058 2913 mutum
3114 2857 3346 2925 animal;
3386 2857 3602 2926 deinde,
3652 2857 3797 2930 quod

1824 3000 1911 3059 VA
1923 2999 2185 3057 RIOBUM
2224 2994 2449 3055 NOTIE.

568 3112 979 3189 Easdsmsedes.
1002 3115 1221 3189 Homeri
1244 3126 1299 3173 et
1329 3117 1531 3189 Virgilii
1557 3128 1801 3184 poemata
1824 3119 1927 3175 hoc
1950 3119 2091 3176 idem

487 3181 909 3262 docent.-_—Non
935 3187 1134 3262 easdem
1163 3189 1325 3245 sedes.
1348 3181 1620 3262 intercidit
1639 3191 1854 3262 quidem
1890 3192 1976 3246 hic
2003 3190 2090 3248 Ci-

486 3256 697 3332 ceronis
726 3256 916 3332 locus_:_
941 3259 1032 3332 sed
1079 3268 1324 3332 superest
1356 3260 1475 3314 huic
1504 3256 1671 3332 planc'
1700 3262 1946 3331 geminus
1968 3263 2003 3316 Ι.
2046 3280 2085 3329 ι,

485 3324 719 3401 Τιιξρυιζ
741 3343 801 3401 Δ(ξ.
854 3328 923 3382 50
960 3324 1303 3401 dignissimus
1336 3324 1890 3387 lectquonl‘fLact.
1926 3334 1960 3390 Ι.
1992 3324 2082 3401 vn,

485 3410 535 3450 c.
565 3397 940 3471 ZetPfanner.
970 3399 1227 3471 Theolog.
1260 3401 1457 3457 Gentii.
1486 3420 1534 3459 c.
1568 3404 1658 3460 ει.
1688 3404 1966 3459 BUNEHAN.

558 3465 736 3544 Custos
757 3481 924 3523 autem
952 3465 1307 3534 animasfetc.
1335 3474 1616 3541 Euripides
1636 3476 1686 3528 itt
1712 3476 2079 3544 Supplicibus.

483 3539 558 3613 it
603 3540 838 3595 animum
869 3557 901 3597 e
924 3556 1155 3612 corpore
1182 3539 1545 3613 egredientem
1572 3545 1625 3599 in
1657 3539 1855 3601 celum
1883 3588 1897 3613 ,
1942 3548 2083 3601 unde

484 3609 668 3678 lapsus
716 3624 866 3679 erat,
913 3609 1129 3685 avni—are
1160 3630 1174 3665 :
1209 3609 1404 3685 corpus
1456 3627 1634 3672 autem
1695 3609 1893 3684 terras,
1945 3620 2085 3674 unde

483 3689 663 3735 ortum
693 3690 843 3748 erat,
879 3683 1053 3739 reddi.
1089 3683 1328 3741 "anno.

557 3750 725 3824 Facili
758 3754 905 3824 lapsu
931 3754 998 3808 ad
1023 3756 1210 3809 deos...
1238 3758 1516 3824 pervolare.
1533 3757 1723 3814 Cicero
1748 3774 1794 3813 c.
1832 3759 1867 3812 l.
1896 3758 1992 3813 llis
2018 3761 2087 3814 ad

482 3821 603 3875 illos
633 3823 653 3893 (
679 3821 849 3902 deos)
873 3841 904 3877 a
933 3826 1111 3895 quibus
1132 3821 1296 3882 essent
1326 3831 1576 3899 profecti,
1624 3830 1843 3884 reditum
1882 3832 2086 3902 facilem

485 3892 676 3962 patere.
709 3892 837 3947 Βυκρ

560 3961 831 4042 Ilominem
862 3973 1057 4042 nolunt.
1084 3964 1619 4042 Elegantiavocibns
1658 3969 1741 4026 his
1764 3971 1965 4042 junctis
1990 3989 2083 4028 su-

483 4032 626 4089 best.
663 4035 754 4087 lib.
786 4052 870 4101 vr,
897 4050 946 4090 c.
981 4037 1014 4091 '5
1047 4056 1060 4089 :
1092 4032 1539 4094 Immortalitatem
1572 4041 1700 4095 nulli
1728 4032 1917 4096 homini
1966 4055 2086 4100 nato

482 4104 798 4179 negatrLib.
829 4122 901 4160 vn
922 4122 1008 4179 .c.
1046 4108 1079 4163 5
1104 4125 1117 4160 :
1150 4110 1414 4179 Siquidem
1442 4113 1606 4166 omnis
1635 4114 1783 4166 homo
1808 4126 1957 4169 natus
1984 4116 2083 4168 im-

481 4176 713 4253 mortalis
741 4179 904 4253 ﬁeret.
933 4178 1139 4253 Seneca
1160 4222 1173 4242 ,
1200 4176 1268 4235 de
1294 4181 1480 4237 Const.
1510 4184 1634 4252 Sap.
1660 4199 1709 4239 c.
1737 4184 1771 4240 6
1795 4201 1807 4237 :
1843 4184 1964 4240 Non
1989 4197 2086 4253 est,

479 4250 618 4332 quod
670 4246 899 4373 détbites,
931 4267 999 4304 an
1025 4251 1202 4307 tollere
1222 4269 1276 4306 se
1302 4253 1451 4307 homo
1490 4246 1640 4310 natus
1668 4272 1825 4326 supra
1862 4246 2088 4313 humana

482 4330 659 4373 possit.
737 4337 823 4373 un.

481 4322 659 4388 possit.
692 4322 823 4375 BUN.

2195 3116 2375 3172 Cicer.
2412 3117 2464 3170 in
2491 3116 2679 3170 Somn.
2713 3113 2859 3185 Scip.
2894 3122 2951 3170 et
2978 3115 3141 3171 Tusc.
3171 3132 3210 3171 ι.
3253 3114 3402 3172 Hanc
3444 3126 3624 3173 tamen
3668 3134 3798 3175 sen-

2195 3191 2439 3254 tentiam,
2460 3202 2619 3255 quam
2653 3184 2890 3255 ineptam
2920 3184 3048 3240 dicit
3078 3188 3410 3255 Lactantius,
3447 3204 3549 3243 non
3574 3202 3795 3246 veretur

2195 3204 2439 3254 tentiam,
2499 3204 2619 3241 nam
2653 3204 2890 3255 ineptam
2920 3204 3048 3240 UICII
3078 3204 3410 3255 Lactantius,
3447 3204 3549 3243 non
3574 3204 3795 3246 veretur

2194 3260 2424 3329 probare
2460 3204 2663 3331 (Cicero
2695 3300 2708 3322 ,
2736 3258 2933 3331 Epist.
2966 3259 3058 3312 lib.
3092 3274 3203 3323 xvr,
3236 3256 3392 3325 epist.
3425 3260 3478 3314 8.
3509 3291 3579 3301 —-
3606 3261 3795 3331 Inepta

2189 3332 2461 3399 sentemia,
2486 3341 2589 3383 etc.
2622 3329 2928 3399 Euripidem
2962 3341 3136 3395 notat,
3164 3331 3318 3399 cujus
3342 3348 3530 3388 versus
3557 3329 3794 3388 servavit

2189 3396 2456 3474 Origenes
2478 3415 2666 3456 contra
2698 3398 2939 3465 Celsum,
2974 3402 3065 3456 lib.
3096 3417 3194 3467 vti,
3229 3396 3346 3473 pag.
3378 3403 3529 3459 366.‘

2436 3488 2505 3538 Τὶς
2527 3487 2639 3535 sistit.
2664 3485 2695 3530 ιῖ
2714 3491 2758 3529 τὸ
2780 3490 2845 3539 ζῇν
2868 3493 2933 3541 μιν
2956 3491 3038 3533 ini
3059 3492 3249 3532 κατθάνιιν

2438 3550 2495 3593 Τὸ
2519 3555 2709 3593 "abavus
2736 3549 2779 3591 δί
2804 3552 2881 3603 ζῇν.
3007 3572 3012 3578 ~

2191 3616 2329 3672 Add.
2360 3616 2621 3685 Spencer.
2657 3615 2782 3687 iul.
2821 3632 2873 3687 p_.
2909 3613 2998 3687 89.
3032 3612 3125 3687 llis
3149 3614 3350 3687 gemini
3388 3626 3510 3671 sunt
3544 3616 3788 3687 Euripid.

2191 3685 2965 3757 versus,’l‘road.,v.65|,839,
2994 3694 3049 3740 et
3078 3686 3267 3757 incert.
3291 3686 3488 3757 Trag.v
3511 3688 3635 3743 551.
3657 3685 3789 3745 Bon.

2264 3758 2789 3832 Sileuo_atlrilmit_ur.
2813 3755 3025 3832 Cicero,
3055 3772 3071 3809 ι
3100 3755 3425 3832 Tusculam;
3618 3761 3796 3832 ΑῙῙῃ,

2192 3838 2275 3883 tur
2315 3833 2379 3883 de
2425 3829 2603 3883 Sileno
2633 3829 2825 3902 fabella
2851 3830 3088 3902 quaedam
3122 3843 3142 3881 :
3168 3829 3253 3902 qui
3287 3845 3401 3902 cum
3440 3847 3470 3883 a
3504 3829 3797 3902 Midaeap-

2193 3911 2273 3955 tus
2301 3911 2448 3967 esset,
2478 3902 2571 3952 hoc
2598 3901 2643 3952 si
2672 3900 2895 3953 muneris
2935 3916 3027 3969 pro
3054 3916 3147 3954 sua
3177 3901 3416 3954 missione
3442 3905 3645 3957 dedisse
3666 3900 3798 3959 scri-

2190 3971 2356 4037 bitur,
2389 3972 2621 4025 docuisse
2641 3986 2832 4039 regem,
2853 3987 2954 4023 non
2982 3971 3123 4024 nasci
3144 3972 3341 4025 homini
3363 3974 3795 4043 longeuptimum

2190 4060 2316 4106 esse,
2350 4048 2650 4111 proximum
2683 4053 2873 4107 autem,
2903 4042 3281 4111 quamprimum
3312 4042 3465 4097 mori.
3500 4042 3579 4100 De
3607 4046 3796 4103 Sileno

2190 4113 2336 4170 conf.
2364 4114 2612 4168 Perizon.
2640 4113 2707 4166 ad
2734 4113 2960 4173 Elian”
2992 4113 3117 4167 Var.
3144 4112 3275 4168 Hist.
3305 4115 3339 4167 Ι.
3370 4130 3449 4180 ut,
3477 4131 3526 4170 c.
3558 4117 3793 4174 18.8w.

2265 4184 2388 4239 Non
2414 4188 2572 4238 nasci.
2628 4184 2725 4239 Est
2753 4194 2807 4239 et
2838 4183 2926 4238 hic
2956 4186 3105 4239 locus
3137 4186 3187 4239 in
3232 4200 3249 4239 ι
3288 4183 3509 4241 Tuscul.
3554 4201 3745 4255 qumst.
3775 4228 3793 4255 ,

2265 4205 2388 4239 1V0"
2414 4205 2572 4238 ηαδστ.
2628 4205 2725 4239 nat
2753 4205 2807 4239 CI.
2838 4205 2926 4238 HIC
2956 4205 3105 4239 IUCUS
3137 4205 3187 4239 Ill
3232 4205 3249 4239 ι
3296 4205 3509 4241 ιιιςουι.
3596 4205 3745 4244 1111351.
3775 4228 3793 4255 ,

2191 4272 2297 4311 non
2317 4257 2474 4325 longe
2496 4271 2523 4309 a
2548 4255 2670 4309 line.
2697 4256 2787 4310 Sic
2806 4270 2859 4310 et
2887 4255 3091 4310 Plinius
3125 4257 3179 4310 in
3221 4257 3539 4325 praefatione
3554 4205 3665 4314 ‘iib.
3691 4276 3793 4316 vn.

2192 4327 2265 4382 ait
2288 4346 2300 4383 :
2320 4327 2505 4397 Itaque
2523 4328 2669 4380 multi
2696 4330 2920 4390 extitere,
2947 4328 3033 4399 qui
3062 4345 3162 4381 non
3182 4330 3322 4383 nasci
3343 4332 3595 4399 Optimum
3619 4347 3796 4387 cense-

551 4388 817 4472 .dristides.
856 4392 949 4446 llic
977 4394 1206 4448 sumitur
1234 4409 1330 4480 pro
1361 4396 1550 4464 quovis
1568 4397 1713 4480 justo
1733 4440 1746 4452 .
1770 4399 1911 4480 sicut
1944 4399 2083 4480 Pha-
2111 4403 2166 4463 D
2191 4409 2324 4480 rent,
2353 4388 2439 4452 aui
2467 4415 2621 4480 quam
2649 4399 2880 4480 ocissime
2909 4388 3119 4452 aboleri.

479 4460 744 4538 lharisupro
777 4473 1038 4538 tyranno,
1069 4460 1253 4538 atque
1276 4460 1430 4520 Cato;
1444 4484 1539 4537 pro
1564 4460 1706 4523 bono
1736 4472 1853 4526 cive
1877 4512 1892 4538 ,
1933 4473 2009 4526 sic
2032 4482 2085 4526 et

479 4529 706 4616 Catilina
768 4529 864 4603 pro
914 4529 1118 4591 nefario
1163 4529 1659 4605 hominefhorum
1691 4529 1929 4598 historia:
1957 4553 2083 4599 sunt

481 4614 799 4659 ιιοιιεεπηαξ.

553 4672 635 4753 An
687 4674 953 4730 Phalaris.
1011 4676 1058 4733 Is
1102 4689 1186 4735 est
1223 4679 1463 4737 famosus
1503 4683 1975 4753 Agrigentinorum
2032 4685 2086 4740 in

480 4744 659 4800 Sicilia
689 4757 949 4818 tyrannus
970 4763 1090 4804 cum
1126 4762 1279 4806 tauro
1306 4767 1404 4807 suo
1447 4744 1725 4810 actis-vo.ch
1755 4770 1821 4810 eo
1850 4756 1971 4811 vide
1992 4755 2085 4812 Ci-

478 4831 729 4873 coronam
760 4819 811 4873 in
842 4818 1063 4875 Verrem
1098 4839 1148 4877 γι
1168 4865 1183 4887 ,
1219 4842 1271 4878 tt.
1298 4826 1388 4881 55.

552 4887 675 4943 Non
722 4891 901 4965 cernit.
951 4889 1041 4947 Sic
1094 4894 1293 4951 habent
1345 4897 1680 4965 antiquiores
1725 4908 1779 4953 et
1828 4899 2089 4955 meliores

478 4974 612 5039 mss.
643 4970 698 5015 et
744 4962 812 5039 iis
859 4966 999 5039 typis
1037 4968 1250 5039 excusi.
1308 4970 1374 5021 At
1417 4962 1492 5022 15
1513 4969 1700 5039 scripti
1754 4984 1866 5024 rec.
1897 4986 2019 5026 cum
2053 4972 2088 5024 2

479 5031 609 5104 edit.
641 5041 749 5087 vet.
776 5031 934 5089 Rom.
967 5035 1187 5104 habent,
1221 5055 1322 5093 non
1353 5041 1523 5093 sentit.

553 5102 639 5158 Ea:
664 5107 777 5160 vita:
801 5106 1002 5179 ratione
1030 5102 1267 5179 pendere.
1295 5110 1455 5165 Juxta
1482 5112 1609 5167 illttd
1645 5112 1894 5178 verbum,
1921 5113 2084 5168 finem

481 5173 609 5253 vita:
630 5173 1190 5253 expectandum'esse.
1215 5181 1353 5237 Hinc
1371 5183 1573 5238 Plinius
1594 5184 1683 5237 lib.
1716 5201 1813 5251 vn,
1845 5173 1963 5253 cap.
1990 5185 2084 5241 40.

480 5243 557 5298 ita
585 5256 668 5301 est
697 5243 940 5316 proiecto
960 5292 975 5316 ,
1008 5251 1208 5324 inquit;
1243 5255 1381 5308 alins
1403 5254 1471 5309 de
1496 5256 1606 5309 alio
1631 5243 1839 5324 indicat
1866 5243 2005 5324 dies,
2033 5268 2090 5313 et

483 5324 662 5388 tamen
693 5336 980 5388 supremus
1005 5322 1074 5377 de
1103 5326 1377 5380 omnibus.

556 5385 653 5467 Sin
682 5385 882 5467 autem:
904 5391 976 5448 Ita
1010 5398 1224 5466 reposui
1255 5412 1327 5450 ex
1372 5397 1583 5453 duobus
1607 5398 1826 5467 optimls
1859 5408 1911 5454 ct
1943 5400 2085 5454 anti«

482 5459 811 5538 quissimisj
851 5459 1089 5538 Bonan.-
1111 5478 1165 5521 et
1218 5468 1536 5538 Regio-Put.
1567 5468 1624 5523 ltt
1645 5459 1863 5526 caeteris
1892 5480 1977 5526 est
2006 5474 2087 5525 sin

482 5527 673 5593 aliter;
710 5532 790 5585 vel
831 5535 875 5585 si
903 5536 1070 5588 aliter.

562 5599 685 5683 {Van
707 5604 1009 5683 pensando
1035 5607 1503 5683 editioneStthlac.
1523 5612 1717 5683 legitur
1734 5623 2084 5682 compensant.

564 5671 753 5744 Inepta
801 5675 1210 5756 illasententin.
1246 5671 1615 5756 Vide_EuripJ.
1665 5686 1805 5756 apud
1850 5671 1988 5741 Plat.
2033 5686 2086 5741 in

504 5744 670 5803 Geor.
702 5756 758 5803 et
791 5748 930 5817 apud
970 5750 1123 5807 Stob.
1158 5752 1333 5809 Serm.
1362 5744 1799 5833 121;A'risto'ph.
1830 5757 1884 5815 in
1910 5757 2087 5825 Eam;

2270 4470 2661 4546 Quamprimum
2690 4471 2840 4546 nior_i_.
2874 4479 3136 4546 tamquam
3180 4485 3243 4546 ea:
3290 4471 3526 4546 incendio
3566 4477 3799 4546 effugere

2193 4539 2487 4596 violentiam
2519 4545 2761 4610 fortunae.
2793 4539 3032 4595 Verbum
3062 4542 3193 4595 mori
3239 4543 3381 4611 qunti
3412 4543 3482 4596 26
3514 4539 3647 4600 mss“.
3677 4539 3794 4602 rec.

2193 4624 2247 4687 et
2279 4612 2312 4667 6
2355 4613 2515 4687 editis
2548 4612 2723 4687 deest,
2775 4612 2980 4665 restitui
3009 4628 3077 4667 ex
3109 4627 3238 4687 mss.
3272 4614 3491 4687 §Reg.,
3530 4614 3564 4672 6
3594 4616 3795 4687 Vatic.,

2191 4684 2566 4757 Cauc.,‘Jnn.,
2610 4686 2630 4737 1
2666 4680 2904 4757 Claram.
2928 4693 3067 4757 vel.,
3102 4684 3234 4737 edit.
3281 4685 3439 4739 Rom.
3478 4680 3545 4740 ac
3578 4687 3611 4741 9
3640 4680 3796 4757 aliis,

2192 4765 2249 4810 et
2277 4773 2345 4810 ex
2390 4754 2656 4810 Cicerone
2682 4755 2799 4822 ipsi)
2832 4756 2972 4809 unde
3014 4754 3329 4825 desumptns
3357 4767 3441 4811 est
3480 4758 3568 4812 hic
3597 4760 3747 4814 locus
3775 4754 3794 4819 ἐ

2192 4826 2286 4880 sed
2314 4827 2383 4881 ibi
2417 4826 2754 4880 desideratur
2781 4841 2882 4879 vox
2912 4827 3226 4891 violentiam,
3259 4844 3419 4895 quam
3449 4830 3603 4885 nobis
3631 4831 3795 4886 exhi-

2191 4897 2318 4952 bent
2360 4898 2428 4953 57
2458 4912 2588 4952 mss.
2619 4899 2835 4952 eodices
2860 4913 2923 4951 ac
2954 4898 3019 4952 M
3041 4899 3312 4968 impressi,
3342 4915 3504 4969 quam
3522 4911 3577 4955 et
3602 4917 3797 4958 sensus

2193 4970 2445 5038 pustulat.
2477 4999 2545 5010 —
2574 4968 2965 5040 Quamprimum
2994 4971 3146 5035 mori,
3197 4980 3244 5024 et
3266 4968 3545 5040 tantquam.
3596 4972 3796 5030 Addidi

2190 5043 2322 5095 mori
2351 5053 2396 5095 et
2425 5056 2494 5095 ex
2521 5055 2615 5096 sex
2644 5039 2917 5096 Vaticanis
2943 5040 3065 5095 edd.
3098 5041 3167 5095 ab
3198 5058 3341 5094 anno
3370 5044 3531 5106 1165.
3561 5045 3629 5099 ad
3660 5060 3791 5102 ann.

2194 5112 2354 5175 1559.
2389 5125 2499 5167 tum
2537 5112 2787 5167 omnibus
2815 5110 3057 5166 Termes.
3096 5111 3256 5171 i548.
3289 5112 3445 5169 16H.
3478 5114 3609 5170 Bue.

2266 5184 2508 5254 Elfugrre
2562 5185 2854 5237 uiolentiam
2925 5184 3166 5254 fortunaz.
3237 5182 3439 5251 Verba,
3501 5188 3796 5243 uiolentiam

2190 5258 2415 5380 ἕπωνται
2461 5255 2663 5310 habent
2717 5255 2904 5309 decem
2959 5253 3227 5321 Vaticani,
3277 5258 3511 5325 quinque
3552 5258 3791 5325 Sparkii,

2218 5327 2466 5380 'tnman..
2519 5325 2771 5380 Cantabr.
2811 5366 2826 5380 .
2883 5336 2993 5379 tres
3073 5326 3223 5380 Lins.
3324 5327 3343 5380 l
3386 5329 3487 5380 nisi
3537 5331 3682 5380 nnod
3736 5347 3791 5380 m

2218 5327 2466 5390 imman.,
2519 5325 2771 5381 Cantabr.
2811 5366 2826 5391 ,
2883 5336 3031 5398 tres,
3073 5326 3223 5398 Lips.
3324 5327 3343 5396 (
3386 5329 3487 5383 nisi
3537 5331 3682 5398 quod
3736 5347 3793 5386 tn

2192 5400 2371 5460 tertio,
2403 5398 2738 5469 violentiaque
2787 5397 3065 5522 Lortume).
3113 5397 3225 5452 Hoc
3263 5401 3495 5469 amplius
3520 5397 3797 5458 ll’etnnan-

2192 5484 2290 5522 ntts
2316 5470 2656 5522 pronuntiat.
2691 5483 2782 5522 ver
2822 5485 2849 5519 a
2877 5508 2893 5522 .
2934 5468 3225 5522 violentiam
3265 5470 3522 5522 fortuna.
3555 5475 3793 5522 [miscri-

2188 5484 2290 5524 nns
2316 5470 2656 5538 pronuntiat,
2691 5468 2849 5540 verba
2877 5508 2893 5535 ,
2934 5468 3225 5525 violentiam
3264 5470 3488 5539 fortunae
3508 5514 3522 5539 ,
3555 5475 3793 5540 proseri-

2188 5540 2388 5595 bendo.
2419 5540 2676 5611 Videntur
2699 5539 2826 5592 Inibi
2883 5542 3199 5606 retinenda;
3222 5543 3345 5609 quia
3370 5546 3421 5598 in
3444 5539 3791 5611 refutatione,

2190 5611 2325 5684 infra
2348 5653 2362 5677 ,
2393 5610 2769 5684 fortumefacit
2801 5614 3155 5684 mentionem.
3181 5612 3317 5668 Bon.

2262 5680 2659 5756 Non‘dissintite
2686 5680 2943 5756 Plutonis.
2973 5682 3048 5740 De
3080 5699 3187 5756 quo
3227 5684 3469 5743 Platonis
3498 5685 3641 5743 dicto
3666 5686 3795 5746 vide

2198 5752 2473 5815 Plutarch.
2503 5753 2569 5809 ad
2597 5754 2686 5810 lin.
2712 5752 2882 5815 Marii.
