4154 6196
373 344 480 403 415

1230 342 1437 401 LIBER
1472 343 1562 402 III.
1603 344 1694 400 DE
1723 344 1947 403 FALSA
1983 343 2346 405 SAPIENTIA
2386 346 2791 406 PHILOSOPH.

3569 352 3680 408 414

373 473 493 516 mas
519 457 718 529 potius,
749 470 908 528 quam
932 455 1190 527 fiumina;
1219 458 1361 528 quod
1392 458 1635 527 GI‘IBCUS,
1664 474 1824 530 quam
1846 459 1978 515 Bar-
2003 459 2055 523 Α
2084 460 2224 518 iuit?
2264 463 2345 519 An
2372 477 2478 519 non
2529 464 2747 534 plurimi
2777 464 3070 521 extiterunt
3097 465 3150 521 in
3194 465 3318 538 aliis
3362 466 3675 525 civitatibus

372 554 570 621 barns;
598 562 875 623 postremo
895 594 909 617 ,
938 552 1082 623 quod
1108 554 1487 623 Atheniensis,
1521 564 1577 612 et
1602 555 1745 626 quod
1768 563 1978 626 tempo-

374 646 528 702 ribus
551 643 813 703 Socratis.
858 645 973 701 Dici
1010 662 1119 701 non
1152 656 1351 719 potest,
1409 658 1667 717 quantam
1701 648 1976 705 mentibus

372 742 696 806 caecitatem,
725 747 1069 809 quantosque
1098 740 1268 807 pariat
1293 755 1511 797 errores
1539 741 1806 812 ignoratio
1826 740 1975 798 veri-

374 833 519 891 tatis.
550 831 664 904 Ego
695 832 853 904 plane
886 832 1284 899 contenderim,
1339 848 1629 905 numquam
1676 834 1972 905 quidquam

371 930 574 987 dictum
588 927 780 985 essein
795 927 956 985 rebus
978 927 1229 985 humanis
1249 926 1660 997 delirius.Qnasi
1679 942 1808 983 vero
1825 927 1870 983 si
1884 934 1978 983 aut

371 1020 669 1086 Barbarus,
690 1030 781 1075 aut
805 1019 1022 1085 mulier,
1044 1028 1136 1074 aut
1155 1018 1338 1075 asinus
1363 1019 1596 1091 denique
1625 1029 1784 1077 natus
1806 1028 1974 1087 esset,

371 1113 515 1169 idem
552 1112 667 1182 ipse
692 1109 848 1166 Plato
875 1119 1042 1173 esset.
1075 1124 1139 1166 ac
1164 1125 1270 1167 non
1305 1111 1479 1181 ipsum
1509 1110 1639 1167 illud
1660 1154 1674 1176 ,
1706 1110 1848 1182 quod
1880 1127 1976 1167 na-

372 1213 488 1261 tum
518 1202 727 1259 luisset.
760 1201 865 1258 Sed
896 1201 1151 1259 videlicet
1188 1200 1489 1275 Pyhagoru:
1512 1201 1766 1269 credidit,
1797 1203 1890 1273 qui
1919 1210 1976 1258 ut

370 1308 582 1357 vetaret
619 1296 869 1357 homines
910 1297 1237 1353 animalibus
1280 1297 1451 1364 vesci,
1480 1297 1639 1364 dixit,
1670 1296 1875 1355 animas
1906 1296 1976 1352 de

371 1389 698 1462 corporibus
723 1390 775 1444 in
803 1388 1035 1447 aliorum
1051 1389 1365 1445 animalium
1378 1404 1607 1459 corpora
1631 1403 1970 1445 commeare:

370 1484 519 1555 quod
551 1494 604 1539 et
630 1498 826 1539 vanum
858 1492 911 1538 et
959 1482 1297 1554 impossibile
1323 1491 1425 1539 est.
1460 1482 1689 1550 Vanum,
1718 1484 1842 1552 quia
1880 1497 1977 1539 ne-

369 1588 529 1630 cesse
564 1588 671 1630 non
698 1572 798 1628 luit
826 1582 1040 1629 veteres
1068 1574 1278 1631 animas
1307 1574 1360 1629 in
1387 1588 1522 1629 nova
1553 1589 1782 1643 corpora
1815 1573 1974 1631 indu-

369 1683 520 1734 cere,
548 1681 672 1723 cum
702 1667 845 1722 idem
893 1666 1113 1733 artifex,
1159 1668 1250 1738 qui
1280 1668 1481 1738 primas
1510 1668 1805 1739 aliquando
1832 1668 1976 1724 iece-

369 1768 478 1825 rat,
507 1759 747 1829 potuerit
775 1774 994 1828 semper
1023 1774 1193 1815 novas
1236 1758 1434 1817 lacere.
1462 1758 1824 1831 lmpossibile,
1851 1761 1973 1831 quia

368 1861 535 1909 recta:
572 1851 801 1911 rationis
831 1852 1009 1907 anima
1054 1863 1160 1909 tam
1193 1850 1482 1911 immutare
1510 1863 1757 1909 naturam
1799 1862 1974 1913 status
2002 1858 2051 1919 B

367 1946 451 2002 sui
480 1960 588 2001 non
618 1953 795 2016 potest
821 1987 837 2013 ,
864 1961 1025 2017 quam
1056 1945 1197 2018 ignis
1223 1955 1315 2007 aut
1343 1945 1601 2005 deorsum
1628 1947 1724 2007 niti
1758 1989 1773 2015 ,
1801 1959 1892 2007 aut
1918 1950 1974 2007 in

370 2048 738 2099 transversum
766 2081 781 2106 ,
823 2039 1059 2097 ﬂuminis
1099 2036 1302 2108 modo,
1332 2042 1606 2099 ﬂammam
1648 2058 1801 2099 suam
1843 2043 1972 2100 fun-

368 2126 880 2187 dere.Existimavit
908 2132 1068 2204 igitur
1094 2130 1259 2191 homo
1286 2136 1526 2205 sapiens,
1557 2136 1796 2207 potuisse
1823 2136 1938 2193 ﬁeri
1956 2179 1972 2206 ,

369 2234 427 2280 ut
468 2226 672 2292 anima,
702 2241 822 2298 qum
852 2236 977 2282 tunc
1007 2235 1124 2285 erat
1148 2226 1202 2281 in
1234 2226 1499 2295 Platone,
1532 2228 1586 2284 in
1614 2229 1831 2299 aliquod
1853 2245 1972 2287 mu-

369 2328 484 2372 tum
534 2315 734 2377 animal
786 2316 1192 2385 includeretur,
1225 2331 1482 2391 essetque
1527 2320 1766 2375 hmnano
1804 2336 1971 2379 sensu

366 2410 615 2482 prmdita,
669 2420 727 2468 ut
752 2408 1082 2484 intelligeret
1111 2427 1175 2475 ac
1218 2412 1432 2471 doleret
1478 2414 1858 2486 incongruenti
1907 2431 1969 2472 se

364 2518 598 2574 corpore
621 2510 923 2559 oneratam.
957 2504 1172 2574 Quanto
1199 2506 1383 2561 sanius
1425 2505 1652 2574 iaceret,
1681 2507 1726 2562 si
1766 2510 1967 2577 gratias

363 2610 527 2668 agere
546 2610 605 2651 se
633 2594 861 2663 diceret,
902 2593 1047 2668 quod
1090 2596 1426 2668 ingeniosus,
1453 2599 1595 2669 quod
1630 2597 1821 2656 docilis
1872 2616 1966 2656 na-

367 2701 455 2746 tus
482 2700 647 2756 esset,
672 2688 813 2762 quod
834 2690 887 2744 in
913 2689 977 2745 iis
1000 2690 1214 2761 Opibus,
1238 2700 1292 2745 ut
1315 2690 1611 2748 liberaliter
1632 2692 1961 2750 erudiretur.

362 2782 503 2838 Nam
548 2784 693 2857 quod
751 2782 976 2839 Athenis
1023 2792 1178 2839 natus
1222 2793 1325 2854 est,
1364 2784 1493 2855 quid
1538 2785 1589 2841 in
1618 2800 1684 2840 eo
1713 2786 1964 2842 beneﬁcii

2080 554 2367 611 excellenti
2399 555 2614 625 ingenio
2643 564 2804 626 atque
2853 555 3099 613 doctrina
3126 557 3267 623 viri,
3299 558 3391 627 qui
3423 558 3679 615 meliores

2078 647 2306 719 singuli,
2336 663 2494 719 quam
2541 662 2732 703 omnes
2773 648 3139 705 Athenienses
3186 648 3439 706 fuerunt?
3467 650 3679 719 Quanta

2079 741 2355 799 hominum
2375 743 2545 800 millia
2565 744 2729 800 luisse
2750 744 3056 809 credamus,
3087 745 3255 816 quiet
3278 743 3511 801 Athenis
3536 744 3671 814 nati,

2079 844 2133 893 et
2165 836 2495 904 temporibus
2524 835 2795 904 Socratis,
2834 836 3038 893 indocti
3061 848 3260 903 tamen,
3288 851 3353 892 ac
3377 836 3529 891 stulti
3560 835 3680 893 lue-

2078 928 2246 985 runt?
2273 927 2392 984 Non
2415 930 2558 984 enim
2590 937 2684 984 aut
2716 929 2971 999 parietes,
3000 942 3091 987 aut
3116 930 3270 985 locus
3306 930 3360 984 in
3390 944 3496 999 quo
3525 930 3677 999 quis-

2079 1037 2184 1092 que
2213 1032 2296 1077 est
2313 1021 2518 1081 effusus
2547 1038 2613 1081 ex
2644 1033 2799 1079 utero
2821 1022 3074 1079 conciliat
3097 1023 3301 1079 homini
3331 1023 3674 1092 sapientiam.

2079 1114 2216 1182 Quid
2245 1130 2373 1171 vero
2398 1116 2615 1173 attinuit
2641 1113 2879 1173 Socratis
2907 1130 2966 1172 se
2991 1115 3324 1187 temporibus
3347 1122 3533 1173 natum
3556 1129 3678 1183 gra-

2082 1207 2276 1265 tulari?
2306 1206 2442 1263 Num
2463 1207 2716 1263 Socrates
2740 1206 2954 1277 ingenia
2974 1206 3308 1269 discentibus
3338 1205 3507 1275 potuit
3529 1219 3677 1269 com-

2079 1297 2334 1359 modare?
2382 1298 2497 1357 Non
2538 1300 2687 1357 venit
2732 1299 2800 1368 in,
2830 1309 3069 1355 mentem
3103 1298 3312 1354 Platoni
3341 1297 3675 1354 Alcibiadem

2078 1408 2294 1464 quoque
2322 1401 2377 1449 et
2399 1392 2623 1453 Critiam
2660 1390 2903 1463 ejusdem
2957 1391 3198 1448 Socratis
3238 1390 3487 1446 assiduos
3528 1390 3679 1445 audi-

2080 1493 2224 1544 tores
2252 1483 2444 1553 iuisse;
2477 1500 2704 1556 quorum
2747 1485 2885 1541 alter
2928 1484 3102 1542 hostis
3146 1485 3335 1556 patriae
3380 1485 3677 1541 acerrimus

2080 1577 2201 1649 fuit,
2231 1579 2370 1639 alter
2397 1577 2802 1639 crudelissimus
2833 1579 3072 1637 omnium
3107 1590 3489 1651 tyrannorum.

2668 1694 2898 1751 CAPUT
2948 1693 3068 1750 XX.

2080 1807 2323 1864 Socrates
2348 1807 2468 1863 aliis
2512 1808 2814 1878 prudentior
2844 1808 2941 1879 ruit
2968 1808 3023 1861 in
3050 1806 3380 1878 philosophia
3399 1849 3414 1875 ,
3445 1807 3674 1888 quamvis

2596 1904 2654 1958 in
2678 1902 2850 1957 multis
2869 1902 3161 1972 desipucrit.

2152 2034 2441 2099 Videamus
2470 2053 2636 2104 nunc,
2668 2036 2795 2110 quid
2821 2038 2876 2093 in
2901 2036 3125 2097 Socrate
3147 2037 3265 2109 ipso
3294 2046 3400 2095 tam
3422 2053 3676 2110 magnum

2077 2126 2261 2200 fuerit,
2296 2140 2352 2189 ut
2377 2132 2540 2193 homo
2581 2134 2798 2203 sapiens
2826 2132 3022 2191 merito
3048 2132 3252 2205 gratias
3276 2143 3496 2203 ageret,
3530 2134 3677 2191 illius

2076 2240 2134 2281 se
2163 2225 2499 2297 temporibus
2543 2241 2666 2285 esse
2694 2234 2901 2285 natum.
2929 2224 3047 2289 Non
3085 2226 3298 2287 inlicior
3324 2225 3493 2282 fuisse
3523 2227 3673 2283 illum

2080 2320 2237 2392 paulo
2271 2320 2635 2377 cordatiorem
2664 2363 2677 2387 ,
2702 2335 2863 2390 quam
2905 2330 3169 2385 caeteros,
3199 2320 3289 2389 qui
3312 2330 3560 2377 naturam
3587 2335 3673 2379 re-

2075 2429 2194 2467 rum
2244 2422 2565 2483 putaverunt
2602 2412 2819 2484 ingenio
2846 2427 3008 2484 posse
3042 2412 3449 2483 comprehendi.
3476 2411 3536 2469 in
3567 2428 3675 2485 quo

2074 2504 2193 2558 illos
2221 2519 2330 2560 non
2360 2505 2623 2567 excordes
2654 2514 2858 2561 tantum
2890 2501 3055 2565 fuisse
3084 2496 3341 2571 arbitror,
3373 2504 3468 2561 sed
3500 2507 3663 2560 etiam

2073 2596 2300 2668 impios;
2342 2595 2485 2668 quod
2534 2597 2586 2657 in
2635 2606 2842 2661 secreta
2873 2598 3112 2659 cmlestis
3149 2596 3290 2655 illius
3320 2596 3675 2667 providentiae

2069 2692 2314 2747 curiosos
2361 2691 2549 2751 oculos
2597 2691 2868 2755 voluerint
2916 2690 3228 2747 immittere.
3274 2689 3483 2757 Bootae,
3536 2699 3591 2745 et
3619 2691 3674 2747 in

2070 2786 2343 2858 plerisque
2386 2787 2610 2847 urbibus
2649 2786 2850 2845 scimus
2890 2799 3013 2845 esse
3041 2784 3289 2858 quredam
3323 2798 3480 2843 sacra
3504 2823 3519 2853 ,
3551 2797 3673 2854 quae

1690 2899 2052 2961 VARIORUM
2088 2900 2321 2959 ΝΟΤΛΕ.

439 3015 591 3084 Quod
618 3030 745 3068 mas.
772 3012 862 3069 Sic
889 3013 1107 3083 reposui
1141 3027 1208 3068 ex
1238 3021 1344 3067 vet.
1376 3012 1587 3068 editis?)
1624 3012 1803 3069 Rom..
1839 3014 1946 3071 Ve-

360 3099 475 3143 net.
535 3085 707 3147 M90,
740 3094 793 3139 et
843 3084 960 3138 aliis
991 3094 1146 3149 octo,
1184 3099 1392 3141 necnon
1424 3100 1490 3139 ex
1530 3086 1779 3140 omnibus
1820 3102 1953 3147 mss.

360 3166 560 3229 prmter
590 3155 841 3229 quinque,
874 3154 1068 3227 quibus
1098 3162 1198 3223 est,
1225 3166 1279 3210 ut
1310 3156 1341 3209 7
1368 3156 1597 3225 vulgatis
1623 3199 1637 3223 ,
1661 3157 1798 3227 quod
1827 3174 1961 3214 mas-

360 3232 533 3284 cuius.

438 3299 603 3372 Quam
634 3297 860 3372 [minium
883 3294 971 3372 ita
999 3296 1305 3372 .ludrcorum
1336 3298 1571 3372 magistri
1600 3297 1651 3353 in
1676 3298 1960 3372 Pesachim

361 3370 399 3427 f.
433 3370 539 3438 65,
574 3367 643 3426 et'
665 3371 789 3424 alibi
823 3386 835 3424 :
873 3368 1007 3423 Bene
1046 3370 1158 3438 illi,
1189 3372 1334 3441 cujus
1367 3367 1509 3423 liberi
1556 3379 1672 3424 sunt
1714 3369 1957 3437 masculi;

358 3460 437 3498 me
459 3444 541 3496 illi
565 3484 580 3507 ,
611 3445 758 3509 cuius
785 3442 927 3495 liberi
956 3451 1071 3513 sunt
1101 3442 1341 3513 flentium.
1375 3441 1505 3496 BDN.

439 3514 590 3581 Quod
617 3513 957 3582 Atheniensis.
988 3511 1083 3566 Ms.
1102 3511 1419 3582 Cantabrig.
1443 3521 1491 3565 et
1521 3511 1652 3582 editi
1676 3513 1706 3565 7
1733 3511 1957 3580 addunt,

358 3576 779 3650 non'Tliebanus,
807 3580 949 3652 quod
996 3585 1262 3652 glossema
1293 3576 1522 3644 videtur.
1557 3576 1702 3639 Idem
1736 3596 1761 3636 a
1799 3576 1960 3643 Lucr;

361 3659 459 3717 tio,
494 3654 585 3711 lib.
612 3670 651 3725 ι,
696 3655 945 3710 tribuitur
973 3653 1208 3711 Socrati.
1240 3654 1458 3709 Sublac.
1488 3653 1657 3712 addit.
1690 3664 1792 3709 non
1820 3653 1959 3710 Tlte-

359 3728 539 3782 baaus.

434 3797 734 3869 Numquam
764 3796 1040 3869 quidquam
1068 3798 1273 3869 dictum
1303 3808 1408 3850 esse
1428 3794 1658 3869 delirius.
1683 3794 1800 3852 Non
1828 3797 1958 3853 reli-

356 3866 757 3937 cendttiuquod
778 3866 955 3939 ’λιξόςυί
997 3866 1198 3922 habent
1227 3869 1277 3922 in
1309 3866 1541 3939 prconiis
1577 3867 1690 3939 suis
1720 3870 1955 3927 virorum

357 3936 723 4011 peculiaribus
753 3958 767 3993 :
823 3936 1125 4003 Benedictus
1157 3936 1354 4005 esto,’o
1385 3937 1600 4011 Domine
1630 3936 1788 4011 Deus,
1821 3941 1959 4009 Quod

357 4007 438 4066 ine
467 4013 628 4066 virum
656 4014 871 4074 creasti,
902 4027 1001 4064 non
1038 4011 1333 4074 mulierem;
1355 4010 1488 4080 quod
1514 4007 1954 4077 Israelitam,uon

355 4082 712 4153 alienigenam.
742 4082 1019 4138 German.

430 4148 581 4221 Quod
605 4166 781 4210 natum
808 4154 1003 4221 fuisset.
1034 4148 1253 4222 Legitur
1278 4160 1429 4211 natus
1470 4152 1646 4224 fuisset
1673 4152 1810 4224 apud
1852 4151 1958 4208 Btt-

356 4241 604 4288 nemau.,
623 4226 713 4296 qui
739 4224 1237 4296 hujns‘mutationis
1268 4224 1346 4296 sic
1375 4222 1639 4296 rationem
1659 4222 1836 4296 reddit
1866 4254 1956 4277 .—-

356 4296 605 4353 Bestituo
631 4291 782 4351 natus
809 4291 875 4350 ex
906 4294 1057 4359 Lips.
1088 4302 1237 4356 tert..
1274 4291 1531 4359 Reimm.,
1572 4294 1726 4363 Rost,
1762 4291 1951 4359 Venet.

356 4367 624 4433 “71,72,
645 4376 871 4439 utraque
887 4367 975 4439 78,
994 4367 1088 4432 95,
1112 4362 1323 4431 Pari-11.,
1345 4362 1540 4433 Paris.,
1564 4365 1712 4434 Junt,
1730 4365 1951 4439 Gymn.,

356 4441 506 4504 Ald.,
542 4440 694 4500 lsmo,
727 4437 876 4494 Grut.
910 4438 1039 4492 Buu.

426 4512 535 4565 Sed
560 4510 787 4565 videlicet
821 4506 1150 4580 Pythagora,
1182 4517 1287 4561 etc.
1325 4504 1603 4565 Platonem
1634 4504 1952 4580 Pythagora:

351 4580 652 4637 doctrinam
693 4579 932 4635 secutum
982 4579 1180 4643 fuisse,
1228 4590 1457 4633 testatur
1506 4582 1666 4633 etiam
1719 4579 1948 4649 August.

352 4652 421 4707 de
447 4653 593 4707 dcet.
629 4651 949 4706 Christiana.
998 4651 1173 4721 Atque
1200 4650 1342 4704 idem
1372 4653 1597 4721 August.
1643 4648 1831 4705 eontra
1858 4648 1953 4706 Ju-

352 4724 579 4789 lianum,
609 4724 702 4777 lib.
736 4739 792 4788 ιι,
835 4738 901 4777 ex
948 4723 1214 4777 Ambrosii
1261 4722 1399 4775 libro
1429 4730 1616 4777 contra
1659 4721 1797 4776 Plat.
1836 4721 1951 4776 haec

354 4798 547 4851 recitat
578 4795 785 4850 verba:
828 4792 991 4847 Miror
1039 4802 1234 4849 tantum
1279 4793 1658 4862 philosOphum,
1694 4794 1949 4862 quomodo

350 4868 599 4950 animum,
629 4866 709 4922 cui
751 4875 1048 4950 Potestatem
1084 4863 1406 4950 conferenda:
1431 4865 1767 4950 ’mortalitatis
1797 4867 1946 4948 attri-

350 4938 485 5003 buit,
516 4939 567 4991 iu
596 4935 790 4991 noctuis
816 4936 1067 4997 includat.
1094 4945 1138 4987 et
1166 4936 1398 4996 ramulis,
1424 4935 1624 5006 feritate
1653 4951 1850 5006 quoque
1876 4935 1950 4990 in-

347 5010 476 5063 duat
499 5010 768 5063 bestiarum
800 5024 814 5063 :
841 5024 954 5060 cum
983 5009 1034 5062 in
1063 5006 1264 5076 Timwo
1289 5023 1399 5059 eam
1425 5005 1518 5058 Dei
1560 5005 1690 5076 opus
1710 5023 1816 5060 esse
1844 5024 1947 5062 me-

347 5081 619 5135 moraverit
646 5122 661 5143 ,
693 5081 822 5134 inter
852 5078 1207 5133 immortaliaa
1239 5075 1347 5131 Deo
1373 5080 1541 5149 facta;
1562 5075 1748 5145 Carpus
1779 5089 1946 5132 autem

346 5168 452 5205 non
478 5152 637 5206 videri
662 5167 790 5219 Opus
814 5153 997 5204 summi
1025 5149 1121 5203 Dei
1148 5150 1361 5203 asseruit
1382 5164 1400 5211 ;
1421 5150 1538 5214 quia
1569 5158 1753 5202 natura
1776 5150 1946 5205 carnis

348 5224 591 5277 humanm
617 5224 745 5277 nihil
771 5238 802 5275 a
832 5230 1016 5275 natura
1044 5220 1271 5291 corporis
1301 5219 1523 5291 bestia/is
1553 5218 1775 5287 di/ferat.
1806 5220 1948 5276 Emit

344 5303 529 5349 autem
557 5294 708 5349 Plato
752 5293 976 5349 Philolai
1007 5289 1342 5363 Pythagorici
1369 5289 1534 5346 libros
1565 5306 1592 5344 a
1614 5291 1945 5348 mulierculis

345 5366 677 5437 pauperibus
702 5383 712 5418 τ
749 5366 891 5419 unde
918 5362 1273 5437 quidquidde
1292 5363 1721 5437 immortalitate
1746 5364 1941 5437 anima)

343 5430 585 5504 scripsit,
616 5436 820 5492 iuratus
849 5430 949 5490 est;
994 5430 1174 5490 Tzetz.
1203 5431 1344 5490 Chii.
1384 5447 1441 5501 li,
1469 5432 1647 5488 Varia:
1673 5431 1799 5489 hist.
1842 5430 1946 5490 Be-

341 5518 592 5563 τυιειυε.

420 5576 734 5634 Commeare.
758 5577 1235 5647 ExprimitMinuc.
1256 5575 1370 5631 Fel.
1393 5590 1511 5643 cap.
1536 5576 1632 5631 57:
1657 5575 1937 5634 Animas...

341 5652 399 5704 in
416 5651 523 5733 alia
542 5664 667 5733 nova
688 5667 904 5716 corpora
924 5651 1110 5733 swpius
1131 5663 1433 5733 commeare.
1447 5648 1603 5733 Etim.

422 5721 574 5788 Quod
603 5732 651 5776 et
678 5736 884 5783 vanum,
913 5731 962 5775 et
988 5717 1300 5791 impossibile
1323 5727 1414 5773 est.
1447 5718 1673 5775 Videtur
1716 5717 1942 5776 Lactan-

340 5794 454 5847 tius
484 5794 641 5849 aliter
668 5795 905 5848 sensisse
936 5792 1003 5848 de
1042 5790 1240 5848 animis
1284 5790 1599 5862 impiorum;
1634 5799 1692 5862 ut
1724 5792 1776 5846 in
1805 5806 1941 5862 quos

338 5872 671 5939 pateatatem
705 5865 900 5923 habeat
948 5864 1171 5937 spiritus
1216 5861 1519 5936 malignus,
1552 5860 1693 5923 unde
1740 5864 1794 5922 in
1823 5860 1942 5936 arte

1978 4543 2033 4613 D

2058 3017 2263 3086 magica
2293 3015 2426 3071 verti
2458 3016 2665 3085 possint
2691 3016 2744 3069 in
2775 3015 2951 3083 lupos.
2985 3014 3306 3084 Cujusmodi
3336 3014 3660 3069 conversio-

2064 3104 2187 3143 nem
2214 3103 2317 3142 non
2342 3087 2516 3158 solum
2541 3097 2841 3158 agnoscunt
2861 3088 3006 3145 Maro
3023 3087 3209 3158 Eglog.
3238 3103 3287 3158 is
3313 3095 3369 3158 et
3393 3095 3671 3158 poetarum

2066 3158 2155 3214 alii
2183 3174 2197 3222 ;
2231 3158 2336 3230 sed,
2362 3152 2803 3230 Plinius'qnoque
2833 3157 2906 3219 lib
2928 3172 3048 3223 vni,
3068 3152 3199 3227 'cap.
3226 3152 3315 3213 22.
3348 3152 3673 3230 Sédparum

2070 3230 2137 3300 ad
2171 3246 2286 3285 rem
2317 3229 2463 3295 facit,
2497 3230 2664 3300 piine,
2699 3244 2765 3285 an
2801 3230 2950 3298 impii
2973 3231 3101 3297 siut,
3130 3245 3359 3300 quorum
3395 3229 3587 3300 animae
3618 3231 3670 3284 in

2066 3298 2273 3371 bestias
2301 3298 2597 3363 transeant.
2631 3300 2864 3359 Omnino
2889 3303 3068 3367 enim,
3105 3298 3161 3356 ui
3191 3318 3257 3357 ex
3289 3298 3529 3371 perfecto
3556 3302 3674 3356 ani-

2066 3368 2192 3443 mali
2240 3373 2382 3426 aliud
2430 3374 2520 3426 liat
2566 3373 2762 3443 animal
2802 3372 3118 3440 perlectum,
3171 3368 3331 3443 longe
3382 3381 3676 3439 exsuperat

2066 3442 2170 3526 vim
2191 3454 2448 3526 creatam;
2470 3442 2720 3526 quodque
2738 3442 2874 3526 Deus
2893 3442 3669 3526 ereaturisomnibusnegavit,

2065 3512 2115 3568 id
2151 3528 2254 3587 non
2274 3511 2769 3587 absqueimpietate
2796 3511 2904 3587 illis
2931 3512 3273 3587 adscribitur,
3298 3522 3402 3568 etc.
3426 3512 3669 3568 Vossws.

2138 3580 2404 3641 Fluminis
2429 3580 2601 3643 modo.
2634 3599 2764 3640 mss.
2790 3580 2823 3638 8
2855 3600 2991 3650 rec.,
3017 3583 3266 3650 fulminis.

2135 3654 2515 3713 Includeretur.
2548 3666 2679 3709 mss.
2710 3658 2741 3708 ti
2774 3666 2912 3723 rec.,
2939 3654 3282 3710 induceretur.

2136 3722 2420 3785 Gratulari.
2452 3722 2825 3796 Exomuibns
2867 3722 3000 3787 mss.
3034 3730 3101 3780 ita
3135 3725 3373 3796 reposui,
3407 3730 3605 3794 printer
3634 3726 3670 3780 2

2061 3794 2194 3869 Reg.
2227 3813 2337 3853 rec.
2370 3799 2421 3855 in
2452 3794 2673 3869 quibus,
2707 3805 2761 3855 nt
2784 3807 2836 3851 et
2866 3798 2916 3851 iu
2944 3798 3176 3862 CXt"llSlS,
3199 3794 3292 3869 est
3320 3794 3552 3867 gloriari.
3579 3796 3670 3853 Sic

2061 3867 2221 3929 infra.
2254 3875 2401 3941 cujus
2443 3867 2752 3939 temporibus
2784 3881 2956 3941 uatum
3013 3886 3122 3922 esse
3164 3886 3218 3923 se
3263 3867 3413 3923 homo
3450 3869 3670 3941 sapiens

2058 3938 2385 4013 gratulatur;
2413 3951 2466 3995 et
2498 3941 2666 4011 prius,
2696 3940 2892 4012 gratias
2922 3956 3072 4012 agerc
3102 3950 3337 3995 uaturw:
3372 3938 3560 3997 uullibi
3590 3948 3671 3994 tu-

2060 4012 2183 4084 illcit
2218 4012 2413 4082 legitur
2440 4012 2675 4084 gloriari.

2132 4078 2493 4138 Commodaret.
2528 4082 2723 4151 Scripti
2751 4080 2835 4147 Η,
2872 4084 3017 4137 dare.

2133 4154 2445 4225 Alcibiadem
2470 4150 2666 4225 atroque
2687 4164 2732 4225 et
2763 4152 2996 4225 Critiam.
3029 4152 3296 4225 Isocrates
3329 4150 3663 4225 Alcibiadem

2059 4222 2305 4282 Socratis
2331 4222 2664 4298 diSt-ipulmn
2700 4222 2864 4298 fuisse
2895 4235 3051 4296 negat
3082 4222 3414 4298 in_Busir_ide
3440 4266 3456 4289 ,
3508 4224 3670 4298 Poly-

2059 4307 2262 4352 cratem
2294 4296 2343 4351 id
2372 4292 2701 4353 asserentem
2736 4292 3088 4365 redargnens.
3121 4294 3187 4349 Et
3218 4294 3267 4349 in
3297 4296 3527 4366 GorgiaA
3548 4292 3668 4349 1»ιῂ-

2061 4369 2201 4423 touis
2229 4370 2343 4441 ipse
2372 4368 2625 4441 Socrates
2664 4366 2837 4441 ipsum
2865 4360 3261 4441 s‘éazpovsuum
3307 4360 3665 4441 diciL‘Cmte-

2058 4456 2176 4499 rnm
2210 4437 2277 4495 de
2305 4439 2467 4494 rebus
2494 4438 2930 4507 Alcibiadislege
2959 4437 3156 4493 Justiti.
3192 4437 3284 4493 lib.
3319 4454 3383 4502 v;
3415 4437 3661 4507 Thucyd.

2063 4511 2157 4566 lib.
2187 4525 2281 4574 v1;
2316 4510 2664 4580 Plutarchum
2700 4509 2749 4569 in
2783 4506 2950 4580 Nicia,
2974 4518 3025 4564 et
3058 4507 3204 4571 alibi,
3238 4507 3305 4562 de
3325 4509 3553 4580 triginta
3572 4506 3663 4580 ily-

2056 4582 2272 4647 rannis;
2303 4581 2421 4650 lege
2443 4576 2882 4649 Xenophontem,
2910 4579 3000 4634 lih.
3034 4595 3071 4633 ιι
3105 4593 3281 4633 rerum
3307 4576 3617 4633 Glarearuni
3642 4620 3658 4647 ,

2054 4653 2251 4708 Justin.
2278 4652 2372 4707 lib.
2404 4668 2455 4705 ν.
2490 4652 2694 4707 Βετυι..
2723 4680 2795 4692 -—
2819 4650 3209 4706 Alcibiadem...
3242 4650 3474 4705 Sacratis
3500 4651 3659 4704 audi-

2055 4735 2210 4779 tores.
2246 4723 2420 4791 Nepos
2440 4723 2491 4777 in
2525 4723 2725 4787 Alcih.,
2749 4737 2868 4791 cap.
2893 4722 2960 4787 Ως
2991 4738 3069 4791 pr.
3102 4722 3332 4777 eruditus
3359 4740 3389 4775 η
3413 4721 3661 4786 Socrate;

2054 4812 2153 4851 nec
2179 4796 2334 4850 aliter
2362 4794 2686 4864 Xenophon.
2722 4795 2810 4851 lib.
2840 4794 3173 4849 ibiemorab.
3210 4793 3247 4847 f.
3274 4810 3347 4847 m.
3376 4794 3503 4859 715,
3535 4811 3657 4864 sqq.

2053 4882 2211 4936 quem
2259 4881 2367 4936 prie
2398 4867 2608 4920 caeteris
2640 4864 2728 4920 hic
2774 4866 3040 4934 sequitur,
3088 4864 3659 4936 Alcibiadenrpatrite

2053 4934 2507 4999 bOSIemVocans.
2542 4936 2715 5006 Nepos
2747 4937 2961 5005 quidem
3001 4936 3328 4991 contrarium
3375 4934 3609 4990 affirmat
3641 4953 3655 4988 :

2051 5019 2106 5064 at
2130 5010 2351 5075 Cicero,
2384 5008 2477 5063 lib.
2509 5024 2525 5063 ι
2564 5004 2633 5061 de
2675 5005 2824 5062 Orat.
2860 5023 2908 5063 c.
2943 5008 3011 5063 51
3048 5027 3061 5063 :
3095 5007 3230 5074 Quid
3260 5006 3488 5061 Critias?
3521 5006 3658 5072 Quid

2051 5078 2339 5134 Alcibiades
2360 5082 2385 5133 ?
2410 5076 2706 5134 Civitatibus
2722 5079 2929 5141 quidem
2956 5080 3060 5133 suis
3104 5096 3205 5133 non
3236 5078 3376 5143 boui,
3409 5077 3496 5131 sed
3524 5085 3658 5129 certe

2050 5151 2185 5205 docti
2211 5162 2359 5221 atque
2388 5150 2693 5218 eloquentes,
2720 5166 2887 5204 nonne
2908 5150 3190 5205 Socraticis
3218 5146 3653 5221 disputationibus

2050 5217 2433 5277 eranteruditi?
2455 5217 2606 5275 Coni.
2638 5221 2850 5276 Maxitn.
2874 5221 3000 5292 Tyr.
3033 5222 3172 5276 lliss.
3204 5217 3320 5285 vni,
3351 5236 3403 5287 p.
3425 5217 3655 5292 90.8w.

2119 5295 2275 5349 Illius
2305 5311 2358 5348 se
2381 5293 2690 5361 temporibus
2722 5310 2828 5347 esse
2854 5290 3050 5347 uatum.
3089 5291 3319 5361 licitum.
3357 5308 3369 5341 :
3405 5290 3509 5343 illis
3532 5298 3658 5342 ten:-

2048 5367 2255 5436 poribus
2286 5380 2393 5436 esse
2417 5356 2693 5418 senatum.
2724 5361 2829 5419 Sed
2864 5380 2970 5419 non
3007 5364 3183 5418 minus
3211 5356 3491 5432 eleganter
3525 5377 3655 5432 pro-

2047 5434 2288 5502 nomina,
2318 5434 2460 5490 illius
2481 5450 2555 5500 se,
2587 5436 2897 5502 conjuncta.

2118 5506 2358 5562 Curiosos
2382 5507 2574 5561 oculos.
2610 5504 2664 5563 Si
2692 5506 2968 5578 hic‘simul
2991 5504 3137 5578 legas
3163 5519 3283 5578 qua:
3307 5502 3433 5578 inii,
3458 5504 3662 5578 intelli-

2045 5593 2139 5643 ges
2176 5589 2422 5634 nostrum
2472 5578 2558 5633 hic
2598 5574 2794 5631 imitari
2827 5573 3151 5633 Ciceroiiem
3181 5573 3273 5632 ’de
3308 5573 3662 5644 Harnsl-icum

2047 5649 2361 5720 liesponsis,
2379 5664 2428 5704 c.
2452 5648 2537 5715 i7,
2558 5650 2644 5702 ubi
2661 5648 2727 5702 de
2742 5652 2914 5703 sacris
2934 5649 3095 5704 Bona:
3116 5649 3241 5704 Deae
3271 5667 3282 5702 :
3304 5649 3455 5716 Quod
3477 5648 3668 5720 (sacri—

2043 5717 2249 5795 ficium)
2282 5736 2381 5775 non
2412 5721 2854 5795 solumcuriosos
2887 5722 3077 5795 oetilos
3110 5722 3357 5795 excludit.
3391 5717 3659 5795 manlius.

2116 5786 2416 5864 ltiimittere.
2456 5792 2533 5848 De
2588 5790 2672 5864 his
2724 5792 2853 5851 vide
2894 5790 2950 5849 S.
2995 5792 3351 5864 Augustinum
3405 5790 3471 5859 de
3500 5786 3659 5842 Civil.

2048 5864 2164 5937 Dei,
2198 5863 2289 5929 lib.
2320 5878 2437 5941 vin,
2465 5874 2585 5947 cap.
2613 5862 2667 5947 ὅ.
