4154 6196
556 334 669 393 415

1634 334 1821 393 FIRM.
1860 333 2227 395 LACTANTII
2269 337 2474 396 DlVIN.
2509 340 2752 399 INSTIT.

3749 344 3860 401 -Ηϐ

559 456 731 527 aspici
757 470 789 512 a
819 454 948 510 viris
975 450 1128 511 nefas
1154 453 1433 512 habeatur.
1456 457 1742 513 Abstinent
1769 457 1932 528 igitur
1957 472 2153 528 aspec-
2182 474 2237 533 Α
2259 473 2378 515 rum
2408 459 2734 517 simillimus.
2764 460 2846 516 Ex
2873 460 2958 518 his
2985 475 3149 518 unum
3177 460 3394 533 eligam,
3414 462 3554 533 quod
3574 463 3643 519 ab
3672 465 3858 519 omni-

560 556 640 609 tu.
672 546 868 619 quibus
907 548 1281 606 contaminare
1328 550 1417 604 illa
1450 566 1559 606 non
1606 550 1763 609 licet:
1809 560 1862 606 et
1888 551 1935 607 si
1980 550 2157 617 forte,

560 639 651 696 vel
676 653 887 710 errore,
929 640 1013 697 vel
1053 655 1181 698 casu
1226 645 1482 715 quopiam
1520 645 1605 701 vir
1635 645 1909 716 aSpexerit
1934 686 1950 713 ,
1982 645 2160 716 primo

558 749 722 807 poena
745 735 885 804 ejus,
917 736 1114 795 deinde
1144 739 1534 795 instauratione
1556 739 1804 795 sacrificii
1822 781 1838 806 ,
1868 739 2045 797 scelus
2066 754 2160 795 ex-

555 827 757 898 piatur.
789 828 929 898 Quid
957 829 1041 886 his
1089 831 1274 899 facias,
1319 834 1411 903 qui
1442 834 1753 889 inconcessa
1792 833 2021 889 scrutari
2061 848 2161 889 vo-

556 918 717 976 lunt?
742 920 1007 978 Nimirum
1038 924 1208 979 multo
1236 925 1631 990 sceleratiores,
1662 924 1755 997 qui
1783 940 1979 983 arcana
2002 942 2161 982 mun-

556 1014 633 1083 di,
664 1024 719 1072 et
748 1015 851 1073 hoc
891 1019 1117 1075 caeleste
1152 1019 1409 1089 templum
1455 1019 1744 1090 profanare
1769 1021 1947 1092 impiis
1974 1020 2163 1090 dispu-

562 1109 860 1166 tationibus
886 1122 1158 1182 quaerunt,
1180 1127 1342 1183 quam
1373 1113 1462 1182 qui
1489 1112 1660 1175 aedem
1688 1113 1869 1170 Vestae
1888 1155 1904 1181 ,
1937 1122 2030 1168 aut
2059 1115 2163 1168 Bo-

560 1219 647 1260 nae
702 1204 847 1270 Deae,
894 1214 984 1259 aut
1023 1201 1241 1262 Cereris
1290 1206 1632 1263 intraverint.
1683 1206 1815 1276 Quze
1859 1207 2160 1278 penetralia

556 1296 804 1366 quamvis
831 1295 980 1352 adire
1007 1297 1139 1352 viris
1179 1312 1288 1354 non
1316 1298 1509 1367 liceat,
1539 1308 1718 1356 tamen
1765 1314 1797 1354 a
1838 1300 1969 1355 viris
1996 1298 2162 1355 fabri-

559 1398 682 1444 cata
710 1396 855 1443 sunt.
892 1387 957 1443 Hi
987 1404 1120 1445 vero
1152 1403 1257 1444 non
1291 1398 1499 1446 tantum
1526 1391 1820 1461 impietatis
1846 1392 2055 1447 crimen
2082 1391 2161 1448 ef-

557 1479 774 1552 fugiunt
804 1497 817 1534 :
848 1480 945 1537 sed
972 1522 987 1547 ,
1025 1482 1167 1547 quod
1191 1490 1274 1538 est
1303 1484 1475 1539 multo
1502 1483 1795 1556 indignius,
1838 1484 2163 1554 eloquentiae

559 1573 783 1640 famam,
806 1582 860 1630 et
885 1574 1083 1645 ingenii
1112 1575 1337 1645 gloriam
1355 1587 1783 1649 consequuntur.
1813 1576 2040 1645 Quid,si
2062 1577 2164 1633 ali-

557 1667 687 1739 quid
720 1668 1044 1740 investigare
1067 1670 1327 1740 possent?
1355 1670 1494 1728 Sunt
1521 1672 1666 1727 enim
1696 1682 1805 1726 tam
1831 1671 1979 1727 stulti
2009 1671 2061 1725 in
2085 1685 2167 1726 as-

558 1759 886 1816 severando.
929 1776 1089 1831 quam
1124 1764 1354 1835 improbi
1384 1764 1439 1819 in
1467 1764 1804 1835 quaerendo;
1835 1781 1960 1822 cum
1985 1780 2164 1837 neque

560 1852 805 1909 invenire
859 1854 1150 1927 quidquam
1188 1856 1416 1926 possint,
1457 1872 1559 1913 nec
1595 1857 1915 1924 defendere,
1947 1859 2158 1914 etiamsi
2189 1893 2238 1954 B

559 1946 884 2003 invenerint.
910 1948 1045 2005 Nam
1074 1951 1120 2007 si
1139 1967 1327 2007 verum
1358 1952 1442 2008 vel
1468 1951 1692 2009 fortuito
1718 1953 1988 2023 viderint,
2011 1956 2156 2024 quod

560 2038 760 2107 saepius
787 2041 1070 2113 contingit,
1102 2047 1471 2110 committunt,
1499 2054 1560 2101 ut
1586 2045 1655 2100 ab
1684 2045 1806 2101 aliis
1832 2046 1886 2102 id
1908 2061 2004 2117 pro
2021 2046 2159 2104 falso

559 2126 859 2185 refellatur.
890 2131 1007 2187 Non
1058 2135 1202 2190 enim
1250 2135 1533 2193 descendit
1560 2137 1756 2208 aliquis
1782 2138 1850 2194 de
1877 2139 2039 2209 coelo,
2070 2141 2160 2211 qui

562 2225 884 2281 sententiam
928 2227 997 2284 de
1046 2231 1383 2300 singulorum
1428 2231 1772 2303 opinionibus
1817 2230 1996 2288 ferat:
2029 2248 2162 2304 qua-

560 2332 786 2393 propter
816 2336 975 2378 nemo
1005 2323 1354 2393 dubitaverit,
1384 2342 1501 2395 eos,
1533 2327 1625 2399 qui
1671 2328 1772 2384 ista
1800 2330 2161 2400 conquirant,

562 2412 782 2481 stultos,
812 2413 1048 2485 ineptos,
1072 2416 1295 2473 insanos
1320 2432 1462 2474 esse.

560 2507 579 2569 ι.
634 2507 850 2577 Aliquid
889 2523 1021 2581 ergo
1059 2509 1329 2567 Socrates'
1350 2510 1539 2567 habuit
1572 2512 1753 2570 cordis
1786 2513 2043 2581 humani,
2075 2514 2167 2586 qui

560 2615 687 2657 cum
721 2600 1051 2672 intelligeret
1075 2604 1193 2659 haec
1218 2619 1328 2660 non
1356 2619 1517 2674 posse
1546 2605 1802 2672 inveniri,
1833 2605 1901 2661 ab
1930 2607 2166 2677 ejusmo-

560 2692 616 2748 di
640 2694 1030 2764 qutestionibus
1051 2709 1114 2751 se
1140 2695 1402 2763 removit;
1430 2711 1732 2768 vereorque
1760 2713 1828 2755 ne
1850 2700 1901 2754 in
1926 2713 1992 2755 eo
2022 2699 2166 2754 solo.

565 2785 733 2842 Multa
762 2786 906 2842 enim
938 2796 1065 2844 sunt
1102 2787 1221 2860 ejus
1252 2803 1358 2845 non
1398 2790 1561 2845 modo
1588 2790 1748 2847 laude
1785 2791 2000 2863 indigna
2026 2834 2041 2859 ,
2069 2792 2166 2848 sed

562 2880 728 2936 etiam
757 2879 1185 2953 reprehensione
1228 2883 1565 2957 dignissima,
1600 2886 1651 2941 in
1682 2886 1876 2957 quibus
1904 2886 2004 2942 fuit
2033 2902 2163 2942 suo-

2262 552 2364 609 bus
2389 556 2460 608 sit
2497 554 2802 625 probatum.
2842 553 3070 611 Celebre
3096 555 3202 612 hoc
3231 556 3575 626 proverbium
3607 554 3860 613 Socrates

2263 645 2451 702 habttit
2479 665 2493 701 :
2532 666 2552 699 ‹
2585 647 2738 716 Quod
2778 662 2943 718 supra
2974 662 3075 705 nos
3095 689 3110 715 ,
3140 647 3274 703 nihil
3302 647 3369 703 ad
3396 662 3515 703 nos.
3550 665 3570 700 ι
3601 648 3865 704 Procum-

2262 738 2456 794 bamus
2485 738 2646 809 igitur
2672 739 2725 794 in
2759 747 2983 805 terram,
3014 751 3069 795 et
3096 753 3290 795 manus
3316 739 3471 794 nobis
3501 738 3567 794 ad
3601 738 3861 808 prasclara

2262 844 2429 900 Opera
2456 829 2610 885 datas
2638 840 3026 886 convertamus
3057 831 3109 886 in
3137 829 3323 902 pedes.
3354 829 3498 886 Nihil
3537 829 3603 885 ad
3632 844 3731 887 nos
3753 845 3864 886 cm-

2262 921 2397 989 lum,
2440 920 2508 976 ad
2534 922 2693 991 cujus
2730 923 3245 995 contemplationem
3289 937 3476 979 sumus
3503 923 3720 979 excitati
3745 940 3761 985 :
3791 926 3865 979 ni-

2266 1013 2340 1068 hil
2390 1013 2625 1084 denique
2676 1013 2767 1069 lux
2808 1015 2923 1085 ipsa
2965 1014 3236 1084 pertineat
3266 1032 3281 1071 :
3311 1025 3460 1071 certe
3490 1015 3668 1071 victus
3695 1016 3860 1070 nostri

2262 1121 2422 1163 causa
2468 1106 2537 1163 de
2579 1107 2719 1164 caelo
2756 1118 2858 1164 est.
2882 1107 3035 1175 Quod
3065 1108 3110 1163 si
3141 1107 3244 1164 hoc
3274 1108 3444 1164 sensit
3470 1150 3486 1175 ,
3512 1122 3618 1163 non
3646 1122 3770 1165 esse
3797 1108 3864 1164 de

2264 1201 2427 1257 rebus
2451 1201 2772 1257 caelestibus
2793 1202 3198 1273 disputandum,
3220 1217 3291 1258 ne
3313 1202 3527 1258 illorum
3550 1202 3764 1274 quidem
3788 1218 3868 1258 ra-

2265 1295 2466 1350 tionem
2500 1304 2710 1364 poterat
2737 1294 3224 1367 comprehendere,
3252 1309 3372 1366 quae
3401 1297 3503 1351 sub
3532 1295 3758 1364 pedibus
3778 1295 3867 1350 ha-

2263 1387 2448 1445 bebat.
2481 1387 2621 1455 Quid
2649 1388 2818 1459 ergo?
2847 1404 2973 1443 num
3000 1388 3205 1443 erravit
3230 1388 3286 1443 in
3311 1387 3537 1444 verbis?
3561 1387 3864 1444 Verisimile

2265 1495 2371 1535 non
2399 1488 2484 1536 est
2514 1497 2527 1533 :
2561 1479 2656 1536 sed
2693 1481 2950 1535 nimirum
2998 1480 3051 1535 id
3078 1466 3253 1535 sensit
3278 1522 3294 1547 ,
3325 1479 3470 1550 quod
3497 1478 3711 1535 locutus
3738 1490 3817 1536 est
3843 1521 3858 1546 ,

2266 1573 2513 1644 religioni
2561 1573 2782 1629 minime
2819 1561 3167 1629 serviendum
3212 1589 3226 1627 :
3257 1572 3400 1644 quod
3430 1571 3476 1627 si
3505 1581 3691 1643 aperte
3713 1572 3857 1629 dice-

2264 1674 2368 1731 ret,
2397 1679 2557 1721 nemo
2587 1673 2881 1735 pateretur.

2336 1758 2465 1828 Quis
2485 1759 2629 1815 enim
2654 1774 2760 1813 non
2785 1757 3002 1825 sentiat,
3030 1756 3176 1813 hunc
3200 1757 3463 1813 mundum
3492 1765 3597 1813 tam
3626 1756 3865 1813 mirabili

2266 1853 2476 1908 ratione
2516 1851 2836 1923 perfectum,
2901 1851 3082 1922 aliqua
3132 1850 3475 1923 providentia
3530 1850 3863 1923 gubernari?

2264 1946 2694 2018 quandoquidem
2726 1947 2852 2003 nihil
2879 1956 2984 2015 est,
3011 1948 3159 2020 quod
3191 1950 3359 2017 possit
3387 1949 3506 2005 sine
3534 1949 3645 2005 ullo
3672 1950 3859 2005 mode-

2267 2050 2448 2096 ratore
2469 2041 2784 2097 consistere.
2806 2042 2897 2098 Sic
2919 2041 3113 2099 domus
3134 2043 3202 2099 ab
3226 2042 3528 2099 habitatore
3548 2042 3765 2099 deserta
3786 2045 3867 2098 di-

2269 2134 2499 2201 labitur;
2529 2136 2685 2191 navis
2708 2136 2828 2192 sine
2855 2136 3218 2207 gubernatore
3241 2136 3354 2193 abit
3386 2151 3602 2208 pessum
3625 2153 3641 2204 ;
3663 2146 3718 2192 et
3741 2151 3862 2192 cor-

2269 2246 2371 2303 pus
2391 2273 2406 2297 ,
2433 2231 2679 2288 relictum
2707 2232 2775 2286 ab
2818 2231 2999 2287 anima
3023 2272 3037 2298 ,
3076 2229 3275 2286 difﬂuit
3304 2249 3317 2285 :
3352 2230 3549 2287 nedum
3581 2239 3828 2301 putemus
3850 2273 3865 2295 ,

2271 2333 2471 2381 tantam
2499 2324 2642 2381 illam
2670 2324 2869 2381 molem
2916 2333 3010 2379 aut
3050 2324 3290 2380 construi
3338 2325 3456 2380 sine
3485 2323 3694 2381 artifice
3718 2367 3734 2391 ,
3764 2336 3860 2379 aut

2272 2430 2417 2475 stare
2456 2418 2659 2474 tamdiu
2690 2419 2807 2474 sine
2836 2426 3048 2474 rectore
3076 2416 3341 2490 potuisse.
3371 2416 3524 2486 Quod
3549 2417 3593 2472 si
3620 2417 3868 2488 publicas

2271 2511 2394 2567 illas
2437 2511 2728 2583 religiones
2772 2510 2942 2566 voluit
2987 2518 3260 2576 evertere,
3293 2525 3402 2564 non
3434 2510 3707 2580 improbo,
3738 2511 3868 2580 quin

2271 2604 2432 2660 etiam
2464 2603 2716 2669 laudabo,
2742 2602 2787 2658 si
2809 2602 2926 2674 ipse
2950 2601 3095 2673 quod
3124 2610 3208 2657 est
3234 2601 3428 2657 melius
3452 2601 3739 2658 invenerit.
3767 2602 3873 2658 Ve-

2272 2713 2391 2753 rum
2422 2696 2561 2753 idem
2594 2711 2692 2768 per
2721 2710 2912 2752 canem
2945 2705 2999 2751 et
3033 2708 3282 2750 anserem
3304 2692 3599 2764 deierabat.
3628 2693 3673 2749 Ο
3702 2693 3877 2750 homi-

2275 2806 2396 2847 nem
2439 2805 2681 2848 scurram
2711 2789 2794 2860 (ut
2819 2789 2895 2843 ait
2925 2787 3070 2842 Zeno
3098 2785 3404 2858 epicureus)
3430 2786 3669 2856 ineptum
3698 2827 3714 2853 ,
3743 2800 3871 2856 per-

2271 2885 2467 2952 ditum,
2495 2884 2864 2957 desperatum,
2890 2883 2934 2938 si
2956 2880 3198 2937 cavillari
3219 2879 3390 2937 voluit
3420 2880 3757 2953 religionem;
3778 2880 3874 2936 dc-

1911 2978 2272 3036 VARIORUM
2298 2978 2530 3035 ΝΟΤΑΞΣ.

560 3090 580 3167 ’_
637 3088 803 3167 Nefas
830 3089 1095 3167 habeatur.
1119 3090 1463 3167 Comparatio
1482 3105 1568 3151 est
1592 3110 1622 3151 a
1645 3096 1838 3153 minori
1872 3096 1939 3152 ad
1968 3096 2164 3167 majus,
2196 3096 2241 3160 C
2274 3092 2588 3167 Lactantius
2631 3094 2839 3167 sacrati
2883 3094 3045 3164 paulo
3086 3093 3352 3167 iniquior,
3385 3104 3440 3150 et
3467 3092 3569 3167 sibi
3598 3096 3871 3167 contraria

558 3158 709 3235 jux_t_a
725 3158 1032 3235 '_Gentilium
1057 3171 1236 3235 tamen
1259 3158 1594 3235 opinionem.

644 3230 741 3286 Vel
768 3247 891 3287 casu
919 3234 1183 3304 quopiam.
1217 3230 1316 3292 Sic
1352 3237 1565 3293 restitui
1595 3255 1663 3294 ex
1691 3241 1969 3296 veteribus
1999 3239 2160 3296 editis

564 3311 721 3382 octo,
749 3311 803 3358 et
851 3303 1103 3382 omnibus
1150 3322 1282 3382 mss.
1313 3318 1509 3382 praeter
1537 3311 1573 3366 3
1604 3311 1733 3381 Reg.
1762 3320 1820 3367 et
1843 3312 1881 3366 2
1925 3312 2073 3382 Lips.
2105 3312 2162 3366 in

563 3373 779 3444 quibus,
807 3374 963 3453 utuin
990 3375 1022 3430 7
1067 3373 1531 3453 esensisﬂegitur
1550 3373 1834 3453 quispiam,
1862 3385 1916 3439 in
1947 3373 2157 3439 l'Colb.

563 3462 836 3523 quoquam.
868 3445 1003 3523 Nota
1032 3448 1208 3504 obiter
1236 3445 1477 3522 quopiam
1508 3445 1746 3509 in'seito
1763 3445 1914 3518 casu,
1940 3464 1999 3510 ut
2020 3455 2161 3523 apud

564 3515 885 3595 Arnpbium,
916 3518 1009 3573 lib.
1035 3534 1110 3582 Vl,
1134 3515 1259 3595 ante
1283 3515 1468 3590 tinem,
1492 3523 1657 3579 etlib.
1679 3541 1774 3589 vn,
1793 3515 2158 3595 postinitium.

643 3586 977 3666 Hocfteleste
1006 3592 1253 3666 templum
1277 3634 1291 3657 ,
1325 3603 1432 3650 etc.
1457 3586 1555 3651 'Sic
1601 3586 1810 3666 Scipio.
1834 3599 1886 3651 in
1940 3597 2163 3653 Somnio

565 3659 705 3736 apud
753 3657 869 3715 Cic.
912 3657 1206 3736 appellavit
1252 3666 1533 3721 mundum.
1584 3657 1709 3736 Quo'
1750 3669 1872 3723 loco
1924 3668 2157 3724 Macrob.

565 3729 705 3785 Bene
741 3742 911 3785 autem
942 3729 957 3799 ,
990 3733 1191 3811 inquit,
1234 3729 1752 3811 universusmiindus
1791 3738 1887 3793 Dei
1914 3741 2163 3811 templum

565 3812 794 3873 uocatur,
842 3812 1049 3871 propter
1074 3806 1195 3860 illos
1236 3806 1324 3873 qui
1367 3809 1661 3863 existimant
1703 3810 1835 3864 nihil
1878 3806 2027 3865 aliud
2056 3828 2166 3867 esse

568 3870 758 3950 Deum,
785 3870 890 3950 nisi
918 3875 1098 3928 cretum
1131 3870 1411 3950 ipsum,“
1440 3880 1662 3950 caelestia
1703 3882 1804 3934 ista
1847 3898 1961 3950 qua:
1998 3883 2165 3937 cerni-

566 3941 856 4019 mus.ch
878 3951 931 3996 ut
956 3948 1141 4000 summi
1160 3941 1438 4018 potentiam
1469 3948 1565 4004 Dei
1589 3941 1872 4006 ostenderet
1903 3970 2052 4019 posse
2078 3957 2165 4008 vix

567 4014 809 4092 intelligi,
842 4031 1101 4092 nunquam
1130 4014 1329 4092 videri;
1357 4020 1608 4092 quidquid
1631 4022 1858 4076 humano
1893 4014 2166 4092 subjicitur

567 4086 817 4165 aspectui,
839 4086 1091 4165 templum
1117 4091 1229 4159 ejus
1251 4086 1463 4154 voca—rit,
1488 4086 1575 4165 qui
1602 4094 1714 4147 sola
1744 4105 1911 4149 mente
1936 4086 2164 4165 concipi-

569 4164 675 4221 tur;
691 4166 742 4209 ut
762 4158 851 4234 qui
870 4157 978 4211 haec
1000 4157 1267 4234 veneratur
1287 4172 1339 4216 ut
1360 4157 1572 4234 templa,
1592 4165 1789 4219 cultum
1807 4175 1975 4221 tamen
1995 4157 2136 4222 ηιαὼὶ
2150 4194 2165 4205 ο

568 4243 707 4307 nium
738 4226 914 4307 debeat
936 4232 1235 4307 conditori,
1269 4226 1495 4307 sciatque
1524 4226 1751 4307 quisquis
1778 4237 1831 4291 in
1861 4254 2007 4292 usum
2030 4247 2161 4292 tent-

569 4299 645 4371 pli
666 4299 821 4372 hujus
855 4300 1138 4371 inducitur,
1168 4306 1273 4360 ritu
1293 4305 1389 4360 sibi
1411 4299 1685 4362 uiuendum
1709 4309 1993 4364 sacerdotis
2017 4351 2031 4375 ,
2055 4318 2161 4366 etc.

567 4440 615 4497 Γ
643 4439 945 4522 gemellam,
964 4446 1164 4522 etc._De
1178 4462 1430 4522 qua_rnox
1450 4379 2040 4521 l.actantius,B:tglh‘iira
2059 4452 2097 4506 l.
2121 4469 2156 4522 ι,

2271 3166 2422 3230 dicit,
2455 3182 2575 3220 cum
2606 3166 2728 3221 aliis
2754 3167 2806 3221 in
2831 3166 2964 3221 locis
2985 3165 3214 3220 multum
3241 3167 3523 3221 Socratem
3547 3166 3869 3222 laudaverit.

2266 3235 2656 3292 Verumtamen
2686 3253 2793 3291 non
2827 3253 2893 3292 eo
2924 3237 3246 3292 veniendum
3268 3246 3375 3303 est,
3408 3247 3467 3293 ttt
3486 3236 3751 3303 dicamus,
3779 3254 3872 3293 ve-

2266 3306 2347 3362 lut
2374 3307 2636 3364 Erasmus
2667 3309 2981 3376 Rotterod.,
3031 3307 3124 3378 qui
3179 3322 3326 3377 sazpe
3361 3309 3451 3363 vix
3502 3308 3780 3365 abstinere
3808 3323 3873 3365 se

2266 3393 2431 3505 posse
2460 3381 2674 3447 aiebat,
2700 3382 2828 3452 quin
2874 3379 3119 3437 diceret:
3145 3378 3339 3435 Sancte
3363 3380 3626 3448 Socrates,
3650 3395 3741 3434 ora
3772 3398 3871 3450 pro

2266 3466 2331 3504 no
2368 3467 2430 3505 is.

2266 3466 2430 3505 710018.

2344 3520 2790 3594 Ρνοεῳηὸαηιιιε..
2893 3524 2948 3578 in
2975 3532 3184 3580 terram.
3208 3522 3437 3594 [Equins
3474 3522 3867 3594 interpretatur

2266 3592 2468 3650 Minue.
2492 3592 2639 3648 Felix
2661 3637 2678 3661 ,
2707 3609 2759 3650 c.
2784 3595 2839 3650 8.
2865 3594 3235 3652 Tertullianus
3256 3636 3274 3662 ,
3296 3592 3346 3648 Ἰ.
3375 3610 3414 3648 ιι
3454 3594 3522 3649 ad
3568 3592 3822 3651 Nationes
3846 3637 3863 3659 ,

2267 3678 2320 3737 c.
2349 3669 2417 3730 4,
2450 3666 2653 3720 dictum
2683 3666 2787 3721 hoc
2817 3666 3052 3737 Epicuro
3086 3665 3293 3721 tribuit.
3321 3665 3449 3737 Jure
3481 3681 3641 3732 vero,
3672 3668 3762 3737 qui
3791 3667 3863 3721 de

2269 3735 2496 3807 Socrate
2536 3735 2897 3807 scripserunt,
2930 3738 3267 3793 Lactantium
3311 3736 3382 3794 ob
3412 3736 3552 3793 banc
3584 3735 3860 3794 sinistram

2270 3806 2777 3880 interpretationem
2803 3811 3151 3880 castigarunt.
3183 3809 3315 3865 Bon.

2341 3878 2573 3950 Difﬂuit.
2604 3879 2681 3935 Ita
2710 3878 3045 3952 antiquiores
3076 3896 3139 3935 ac
3164 3886 3402 3946 potiores
3445 3895 3575 3935 mss.
3608 3880 3861 3938 undecim

2267 3958 2326 4006 et
2350 3951 2591 4023 nonnulli
2624 3953 2752 4008 editi
2775 3969 2789 4017 ;
2822 3951 2872 4006 in
2900 3953 3115 4007 czeteris
3142 3952 3339 4023 deﬂuit,
3371 3952 3549 4007 minus
3575 3953 3734 4008 bene.

2350 4019 2537 4094 Verum
2568 4023 2712 4094 idem
2744 4041 2833 4093 per
2855 4040 3055 4088 canem,
3087 4019 3467 4079 etcﬁMetninit
3512 4024 3672 4094 hujus
3710 4024 3865 4089 jura-

2268 4093 2458 4167 rnenti
2489 4093 2825 4167 Athenaeus,
2860 4096 2952 4167 lib.
2996 4110 3079 4150 is.
3120 4095 3388 4167 Deipnos.
3432 4093 3671 4167 Excusat
3715 4094 3864 4150 hunc

2269 4162 2625 4233 Appollonius
2646 4167 2787 4236 apud
2815 4166 3064 4230 Philost.,
3095 4166 3189 4222 lib.
3213 4162 3289 4233 vi,
3320 4168 3462 4238 quod
3485 4166 3747 4238 jnraverit
3767 4182 3867 4237 per

2268 4249 2366 4308 ea,
2390 4250 2497 4308 non
2531 4245 2803 4305 tamquam
2830 4254 2924 4306 per
2950 4237 3102 4301 deos,
3134 4239 3228 4293 sed
3259 4237 3454 4308 ne’per
3469 4237 3602 4294 deos
3623 4238 3858 4307 jnraret.

2268 4304 2409 4430 Quid
2440 4308 2613 4363 dicam
2647 4304 2717 4365 de
2755 4304 3084 4379 Theologis?
3112 4304 3492 4380 'l‘ertul.,‘cap.
3532 4309 3596 4364 l4
3625 4304 3861 4380 'Apolog.

2317 4394 2436 4430 acea
2452 4420 2467 4430 .
2498 4379 2708 4430 innuit.
2739 4381 2803 4430 de
2824 4382 3173 4430 nhilosonhis.
3202 4382 3419 4430 Sacrate
3445 4390 3711 4430 contentus
3731 4423 3745 4430 -
3770 4384 3861 4430 aui

2317 4394 2436 4433 acea
2452 4420 2467 4443 ,
2498 4379 2708 4451 inquit,
2739 4381 2803 4435 de
2823 4382 3173 4452 philosophis,
3201 4379 3711 4452 Socrategcontentus
3731 4423 3746 4444 ,
3770 4379 3864 4452 qui

2270 4448 2325 4502 in
2351 4448 2715 4505 contumeliam
2738 4448 2979 4517 deorum,
3015 4451 3268 4518 Quercum
3294 4494 3309 4515 ,
3337 4461 3385 4507 et
3417 4450 3656 4516 Hircum,
3678 4462 3727 4506 et
3758 4448 3866 4507 Ca-

568 4525 618 4565 c.
652 4512 755 4580 22;
790 4515 1035 4586 Propert.
1069 4517 1107 4572 l.
1163 4512 1238 4587 tv,
1267 4518 1419 4590 Elcg.
1452 4521 1509 4587 9,
1536 4521 1605 4577 de
1633 4512 1804 4578 sacris
1830 4512 1993 4579 Bonie
2020 4512 2160 4581 deaa'.
2192 4556 2247 4619 υ
2270 4535 2386 4603 net}!
2415 4521 2694 4619 deierabat.
2740 4522 2861 4619 sed.
2886 4512 3155 4619 proptErea
3183 4512 3457 4619 damnatus
3483 4532 3555 4578 est
3581 4512 3863 4619 saginis,
3912 4524 3929 4543 "

696 4627 967 4698 Fagminea:
991 4630 1095 4681 loca
1116 4632 1278 4698 clausa
1299 4632 1429 4696 deaa,
1454 4632 1717 4698 fontesque
1742 4636 1964 4698 piandos,

759 4689 965 4755 Impune
990 4699 1044 4743 et
1060 4693 1203 4744 nullis
1218 4707 1354 4744 sacra
1380 4689 1573 4747 retecta
1597 4689 1731 4748 viris.

571 4796 637 4852 Et
665 4810 770 4850 non
803 4796 975 4877 solum
999 4799 1128 4877 viris
1156 4801 1606 4877 templumbonte
1635 4804 1749 4859 dea:
1782 4806 1988 4877 ingredi
2018 4807 2171 4864 nefas

572 4878 720 4931 erat;
748 4867 845 4923 sed
869 4877 941 4946 _et
970 4871 1188 4946 pictura:
1236 4867 1487 4946 mascula:
1533 4875 1583 4946 in
1626 4867 2078 4946 tetttplovvelatre,
2112 4889 2171 4935 ut

569 4947 838 5014 testantur
861 4938 1104 5014 Juvenal.
1141 4942 1324 5014 Satyr.
1353 4942 1421 5009 6,
1455 4956 1508 5000 et
1534 4938 1930 5014 Senecfepist.
1963 4938 2169 5006 97.'De

571 5009 656 5092 his
683 5012 990 5092 Bonzedea:
1017 5022 1108 5092 aut
1133 5012 1312 5068 Vestae
1349 5014 1616 5092 Mysteriis
1657 5018 1775 5073 vide
1806 5009 2028 5092 Diionys.
2062 5022 2167 5078 lia-

570 5081 775 5160 lyc_a_rn.
807 5083 899 5160 lib.
932 5099 1009 5160 tt__;_
1046 5081 1675 5160 Ciceroncmforatione
1707 5103 1804 5159 pro
1840 5081 2010 5147 Domo
2041 5108 2162 5160 sua,

570 5163 624 5233 et
653 5154 1102 5233 Mac_rob.,___lib._t
1128 5155 1425 5233 sal_urnal.,
1455 5154 1520 5214 Vc.
1553 5160 1613 5215 11
1647 5154 1816 5224 ειη,
1845 5174 2004 5233 atque
2040 5154 2171 5220 Scr-

569 5225 714 5278 vium
748 5226 798 5280 in
827 5243 880 5283 1v
912 5228 1001 5283 lib.
1035 5226 1315 5283 Aineidos.

645 5295 846 5371 Cordis.
880 5298 974 5355 llic
1003 5316 1092 5354 cor
1110 5301 1331 5371 ponitur
1364 5316 1460 5368 pro
1484 5302 1665 5355 animo
1685 5345 1700 5367 ,
1728 5303 2011 5370 prudentia
2033 5345 2048 5371 ,
2079 5319 2165 5360 sa-

574 5366 795 5446 pientia.
815 5399 887 5446 ς-
907 5366 1232 5446 Aliquid...._.
1266 5366 1442 5446 habuit
1478 5372 1659 5426 cordis.
1688 5366 1748 5428 id
1780 5383 1893 5437 est,
1932 5384 1990 5429 ut
2015 5366 2158 5446 sup.,

576 5437 674 5515 {uit
705 5441 858 5515 paulo
885 5437 1163 5515 cordatior.
1188 5442 1510 5515 Lactantius
1537 5459 1656 5497 cum
1687 5447 1809 5515 aliis
1843 5437 2160 5515 sapientiam

573 5508 627 5583 in
652 5510 806 5583 corde
832 5514 1062 5583 ponebat
1098 5530 1111 5565 :
1144 5513 1291 5583 hinc,
1322 5515 1357 5569 I.
1388 5530 1467 5578 ιη,
1500 5528 1622 5583 cap.
1655 5515 1753 5570 1'5:
1784 5514 1851 5569 In
1892 5508 2045 5572 corde
2071 5535 2159 5573 sa-

575 5579 892 5656 pientia_est.
924 5580 1000 5656 _D_c
1027 5582 1194 5656 Opiﬁ,
1227 5598 1347 5653 cap.
1380 5586 1447 5641 10
1479 5605 1492 5641 :
1525 5579 1626 5640 (ἐὸν
1646 5588 1914 5656 sapientiw
1942 5588 2157 5644 domici-

573 5651 719 5730 lium.
749 5650 880 5730 (inp.
916 5651 983 5704 12
1013 5670 1029 5730 γι
1062 5650 1308 5730 Primum
1343 5672 1432 5730 cur
1451 5658 1682 5730 hominis
1708 5650 1907 5730 'eﬂingi,
1939 5661 2076 5730 quod
2103 5661 2157 5717 in

571 5737 630 5777 eo
654 5724 720 5796 s_it
749 5723 850 5777 vita
880 5729 1043 5779 omnis
1073 5735 1120 5780 et
1147 5725 1417 5796 sapientia.
1450 5727 1581 5783 BUN.

647 5794 799 5862 Quod
824 5811 984 5867 supra
1014 5813 1140 5864 nos,
1172 5794 1301 5852 nihil
1324 5800 1393 5853 ad
1424 5817 1533 5856 nos.
1566 5798 1807 5857 Meminit
1838 5801 2000 5858 etiam
2024 5802 2154 5860 Hie-

575 5881 833 5939 ronymus
861 5869 913 5927 in
942 5870 1207 5944 Apologia
1243 5871 1501 5932 adversus
1529 5871 1811 5932 Ruﬁnum.
1840 5878 1911 5934 At
1940 5875 2154 5934 videtur
2211 5890 2220 5897 '

2272 4592 2540 4664 quia__deos
2576 4592 2893 4649 destruebat.
2917 4595 3249 4664 Augustinus
3280 4637 3296 4661 ,
3349 4596 3476 4650 item
3506 4610 3625 4664 cap.
3672 4594 3706 4649 2
3738 4595 3866 4651 libri

2272 4662 2343 4717 de
2370 4661 2510 4718 Vera
2538 4665 2821 4737 religione,
2853 4661 3174 4722 clementius
3201 4665 3305 4721 hoc
3333 4661 3737 4737 interpretatur.
3770 4666 3866 4721 ln-

2274 4741 2419 4809 terea
2453 4750 2559 4790 non
2588 4736 2936 4809 negabimus,
2974 4753 3165 4809 capem
3198 4738 3341 4809 apud
3378 4736 3666 4809 Eg’yptios
3688 4738 3864 4809 deum

2273 4803 2476 4879 fuisse;
2505 4808 2647 4877 quod
2662 4803 2785 4861 'non
2830 4808 2990 4863 modo
3024 4803 3249 4863 Euseb.~
3270 4810 3321 4864 in
3346 4803 3645 4879 Praeparat.
3680 4808 3865 4864 Evan-

2270 4875 2442 4951 gelica
2457 4875 2703 4951 testatur,
2732 4879 2828 4934 sed
2853 4882 2964 4950 ipse
2984 4879 3148 4951 etiam
3168 4879 3320 4935 Plato
3339 4880 3390 4935 in
3415 4875 3629 4951 Gorgia.
3656 4880 3861 4937 Βετυι..

2269 4973 2343 5022 -_-
2365 4947 2618 5022 Socrates
2659 4950 2839 5006 dietus
2874 4947 3067 5006 scurra
3116 4950 3316 5006 Atticus
3342 4992 3355 5009 .
3382 4954 3511 5022 quia
3530 4947 3868 5008 ridibundns

2269 5019 2531 5143 Eleraqne
2582 5021 2833 5077 docebat.
2890 5022 3093 5078 Pr:eter
3147 5019 3516 5105 (ὶξεω-οηεξηι,⁸
3548 5022 3686 5104 libro
3738 5022 3869 5105 [de

2318 5099 2471 5143 atura
2500 5091 2745 5143 deorum.
2782 5108 2903 5143 can.
2952 5093 3022 5143 34
3042 5136 3055 5143 -
3090 5105 3145 5143 et
3176 5094 3266 5143 lth-
3303 5111 3334 5143 ν
3362 5095 3431 5143 de
3461 5094 3705 5143 Finibus-
3737 5095 3869 5143 vide

2318 5099 2471 5164 atura
2500 5091 2745 5155 deorum,
2782 5108 2903 5163 cap.
2952 5093 3022 5149 34
3042 5136 3056 5157 ,
3090 5105 3145 5149 et
3175 5094 3267 5151 lih.
3303 5111 3334 5148 v
3362 5095 3431 5149 de
3460 5094 3706 5164 Finibus,
3737 5095 3869 5152 vide

2269 5160 2561 5235 Minucium
2593 5165 2644 5220 in
2662 5160 2911 5229 Octavio,
2942 5166 3103 5235 paulo
3133 5176 3257 5221 ante
3286 5166 3474 5221 linem.

2344 5230 2390 5286 0
2416 5237 2672 5290 hominem
2713 5230 3062 5308 scurram}...
3095 5236 3235 5291 Zeno
3264 5238 3577 5308 Epicureus.
3605 5235 3871 5308 Sequitur

2268 5301 2613 5379 Ciceronem,
2641 5308 2733 5362 lib.
2768 5324 2783 5361 ι
2821 5307 2889 5362 de
2921 5306 3040 5362 Nat.
3074 5307 3253 5375 deor.,
3300 5301 3420 5379 cap.
3444 5310 3513 5364 5i
3542 5326 3553 5359 :
3581 5301 3719 5363 Zeno
3756 5326 3869 5366 non

2266 5390 2352 5429 eos
2400 5378 2565 5450 solum
2595 5381 2810 5449 quitum
2839 5389 3007 5443 erant,
3037 5378 3445 5450 Appollodorum
3464 5423 3477 5443 ,
3503 5379 3736 5450 Syllum,
3760 5398 3869 5437 etz-

2267 5454 2399 5519 teros
2422 5449 2605 5519 ﬁgebat
2632 5450 2915 5503 maledictis
2939 5465 2954 5513 ;
2983 5449 3365 5506 sed’Socratem
3384 5449 3571 5519 ipsum,
3598 5463 3868 5517 parentem

2263 5517 2626 5643 zhilgso'phiaz,
2656 5522 2815 5576 latino
2841 5520 2988 5576 verbo
3011 5532 3178 5591 utens,
3207 5517 3437 5577 scurram
3458 5523 3683 5649 Atticam:
3698 5525 3869 5593 fuisse

2301 5605 2374 5643 tce
2407 5602 2478 5645 at.
3622 5611 3712 5649 tm.

2301 5602 2478 5645 iceoat.
3575 5602 3712 5650 BUN.

2337 5660 2383 5735 (1
2388 5674 2404 5715 t
2421 5664 2493 5717 ait
2519 5662 2660 5718 Zeno
2685 5660 2987 5734 Epicureus.
3013 5664 3139 5720 Ideo
3158 5665 3569 5735 distinguendae
3586 5682 3613 5719 a
3640 5665 3871 5723 Zenone

2258 5729 2443 5799 Cittio,
2476 5735 2590 5790 sive
2611 5729 2804 5802 stoico,
2833 5737 2996 5791 etiam
3026 5737 3093 5792 ab
3119 5729 3498 5793 Eleateflnter
3525 5746 3652 5793 octo
3682 5736 3872 5793 Zeno-

2258 5818 2357 5881 nes
2386 5805 2631 5861 Laertius
2668 5807 2994 5881 lgpicureum
3024 5809 3167 5866 hunc
3196 5818 3452 5867 octavum
3494 5810 3666 5881 ponit,
3700 5810 3875 5868 Sido~

2258 5874 2405 5932 nium
2427 5891 2647 5947 genere.
2679 5874 2814 5936 nux.
