4154 6196
289 192 396 250 417

1152 183 1361 247 LIBER
1399 181 1490 249 ΙΙΙ.
1533 190 1623 248 DE
1662 185 1883 248 FALSA
1917 179 2280 247 SAPIENTIA
2319 184 2721 248 PHILOSOPH.

3481 185 3588 241 418

286 315 527 366 mentem
552 348 566 371 ,
596 305 640 360 si
675 304 777 360 hoc
805 302 950 360 serio
993 301 1122 360 fecit
1147 346 1160 370 ,
1188 314 1246 360 ut
1276 305 1478 360 animal
1513 306 1886 376 turpissimum
1918 316 1969 375 Α
1993 307 2214 377 jnstitiae
2261 306 2400 361 ratio
2453 305 2743 370 desiderat,
2777 302 2954 359 omnia
2984 302 3036 358 in
3095 313 3382 357 commune
3423 301 3600 371 possi-

286 510 408 550 rum
450 491 653 547 audeat
696 489 1101 560 reprehendere
1128 531 1142 556 ,
1181 505 1315 560 quas
1361 490 1613 546 Socrates
1668 491 1893 545 Athenis

285 587 620 641 auctoritate
649 581 993 638 conﬁrmavit
1033 597 1129 637 sua
1151 583 1174 636 ?
1200 583 1336 637 Illud
1384 598 1512 638 vero
1539 597 1719 638 nonne
1743 598 1894 638 sum-

289 693 395 734 mze
424 675 698 740 vanitatis,
725 673 871 744 quod
898 672 1282 744 anteZmortem
1312 674 1607 729 familiares
1652 688 1778 728 suos
1807 689 1897 728 ro-

287 773 458 847 gavit,
492 781 551 827 ut
587 770 905 840 Esculapio
952 769 1150 840 gallum
1178 811 1193 834 ,
1227 784 1386 840 quem
1434 777 1678 833 voverat,
1713 785 1809 839 pro
1837 783 1898 824 se

289 865 616 924 sacrarent?
638 863 841 918 Timuit
866 861 1140 927 videlicet,
1165 876 1234 917 ne
1259 862 1402 932 apud
1427 861 1896 916 Rhadamanthum

289 961 716 1031 reciperatorem
739 956 848 1010 voti
873 970 996 1010 reus
1028 957 1183 1011 fieret
1208 955 1276 1010 ab
1303 954 1634 1024 IEsculapio.
1672 955 1900 1010 Demen-

292 1054 565 1108 tissimum
616 1049 888 1104 hominem
933 1059 1175 1118 putarem
1196 1090 1212 1115 ,
1242 1049 1287 1103 si
1336 1048 1527 1103 morbo
1557 1048 1780 1104 allectus
1807 1064 1902 1120 pe-

294 1148 499 1204 riisset.
525 1144 660 1199 Cum
699 1159 831 1200 vero
860 1144 964 1198 hoc
988 1142 1376 1208 sanusfecerit,
1404 1152 1489 1198 est
1510 1144 1625 1212 ipse
1653 1143 1898 1206 insanus,

289 1241 387 1311 qui
420 1255 546 1296 eum
575 1246 727 1309 putat
755 1236 919 1292 fuisse
958 1237 1282 1306 sapientem.
1313 1235 1394 1290 En
1423 1277 1438 1302 ,
1467 1235 1620 1306 cujus
1647 1235 1902 1305 tempori.

289 1333 401 1390 bus
429 1341 618 1388 natum
637 1345 760 1386 esse
780 1344 842 1385 se
871 1329 1034 1384 homo
1067 1328 1284 1398 sapiens
1306 1328 1624 1398 gratulatur.

905 1442 1136 1500 CAPUT
1161 1441 1304 1497 XXI.

397 1561 478 1616 De
497 1560 732 1616 Platonis
760 1558 1015 1623 doctrina,
1049 1573 1162 1629 qua:
1182 1556 1496 1628 respublicas
1516 1556 1815 1611 destrueret.

187 441 194 450 .
288 419 388 473 pro
419 401 531 456 Deo
564 398 825 453 haberet!
859 396 988 464 Quis
1015 395 1127 466 jam
1171 398 1583 468 superstitiones
1609 396 1893 468 [Egyptio-
1996 399 2176 454 deant.
2209 399 2358 454 Ferri
2410 399 2512 453 hoc
2560 407 2754 468 potest,
2807 395 3061 467 quamdiu
3101 394 3169 449 de
3218 394 3444 464 pecunia
3493 392 3600 448 dici

1998 492 2230 548 videtur.
2262 490 2416 560 Quod
2447 493 2623 561 ipsum
2667 505 2833 560 quam
2863 486 3202 558 impossibile
3233 487 3325 552 sit,
3354 495 3408 541 et
3436 500 3598 555 quam

1999 586 2279 657 iniustum,
2331 595 2575 656 poteram
2619 584 2802 639 multis
2847 582 3012 637 rebus
3041 579 3349 635 ostendere.
3398 577 3605 634 Conce-

1999 678 2191 732 damus
2246 687 2423 732 tamen
2455 719 2470 743 ,
2533 685 2591 731 ut
2645 676 2816 745 possit
2884 675 3020 730 ﬁeri.
3071 672 3273 729 Omnes
3328 673 3470 728 enim
3519 686 3606 725 sa-

2003 771 2214 841 pientes
2242 779 2436 835 erunt,
2471 779 2526 824 et
2555 768 2840 838 pecuniam
2886 774 3258 822 contemnent.
3308 763 3428 831 Quo
3476 777 3605 834 ergo

2001 862 2151 916 illum
2178 862 2539 917 communitas
2569 862 2669 915 ista
2703 860 2990 930 perduxit?
3018 858 3360 914 Matrimonia
3390 872 3606 927 quoque

2003 954 2190 1023 inquit,
2222 954 2529 1009 communia
2559 967 2681 1008 esse
2706 952 2983 1008 debebunt
3011 969 3024 1005 :
3050 951 3260 1007 scilicet
3287 959 3343 1006 ut
3369 949 3434 1004 ad
3460 965 3608 1005 eam-

2002 1045 2126 1100 dem
2184 1046 2462 1100 mulierem
2521 1043 2677 1098 multi
2729 1044 2875 1110 viri,
2931 1052 3204 1114 tamquam
3256 1055 3419 1097 canes
3475 1055 3608 1095 con-

2005 1138 2207 1202 ﬂuant;
2240 1148 2293 1192 et
2319 1139 2364 1192 is
2397 1137 2584 1206 utique
2612 1137 2876 1202 obtineat,
2910 1135 2998 1205 qui
3026 1135 3233 1190 viribus
3257 1135 3446 1190 vicerit
3479 1141 3611 1188 :aut

2005 1231 2052 1287 si
2082 1231 2350 1303 patientes
2377 1240 2522 1296 sunt,
2556 1239 2617 1284 ut
2668 1229 2999 1299 philosophi,
3051 1238 3363 1300 expectent,
3394 1238 3453 1283 ut
3479 1229 3612 1283 vici-

2008 1325 2130 1392 bus,
2180 1333 2452 1395 tamquam
2505 1325 2731 1394 lupanar
2780 1324 2996 1378 obcant.
3045 1322 3090 1378 Ο
3135 1323 3326 1378 miram
3373 1323 3615 1379 Platonis

2005 1418 2349 1488 aequitatem!
2380 1416 2481 1472 Ubi
2510 1426 2596 1472 est
2632 1417 2796 1486 igitur
2827 1415 2996 1470 virtus
3027 1415 3327 1471 castitatis?
3355 1416 3443 1471 ubi
3475 1415 3614 1472 ﬁdes

2007 1506 2352 1578 coniugalis?
2381 1521 2505 1576 quae
2533 1507 2580 1561 si
2612 1507 2787 1574 tollas,
2816 1507 2993 1561 omnis
3028 1506 3236 1577 justitia
3267 1506 3477 1562 sublata
3507 1514 3613 1562 est.

2009 1599 2078 1654 At
2106 1599 2250 1654 idem
2278 1598 2438 1662 dixit,
2465 1598 2651 1654 beatas
2679 1599 2928 1654 civitates
2958 1598 3168 1653 futuras
3203 1598 3367 1654 fuisse
3387 1641 3402 1664 ,
3432 1601 3476 1654 si
3525 1606 3618 1656 aut

375 1695 669 1754 Videamus
718 1704 918 1762 tamen,
965 1693 1093 1766 quid
1145 1693 1294 1748 illum
1345 1693 1597 1750 Socrates
1623 1693 1902 1758 docuerit,
1936 1692 2320 1773 Bphilos0phi
2373 1703 2691 1764 regnarent,
2731 1703 2825 1748 aut
2877 1708 3032 1764 reges
3077 1692 3614 1764 phil050pharentur.

296 1791 398 1862 qui
427 1806 548 1845 cum
578 1799 745 1844 totam
777 1788 1061 1859 Physicam
1092 1786 1450 1857 repudiasset,
1480 1802 1546 1842 eo
1572 1801 1632 1842 se
1658 1785 1905 1852 contulit,

293 1894 362 1938 ιιι
385 1883 454 1938 de
500 1883 704 1937 virtute
741 1890 902 1951 atque
931 1879 1112 1935 ofﬁcio
1139 1888 1431 1950 quaereret.
1462 1879 1646 1950 Itaque
1672 1893 1777 1934 non
1807 1879 1907 1934 du-

292 1977 437 2043 bito,
462 1976 590 2047 quin
614 1974 890 2030 auditores
910 1989 1037 2029 suos
1053 1972 1278 2044 justitite
1320 1974 1601 2043 prmceptis
1623 1973 1904 2028 erudierit.

293 2071 544 2126 Docente
571 2069 734 2140 igitur
758 2068 1008 2131 Socrate,
1037 2081 1142 2121 non
1187 2065 1323 2136 fugit
1352 2065 1658 2132 Platonem,
1685 2063 1908 2135 justitiac

297 2162 416 2218 vim
463 2162 515 2216 in
561 2163 816 2232 aequitate
863 2161 1203 2224 consistere;
1254 2158 1520 2229 siquidem
1573 2173 1763 2214 omnes
1793 2158 1907 2229 pari

301 2256 618 2314 conditione
641 2267 954 2312 nascuntur.
989 2253 1136 2327 Ergo
1165 2253 1299 2310 nihil
1347 2253 1568 2327 (inquit)
1603 2253 1798 2324 privati
1846 2269 1910 2309 ac

302 2351 514 2424 praprii
559 2349 834 2406 habeant:
884 2348 980 2405 sed
1009 2356 1067 2404 ut
1114 2363 1274 2420 pares
1313 2362 1436 2404 esse
1488 2347 1718 2418 possint,
1766 2345 1911 2417 quod

2015 1787 2153 1842 Huic
2184 1802 2313 1842 vero
2343 1795 2450 1840 tam
2476 1787 2646 1856 justo,
2680 1795 2786 1840 tam
2833 1801 2990 1856 aequo
3015 1786 3132 1841 viro
3175 1800 3401 1856 regnum
3431 1786 3614 1856 dares,

2016 1881 2104 1950 qui
2151 1880 2270 1935 aliis
2317 1880 2633 1935 abstulisset
2661 1895 2758 1934 sua
2783 1921 2798 1946 ,
2842 1881 2964 1934 aliis
3006 1879 3367 1936 condonasset
3401 1881 3613 1948 aliena;

2014 1975 2385 2046 prostituisset
2413 1972 2722 2043 pudicitiam
2753 1973 3092 2030 foeminarum
3120 1993 3133 2029 :
3164 1991 3284 2046 qua:
3309 1975 3491 2030 nullus
3520 1991 3620 2031 un-

2016 2084 2174 2139 quam
2209 2083 2314 2123 non
2343 2067 2506 2122 modo
2535 2082 2660 2134 rex,
2693 2067 2790 2122 sed
2833 2082 2902 2122 ne
2935 2077 3196 2139 tyrannus
3224 2069 3442 2138 quidem
3467 2067 3616 2124 fecit.

2089 2163 2258 2230 Quam
2291 2175 2421 2216 vero
2452 2160 2634 2215 intulit
2678 2160 2943 2214 rationem
2977 2160 3272 2232 turpissimi
3305 2161 3462 2232 huius
3488 2175 3621 2217 con-

2012 2256 2154 2311 silii?
2206 2256 2295 2311 Sic
2341 2255 2512 2324 inquit
2558 2271 2576 2310 :
2626 2254 2828 2310 Civitas
2873 2269 3104 2310 concors
3149 2255 3274 2320 erit,
3322 2265 3378 2311 et
3419 2255 3621 2310 amoris

2014 2349 2186 2404 mutui
2213 2349 2507 2404 constricta
2535 2347 2789 2414 vinculis,
2818 2347 2865 2404 si
2905 2362 3096 2404 omnes
3135 2349 3376 2404 omnium
3419 2347 3624 2404 fuerint

1671 2481 2035 2541 VARIORUM
2060 2483 2286 2541 NOTIE.

388 2625 702 2696 fEsculapio
729 2627 946 2700 gallum.
966 2627 1081 2695 Qua
1103 2625 1172 2682 de
1198 2641 1258 2681 re
1283 2623 1406 2681 vide
1437 2623 1829 2680 Tertullianum
1854 2622 1924 2680 de

310 2702 532 2757 Corona
564 2700 767 2754 militis.

392 2771 502 2828 Pro
532 2789 584 2826 se
603 2780 883 2825 sacrarent.
916 2769 1006 2825 Sic
1029 2769 1208 2825 ferunt
1236 2783 1427 2823 omnes
1467 2767 1599 2823 editi
1629 2766 1923 2836 cunctique

316 2846 438 2900 fere
461 2860 589 2897 mss.
622 2844 766 2897 inter
789 2857 928 2912 quos
948 2853 1074 2896 sunt
1098 2843 1154 2906 4,
1179 2842 1473 2895 veterrimi.
1507 2841 1619 2894 Duo
1645 2840 1780 2903 Reg.
1807 2849 1917 2912 vet.

317 2917 546 2980 habent,
570 2923 628 2968 ut
657 2925 711 2968 et
738 2914 789 2966 iit
810 2910 1084 2984 ‘Epitom.,
1105 2928 1224 2981 cap.
1257 2912 1349 2977 37,
1383 2922 1750 2984 pit'osecrarent,
1776 2910 1920 2979 quod

2025 2625 2190 2704 etiam
2219 2626 2510 2704 aequitatem
2538 2628 2890 2704 transferunt,
2924 2630 3461 2704 eamjntelligcntes,
3504 2649 3625 2704 qu:e

2031 2696 2258 2752 Varroni
2306 2709 2388 2752 est
2441 2700 2695 2774 parilitas.
2738 2700 2900 2774 ‘Plato
2937 2701 3008 2757 de
3049 2696 3283 2774 Legibus
3330 2696 3533 2774 quinto"
3567 2714 3624 2760 et

2029 2777 2206 2833 sexto,
2240 2784 2449 2823 necnon
2490 2771 2813 2826 Aristoteles
2846 2773 2898 2826 in
2928 2774 3116 2838 quinto
3134 2771 3378 2830 Ethicor.
3414 2776 3621 2832 BETUL.

2099 2838 2166 2893 In
2196 2841 2453 2912 aequitate.
2486 2841 2703 2912 Legitur
2723 2858 2855 2897 vero
2895 2845 2947 2896 in
2976 2847 3251 2912 aqualitate
3277 2848 3417 2912 apud
3448 2848 3627 2902 Bune-

2028 2926 2173 2974 man,
2210 2911 2309 2988 “qui
2334 2921 2522 2988 notam
2569 2911 2888 2988 Sequentem
2937 2911 3272 2988 exl’nbet.—
3297 2911 3364 2971 1η
3412 2919 3630 2988 (aquali-

318 2979 552 3042 verbum
585 3001 690 3040 non
721 2979 956 3038 admittit
981 2979 1763 3053 lingua—latina.Recentiores
1787 2983 1916 3055 d_uo,
1947 2979 1993 3042 C
2028 2993 2148 3036 tate.
2205 2979 2293 3038 Sic
2334 2984 2371 3038 l.
2425 2999 2475 3047 ν,
2505 3000 2624 3054 cap.
2651 2979 2745 3039 '14
2767 3027 2780 3051 ,
2828 3000 2911 3055 sq.
2946 3004 2958 3038 :
2993 2985 3310 3054 xEquitaIem
3342 2979 3523 3043 ἀίεοξ..
3576 3006 3630 3044 se

321 3065 629 3128 prosectmt;
655 3056 767 3121 alii,
793 3052 1161 3128 procurarent;
1186 3057 1240 3118 5,
1265 3064 1714 3128 consecrarent.-—
1731 3056 1797 3128 At
1817 3052 1921 3128 Le-

321 3124 472 3202 gitur
498 3124 850 3202 prosecrarent
876 3127 1020 3202 apud
1051 3125 1353 3202 Bunetu‘an,
1377 3126 1468 3191 qui
1493 3127 1652 3202 hujus
1678 3124 1825 3202 vocis
1846 3124 1926 3179 sic

321 3197 596 3257 rationem
630 3199 995 3255 redditz—ln
1021 3208 1166 3252 tanta
1209 3197 1471 3252 librorum
1508 3197 1813 3251 variatione
1839 3205 1925 3250 tu-

327 3274 439 3326 tius
504 3271 681 3339 putavi
737 3269 1238 3338 antiquissimorum
1297 3268 1546 3323 codicum
1597 3268 1925 3339 scripturam

325 3338 604 3399 exhibere.
637 3341 944 3408 Stephanus
973 3340 1223 3394 Baluzius
1252 3339 1317 3393 ad
1343 3341 1466 3393 libr.
1499 3339 1568 3394 de
1603 3340 1761 3393 Mort.
1798 3338 1928 3393 Per-

327 3429 470 3473 sec.,
493 3428 542 3468 c.
577 3414 646 3468 35
678 3430 693 3467 :
724 3411 933 3477 Melius,
965 3411 1159 3481 inquit,
1188 3421 1246 3466 ut
1268 3412 1525 3478 arbitror,
1557 3411 1728 3465 codex
1750 3410 1930 3480 regius

327 3485 495 3551 5755,
522 3493 922 3555 prosecrarentq
979 3553 988 3555 4
1232 3553 1238 3555 Α
1307 3554 1333 3555 η
1500 3552 1560 3555 η
1604 3483 1738 3537 Βυιι.

407 3552 882 3681 thagggianthum.
905 3553 1206 3610 lnferorum
1223 3553 1482 3626 judicem.
1499 3552 1692 3624 Virgil.
1709 3552 1930 3610 fEneid.

407 3673 410 3681 .
440 3642 494 3681 v.
637 3668 650 3680 .

331 3645 410 3693 γι,
440 3642 494 3681 ν.
526 3628 650 3683 566.

407 3697 845 3768 Reciperatorem.
870 3697 945 3752 lta
969 3697 1184 3767 reposui
1207 3713 1270 3752 ex
1287 3695 1665 3767 antiquissimo
1687 3694 1792 3751 900
1835 3711 1934 3750 an-

336 3786 464 3826 nor.
496 3787 597 3824 ms.
630 3770 817 3825 codice
848 3769 1046 3840 Regio;
1095 3777 1151 3823 et
1170 3769 1248 3825 sic
1275 3769 1556 3840 legendum
1586 3783 1708 3840 esse
1738 3783 1933 3840 cense—

333 3846 465 3897 liant
488 3841 684 3896 eruditi
711 3842 810 3895 viri
831 3837 949 3895 Tlif
967 3839 1256 3906 Cauterus,
1282 3837 1366 3894 Jo.
1397 3837 1584 3904 Cauci,
1604 3838 1928 3895 etGallaeus.

337 3913 688 3982 Recuperator
715 3912 856 3966 enim
881 3922 932 3966 et
964 3927 1206 3981 recupera
1250 3921 1376 3966 sunt
1401 3912 1470 3965 ab
1510 3911 1733 3982 antiquo
1768 3911 1936 3965 verbo

335 3981 652 4052 reciperare,
689 3995 745 4037 ttt
785 3992 930 4038 recte
976 3987 1255 4037 annotavit
1292 3983 1488 4036 Paulus
1516 3981 1773 4036 Francius
1807 3982 1937 4036 Bes-

333 4057 608 4111 Coviensis
650 4058 702 4109 in
735 4069 833 4109 suo
873 4054 1154 4108 Thesauro
1194 4054 1513 4108 eruditionis
1555 4052 1934 4118 scholasticae,

337 4125 579 4192 iu-folio,
623 4126 984 4186 Francofurti.
1037 4125 1198 4179 162i.
1224 4125 1362 4179 Huic
1387 4126 1604 4179 lectioni
1631 4134 1834 4178 nostra:
1858 4127 1938 4177 la-

340 4209 471 4253 vent
521 4211 648 4252 mss.
683 4197 872 4251 Marm.
902 4197 989 4250 cui
1035 4207 1116 4250 est
1160 4209 1597 4266 receperatorem;
1631 4211 1733 4249 ms.
1765 4195 1836 4248 ‘29
1884 4202 1941 4249 et

338 4271 474 4324 edit.
507 4271 572 4334 9,
616 4284 711 4338 per
739 4267 1154 4338 compendium,
1201 4278 1546 4336 receptat-em;
1584 4269 1606 4321 l
1656 4267 1787 4336 Reg.
1823 4281 1936 4320 rec.

340 4353 398 4395 et
417 4342 452 4396 9
474 4341 604 4396 edit.
635 4354 768 4406 rec.,
794 4350 1230 4405 recuperatorem;
1252 4354 1352 4392 ms.
1383 4338 1522 4394 Ultr.
1548 4340 1925 4403 imperatorem,

339 4418 617 4480 corruttte.
652 4411 1031 4483 Reciperatores
1061 4420 1275 4483 autem,
1308 4411 1389 4464 vel
1421 4414 1463 4462 si
1489 4409 1656 4462 mavis
1676 4451 1690 4472 ,
1721 4425 1930 4483 recupe:

341 4479 543 4536 ratores
591 4483 718 4538 dicti
749 4479 907 4548 sunt,
940 4483 1030 4551 qui
1077 4481 1145 4535 de
1173 4480 1334 4536 rebus
1385 4482 1606 4550 privatis
1643 4479 1945 4549 recipiendis

344 4553 748 4623 reddendisque
777 4569 877 4608 suo
903 4553 1124 4606 domino
1166 4553 1292 4605 dolo
1339 4567 1402 4605 ac
1438 4552 1639 4623 fraude
1665 4551 1944 4623 subductis

343 4621 761 4695 cognoscebant.
801 4624 942 4680 Gell.
977 4639 1074 4684 xx,
1110 4625 1162 4688 l;
1195 4623 1399 4689 Livius,
1429 4638 1582 4684 xxvi,
1612 4621 1702 4676 48.

345 4727 358 4747 τ
419 4692 605 4749 Putat.
632 4695 713 4750 Ex
748 4697 814 4750 l8
845 4711 974 4749 mss.
1005 4703 1109 4761 est,
1135 4696 1276 4749 inter
1315 4710 1451 4764 quos
1494 4703 1620 4748 sunt
1647 4692 1948 4750 vetustissi-

349 4768 422 4824 mi
454 4767 628 4837 Regii.
659 4767 855 4822 Czeteri
887 4781 1008 4821 cum
1041 4766 1439 4837 editisthabent,
1475 4775 1636 4836 pntet.

424 4834 631 4892 Fuisse.
664 4837 814 4892 Haud
860 4853 1017 4892 secus
1059 4838 1160 4905 legi
1192 4836 1350 4890 debet
1375 4852 1440 4891 ex
1475 4834 1604 4890 mss.
1633 4834 1948 4906 antiquissi-

351 4912 504 4976 mis.,
531 4911 558 4964 1
593 4911 824 4973 Bonon.,
849 4910 886 4962 2
919 4911 1050 4979 Reg.
1076 4910 1304 4977 aliisque
1333 4909 1534 4973 tribus;
1561 4911 1752 4964 melius
1785 4920 1951 4978 quam

350 4983 536 5038 essein
568 4981 796 5036 caeteris.

427 5052 674 5117 Justitiae,
707 5063 811 5107 etc.
845 5051 1052 5106 Mallem
1097 5066 1217 5106 cum
1268 5049 1469 5122 Tltysio
1512 5050 1692 5121 legere
1735 5047 1950 5120 (equali-

359 5135 486 5187 tate,
511 5124 581 5178 ob
603 5140 664 5179 ea
695 5140 815 5194 quae
842 5131 1158 5193 sequuntur,
1191 5123 1303 5191 pari
1330 5122 1682 5176 conditione...
1715 5133 1768 5174 ut
1806 5135 1952 5189 pares

360 5212 471 5252 esse
510 5196 721 5266 possint.
765 5195 870 5250 Sed
899 5205 951 5249 et
991 5195 1200 5264 wquitas
1231 5209 1327 5263 pro
1351 5194 1642 5266 atqu‘alitate
1665 5199 1956 5260 usurpatur

360 5285 390 5322 a
419 5263 650 5321 Seneca.
681 5266 910 5321 Iustitiae
933 5267 1034 5318 vim
1051 5263 1113 5318 in
1151 5266 1402 5334 miluitate.
1429 5263 1813 5332 Athualitatem
1855 5277 1954 5332 ego

367 5339 578 5401 malim,
598 5355 703 5393 non
722 5339 862 5408 quod
884 5337 1129 5406 aequitas,
1147 5352 1264 5406 qum
1278 5336 1482 5392 Grtecis
1505 5337 1721 5408 {memig-
1735 5335 1952 5408 dicitur,

365 5406 776 5466 fundamentutit
796 5410 1018 5479 justitia:
1047 5423 1150 5479 non
1183 5411 1274 5471 sit,
1301 5421 1351 5460 ut
1381 5408 1491 5479 ipse
1510 5406 1683 5479 Plato,
1709 5407 1876 5479 Arist.
1901 5413 1956 5458 et

2027 3070 2144 3106 cum
2185 3055 2377 3109 caeteris
2416 3056 2762 3130 cowquattdi,
2815 3075 2964 3126 quant
3022 3058 3196 3114 Cicero
3239 3061 3631 3130 wquabilitatem

2031 3136 2242 3181 vocat...
2269 3143 2439 3180 omnes
2467 3143 2670 3197 aequos,
2699 3129 2747 3182 id
2778 3139 2882 3194 est,
2916 3146 3064 3197 pares
3093 3129 3362 3186 esse.......
3399 3133 3633 3187 omnibus

2029 3200 2382 3273 (equitatem...
2419 3199 2701 3273 largitur...
2732 3216 2875 3271 (equo
2891 3204 3034 3273 jure.

2105 3269 2435 3343 liossideant.
2470 3269 2567 3324 Ms.
2597 3271 2623 3325 1
2650 3269 2868 3343 Bonon.
2892 3269 3097 3343 'antiq.,
3129 3275 3484 3341 possidebunt.

2103 3339 2259 3415 Ferri
2288 3345 2382 3394 hoc
2427 3352 2610 3415 p_otest.
2647 3341 2775 3398 Mss.
2805 3343 2840 3396 2
2877 3359 2984 3399 rec.
3030 3339 3220 3415 cuias
3260 3346 3452 3414 editis,
3481 3347 3634 3415 ﬁeri;

2037 3412 2062 3465 1
2098 3411 2230 3481 Reg.
2267 3428 2399 3476 rec.,
2428 3411 2568 3466 Fieri
2602 3415 2696 3467 hoc
2719 3431 2818 3468 non
2846 3425 3104 3484 potest.—
3130 3414 3283 3470 Ferri
3323 3420 3417 3470 hoc
3438 3411 3630 3484 potest,

2033 3485 2297 3552 quamdiu.
2331 3485 2432 3556 Pro
2463 3494 2678 3554 recepta
2698 3525 2714 3550 ,
2746 3495 2828 3540 est
2876 3487 3106 3554 Epitom.
3132 3501 3251 3552 cap.
3283 3489 3353 3542 58
3379 3505 3391 3540 :
3422 3488 3502 3541 De
3541 3505 3636 3556 pa-

2036 3557 2288 3609 trimoniis
2315 3555 2576 3608 tolerabile
2603 3566 2741 3609 est...
2776 3565 2935 3622 potest
2963 3557 3135 3626 aliquo
3157 3559 3306 3611 modo
3331 3558 3474 3626 ferri.
3499 3555 3629 3615 BnN.

2109 3626 2445 3680 Matrimonia
2473 3643 2704 3695 quoque,
2737 3638 2841 3682 etc.
2872 3628 3006 3682 Cum
3043 3628 3194 3690 alibi.
3227 3641 3360 3682 tum.
3412 3630 3463 3683 in
3494 3631 3527 3685 5
3567 3632 3635 3687 de

2037 3697 2174 3768 Rep.
2203 3699 2445 3766 Disputat
2470 3709 2656 3770 contra
2702 3701 2838 3753 hanc
2882 3700 3201 3770 Aristotcles
3231 3701 3280 3753 in
3329 3715 3367 3755 ιι
3398 3701 3465 3754 de
3493 3701 3630 3770 Rep.

2038 3771 2164 3824 item
2195 3785 2259 3823 ex
2294 3768 2690 3824 Ecclesiasticis
2720 3769 3089 3840 Scriptoribus
3126 3771 3389 3828 Eusebius
3419 3771 3513 3826 lib.
3540 3768 3636 3828 χιιι

2037 3842 2107 3895 de
2139 3841 2434 3910 Praaparat.
2465 3839 2698 3908 Evang.,
2729 3839 2852 3912 cap.
2878 3842 2966 3896 l2.
2990 3840 3217 3896 Notatur
3235 3844 3304 3897 ab
3328 3841 3636 3912 Epiphanio

2043 3922 2173 3966 tom.
2208 3928 2265 3976 ιι,
2294 3912 2388 3967 lib.
2413 3927 2493 3971 ιιι,
2523 3927 2553 3966 a
2583 3913 2994 3984 Cltrysostomo,
3026 3912 3245 3984 homilia
3277 3915 3298 3968 1
3340 3916 3392 3968 in
3441 3914 3632 3969 Matth.

2040 3993 2094 4038 ct
2119 3984 2268 4038 Actis
2297 3985 2472 4050 capite
2498 3999 2557 4038 ιι.
2587 3983 2761 4054 Atque
2790 3984 2929 4038 idem
2962 3983 3159 4053 Epiph.
3191 3996 3228 4038 t.
3260 4000 3318 4047 ιι,
3354 3986 3390 4038 l.
3432 4001 3468 4039 ι.
3498 3987 3636 4041 Βετ.

2114 4057 2175 4110 Si
2203 4056 2450 4128 patientes
2470 4064 2604 4109 sunt.
2631 4053 2689 4109 In
2713 4055 2929 4125 scriptis
2952 4057 3018 4111 l0
3039 4066 3094 4110 et
3113 4058 3342 4127 vulgatis
3363 4057 3396 4110 4
3420 4057 3638 4128 legitur,

2041 4129 2312 4198 patientes.
2340 4125 2498 4198 Ald.,
2513 4127 2789 4196 sapientes.

2117 4196 2186 4253 Ut
2209 4199 2418 4251 vicibus.
2447 4197 2535 4252 Sic
2560 4200 2773 4267 reposui
2797 4215 2860 4253 ex
2890 4198 3203 4253 melioribus
3231 4200 3440 4254 cunctis
3469 4199 3640 4255 ferme

2045 4285 2172 4323 mss.
2208 4282 2260 4324 et
2285 4269 2318 4324 9
2351 4270 2732 4323 vetustioribus
2763 4271 2942 4325 editis.
2974 4269 3030 4323 In
3069 4268 3100 4321 7
3131 4270 3350 4341 scriptis
3380 4279 3434 4325 et
3461 4272 3494 4325 8
3523 4285 3638 4326 rec.

2041 4341 2274 4410 vulgatis
2302 4349 2403 4404 est,
2439 4350 2485 4393 et
2513 4341 2723 4394 vicibus.

2118 4432 2306 4488 Beatos
2332 4434 2556 4486 civitates
2578 4438 2798 4504 futuras.
2832 4433 2957 4487 Haec
2998 4431 3236 4488 Socratis
3258 4434 3527 4488 sententia
3555 4441 3643 4489 est

2051 4508 2103 4560 in
2131 4522 2160 4556 v
2188 4505 2255 4560 de
2282 4505 2414 4572 Rep.
2453 4503 2586 4558 Vide
2614 4504 2729 4558 Uic.
2763 4507 2829 4556 ad
2859 4504 3112 4570 Quintum
3145 4503 3363 4558 fratrem
3396 4505 3554 4571 epist.
3586 4506 3638 4570 1,

2049 4577 2202 4647 cujus
2226 4577 2340 4629 hinc
2361 4585 2487 4630 sunt
2511 4574 2673 4647 verba
2701 4592 2715 4627 :
2739 4575 2905 4647 Atque
2941 4575 3027 4647 ille
3056 4574 3260 4643 quidem
3299 4576 3538 4645 princeps
3563 4577 3647 4630 in-

2049 4645 2185 4721 genii
2209 4657 2254 4701 et
2284 4645 2717 4721 doctrinatPlato,
2746 4655 2851 4721 tum
2873 4645 3088 4715 denique
3114 4649 3221 4721 [ore
3246 4647 3646 4721 beatasllespu-

2051 4717 2208 4775 blicas
2236 4719 2452 4790 putavit,
2494 4719 2538 4771 si
2569 4727 2656 4770 aut
2683 4717 2851 4790 docti,
2883 4727 2971 4770 aut
3010 4719 3264 4787 sapientes
3291 4719 3522 4773 homines
3546 4717 3646 4774 eas

2051 4807 2224 4862 regere
2238 4789 2530 4859 'cwpissent,
2563 4799 2653 4841 aut
2673 4789 2758 4860 qui
2789 4799 3039 4859 regerent,
3073 4805 3219 4862 omne
3240 4807 3390 4844 suum
3420 4790 3648 4844 studium

2051 4861 2120 4917 in,
2135 4863 2370 4916 doctrina
2402 4877 2465 4914 ac
2508 4861 2761 4930 sapientia
2791 4861 3146 4914 collocassent.
3181 4861 3340 4916 Extat
3366 4862 3432 4916 de
3455 4862 3647 4917 eodem

2054 4944 2374 5003 argumento
2397 4932 2610 4986 libellus
2633 4931 2930 5003 Plutarchi.
2961 4931 3076 4986 Non
3124 4932 3175 4986 id
3205 4938 3333 4988 vero
3364 4933 3474 5002 agit
3516 4932 3648 4986 Lac-

2056 5002 2279 5070 tantius,
2306 5012 2366 5058 ιιι
2394 5004 2518 5058 velit
2550 5004 2654 5057 hoc
2676 5002 2879 5057 dictum
2904 5004 3212 5073 improbare
3244 5023 3257 5056 :
3291 5004 3384 5058 sed
3414 5014 3650 5072 utappa-

2056 5085 2191 5140 reat,
2225 5091 2327 5130 nec
2358 5075 2661 5137 Socratem,
2709 5089 2810 5130 nec
2856 5075 3135 5128 Platonem
3189 5075 3330 5128 inter
3378 5075 3650 5142 sapientes

2056 5162 2178 5203 esse
2208 5147 2591 5213 numerandos,
2618 5146 2779 5216 idque
2808 5160 2872 5201 ex
2901 5156 3096 5201 eventu
3120 5161 3134 5209 ;
3162 5155 3218 5199 et
3241 5157 3297 5198 ut
3317 5145 3389 5197 ait
3421 5145 3479 5216 S.
3522 5143 3652 5197 Am-

2056 5219 2289 5285 brosius,
2324 5218 2468 5288 quod
2497 5233 2602 5272 non
2631 5214 2837 5282 veram,
2861 5219 2956 5271 sed
2989 5215 3166 5271 ﬁctam
3195 5227 3258 5288 et
3273 5214 3651 5270 adumbratam

2057 5287 2350 5345 dumtaxat
2365 5289 2771 5358 Rempublicam
2788 5288 3194 5357 descripserint.
3230 5287 3434 5341 BETUL.

2133 5381 2250 5447 Qui.
2285 5380 2435 5436 Hanc
2464 5395 2650 5434 vocem
2686 5379 2894 5434 restitui
2923 5394 2988 5432 ex
3023 5392 3153 5430 mss.
3185 5377 3218 5432 6
3246 5378 3406 5449 Reg.,
3440 5379 3473 5435 6
3494 5379 3652 5436 Colb.

2058 5452 2282 5522 aliisque
2313 5463 2543 5522 septeni,
2573 5451 2731 5505 editis
2768 5458 2889 5504 octo
2920 5461 3028 5504 vct.
3058 5459 3113 5504 et
3139 5449 3173 5503 5
3203 5465 3312 5505 rec.
3347 5451 3512 5508 Deest
3540 5453 3593 5508 in
3623 5453 3657 5509 5

371 5492 497 5551 post
524 5481 624 5536 hos
651 5481 765 5537 Cic.
798 5477 1012 5549 quoque
1037 5478 1195 5534 docet
1221 5478 1432 5551 abunde
1457 5495 1470 5532 :
1496 5479 1587 5551 sed
1614 5477 1955 5551 Lactantium

369 5548 430 5609 ἷτὸ
455 5551 585 5618 ἴσον,
608 5555 729 5608 sive
752 5548 841 5613 τήν
869 5551 1104 5616 ἰσότητα,
1129 5565 1286 5620 quam
1310 5549 1420 5605 Cic.
1440 5549 1577 5604 solet
1594 5548 1958 5619 mt‘lualitatem

374 5627 743 5694 interpretari,
773 5622 1090 5694 intelligere,
1121 5624 1234 5690 ipsa
1263 5623 1571 5694 communio
1593 5621 1659 5674 de
1680 5635 1780 5694 qua
1806 5635 1957 5694 qua:-

374 5695 485 5754 stio
510 5691 614 5762 est,
635 5696 856 5753 evincit.
888 5691 1224 5764 Quamquam
1254 5707 1362 5748 non
1400 5691 1599 5758 desint,
1618 5693 1709 5764 qui
1738 5692 1959 5749 ἰσότητα

2059 5524 2241 5594 Regiis
2272 5525 2604 5593 totidemque
2629 5522 2865 5577 excusis.

2136 5615 2302 5683 Quam
2326 5632 2442 5671 vero
2467 5614 2642 5688 intulit
2665 5614 2914 5688 rationem
2942 5614 3227 5688 turpissimi
3253 5615 3408 5688 hujus
3434 5615 3654 5671 consilii.

2065 5688 2213 5744 Editi
2241 5700 2365 5745 octo
2399 5703 2512 5744 rec.
2545 5686 2674 5741 Cum
2701 5701 2841 5741 vero.
2875 5685 3111 5757 Reposui
3146 5685 3331 5756 Quant'
3360 5690 3659 5759 interrogas,
