4154 6196
523 182 630 250 H9

1606 186 1789 248 FIRM.
1819 184 2188 248 LAGTANTII
2218 182 2422 248 DIVIN.
2456 180 2699 245 INSTIT.

3712 183 3828 246 ιεο

520 312 579 362 et
604 304 810 373 mariti,
840 310 895 363 et
937 311 1139 377 patres,
1184 309 1240 361 et
1267 315 1482 369 uxores,
1514 309 1570 359 et
1612 300 1788 359 liberi.
1835 304 1968 373 Quae
2012 303 2115 359 ista
2144 302 2482 367 Amomenti
2529 300 2727 367 habet,
2776 312 2845 357 ne
2872 300 2927 356 in
2952 310 3185 372 corpore
3210 299 3468 373 quidem:
3501 300 3599 359 sed
3630 305 3739 357 tota
3770 303 3823 356 in

520 399 766 454 confusio
804 398 1016 469 generis
1046 396 1267 452 humani
1311 398 1421 452 esti
1454 396 1738 465 Quomodo
1783 398 1984 451 servari
2015 410 2114 467 po-

518 496 626 549 test
656 494 875 557 caritas,
907 490 999 545 ubi
1030 489 1165 545 nihil
1187 498 1271 547 est
1293 499 1500 547 certum
1531 490 1675 562 quod
1702 502 1914 545 ametur
1935 489 1959 544 l
1983 490 2116 558 Quis

516 590 609 639 aut
637 585 721 638 vir
744 582 1053 649 mulierem,
1080 590 1172 638 aut
1216 583 1409 639 mulier
1433 583 1607 638 virum
1631 583 1839 655 diliget,
1873 582 1975 637 nisi
2022 582 2117 637 ha-

515 675 811 731 bitaverint
854 686 1072 747 semper
1103 691 1230 744 una,
1265 676 1367 731 nisi
1408 675 1599 732 devota
1631 689 1806 743 mens,
1827 685 1882 731 et
1907 683 2116 732 servata

514 768 747 825 invicem
776 768 911 826 lides
959 768 1288 824 individuam
1344 769 1532 825 fecerit
1581 770 1943 824 charitatem?
1995 782 2117 839 quae

511 864 684 920 virtus
726 866 778 920 in
807 863 899 919 illa
943 864 1247 934 promiscua
1279 862 1555 933 voluptate
1583 862 1762 917 locum
1792 874 1898 917 non
1930 862 2111 916 habet.

512 956 648 1014 Item
698 957 744 1013 si
785 971 975 1013 omnes
1016 957 1256 1013 omnium
1291 956 1448 1012 liberi
1493 956 1621 1019 sint,
1654 954 1775 1025 quis
1818 969 2001 1009 amare
2046 953 2114 1008 ii-

512 1049 677 1107 beros
707 1059 979 1121 tamquam
1011 1064 1137 1106 suos
1163 1051 1377 1121 poterit,
1401 1060 1524 1104 cum
1554 1063 1681 1105 suos
1700 1062 1820 1104 esse
1847 1056 1940 1104 aut
1968 1048 2116 1119 iguo.

510 1152 618 1210 ret,
648 1150 743 1199 aut
773 1142 1021 1199 dubitet?
1066 1142 1186 1214 quis
1232 1141 1497 1197 honorem
1530 1150 1802 1212 tamquam
1842 1141 1980 1211 patri
2021 1140 2116 1197 de-

514 1235 674 1302 feret,
720 1248 843 1291 cum
888 1233 1032 1291 unde
1079 1243 1238 1289 natus
1268 1233 1339 1289 sit
1365 1233 1608 1289 nesciat?
1652 1232 1730 1289 Ex
1774 1247 1881 1303 quo
1935 1234 2030 1300 lit,
2059 1241 2119 1288 ut

511 1342 619 1384 non
651 1335 859 1383 tantum
884 1328 1123 1384 alienum
1155 1342 1252 1399 pro
1278 1336 1431 1399 patre
1460 1326 1679 1395 habeat,
1708 1326 1803 1382 sed
1830 1327 1991 1382 etiam
2024 1340 2117 1397 pa-

512 1429 651 1475 trem
683 1432 781 1491 pro
810 1420 1009 1477 alieno.
1042 1420 1202 1490 Quid,
1236 1421 1379 1493 quod
1427 1432 1566 1476 uxor
1609 1428 1786 1491 potest
1814 1434 1936 1476 esse
1967 1435 2119 1476 com-

509 1512 710 1580 munis,
737 1511 880 1568 [illus
919 1527 1027 1568 non
1056 1521 1269 1583 potest,
1306 1527 1468 1583 quem
1496 1494 1865 1608 concipignon
1916 1512 2017 1569 nisi
2048 1524 2115 1568 ex

509 1618 619 1661 uno
648 1618 869 1661 necesse
899 1615 999 1661 est.
1027 1604 1175 1661 Perit
1201 1620 1329 1677 ergo
1360 1605 1436 1662 illi
1466 1606 1557 1661 uni
1585 1604 1967 1673 communitas,
1998 1605 2115 1677 ipsa

2219 396 2456 452 hominis
2522 404 2703 451 mente
2756 402 3025 451 versatur.
3080 395 3183 462 Qui
3230 409 3361 467 ergo
3411 395 3527 450 vult
3576 394 3843 451 homines

2217 491 2545 563 adaequare,
2592 505 2700 545 non
2758 489 3098 545 matrimonia
3124 532 3138 556 ,
3171 505 3277 545 non
3327 504 3460 563 opes
3504 489 3825 546 subtrahere

2218 584 2416 651 debet;
2448 583 2543 639 sed
2565 583 2960 655 arrogantiam,
3016 583 3355 653 superbiam,
3409 590 3707 649 tumorem,
3766 591 3826 638 ut

2216 678 2292 733 ilil
2344 684 2592 747 potentes
2617 684 2672 731 et
2713 675 2835 731 elati
2865 689 3024 746 pares
3051 688 3174 731 esse
3200 690 3259 731 se
3284 676 3447 731 etiam
3479 674 3827 731 mendicissl-

2220 769 2323 825 mis
2370 771 2560 825 sciant.
2608 768 2853 824 Detracta
2877 767 3021 823 enim
3044 766 3299 822 divitibus
3324 766 3612 823 insolentia
3641 776 3695 823 et
3724 766 3829 821 inl-

2218 862 2459 933 quitate,
2509 861 2641 915 nihil
2692 860 2936 917 intererit
2998 871 3251 917 utrumne
3310 861 3401 917 alii
3450 860 3643 918 divites
3665 863 3699 929 ,'
3732 862 3823 918 alii

2219 966 2490 1025 pauperes
2530 955 2672 1023 sint,
2699 968 2823 1009 cum
2853 953 3018 1009 animi
3050 969 3205 1025 pares
3229 954 3459 1023 iuerint;
3508 954 3653 1027 quod
3706 954 3824 1011 elli-

2218 1062 2345 1104 cere
2393 1049 2536 1104 nulla
2587 1062 2674 1104 res
2726 1049 2829 1103 alia
2883 1057 3079 1118 praeter
3146 1049 3462 1120 religionem
3494 1049 3589 1105 Dei
3618 1058 3824 1121 potest.

2218 1140 2433 1197 Putavit
2455 1141 2613 1213 igitur
2640 1155 2699 1197 se
2729 1141 3002 1196 invenisse
3025 1141 3289 1212 justitiam
3311 1182 3326 1207 ,
3360 1156 3483 1197 cum
3511 1155 3641 1197 eam
3669 1154 3827 1213 pror-

2218 1246 2311 1291 sus
2337 1235 2624 1303 everterit;
2656 1236 2777 1307 quia
2806 1251 2913 1290 non
2955 1250 3137 1292 rerum
3164 1235 3435 1309 fragilium
3455 1280 3469 1304 ,
3519 1237 3616 1294 sed
3662 1252 3817 1293 men-

2219 1326 2351 1383 tium
2402 1328 2561 1383 debet
2602 1336 2747 1384 esset
2788 1328 3165 1384 communitas.
3193 1329 3325 1385 Nam
3346 1329 3392 1384 si
3412 1330 3622 1399 justitia
3647 1331 3817 1385 virtu-

2217 1427 2332 1475 tum
2362 1421 2602 1476 omnium
2652 1429 2824 1476 mater
2848 1427 2963 1485 est,
2993 1436 3114 1476 cum
3153 1422 3260 1476 illas
3280 1422 3505 1493 singulae
3534 1422 3820 1491 tolluntur,

2216 1511 2331 1583 ipsa
2363 1513 2710 1569 subvertitur.
2742 1512 2890 1570 Tulit
2914 1522 3093 1569 autem
3128 1513 3279 1570 Plato
3307 1525 3433 1570 ante
3472 1513 3655 1570 omnia
3694 1515 3811 1570 fru-

2218 1603 2492 1675 galitatem
2524 1620 2539 1656 :
2578 1619 2699 1672 qua:
2761 1604 2945 1674 utique
2995 1604 3140 1659 nulla
3172 1614 3255 1659 est
3280 1645 3297 1671 ,
3331 1604 3419 1659 ubi
3447 1605 3650 1675 proprii
3682 1605 3817 1660 nihil

509 1698 839 1753 reclamante
884 1704 1095 1752 natura.
1138 1697 1435 1769 Superest,
1469 1709 1526 1753 ut
1573 1697 1945 1752 tantummodo
1986 1710 2116 1752 con-
2146 1694 2498 1757 Bhabeatur.
2523 1694 2668 1750 Tulit
2694 1693 3077 1750 abstinentiam
3107 1695 3414 1766 :siquidem
3461 1695 3594 1751 nihil
3637 1696 3821 1765 fuerit,

508 1790 709 1845 cordize
737 1802 897 1845 causa
945 1804 1141 1845 uxores
1170 1789 1300 1846 velit
1337 1800 1459 1846 esse
1501 1802 1841 1847 communes.
1875 1789 1946 1845 At
1971 1790 2116 1846 nulla

508 1883 884 1941 vehementior
927 1882 1324 1940 discordiarum
1364 1894 1527 1939 causa
1575 1890 1698 1951 est,
1745 1896 1903 1955 quam
1956 1887 2117 1940 unius

507 1976 744 2032 fmminae
772 1990 801 2030 a
837 1976 1024 2031 multis
1056 1977 1296 2033 maribus
1321 1976 1601 2048 appetitio.
1648 1974 1702 2032 ln
1730 1992 1838 2047 quo
1865 1976 2041 2045 Plato,
2070 1977 2115 2033 si

510 2071 721 2126 ratione
749 2085 856 2125 non
896 2071 1089 2140 potuit,
1123 2071 1384 2141 exemplis
1414 2080 1563 2126 certe
1607 2072 1781 2141 potuit
1811 2070 2113 2137 admoneri,

506 2175 562 2220 et
588 2174 858 2219 mutorum
891 2164 1237 2229 animalium,
1293 2174 1417 2234 quae
1448 2163 1519 2219 ob
1564 2162 1669 2220 hoc
1716 2162 1803 2219 vel
1852 2164 2116 2219 acerrime

509 2264 772 2330 pugnant,
800 2264 857 2311 et
883 2256 1188 2323 hominum,
1216 2257 1309 2326 qui
1349 2266 1569 2326 semper
1595 2257 1665 2312 ob
1692 2270 1810 2312 eam
1852 2268 1965 2312 rem
1997 2269 2117 2326 gra-

508 2352 733 2408 vissima
757 2351 901 2407 inter
927 2364 988 2407 se
1020 2350 1161 2407 bella
1188 2358 1496 2422 gesserunt.

1081 2506 1307 2564 CAPUT
1347 2506 1494 2563 XXII

644 2644 721 2701 De
747 2642 979 2701 Platonis
1008 2644 1277 2718 praeceptis
1293 2687 1307 2715 ,
1335 2642 1617 2718 iisdemque
1643 2646 1983 2718 reprehensis.

574 2802 765 2860 Restat
792 2812 850 2859 ut
871 2802 1182 2859 communio
1206 2802 1307 2859 ista
1340 2802 1475 2857 nihil
1503 2800 1650 2859 aliud
1679 2802 1896 2870 habeat,
1914 2812 2112 2874 praeter

501 2894 768 2952 adulteria
793 2936 807 2960 ,
838 2906 893 2949 et
918 2895 1206 2960 libidines;
1242 2903 1462 2965 propter
1486 2910 1623 2965 quas
1643 2896 1885 2952 funditus
1909 2910 2109 2952 eruen.

501 2987 629 3053 das,
682 2988 853 3042 virtus
901 2995 985 3043 est
1015 2988 1098 3043 vel
1150 2986 1384 3042 maxime
1410 2989 1740 3044 necessaria.
1784 2989 1971 3060 itaque
2000 3000 2107 3047 non

2219 1787 2365 1860 quod
2392 1788 2747 1857 abstineatur,
2767 1787 3024 1846 alienum.
3057 1788 3205 1846 Tulit
3233 1790 3671 1863 temperantiam,
3700 1791 3824 1847 tulit

2219 1881 2553 1949 castitatem;
2601 1892 2723 1952 qua:
2772 1882 3001 1938 virtutes
3046 1882 3101 1937 in
3149 1894 3382 1954 utroque
3409 1896 3543 1938 sexu
3570 1883 3821 1938 maximae

2219 1989 2365 2033 sunt.
2405 1976 2550 2032 Tulit
2574 1975 2953 2033 verecundiam
2977 2019 2991 2043 ,
3018 1976 3281 2047 pudorem
3305 2018 3319 2043 ,
3375 1974 3697 2032 modestiam
3725 2017 3739 2041 ,
3772 1976 3821 2031 si

2224 2069 2450 2125 honesta
2471 2080 2526 2125 et
2552 2068 2789 2140 legitima
2820 2084 2943 2126 esse
2970 2069 3271 2141 incipiunt,
3303 2084 3424 2141 qua:
3459 2069 3637 2125 solent
3664 2068 3818 2140 flagi-

2218 2165 2353 2219 tiosa
2388 2172 2442 2219 et
2469 2164 2642 2233 turpia
2690 2162 2941 2233 iudicari.
2971 2162 3061 2219 Sic
3105 2162 3359 2217 virtutem
3384 2161 3511 2217 dum
3544 2163 3657 2217 vult
3695 2170 3818 2217 om-

2218 2256 2376 2312 nibus
2397 2256 2550 2324 dare,
2568 2255 2821 2311 omnibus
2847 2255 3056 2311 adimit.
3101 2254 3235 2310 Nam
3262 2271 3443 2312 rerum
3475 2257 3810 2327 proprietas,

2215 2357 2272 2407 et
2298 2349 2551 2406 vitiorum
2584 2392 2598 2416 ,
2624 2354 2680 2405 et
2729 2350 2987 2404 virtutum
3019 2348 3303 2405 materiam
3336 2349 3582 2405 continet
3616 2366 3630 2403 :
3665 2362 3817 2405 com—

2224 2447 2472 2503 munitas
2491 2456 2676 2503 autem
2703 2445 2835 2500 nihil
2863 2445 3031 2512 aliud,
3057 2461 3218 2517 quam
3238 2445 3492 2501 vitiorum
3519 2445 3813 2501 licentiam.

2215 2538 2352 2595 Nam
2393 2540 2529 2608 viri,
2574 2540 2663 2609 qui
2714 2538 2910 2595 multas
2935 2538 3191 2595 mulieres
3253 2539 3479 2607 habent,
3510 2538 3646 2595 nihil
3673 2538 3818 2593 aliud

2215 2629 2320 2687 dici
2365 2638 2617 2701 possunt,
2643 2644 2803 2701 quam
2836 2626 3099 2684 luxuriosi
3150 2642 3215 2686 ac
3259 2637 3510 2701 nepotes.
3536 2628 3671 2685 item
3701 2643 3819 2684 mu-

2214 2723 2377 2781 lieres
2407 2765 2423 2790 ,
2462 2739 2584 2794 qua:
2632 2738 2663 2778 u
2694 2722 2879 2779 multis
2907 2723 3177 2779 habentur
3203 2764 3219 2791 ,
3264 2738 3374 2780 non
3423 2723 3614 2794 utique
3666 2720 3818 2778 adui-

2215 2823 2367 2880 terte,
2389 2815 2513 2883 quia
2539 2822 2747 2869 certum
2779 2815 3182 2870 matrimonium
3212 2815 3421 2870 nullum
3451 2823 3556 2881 est,
3579 2812 3676 2871 sed
3703 2828 3821 2885 pro-

2216 2907 2417 2964 stituta:
2436 2920 2500 2962 ac
2519 2906 2831 2962 meretrices
2854 2908 2961 2962 sint
2990 2920 3215 2962 necesse
3242 2914 3351 2962 est.

2285 3000 2510 3073 Redegit
2559 3015 2688 3073 ergo
2740 2999 3028 3056 humanam
3074 3000 3237 3058 vitam
3267 2999 3334 3058 ad
3365 2996 3774 3058 similitudinem
3799 3043 3815 3070 ,

500 3081 712 3138 invenit
739 3083 1118 3149 concordiam,
1153 3097 1314 3153 quam
1338 3080 1649 3151 qumrcbat;
1678 3084 1802 3153 quia
1829 3100 1937 3140 non
1961 3082 2112 3142 vide-
2139 3098 2186 3162 α
2216 3110 2325 3152 non
2377 3095 2556 3151 dicam
2602 3103 2911 3164 mutorum,
2945 3096 3042 3152 sed
3088 3095 3356 3167 pecudum
3385 3112 3450 3153 ac
3486 3097 3815 3155 bellantum.

499 3174 592 3231 bat
613 3217 627 3243 ,
659 3174 805 3231 unde
830 3177 1057 3231 oriatur.
1089 3176 1224 3233 Nam
1251 3179 1456 3249 iustitia
1497 3181 1551 3236 in
1578 3183 1930 3253 extrapositis
1972 3182 2108 3238 nihil

2218 3188 2350 3243 Nam
2410 3187 2661 3244 volucres
2692 3200 2834 3258 pene
2884 3201 3076 3244 omnes
3117 3186 3323 3244 faciunt
3352 3188 3725 3258 matrimonia,
3759 3196 3816 3246 et

1802 3320 2165 3381 VARIORUM
2192 3322 2423 3381 ΝΟΤᾸΞ.

501 3453 663 3510 tionis
691 3468 855 3510 sensu
875 3469 944 3510 ex
975 3455 1248 3511 veteribus
1286 3456 1567 3526 impressis
1590 3467 1647 3513 et
1687 3457 1938 3514 omnibus
1964 3474 2093 3515 mss.

499 3527 602 3596 nisi
636 3526 778 3596 quod
810 3527 877 3582 i5
911 3544 1007 3596 pro
1035 3544 1153 3582 vero
1177 3530 1361 3596 legunt
1389 3538 1578 3584 tamen.

571 3592 766 3652 Debota
794 3592 952 3672 mens.
986 3598 1189 3670 Thysio
1229 3592 1421 3655 devota
1450 3616 1604 3656 mens
1640 3601 1942 3672 explicatur
1972 3603 2098 3656 uotis

500 3668 785 3735 adsln'cta;
826 3670 921 3724 sed
962 3668 1222 3737 maiorem
1252 3672 1361 3725 vim
1404 3672 1612 3727 devotus
1641 3674 1693 3726 in
1718 3668 1802 3728 'se
1832 3673 2015 3737 habet,
2044 3683 2100 3728 et

500 3740 692 3812 subst.
718 3741 937 3812 devotio.
972 3741 1276 3811 Perpende,
1312 3743 1351 3797 l.
1390 3758 1448 3807 v,
1496 3757 1616 3812 cap.
1650 3744 1681 3795 7
1718 3744 1959 3799 :Devota
1991 3744 2097 3799 Deo

500 3828 592 3882 suo
620 3811 770 3882 ﬁdes.
801 3810 862 3866 L.
895 3827 964 3876 il,
1001 3810 1123 3882 cap.
1170 3812 1238 3866 1%
1273 3829 1287 3867 κ
1330 3810 1610 3869 Devotione
1647 3826 1849 3869 summa
1885 3817 2093 3870 servire.

500 3880 578 4005 ἓξ
615 3880 789 4005 Οιὲῐῖ
814 3898 935 3951 cap.
969 3880 1116 3937 ιιι“;
1165 3882 1288 3938 Νοη
1317 3884 1473 3953 ﬁdem
1520 3885 1934 3957 deuotionemque
1972 3904 2098 3957 pro-

570 3968 641 4005 re.
722 3968 752 4005 υ
798 3994 809 4005 .

541 3967 641 4007 ere.
681 3967 809 4007 BDN.

574 4022 1299 4099 Individuant...charilatem.
1321 4026 1473 4099 Stylo
1493 4024 1774 4098 Cypriani,
1794 4026 1831 4082 l.
1860 4043 2013 4099 It,ep.
2042 4031 2095 4095 4,

500 4092 588 4149 ed.
619 4094 854 4220 lingu)"
882 4093 1080 4150 Honori
1104 4113 1195 4151 nos
1217 4092 1647 4154 vestro'charitas
1676 4092 1950 4156 individua
1963 4092 2103 4155 'coné

501 4177 630 4220 necta
660 4206 674 4220 .
749 4181 840 4220 un.

501 4175 674 4221 nectit.
705 4175 840 4223 BDN.

572 4236 717 4311 Perit
757 4253 877 4311 ergo
921 4237 998 4311 illi
1027 4240 1115 4301 uni
1144 4240 1505 4295 communitas.
1539 4234 1805 4311 Reposuit
1853 4243 1934 4297 illi
1976 4244 2095 4308 uni,

499 4309 708 4383 scilicet
750 4308 878 4364 lilio.
916 4309 1047 4383 Qua:
1081 4311 1245 4383 lectio
1274 4313 1508 4366 maxime
1547 4308 2100 4383 oniniumprobatur

2284 3461 2427 3536 Nam
2459 3463 2503 3536 si
2522 3462 2734 3533 iustitia
2755 3503 2769 3527 ,
2798 3472 2905 3518 etc.
2933 3462 3148 3536 Iustitia
3172 3479 3404 3536 namque
3430 3466 3656 3524 virtutes
3679 3467 3733 3523 in
3752 3483 3814 3524 se

2207 3534 2583 3604 complectitur
2634 3548 2861 3600 omnes,
2911 3545 2969 3590 ut
3007 3534 3328 3593 Aristoteles
3365 3541 3415 3593 in
3458 3552 3489 3592 ν
3530 3538 3811 3595 Moralium

2207 3605 2608 3681 dicit._biatrem
2635 3605 2863 3660 aliarum
2885 3606 3141 3681 virtutum
3175 3619 3331 3664 vocat
3363 3652 3378 3676 ,
3406 3610 3551 3679 quod
3578 3614 3813 3681 reliquas

2205 3677 2371 3754 veluti
2396 3678 2534 3754 tilias
2551 3679 2616 3754 _in
2637 3692 2737 3731 suo
2759 3678 2911 3754 quasi
2936 3679 3059 3754 sinu
3088 3688 3143 3734 et
3160 3681 3372 3750 gremio
3399 3677 3563 3738 fovet.
3598 3683 3676 3739 De
3697 3677 3813 3754 'quo

2205 3747 2329 3804 vide
2357 3750 2520 3803 etiam
2542 3747 2805 3803 Joannem
2847 3749 3128 3805 Stobeum.

2282 3839 2439 3895 Tulit.
2468 3836 2613 3913 Tulit
2644 3840 2782 3895 haud
2807 3854 2930 3895 raro
2951 3842 3166 3911 ponitur
3188 3857 3285 3913 pro
3309 3845 3514 3898 Sustulit
3531 3886 3545 3911 ,
3568 3843 3798 3900 abstulit.

2210 3912 2408 3984 iterum
2439 3914 2553 3982 ipse
2584 3911 2892 3968 Lactantius
2925 3928 2979 3967 in
3012 3913 3157 3984 Epit.
3188 3911 3237 3969 c.
3263 3913 3334 3969 29
3357 3956 3371 3982 ,
3402 3930 3467 3971 ex
3496 3915 3707 3972 Gellio:
3752 3915 3811 3974 Si

2208 3982 2397 4057 t_ul_eris
2445 3984 2985 4057 unuut,_abstuleris
3037 3982 3348 4057 utrumque.
3398 3989 3649 4043 Ambros.
3686 3988 3804 4057 i.t,

2206 4052 2337 4121 Ott,
2360 4070 2481 4124 cap.
2511 4053 2617 4128 ‘52:
2650 4053 2801 4110 Tolle
2828 4071 2893 4109 ex
2920 4069 3019 4128 usu
3041 4052 3323 4112 hominum
3351 4052 3805 4128 benevolentiam,

2210 4133 2481 4197 tamquam
2508 4126 2760 4197 soleme
2814 4127 3016 4181 mundo
3070 4129 3292 4193 tuleris,
3330 4128 3403 4182 ita
3452 4131 3575 4185 erit.
3626 4129 3686 4186 L.
3717 4126 3797 4185 nl.

2206 4194 2487 4266 Oll.,'cap.
2518 4197 2585 4252 5:
2621 4196 2808 4253 Solum
2850 4199 3161 4255 lanceam...

3214 4210 3269 4255 et
3298 4200 3621 4270 lenticulam
3684 4202 3808 4259 tulit

2209 4283 2381 4339 aquae.
2413 4268 2550 4323 Bos.

499 4358 915 4455 easiest},
925 4358 1065 4437 sai.
1081 4358 1201 4455 ’ἐξὲξ
1212 4358 1891 4455 'it'a'.;.i;'"i;‘g.si'j;risui:
1905 4358 2100 4441 ἲῐὲῐιῖιζ

2213 4431 2253 4455 η
2280 4358 2547 4455 Siquidem
2593 4361 2722 4416 nillil
2771 4362 2958 4444 luerit,
3007 4362 3518 4455 quod‘altstinealur,
3564 4364 3805 4449 alienant.

499 4451 722 4520 Legitur
743 4452 794 4506 in
823 4452 857 4508 3
883 4450 1016 4521 Reg.
1040 4463 1090 4507 ei
1116 4452 1148 4508 5
1177 4450 1413 4521 vulgatis
1434 4450 1849 4518 reéetttiorihus,
1874 4456 1950 4513 illi
1978 4475 2106 4521 una;

499 4523 553 4576 in
581 4521 742 4605 Goth.
770 4524 861 4605 illa
890 4540 1021 4590 una;
1056 4540 1285 4595 quorum
1316 4525 1433 4581 vice
1455 4537 1541 4585 est
1572 4526 1889 4582 matrimonii
1918 4530 1968 4583 in
1999 4530 2103 4584 int-

500 4596 708 4666 rrqr'sis
730 4596 988 4666 quinque.

583 4662 1243 4740 Velit.’Sic'reposui_ex’
1284 4666 1664 4740 antiquissimo
1706 4669 1892 4724 codice
1936 4669 2104 4740 Regio

497 4734 724 4807 aliisilue
755 4750 850 4791 sex
876 4779 890 4803 ,
920 4737 1205 4813 referendo
1232 4739 1296 4794 ad
1324 4734 1641 4805 Platonem;
1674 4751 1728 4797 et
1759 4740 1889 4813 illud
1918 4734 2101 4813 requi-

497 4817 625 4863 runt
646 4824 706 4862 ea
731 4808 1208 4884 quaeprmcedunt,
1242 4820 1297 4866 et
1322 4826 1442 4884 quae
1470 4819 1789 4883 sequuntur.
1822 4810 1949 4867 Mss.
1979 4808 2104 4883 sep-

499 4889 609 4936 tcm
641 4894 763 4933 cum
787 4877 969 4946 editis,
998 4879 1174 4935 velint.

572 4973 673 5047 Qui
701 4988 924 5047 semper.
954 4972 1087 5047 ΔΜεξ.
1115 4973 1155 5047 7-
1174 4987 1312 5047 r_ec.,
1350 4972 1452 5041 Qui
1477 4990 1632 5047 sape.

569 5045 635 5099 In
664 5043 1009 5113 extrapoaitis.
1044 5044 1212 5100 Stoici
1242 5060 1347 5098 non
1376 5043 1657 5101 modo'res
1682 5046 1928 5102 fortuitas
1958 5089 1972 5114 ,
2004 5047 2101 5103 sed

494 5116 654 5171 etiam
704 5131 931 5184 corpora
984 5116 1098 5185 ipsa
1149 5125 1305 5185 extra
1347 5132 1446 5171 nos
1497 5131 1621 5173 esse
1660 5120 1923 5185 credunt,
1953 5131 2009 5172 ut
2034 5135 2103 5174 ex

495 5186 725 5257 Epicteti
777 5184 1092 5243 Enchiridio
1138 5184 1482 5242 manifestum
1527 5199 1630 5244 esi.
1654 5189 1772 5245 Non
1806 5184 1950 5245 male
1976 5205 2100 5245 cum

493 5258 665 5327 ipsius
691 5257 891 5314 Christi
918 5259 1163 5313 doctrina
1197 5260 1445 5328 congruit
1470 5300 1484 5324 ,
1515 5261 1605 5329 qui
1634 5261 1852 5331 rapinas
1873 5300 1887 5328 ,
1937 5261 2097 5316 adul-

495 5332 631 5407 teria
656 5371 671 5396 ,
702 5331 803 5385 hoc
834 5340 919 5407 est
944 5332 1155 5407 ὀρέξειὴ
1187 5346 1306 5399 qua:
1333 5333 1548 5407 e_t_tobis
1578 5333 1948 5407 egrediantur,
1997 5332 2100 5387 ho-

494 5403 699 5471 minem
724 5400 982 5457 dunta'xai
1011 5401 1295 5471 inquinare
1323 5400 1636 5471 allirmavit'.
1671 5404 1998 5460 BETULBIUS.

568 5469 695 5525 Cum
718 5472 876 5525 animi
904 5488 1054 5540 pares
1067 5469 1285 5596 iuerint.
1314 5470 1425 5528 Par
1446 5474 1603 5529 animi
1630 5474 1943 5531 Lactantius
1970 5474 2100 5531 dicit

570 5558 594 5595 r
629 5542 1004 5596 Graecismum.
1096 5542 1283 5596 ‘uerinl
1325 5547 1538 5596 rcoosui
1588 5562 1652 5596 ex
1700 5562 1829 5596 mss.
1859 5555 1912 5596 et
1939 5546 2098 5596 editis

532 5555 594 5596 er
629 5542 1004 5616 Graecismum.
1033 5542 1283 5616 _lj‘uerint
1322 5547 1538 5616 reposui
1588 5562 1652 5602 ex
1700 5562 1829 5601 mss.
1859 5555 1912 5601 et
1939 5546 2098 5602 editis

544 5613 699 5680 etul.,
746 5614 1002 5682 Tornes.,
1032 5613 1274 5681 Watch.,
1312 5613 1580 5673 Soubron.
1613 5616 1731 5674 Sint
1774 5628 2095 5675 ceterorum

498 5687 838 5759 vulgaturum
869 5693 976 5743 est.
1110 5706 1121 5711 “

2211 4431 2360 4487 ﬂante
2388 4433 2676 4488 lectionem
2702 4435 2936 4489 retineut
2953 4431 3335 4504 qu‘ampiurimi
3368 4431 3579 4493 mss.'et
3598 4440 3805 4494 excusi:

2209 4513 2261 4559 et
2293 4505 2492 4575 optima
2525 4514 2641 4568 est,
2674 4503 2931 4574 quidquid
2959 4506 3102 4560 dicat
3124 4503 3488 4575 Thomasius,
3521 4526 3642 4564 nam
3689 4525 3810 4565 rec-

2211 4573 2418 4650 tissime
2461 4573 2721 4650 diciutus’,
2745 4573 2864 4650 rem
2903 4573 3639 4650 aliquatnrahstineri,quasi
3678 4597 3807 4650 pro-

2207 4648 2291 4722 cul
2323 4648 2496 4722 teneri
2536 4661 2601 4722 ac
2645 4645 3247 4722 prohiberiaLactliib.
3283 4667 3390 4714 vu,
3421 4645 3538 4722 cap.
3572 4653 3635 4722 i7
3663 4645 3803 4708 {ab-

2206 4717 2437 4771 stinebat
2464 4717 2695 4781 imbres,
2728 4729 2832 4772 etc.
2857 4718 3038 4774 Livius
3065 4736 3075 4771 :
3104 4716 3348 4776 Romano
3372 4716 3537 4788 bello,
3569 4720 3803 4779 Fortuna

2209 4788 2573 4862 Alexandrum
2631 4803 2882 4859 magnum
2922 4791 3218 4862 abstinuit.
3268 4792 3394 4850 Mss.
3454 4792 3561 4862 l6,
3594 4810 3703 4850 rec.
3750 4806 3806 4850 et

2206 4857 2335 4937 editi
2361 4857 2743 4937 octo_legunt,'
2757 4861 3023 4937 siquidem
3052 4863 3211 4937 “nihil
3264 4864 3425 4937 luerit
3446 4906 3462 4931 ,
3491 4857 3597 4937 quo
3637 4865 3804 4921 absti-

2205 4928 2610 5008 n_e_atur;_Bon.
2659 4928 2923 5002 siquidem
2974 4933 3153 4989 nullus
3188 4936 3378 5004 fuerit,
3410 4928 3807 5008 qui'abstiucat

2204 5001 2402 5058 alieno.
2435 5002 2533 5057 Ex.
2563 5002 2720 5059 18.130.

2278 5096 2350 5151 Ac
2380 5105 2607 5173 nepotes.
2642 5094 2699 5151 ld
2737 5105 2822 5152 est
2849 5137 2861 5162 ,
2885 5108 3320 5173 consumpturus.
3347 5100 3530 5155 llorat.
3555 5102 3727 5173 Epod.
3748 5101 3798 5168 l,

2204 5164 2426 5241 ᾅσωτθι,
2447 5164 2908 5241 intemperantes,
2964 5180 3020 5225 et
3069 5164 3377 5240 patrimonii
3426 5164 3800 5241 dissipatores;

2205 5238 2262 5293 in
2293 5254 2421 5315 mss.
2461 5239 2489 5293 1
2524 5238 2685 5315 Reg.,
2714 5240 2742 5315 i
2770 5238 3182 5315 Colbert.,APal.
3209 5254 3261 5315 et
3291 5242 3457 5298 Brnn.
3491 5238 3707 5315 legitur,
3739 5260 3805 5299 ac

2204 5310 2387 5385 perditi
2410 5351 2425 5376 ,
2450 5310 2595 5381 quod
2614 5313 3095 5385 estinterpretatio
3118 5313 3267 5368 vocis
3289 5328 3517 5385 nepotes.
3538 5310 3609 5358 οἱ-
3624 5316 3807 5371 Lun-

2203 5382 2330 5455 riosi
2349 5398 2407 5433 ac
2424 5393 2646 5453 nepotes.
2662 5381 2853 5455 Cicero
2871 5381 2978 5451 pro
2999 5385 3219 5451 Quintia
3237 5381 3364 5455 cap.
3388 5387 3454 5441 12
3479 5405 3523 5441 :s
3544 5389 3676 5455 Quis
3695 5401 3805 5443 tam

2205 5453 2446 5528 perditus
2463 5468 2539 5528 quc
2571 5454 2818 5523 profusus
2847 5470 3020 5528 nepos
3041 5472 3149 5511 non
3168 5453 3332 5512 adesa
3357 5457 3491 5528 jam,
3511 5453 3608 5514 sed
3635 5462 3809 5515 abun-

2202 5524 2350 5579 danti
2401 5526 2564 5580 etiam
2608 5528 2832 5594 pecunia
2876 5527 2955 5581 sic
2993 5527 3290 5584 dissolutus
3337 5524 3548 5600 luisset,
3602 5542 3661 5587 ut
3706 5531 3809 5590 iuit

2204 5594 2265 5652 S.
2300 5594 2534 5651 Naevius.
2574 5614 2593 5648 ι
2626 5596 2759 5652 Bon.

2251 5636 2265 5651 .
2300 5610 2534 5651 matvrus.
2574 5614 2593 5648 ι
2626 5610 2759 5653 DUM.

2278 5690 2479 5747 Dicam.
2511 5690 2587 5749 ita
2615 5704 2745 5749 mss.
2782 5696 2853 5751 At
2879 5691 3042 5764 editi,
3075 5693 3209 5751 dico.
