4154 6196
530 229 641 286 425

1641 230 1830 289 FIRM.
1859 233 2228 293 LACTANTII
2270 236 2474 293 DlVlN.
2514 237 2756 297 lNSTlT.

3732 246 3842 304 ιει

533 349 1018 419 Tuditani;sparge
1034 346 1231 418 populo
1248 345 1572 417 diripienda.
1594 347 1822 405 Poteset
1845 352 2123 420 pecuniam
2150 356 2205 415 Α
2230 353 2516 409 serationis
2545 353 2793 409 affectum
2817 394 2833 420 ,
2875 354 2966 425 qui
3019 353 3178 424 plane
3226 362 3451 412 vocatur
3503 357 3839 429 humanitas,

531 442 790 511 ell'ugere,
817 450 870 495 et
902 451 1080 494 tamen
1109 439 1249 495 bene
1286 439 1587 506 collocare;
1632 442 1755 512 quia
1799 442 2007 496 salvum
2046 450 2130 498 est

531 530 786 604 quidquid
818 530 1061 602 pluribus
1092 530 1314 603 profuit.

601 623 838 677 Zenonis
885 630 1064 679 autem
1112 624 1265 695 paria
1315 632 1533 693 peccata
1581 625 1701 695 quis
1747 625 1975 696 probat?
2020 624 2127 683 Sed

527 714 837 772 omittamus
865 714 939 781 id,
967 714 1111 786 quod
1137 726 1222 772 est
1258 716 1327 771 ab
1353 718 1605 773 omnibus
1634 734 1849 789 semper
1885 720 2123 775 irrisum.

526 807 667 863 ιιιυά
698 808 830 863 satis
854 816 938 864 est
965 806 1034 863 ad
1062 809 1461 880 coarguendam
1492 809 1679 866 furiosi
1710 811 1946 866 hominis
1967 827 2125 867 erro-

528 921 668 972 rem,
698 903 842 976 quod
863 904 1004 959 inter
1026 904 1153 959 vitia
1176 913 1231 959 et
1254 904 1474 961 morbos
1497 905 1923 961 misericordiam
1953 906 2122 977 ponit.

525 1000 727 1056 Adimit
755 1000 911 1055 nobis
938 997 1212 1063 allectum,
1243 1012 1351 1067 quo
1381 1000 1518 1054 ratio
1551 999 1798 1054 humanae
1829 1001 1951 1055 vitae
1983 1014 2125 1070 pene

524 1096 701 1151 oumis
727 1095 1055 1151 continetur.
1083 1094 1220 1151 Cum
1261 1096 1403 1150 enim
1445 1106 1633 1150 natura
1676 1095 1912 1151 hominis
1952 1095 2123 1150 imbe—

524 1188 703 1244 cillior
731 1190 802 1243 sit
852 1203 1011 1258 quam
1040 1196 1360 1244 cieterorum
1387 1188 1719 1254 animalium,
1769 1205 1887 1259 quae
1932 1189 2015 1244 vel
2052 1189 2121 1244 ad

525 1281 903 1353 perferendam
946 1282 1053 1338 vim
1088 1291 1425 1353 temporum,
1472 1283 1556 1338 vel
1603 1283 1669 1338 ad
1717 1283 2049 1338 incursiones
2087 1298 2120 1339 a

522 1375 635 1430 suis
673 1374 995 1445 corporibus
1042 1374 1342 1442 arcendas,
1392 1376 1728 1431 naturalibus
1772 1375 2119 1432 munimentis

523 1469 859 1540 providentia
890 1469 1129 1525 caelestis
1155 1473 1384 1525 armavit
1410 1486 1426 1525 :
1452 1471 1654 1526 homini
1681 1482 1859 1527 autem
1888 1472 2008 1542 quia
2032 1470 2116 1526 ni-

2237 462 2341 518 qua
2368 459 2580 502 nosmet
2608 448 2839 503 invicem
2870 458 3167 504 tueremur.
3196 447 3332 504 Nam
3360 450 3404 504 si
3435 450 3599 505 homo
3620 453 3687 508 ad
3710 469 3841 510 con-

2237 547 2475 607 spectum
2528 538 2749 595 alterius
2805 538 3040 595 hominis
3086 539 3424 608 ell‘eraretur,
3472 544 3615 614 quod
3661 543 3842 602 facere

2236 630 2479 686 videmus
2504 633 2805 687 animantes
2833 648 3060 703 quarum
3090 643 3281 687 natura
3303 634 3539 705 solivaga
3560 646 3666 703 est,
3690 636 3839 694 nulla

2236 735 2381 781 esset
2409 725 2685 782 hominum
2713 727 2961 790 societas,
3001 727 3143 781 nulla
3173 726 3387 783 urbium
3427 729 3837 789 condendarum

2235 820 2318 875 vel
2340 835 2489 885 cura,
2519 822 2602 876 vel
2636 822 2791 877 ratio.
2822 821 2911 877 Sic
2937 836 3112 891 neque
3139 822 3246 875 vita
3287 821 3506 893 quidem
3539 825 3673 879 satis
3699 834 3833 893 tuta,

2233 926 2355 967 cum
2385 923 2440 969 et
2468 915 2680 969 caeteris
2708 914 3032 970 animalibus
3051 915 3296 985 exposita
3320 924 3467 971 esset
3495 916 3837 974 imbecillitas

2233 1005 2543 1074 hominum,
2591 1015 2646 1063 et
2682 1008 2782 1078 ipsi
2820 1007 2964 1064 inter
3003 1007 3325 1079 semetipsos
3356 1008 3656 1066 belluarum
3688 1027 3836 1069 more

2228 1102 2500 1156 saevirent.
2530 1100 2646 1155 Non
2671 1100 2847 1156 minor
2878 1103 2931 1156 in
2961 1100 3084 1156 aliis
3112 1101 3404 1158 dementia.

2299 1193 2435 1262 Quid
2465 1194 2607 1249 enim
2639 1193 2744 1248 dici
2775 1202 2951 1264 potest
2973 1193 3040 1249 de
3063 1193 3177 1259 illo,
3204 1195 3294 1266 qui
3320 1196 3529 1265 nigram
3556 1196 3691 1253 dixit
3714 1213 3837 1255 esse

2228 1286 2447 1341 nivem?
2473 1300 2633 1357 quam
2662 1300 3001 1357 consequens
3024 1294 3170 1355 erat,
3193 1297 3250 1341 ut
3267 1288 3429 1342 etiam
3458 1290 3631 1359 picem
3658 1291 3833 1349 albam

2227 1393 2350 1435 esse
2378 1377 2623 1435 diceret!
2656 1378 2755 1433 Hic
2784 1389 2870 1435 est
2898 1378 2991 1435 ille
3012 1419 3029 1445 ,
3058 1380 3151 1450 qui
3180 1395 3240 1435 se
3269 1378 3470 1437 idcirco
3498 1392 3681 1439 natum
3713 1400 3834 1443 esse

2227 1470 2473 1538 diccbat,
2505 1478 2565 1525 ut
2588 1471 2786 1526 coelum
2812 1484 2877 1525 ac
2900 1470 3069 1527 solem
3096 1470 3335 1539 videret,
3365 1473 3458 1544 qui
3486 1474 3540 1529 in
3574 1485 3713 1531 terra
3746 1479 3831 1532 ni-

522 1564 597 1619 hil
627 1566 851 1621 istorum
879 1563 1063 1620 datum
1091 1573 1197 1633 est,
1228 1566 1437 1636 accepit
1467 1581 1562 1637 pro
1588 1566 1707 1623 istis
1736 1566 1988 1624 omnibus
2016 1566 2113 1621 mi-
2147 1557 2196 1618 B
2224 1563 2300 1621 hil
2330 1564 2547 1621 videbat
2576 1565 2693 1620 sole
2723 1563 2958 1620 lucente.
2988 1563 3354 1637 Xenophanes
3382 1565 3690 1625 dicentibus
3718 1568 3830 1625 Ma-

1847 1696 2211 1756 VARIORUM
2239 1695 2471 1753 NOTAS.

521 1844 815 1925 largiendi):
863 1844 944 1925 _l)e
981 1843 1201 1925 Cratere
1246 1842 1426 1925 plures
1470 1841 1723 1925 tradunt,
1750 1841 1949 1925 ipsum.
1973 1838 2116 1925 bona

520 1910 716 1988 populo
745 1915 1002 1970 Thebano
1027 1930 1149 1996 esse
1171 1910 1440 1984 largituiu.
1470 1912 1587 1996 \fid.
1610 1911 1903 2038 Menagiad
1928 1910 2111 1964 Laert.

520 1989 555 2043 Ι.
585 2004 660 2053 vt,
690 1990 725 2042 f.
751 1988 852 2050 87;
895 1996 950 2042 et
990 1985 1235 2041 Perizon.
1280 1985 1346 2040 ad
1386 1983 1586 2040 Elian.
1614 1984 1737 2039 Var.
1833 1991 1917 2037 ist.
1955 1983 1991 2035 Ι.
2031 1997 2112 2047 ιιι,

517 2075 637 2131 cap.
665 2061 719 2114 6.
749 2060 880 2115 BDN.

592 2151 853 2206 Tuditani.
884 2151 959 2206 De
992 2165 1059 2206 eo
1086 2148 1202 2204 Val.
1246 2148 1382 2204 Max.
1416 2149 1510 2205 lib.
1535 2163 1646 2213 vn,
1680 2163 1800 2215 cap.
1835 2146 1891 2202 8.
1926 2145 2115 2201 Cicero

517 2238 729 2293 quoque
753 2219 946 2290 Philip.
970 2237 1051 2284 ιιι,
1078 2219 1112 2274 6
1137 2238 1150 2274 :
1180 2220 1464 2275 Tuditanus
1510 2236 1703 2293 nempe
1728 2220 1817 2272 ille
1838 2260 1853 2283 ,
1898 2218 1991 2293 ille
2027 2219 2117 2287 qui

516 2289 804 2364 cum'palla
832 2303 880 2347 et
905 2289 1168 2348 'cothurnis
1195 2308 1427 2347 nummos
1452 2289 1642 2362 populo
1670 2290 1733 2344 de
1753 2289 1935 2345 rostris
1963 2305 2117 2359 spar-

516 2382 634 2437 gere
662 2365 877 2419 solebat.

588 2458 808 2530 Zenonis
850 2469 1017 2513 autem
1061 2459 1233 2528 paria,
1253 2466 1384 2530 etc.
1416 2457 1773 2530 Hieronymus
1818 2464 1969 2511 notat
2014 2456 2114 2511 hac

518 2531 638 2586 labe
664 2529 1027 2586 Iovinianum.
1060 2530 1192 2585 Nam
1224 2529 1481 2598 Theologi
1513 2529 1660 2583 recte
1704 2536 1947 2583 statuunt
1983 2541 2111 2598 pec:

514 2613 760 2658 calorum
790 2602 1121 2656 discrimina.
1155 2600 1289 2656 Vide
1315 2596 1489 2656 Cicer.
1518 2600 1571 2655 in
1609 2599 1921 2655 Paradoxis.
1954 2596 2109 2667 Apud

513 2674 723 2729 Stoicus
750 2688 879 2728 vero
903 2672 1217 2728 Paradoxon
1245 2680 1330 2726 est
1348 2670 1473 2745 ,Ᾱὸτι
1510 2670 1602 2728 ἴσα
1630 2674 1695 2727 τὰ
1733 2674 2105 2745 ἁμαρτήματα.

514 2746 819 2801 Stoicorum
847 2745 1097 2816 dogmata
1128 2743 1513 2816 compendioso
1551 2743 1804 2816 fasciculi)
1829 2743 2105 2816 complec-

514 2818 645 2872 titur
675 2817 863 2872 Cicero
888 2813 1144 2872 Oratione
1173 2830 1268 2880 pro
1293 2814 1525 2869 Muraena
1548 2832 1562 2868 :
1588 2813 1712 2868 Fuit
1733 2816 1887 2877 enim,
1908 2813 2103 2881 inquit,

512 2888 722 2959 quidam
773 2903 969 2942 summa
1012 2888 1217 2959 ingenio
1259 2887 1336 2959 vir
1388 2885 1551 2951 Zeno,
1581 2887 1729 2959 cujus
1774 2887 2099 2959 inventorum

511 2956 680 3014 remuli
711 2959 871 3016 Stoici
909 2956 1254 3013 nominantur.
1291 2957 1460 3027 Hujus
1494 2957 1755 3011 sententiae
1796 2967 1915 3010 sunt
1950 2956 2104 3027 etiam

2230 1835 2315 1913 hic
2338 1833 2497 1887 libens
2524 1842 2571 1888 et
2596 1834 2759 1913 alacri
2783 1832 2926 1913 vultu
2950 1835 3129 1906 faciet.
3155 1833 3432 1913 Succurret
3454 1838 3635 1913 alienis
3656 1838 3828 1913 lacry-

2225 1907 2337 1983 mis,
2368 1922 2469 1959 non
2492 1905 2693 1983 accedet
2718 1921 2736 1959 :
2763 1906 2903 1983 dabit
2930 1905 3138 1983 tironum
3166 1912 3444 1980 naufrago,
3474 1911 3612 1965 exuli
3644 1905 3825 1983 hospi-

2226 1980 2371 2041 tium,
2401 1978 2564 2047 egenti
2583 1977 2764 2051 stipem
2786 1994 2820 2051 :_
2836 1977 3045 2051 donabit
3071 1977 3313 2051 lacrymis
3338 1977 3581 2036 maternis
3621 1977 3789 2051 ﬁlium
3807 2025 3822 2050 ,

2224 2058 2272 2104 et
2297 2060 2503 2102 catenas
2527 2050 2653 2101 solvi
2676 2048 2894 2117 jubebit,
2920 2058 2965 2100 et
2990 2050 3115 2103 ludo
3139 2051 3346 2116 eximet,
3365 2062 3411 2104 et
3434 2048 3649 2107 cadaver
3672 2048 3826 2110 etiam

2227 2120 2438 2191 noxium
2465 2121 2691 2187 sepeliet.
2718 2121 2789 2172 Ac
2818 2120 2971 2191 faciet
3010 2121 3109 2174 ista
3150 2122 3429 2190 tranquilla
3470 2136 3656 2191 riterite,
3683 2127 3825 2180 vultu

2223 2208 2352 2264 suo.
2388 2189 2526 2264 Ergo
2569 2207 2670 2245 nou
2698 2189 3246 2264 ntise'rebitarisapiens
3267 2189 3286 2245 ἐ
3311 2194 3400 2248 sed
3425 2189 3707 2264 succurret,
3734 2197 3823 2252 sed

2224 2263 2471 2332 proderit,
2493 2262 2553 2335 in
2577 2278 2843 2316 commune
2869 2263 3298 2335 auxiliumnatus
3323 2281 3383 2318 ac
3435 2262 3700 2335 publicum
3732 2269 3824 2322 bo-

2221 2351 2367 2397 num,
2394 2344 2497 2388 etc.
2523 2334 2661 2400 Quin
2690 2344 2747 2388 et
2773 2333 3102 2403 Augustinus
3128 2333 3247 2401 ipse
3273 2335 3337 2389 de
3363 2333 3596 2391 Moribus
3621 2338 3815 2395 Eccles.

2221 2404 2426 2460 Cathol.
2462 2405 2553 2459 lib.
2578 2421 2617 2469 ι,
2641 2419 2761 2474 mp.
2784 2405 2853 2458 27
2883 2422 2897 2459 :
2926 2404 3099 2469 Quare
3139 2406 3234 2460 illa
3278 2407 3470 2471 omnia,
3503 2410 3682 2476 quibus
3723 2412 3824 2465 hu-

2215 2477 2503 2551 iuscemodi
2546 2476 2698 2551 malis
2742 2476 3139 2551 incommodisve
3180 2478 3466 2551 resistitur,
3493 2480 3581 2551 qui
3606 2481 3823 2551 officiose

2219 2559 2370 2619 atque
2391 2549 2679 2601 humaniter
2699 2547 2945 2619 praebent,
2964 2548 3315 2602 misericordes
3337 2547 3602 2617 vocantur,
3621 2547 3822 2608 etiamsi

2217 2618 2468 2689 sapientes
2494 2634 2650 2743 usique
2677 2618 2805 2671 adeo
2833 2619 2956 2683 sint,
2998 2628 3054 2671 ut
3087 2620 3204 2688 jam
3247 2619 3393 2675 nullo
3436 2622 3596 2676 animi
3642 2624 3820 2679 dolore

2217 2692 2501 2743 turbentur.
2592 2706 2677 2741 am
2705 2690 2818 2743 auis
2870 2692 3101 2743 ignoret.
3150 2707 3215 2743 ea:
3261 2707 3319 2743 eo
3358 2692 3674 2743 appellatam
3711 2711 3820 2743 esse

2217 2692 2510 2762 turbentur.
2537 2690 2677 2743 Nam
2705 2690 2818 2754 quis
2870 2692 3101 2760 ignoret,
3150 2707 3215 2746 ea:
3261 2707 3319 2745 eo
3358 2692 3674 2762 appellatam
3711 2711 3820 2750 esse

2215 2761 2805 2833 misericordiampquod
2850 2762 3090 2813 miserum
3137 2777 3226 2815 cor
3272 2761 3452 2833 faciat,
3502 2767 3818 2822 condolentis

2212 2833 2381 2886 alieno
2425 2833 2596 2886 malo?
2640 2831 2975 2955 Quamquam
3024 2846 3211 2887 revera
3262 2831 3610 2889 misericordia
3640 2840 3816 2907 potius

2212 2904 2374 2955 dicta.
2398 2905 2533 2955 auod
2550 2905 2693 2955 cordi
2709 2903 2771 2955 sit
2789 2920 2819 2955 α
2845 2904 2958 2955 icna
2977 2904 3197 2955 miseria.
3217 2904 3420 2955 Verum
3451 2909 3622 2955 nerait
3642 2916 3773 2955 Amr-
3799 2931 3812 2955 ξ

2211 2904 2533 2979 dicta,_quod
2550 2905 2693 2956 cordi
2709 2903 2775 2979 sit
2789 2903 3197 2979 alienamiseria.
3217 2904 3420 2979 verum
3451 2909 3622 2979 pergit
3640 2903 3774 2979 Aug.
3798 2931 3812 2967 :

2211 2974 2279 3027 Et
2307 2976 2419 3043 quis
2460 2992 2561 3029 non
2586 2974 2865 3039 concedat,
2918 2976 2982 3028 ab
3024 2976 3159 3028 omni
3201 2977 3405 3030 miseria
3450 2974 3666 3032 liberum
3707 2974 3817 3036 e'sse

512 3029 1575 3120 Wa?”‘1“91'9fif§635?!!{e’ltﬁti‘fi‘fi
1588 3025 2096 3120 f'"l1'?ff£'1’flf".’_'ffff"
2125 3025 2171 3089 α
2204 3025 2385 3120 ψςθένε
2410 3048 2709 3120 sapientem.
2739 3025 3105 3120 ευηςέιιῡυειιίι
3148 3049 3311 3117 non.
3513 3025 3814 3120 ὀρρνεεὶῖηὶ

510 3097 785 3170 numquam
803 3097 1112 3170 cuiusquam
1133 3101 1316 3153 delicto
1344 3101 1633 3170 ignoscere.
1650 3097 1919 3152 Neminem
1947 3098 2097 3151 mise-

508 3168 759 3227 ricordem
785 3188 914 3237 esse,
944 3168 1042 3225 nisi
1069 3173 1280 3225 stultum
1302 3181 1351 3226 et
1382 3172 1557 3224 levem.
1595 3168 1703 3222 Viri
1727 3187 1828 3223 non
1858 3185 1984 3231 esse,
2009 3184 2098 3222 ne-

507 3261 602 3314 que
648 3244 871 3308 exorari,
919 3259 1076 3311 neque
1120 3242 1337 3313 placari.
1384 3241 1538 3297 Solos
1578 3241 1827 3314 sapientes
1874 3256 2010 3314 esse;
2054 3243 2098 3294 si

507 3312 852 3370 distortissimi
879 3316 977 3368 sint
999 3354 1014 3375 ,
1062 3312 1349 3383 formosos;
1379 3314 1422 3367 si
1460 3312 1823 3367 mendicissimi
1843 3354 1857 3377 ,
1888 3312 2097 3375 divites;

505 3387 551 3440 si
574 3390 861 3441 servitutem
884 3387 1128 3449 serviant,
1153 3401 1312 3454 reges.
1340 3384 1541 3439 BBTUL.

576 3458 657 3511 Ad
686 3458 1063 3529 coarguendam
1091 3455 1273 3529 furiosi
1284 3456 1519 3529 hominis
1549 3471 1789 3529 errorem.
1810 3455 2091 3529 Emmapl,

502 3529 658 3585 Cant.
683 3539 739 3585 et
759 3524 988 3584 lii-imm.
1012 3524 1135 3581 cum
1164 3526 1409 3591 Sublac.,
1433 3526 1610 3590 Rost.,
1632 3526 1762 3581 Ven.
1800 3526 1964 3588 1471,
1999 3524 2093 3588 97,

503 3616 670 3673 usque
693 3600 758 3655 ad
786 3600 983 3673 Gymn.
1008 3600 1075 3652 ad
1118 3598 1471 3673 coercendum.
1501 3602 1712 3673 AAptum
1758 3598 1929 3651 visum
1974 3611 2094 3673 ver-

500 3666 654 3741 buin,
699 3666 1111 3743 quia'sequitur
1158 3670 1373 3740 furiosi,
1424 3671 1514 3739 qui
1562 3666 1729 3739 magis
1767 3666 2092 3735 coercendi,

502 3758 663 3812 quam
701 3740 1027 3813 coarguendi.
1057 3740 1189 3795 BUN.

577 3835 726 3902 Quod
773 3836 901 3888 inter
958 3834 1079 3887 vitia
1129 3840 1176 3887 et
1223 3832 1423 3887 morbos
1480 3833 1881 3887 misericordiam
1930 3831 2091 3901 ponit.

503 3906 708 3976 Dogtna
745 3906 971 3959 stoicum
1003 3906 1226 3969 statuit,
1258 3904 1660 3958 misericordiam
1691 3920 1798 3957 esse
1832 3903 2097 3974 (egritudi-

500 3994 649 4041 nem,
695 3978 799 4030 sive
840 3976 1270 4046 perturbationem
1316 3977 1808 4045 contractionemque
1854 3976 2035 4038 animi,
2064 3990 2098 4027 a

499 4047 696 4102 ratione
717 4045 957 4101 alienam.
988 4045 1173 4115 Itaque
1216 4046 1486 4109 Sapientes
1524 4063 1626 4099 non
1669 4062 1777 4100 esse
1806 4048 2096 4098 misericor-

498 4121 602 4174 des.
632 4118 815 4173 Laert.
846 4118 935 4173 lib.
967 4134 1068 4185 vn,
1098 4116 1403 4183 inZenone;
1429 4117 1542 4172 Cic.
1572 4117 1719 4171 Orat.
1748 4133 1841 4187 pro
1872 4116 2091 4171 Murem.

497 4201 552 4247 et
595 4206 648 4245 ιν
684 4190 1036 4245 Tusculanar.
1083 4198 1275 4259 quiest.
1302 4231 1317 4255 ,
1360 4204 1479 4259 cap.
1527 4189 1595 4244 18
1624 4206 1635 4243 :
1668 4204 1789 4243 cum
1838 4187 1992 4243 Plato
2040 4198 2096 4243 et

494 4262 813 4317 Aristoteles
839 4271 1025 4316 eontra
1054 4261 1369 4327 docuerint,
1401 4262 1497 4313 viri
1537 4260 1655 4315 boni
1698 4275 1805 4315 esse
1842 4259 2090 4313 misereri.

492 4332 630 4400 Quin
658 4343 713 4389 et
742 4331 1028 4402 Euripides
1082 4341 1269 4386 contra
1315 4346 1536 4401 prorsus
1579 4346 1740 4402 quam
1784 4331 1991 4398 Stoici,
2038 4330 2090 4384 in

490 4405 716 4474 Antiopa
739 4402 879 4474 apud
908 4402 1054 4459 Stob.
1084 4414 1207 4459 tom.
1235 4418 1297 4469 ιι,
1333 4402 1411 4459 tit.
1443 4403 1477 4456 ὅ
1502 4421 1516 4457 :

614 4517 721 4592 rion
741 4519 954 4592 imperiti
977 4524 1137 4592 motus
1160 4525 1239 4569 est
1260 4520 1612 4592 miserescere,

615 4582 715 4644 Sed
740 4582 826 4629 viri
851 4582 1115 4643 sapientis;
1136 4594 1377 4644 nosseque
1402 4582 1647 4643 imminet,

615 4642 735 4694 Cum
756 4642 935 4706 sapere
959 4655 1076 4693 sese
1098 4646 1183 4707 qui
1200 4642 1390 4707 putant,
1416 4644 1615 4708 sapiunt
1634 4642 1800 4694 nimis.

489 4747 693 4804 Verum
744 4744 1051 4802 Stoicorum
1099 4746 1291 4818 dogma
1336 4746 1478 4803 istud
1526 4745 1746 4818 Seneca
1784 4744 2085 4818 clarissime

488 4821 721 4890 explicat
744 4820 807 4873 de
827 4818 1074 4873 Clement.
1103 4816 1198 4873 lib'.
1224 4834 1284 4883 ιι,
1312 4832 1431 4889 cap.
1466 4821 1521 4882 4,
1564 4819 1598 4874 5
1624 4834 1642 4890 :_
1673 4816 2084 4890 Misericordiam

488 4888 717 4959 plerique
742 4900 797 4943 ut
822 4890 1056 4944 virtutem
1081 4890 1315 4955 laudant,
1336 4901 1385 4944 et
1407 4890 1592 4943 bonum
1624 4888 1877 4959 hominem
1906 4897 2084 4943 vocant

486 4963 864 5018 misericordem
887 4962 1036 5016 :Iuec
1061 4971 1232 5015 autem
1271 4962 1447 5015 vitium
1485 4960 1643 5013 animi
1690 4970 1781 5013 est.
1828 4958 1919 5013 Est
1947 4960 2081 5013 enim

484 5036 665 5089 vitium
694 5035 869 5104 pusilli
898 5032 1088 5095 animi,
1129 5032 1197 5104 ad
1244 5033 1463 5100 speciem
1503 5030 1788 5085 alienorum
1826 5032 2080 5104 malorum

483 5102 810 5161 succidentis.
845 5106 910 5161 Et
930 5120 1051 5159 mox
1080 5122 1092 5157 :
1122 5102 1475 5157 Misericordia
1494 5104 1743 5172 «egritudo
1774 5111 1843 5156 est
1872 5102 1935 5155 ob
1953 5104 2081 5155 alie-

483 5194 669 5232 narum
695 5179 1015 5233 miseriarum
1043 5175 1262 5245 specient
1284 5176 1571 5247 {agritudo
1596 5183 1775 5247 autent
1788 5175 1839 5247 in
1866 5174 2076 5247 sapien-

483 5257 583 5302 tem
635 5249 799 5304 virum
850 5266 954 5303 non
998 5243 1155 5300 cadit.
1188 5243 1428 5317 Denique
1466 5260 1586 5315 cap.
1618 5248 1687 5300 6:
1722 5243 2077 5317 Misericordia

484 5320 659 5372 vitium
684 5332 755 5374 est
781 5321 1066 5374 animorum
1095 5318 1245 5373 nimis
1274 5316 1491 5372 miseria:
1511 5317 1784 5387 faventium
1813 5331 1831 5369 :
1858 5332 2007 5385 quam
2032 5316 2076 5368 si

482 5392 596 5458 quis
624 5408 657 5443 a
683 5394 909 5458 sapiente
938 5391 1113 5461 exigit,
1145 5406 1302 5460 prope
1326 5398 1399 5444 est
1431 5398 1484 5441 ut
1524 5388 1935 5461 lamentationem
1960 5388 2071 5461 exi-

484 5469 603 5531 gat;
632 5463 757 5515 etin
785 5462 965 5515 alienis
1006 5458 1253 5532 superbus
1297 5461 1534 5531 gemitus.
1589 5460 1755 5513 Porro
1806 5459 1902 5532 ista
1927 5458 2069 5532 quia

484 5528 670 5585 durius
714 5528 1080 5600 asperiusque'
1108 5533 1249 5588 dicta
1296 5528 1464 5587 videri
1513 5538 1795 5601 poterant,
1828 5528 2072 5601 mitigare

483 5611 709 5658 conatur
729 5597 869 5657 idem
888 5597 1108 5664 ibidem,
1126 5603 1216 5657 ubi
1235 5604 1470 5670 subiicit,
1494 5597 1613 5671 cap.
1633 5601 1667 5657 5
1687 5612 1740 5655 et
1761 5599 1794 5654 6
1813 5617 1825 5653 :
1850 5597 2070 5668 Sapiens

484 5689 604 5745 ergo
629 5691 730 5730 non
751 5675 1034 5739 miseretur,
1067 5674 1193 5745 quia
1214 5682 1259 5726 et
1286 5674 1396 5745 sine
1421 5674 1623 5745 miseria
1650 5672 1808 5725 animi
1835 5686 1936 5745 non
1962 5671 2067 5725 sit:

484 5742 723 5809 ueterum
749 5746 920 5806 omnia
944 5742 1089 5821 quae,
1110 5744 1199 5819 qui
1227 5744 1544 5809 miserentur,
1575 5742 1799 5800 dolentes
1821 5744 2067 5817 facerent,

2202 3116 2407 3191 liberat,
2435 3134 2551 3171 cum
2580 3118 2797 3191 denique
2834 3118 3203 3191 humanitatem
3238 3116 3388 3173 suam
3424 3116 3594 3191 usque
3623 3123 3691 3175 ad
3733 3140 3815 3177 se-

2201 3189 2463 3257 pulturam
2490 3190 2704 3259 porrigit
2758 3189 3112 3261 mortuorum?
3140 3189 3355 3244 Etiamsi
3384 3191 3439 3244 id
3464 3189 3623 3261 faciat
3650 3206 3816 3250 mente

2199 3261 2498 3329 tranquilla,
2532 3262 2690 3314 nullis
2714 3261 2905 3313 aculeis
2932 3260 3125 3314 doloris
3154 3263 3426 3316 instinctus
3444 3260 3469 3329 ,
3491 3264 3580 3317 sed
3604 3264 3806 3320 adduc-

2200 3339 2279 3384 tus
2303 3331 2463 3401 ofﬁcio
2488 3331 2750 3397 bonitatis,
2771 3333 3057 3385 misericors
3081 3341 3249 3385 tamen
3273 3334 3531 3387 vocandus
3556 3345 3664 3400 est;
3688 3336 3810 3392 huic

2197 3403 2331 3478 enim
2362 3403 2491 3478 nihil
2516 3407 2652 3457 obest
2682 3419 2883 3478 nomen,
2909 3419 3027 3478 cum
3048 3404 3175 3478 obsit
3204 3404 3648 3478 miseria._Stoici,
3693 3410 3811 3478 quis

2197 3474 2520 3550 sapietts‘sil,
2551 3474 2839 3550 aut_faerit,
2870 3475 3041 3550 inquit
3065 3472 3257 3550 Cicero
3285 3476 3551 3550 (Academ.
3584 3477 3673 3531 lib.
3704 3472 3806 3550 iv),

2199 3560 2288 3619 nec
2313 3546 2413 3619 ipsi
2433 3546 2600 3619 solent
2625 3546 2840 3619 dicere;
2872 3549 3074 3619 quique
3101 3546 3386 3619 sapientem
3406 3588 3421 3611 ,
3464 3549 3546 3619 vel
3589 3546 3811 3619 sapien-

2198 3616 2268 3669 tis
2295 3617 2468 3689 ideam
2496 3617 2692 3684 potius,
2724 3617 2877 3669 talem
2904 3616 3048 3670 nobis
3089 3618 3369 3685 detineant,
3402 3618 3611 3689 qualem
3655 3616 3808 3677 nemo

2198 3688 2433 3741 mortalis
2459 3699 2533 3741 est
2554 3703 2797 3759 umquam
2822 3696 3140 3741 consecutus.

2269 3777 2350 3851 Ad
2378 3789 2701 3848 conspectum
2728 3778 2934 3832 alterius
2962 3778 3182 3832 hominis
3206 3776 3530 3851 eﬁ'erarctur.
3584 3782 3808 3851 Optime

2193 3847 2453 3923 j_udicavit
2483 3847 2664 3916 Isaans,
2694 3865 2789 3923 pro
2816 3865 2883 3905 eo
2908 3851 3052 3923 quod
3104 3852 3154 3903 in
3206 3850 3413 3923 iglleg.
3458 3867 3597 3917 rec.,
3636 3847 3809 3923 Bon.,

2198 3919 2356 3988 Tax.,
2389 3918 2705 3993 auferretur,
2729 3918 3013 3993 legendum
3047 3935 3169 3976 esse
3197 3918 3517 3987 eﬂ'eraretur.
3550 3918 3807 3981 Etl‘eran;

2200 4001 2286 4044 tur
2330 3992 2473 4046 enim
2505 3992 2783 4047 hominum
2832 3992 2996 4046 animi
3035 3994 3379 4048 miseratione
3432 3996 3658 4049 sublata.
3710 3998 3811 4056 Sic

2197 4062 2383 4132 legunt
2426 4064 2639 4132 triginta
2681 4078 2810 4118 mss.
2856 4078 2921 4117 ac
2973 4064 3184 4131 plurimi
3221 4064 3371 4119 editi.
3427 4064 3510 4120 Ex
3535 4066 3800 4124 ϐΑιιιι-ξο.

2196 4134 2351 4207 τΑά
2380 4145 2772 4207 conspectum...
2806 4132 3124 4207 eﬁ‘eraretur.
3161 4134 3315 4190 llinc.
3344 4137 3411 4190 de
3440 4137 3629 4207 Opillc.
3659 4154 3708 4194 c.
3732 4141 3766 4195 4
3786 4160 3807 4196 :

2200 4203 2371 4258 Homo
2411 4222 2624 4279 quoque,
2655 4206 2767 4259 si...
2797 4206 3002 4279 haberet
3049 4206 3119 4279 ad
3162 4203 3526 4279 prOpulsanda
3571 4211 3809 4279 pericula

2197 4288 2472 4344 suppetens
2501 4276 2676 4339 robur,
2709 4293 2799 4331 nec
2840 4278 2996 4331 ullius
3021 4277 3235 4349 alterius
3269 4279 3467 4333 auxilio
3503 4276 3805 4349 indigeret;

2195 4362 2310 4418 quce
2333 4349 2563 4403 societas
2593 4358 2721 4402 esset
2740 4349 2833 4401 .9...
2874 4357 2962 4401 aut
3007 4348 3131 4418 quid
3168 4359 3296 4402 esset
3340 4350 3531 4406 tetrius
3557 4348 3811 4409 Itoiitine?

2117 4413 2172 4475 D
2202 4413 2339 4484 Quid
2367 4417 2676 4475 efferatius?
2705 4420 2842 4486 Quid
2868 4413 3190 4473 immanius?
3220 4419 3351 4475 BUN.

2265 4510 2529 4582 Solivaga.
2559 4510 2963 4584 Quaarsolitarie
2988 4518 3134 4564 amat
3170 4514 3386 4584 vivere;
3425 4512 3599 4584 iisque
3626 4529 3809 4584 oppo—

2191 4582 2335 4656 nitur
2364 4581 2482 4651 quie
2509 4583 2771 4656 gregatim
2797 4581 3007 4646 vivunt,
3041 4592 3281 4656 utapes,
3314 4581 3555 4656 formica:
3581 4581 3808 4656 aliaque

2188 4654 2744 4724 multm—Quarum
2792 4662 2977 4705 natura
3019 4653 3271 4724 solivaga.
3324 4654 3546 4711 Tuscul.
3600 4653 3803 4724 Ιιῠ.’ν,

2186 4737 2316 4799 capl
2334 4725 2443 4799 ᾖε
2471 4722 2675 4799 _Bestia:
2723 4723 2967 4799 solivagas
3012 4722 3356 4799 Oppotiuntur
3398 4722 3798 4799 congregatis...

2185 4793 2436 4849 Et’Ofiic.
2470 4794 2579 4866 [.1,
2607 4810 2725 4864 cap.
2763 4795 2967 4866 penult.
3011 4793 3330 4866 {Solivaga
3376 4793 3605 4853 conditio
3642 4813 3809 4854 cam-

2184 4866 2427 4919 munioni
2452 4864 2788 4920 adversatur.
2832 4865 2967 4921 Bon.

2258 4957 2358 5024 Qui
2384 4958 2582 5030 nigram
2609 4958 2741 5031 dixit
2768 4975 2875 5014 esse
2901 4960 3087 5013 nivem.
3118 4959 3474 5031 Anaxagoras
3495 5005 3510 5025 ,
3541 4972 3599 5019 ut
3627 4962 3805 5022 refert

2185 5029 2450 5092 Galenus,
2480 5030 2576 5084 lib.
2609 5030 2677 5086 de
2707 5030 3050 5099 Simplicibus
3084 5029 3513 5089 medicamentis.
3544 5035 3657 5089 Non
3691 5038 3805 5090 mi-

2183 5116 2283 5176 nus
2308 5113 2497 5176 contra
2524 5116 2877 5176 communem
2895 5118 3114 5157 sensum
3145 5106 3401 5172 pugnavit
3433 5105 3521 5160 ille
3547 5148 3561 5171 ,
3588 5107 3656 5161 de
3682 5122 3803 5176 quo

2179 5172 2233 5227 in
2262 5172 2457 5248 eodem
2481 5174 2791 5248 operet‘ral.
2826 5172 2919 5228 lib.
2953 5189 3005 5228 Ix
3032 5176 3257 5248 scribit,
3289 5189 3409 5246 cap.
3444 5178 3498 5241 l,
3530 5178 3673 5248 quod
3700 5172 3804 5233 di-

2179 5244 2361 5307 xerit,
2392 5243 2519 5297 nihil
2550 5245 2858 5315 prohibere,
2891 5245 3182 5313 quominus
3210 5243 3486 5302 diceretur
3517 5243 3603 5303 nix
3632 5263 3801 5304 eam-

2176 5315 2300 5369 dem
2332 5330 2453 5368 cum
2486 5320 2606 5385 igne
2637 5315 2834 5372 habere
2866 5325 2978 5371 tum
3008 5317 3324 5384 qualitatem
3352 5360 3367 5384 ,
3412 5328 3524 5372 tum
3568 5320 3801 5374 faculta-

2176 5393 2307 5441 tem.
2350 5385 2681 5442 BETULEIUS.

2253 5454 2322 5531 l_]t
2341 5458 2541 5531 caelum.
2568 5457 2701 5531 Vide
2721 5472 2879 5527 supra
2902 5473 3021 5528 cap.
3042 5457 3098 5531 9,
3120 5468 3185 5531 et
3201 5457 3340 5513 infra
3367 5460 3460 5531 lib.
3483 5476 3559 5526 xt,
3584 5476 3704 5531 cap.
3730 5463 3793 5519 ι.

2244 5526 2746 5599 XenOphanes.Cic.
2779 5526 2832 5583 in
2861 5526 3024 5585 Acad.
3056 5530 3295 5585 Habitari
3318 5532 3393 5585 ait
3420 5526 3795 5601 Xenophanes

2173 5599 2227 5671 in
2262 5600 2420 5665 luna,
2453 5616 2680 5671 eamque
2712 5615 2832 5655 esse
2862 5610 3059 5655 terram
3083 5642 3098 5665 ,
3140 5605 3194 5656 in
3225 5617 3327 5671 qua
3372 5599 3663 5659 multarum
3696 5620 3796 5659 ur—

2169 5670 2318 5748 bium
2344 5682 2401 5727 et
2419 5670 2697 5748 _mo_ntium_
2709 5682 2963 5748 portenta
2983 5670 3258 5748 videntur.
3291 5674 3366 5729 De
3395 5674 3499 5731 hoc
3524 5676 3645 5748 lege
3671 5674 3791 5734 Lu-

2169 5743 2384 5800 cianum
2418 5742 2472 5800 in
2502 5742 2949 5817 lcaro_Menippo.
2982 5742 3309 5803 BETULBIUS.
