4154 6196
517 278 624 337 n1

1553 271 1739 330 FIRM.
1779 271 2154 330 LACTAN'HI
2189 270 2397 332 DIVIN.
2429 272 2675 334 INSTIT.

3721 275 3834 335 428

519 400 618 456 bes
648 396 892 454 fabricati
923 401 1050 450 sunt
1071 434 1086 458 ,
1117 393 1272 464 quasi
1301 392 1370 448 ad
1404 391 1630 462 ﬁguram
1663 392 1852 448 mundi
1879 435 1892 458 ,
1928 407 2132 462 eosque
2158 402 2207 464 Α
2237 401 2329 448 aut
2374 392 2670 464 prudentes
2720 397 2775 448 et
2800 389 2945 446 scios
2975 388 3254 446 mendacia
3282 387 3623 445 defendenda
3653 389 3832 445 susci-

520 491 784 547 erelarunt
810 487 1140 560 portentosis
1159 485 1480 557 quibttsdam
1494 485 1823 550 simulacris,
1841 501 1960 556 qure
1984 491 2130 540 astra

522 600 646 640 esse
672 583 934 638 dicerent.
963 581 1114 637 Hane
1140 579 1300 652 igitur
1323 580 1446 636 οωιὶ
1473 579 1856 635 rotunditatem
1889 578 2018 633 illud
2047 593 2132 633 se-

525 679 812 751 quebatur,
845 686 903 733 ut
945 688 1088 734 terra
1121 679 1172 732 in
1206 677 1384 733 medio
1413 676 1534 731 sinu
1563 677 1682 745 ejus
1719 683 1862 729 esset
1904 653 2129 727 inclusa:

520 771 676 840 Quod
699 773 743 828 si
770 772 842 826 ita
863 779 1046 836 esset,
1067 771 1226 826 etiam
1259 771 1429 839 ipsam
1455 779 1653 824 terram
1675 767 1834 838 globo
1855 767 2088 820 similem
2114 781 2128 831 ;

521 882 700 936 neque
721 866 864 920 enim
890 865 1007 921 fieri
1033 874 1238 935 posset,
1259 873 1317 918 ut
1344 880 1450 918 non
1473 872 1619 918 esset
1645 859 1962 924 rotundum,
1988 857 2134 930 quod

522 957 759 1014 rotundo
783 959 1096 1013 conclusum
1121 964 1416 1011 teneretur.
1436 953 1492 1010 Si
1518 964 1695 1009 autem
1720 951 1948 1008 rotunda
1971 951 2132 1006 etiam

527 1063 668 1109 terra
700 1061 879 1118 esset,
912 1065 1136 1107 necesse
1162 1065 1320 1114 esse,
1353 1060 1408 1102 ut
1452 1050 1506 1103 in
1548 1063 1738 1101 omnes
1785 1045 1911 1101 caeli
1955 1052 2135 1114 partes

524 1144 770 1200 eamdem
804 1143 992 1198 faciem
1020 1151 1209 1212 gerat,
1242 1143 1294 1195 id
1327 1151 1409 1198 est
1439 1150 1652 1196 montes
1680 1140 1886 1209 erigat,
1914 1150 2137 1207 campos

527 1238 746 1303 tendat,
781 1236 949 1290 maria
996 1243 1332 1290 consternat.
1365 1232 1518 1301 Quod
1550 1233 1594 1287 si
1627 1239 1807 1297 esset,
1839 1231 2000 1284 etiam
2049 1243 2138 1284 se-

526 1331 791 1402 quebatur
820 1328 954 1384 illud
998 1337 1298 1384 extremum
1324 1370 1337 1392 ,
1370 1337 1428 1381 ut
1471 1325 1612 1380 nulla
1659 1325 1729 1378 sit
1767 1338 1897 1395 pars
1937 1332 2095 1377 terra}
2119 1364 2132 1388 ,

527 1440 648 1496 quae
678 1440 785 1479 non
817 1423 886 1478 ab
920 1421 1227 1477 hominibus
1257 1421 1575 1490 ueterisque
1617 1417 1942 1472 animalibus
1987 1414 2137 1470 inco—

525 1520 688 1573 latur.
721 1518 808 1573 Sic
841 1516 1105 1588 pendulos
1138 1519 1273 1571 istos
1319 1513 1619 1585 Antipodas
1659 1511 1783 1567 coeli
1832 1509 2138 1565 rotunditas

522 1613 819 1668 adinvenit.

597 1705 750 1774 Quod
773 1706 815 1760 si
841 1719 1054 1774 quartas
1078 1703 1146 1758 ab
1172 1703 1256 1768 iis,
1287 1703 1374 1773 qui
1398 1702 1514 1756 hzec
1541 1707 1787 1771 portenta
1815 1696 2134 1763 defendunt,

2235 501 2394 557 pere,
2427 487 2578 557 quasi
2611 497 2667 541 ut
2699 485 2911 556 ingenia
2937 500 3036 540 sua
3065 484 3119 539 in
3145 485 3302 540 malis
3323 483 3489 539 rebus
3511 490 3828 552 exerceant,

2237 581 2322 637 vel
2377 581 2684 636 ostendant.
2715 582 2786 635 At
2831 596 2932 652 ego
2979 580 3162 634 multis
3205 584 3542 650 argumentis
3593 578 3832 649 probare

2240 689 2483 744 possem,
2517 676 2662 730 nullo
2691 674 2851 730 modo
2881 674 2995 730 fieri
3026 689 3207 746 posse,
3239 684 3297 728 ut
3327 673 3526 729 caelum
3573 679 3716 728 terra
3763 671 3837 728 sil:

2238 769 2493 836 inferius,
2544 770 2646 826 nisi
2695 779 2750 824 et
2794 769 2931 824 liber
2971 768 3082 840 jam
3127 766 3534 824 concludendus
3562 774 3736 832 esset,
3773 773 3831 821 et

2237 867 2412 923 adhuc
2443 867 2621 938 aliqua
2651 874 2962 932 restarent,
3010 880 3131 936 qua:
3175 863 3347 935 magis
3401 872 3527 918 sunt
3575 860 3837 932 przesenti

2239 962 2397 1032 Operi
2428 961 2755 1016 necessaria.
2803 959 2870 1014 Et
2919 959 3174 1030 quoniam
3227 957 3565 1028 singulorum
3619 969 3835 1012 errores

2245 1070 2571 1126 percurrere
2601 1069 2707 1108 non
2734 1061 2818 1108 est
2839 1055 2996 1108 unius
3025 1053 3148 1107 libri
3181 1067 3340 1122 opus,
3369 1051 3503 1106 satis
3545 1050 3617 1105 sit
3662 1063 3832 1120 pauca

2247 1160 2600 1201 enumerasse
2623 1187 2639 1213 ,
2670 1161 2737 1202 ex
2769 1145 2968 1217 quibus
2990 1144 3162 1216 possit
3183 1143 3365 1216 qualia
3389 1143 3498 1200 sint
3526 1150 3720 1198 cetera
3748 1142 3835 1197 in-

2239 1239 2426 1310 telligi.

2817 1353 3045 1412 CAPUT
3083 1354 3255 1412 XXV.

2240 1467 2317 1524 De
2369 1470 2685 1526 addiscenda
2714 1469 3079 1542 philosOphia;
3131 1481 3178 1526 et
3227 1480 3420 1544 quanta
3468 1471 3540 1528 ad
3570 1473 3681 1544 ejus
3729 1483 3841 1528 stu-

2734 1564 2878 1619 dium
2904 1565 3005 1622 sint
3036 1566 3349 1622 necessaria.

2309 1697 2464 1753 Nune
2508 1711 2678 1768 pauca
2732 1697 2890 1754 nobis
2939 1697 3009 1754 de
3057 1698 3401 1770 philosophia
3448 1699 3502 1755 in
3551 1714 3841 1760 commune

522 1798 795 1873 quomodo
866 1814 973 1852 non
1029 1796 1226 1851 eadunt
1278 1794 1458 1849 omnia
1514 1795 1567 1848 in
1621 1793 1929 1848 inferiorem
1980 1791 2130 1844 illam
2164 1795 2210 1854 Β
2238 1790 2465 1847 dicenda
2489 1802 2647 1858 sunt,
2682 1802 2740 1846 ut
2765 1791 3085 1847 confirmata
3111 1808 3273 1848 causa
3305 1809 3644 1864 peroremus.
3675 1796 3836 1852 Sum-

527 1893 650 1951 cceli
681 1901 884 1964 partem
912 1909 926 1955 ;
959 1890 1310 1961 respondent,
1340 1889 1478 1944 hanc
1507 1903 1684 1943 rerum
1709 1901 1828 1942 esse
1853 1895 2124 1951 naturam,

531 1996 589 2042 ut
613 1985 850 2057 pondera
883 1985 935 2039 in
966 1984 1200 2039 medium
1233 1982 1502 2048 ferantur,
1532 1992 1586 2036 et
1616 1979 1683 2034 ad
1713 1978 1949 2034 medium
1998 1993 2133 2033 con-

531 2095 669 2135 nexa
701 2080 807 2133 sint
834 2079 1035 2142 omnia,
1087 2077 1224 2130 sicut
1254 2075 1433 2129 radios
1458 2073 1702 2128 videmus
1733 2074 1784 2126 iii
1811 2081 1962 2136 rota;
2009 2084 2132 2140 qua:

523 2180 702 2229 autem
737 2171 872 2226 levia
902 2179 1046 2234 sunt,
1080 2180 1137 2224 ut
1167 2169 1383 2231 nebula,
1416 2169 1593 2222 fumus
1621 2208 1634 2231 ,
1667 2166 1804 2236 ignis
1825 2207 1838 2229 ,
1873 2180 1900 2218 a
1954 2165 2134 2220 medio

526 2266 864 2329 deferantur,
918 2271 977 2319 ut
1029 2263 1223 2318 coelum
1285 2269 1487 2333 petant.
1540 2260 1678 2326 Quid
1730 2260 1903 2314 dicam
1949 2259 2017 2314 de
2071 2258 2135 2314 iis

525 2361 713 2416 nescio
737 2401 754 2427 ,
787 2361 875 2429 qui
895 2401 910 2425 ,
953 2372 1076 2413 cum
1107 2357 1274 2412 semel
1303 2355 1705 2422 aberraverint,
1735 2365 2051 2410 constanter
2081 2355 2134 2409 in

525 2454 753 2510 stultitia
795 2459 1179 2524 perseverant,
1227 2460 1282 2506 et
1320 2450 1474 2504 vanis
1505 2465 1639 2504 vana
1669 2449 1996 2516 defendunt;
2032 2449 2134 2504 nisi

527 2548 671 2620 quod
697 2562 792 2604 eos
824 2545 1093 2602 interdum
1120 2552 1270 2616 puto,
1296 2553 1388 2598 aut
1413 2541 1525 2613 joci
1549 2557 1709 2597 causa
1732 2540 2131 2612 philosophari,

2242 1901 2364 1940 mus
2412 1885 2501 1941 ille
2543 1894 2730 1941 noster
2759 1885 3002 1940 Platonis
3045 1886 3285 1942 imitator
3306 1887 3636 1943 exiSIimavit
3664 1889 3840 1959 philo-

2240 1979 2484 2048 sophiam
2532 1996 2641 2034 non
2670 1994 2793 2035 esse
2841 1979 3154 2050 vulgarem,
3210 1981 3353 2052 quod
3409 1997 3527 2038 eam
3576 1999 3684 2039 non
3737 1985 3843 2042 nisi

2240 2069 2384 2124 docti
2418 2069 2669 2126 homines
2697 2072 2916 2142 assequi
2949 2072 3180 2140 possint.
3222 2091 3241 2124 ‹
3273 2072 3392 2139 Est,
3438 2075 3612 2145 inquit
3649 2076 3843 2132 Cicero

2245 2165 2360 2236 (lib.
2391 2181 2428 2219 ιι
2462 2165 2640 2230 Tusc.,
2670 2165 2729 2219 n°
2763 2163 2839 2236 1),
2875 2164 3218 2235 philosophia
3251 2156 3440 2237 paucis
3466 2179 3723 2225 contenta
3747 2167 3840 2241 ju-

2245 2261 2477 2326 dicihus,
2538 2260 2940 2316 multitudinem
2974 2261 3230 2316 consulto
3259 2261 3374 2331 ipsa
3407 2262 3636 2334 fugiens.
3671 2281 3690 2315 ›
3721 2263 3839 2319 Non

2244 2365 2326 2408 est
2354 2369 2483 2423 ergo
2514 2354 2801 2424 sapientia,
2832 2354 2876 2408 si
2922 2353 2991 2409 ab
3019 2353 3298 2409 hominum
3347 2364 3495 2412 coetu
3540 2357 3838 2414 abhorret:

2242 2447 2497 2517 quoniam
2549 2446 2594 2502 si
2645 2446 2908 2515 sapientia
2955 2446 3161 2501 homini
3215 2447 3341 2502 data
3395 2458 3513 2515 est,
3564 2449 3684 2505 sine
3728 2451 3840 2506 ullo

2237 2541 2554 2597 discrimine
2579 2539 2832 2596 omnibus
2877 2541 3003 2596 data
3055 2548 3159 2608 est,
3194 2550 3253 2598 ut
3301 2557 3461 2598 nemo
3495 2543 3567 2599 sit
3590 2558 3838 2616 prorsus,

1846 2633 2208 2690 VARIORUM
2238 2632 2470 2689 ΝΟΤᾸΕ.

601 2737 750 2791 Hanc
795 2735 952 2806 igitur
996 2732 1534 2806 cmliirotunditatem.
1578 2729 1788 2806 Caelum
1820 2729 2126 2806 rotundum

525 2824 647 2866 esse
676 2799 886 2877 negavit
918 2822 1021 2859 non
1053 2805 1228 2877 solum
1261 2803 1570 2877 Laetantius
1589 2843 1602 2861 .
1632 2799 2124 2877 Seduetiathlusti—

524 2897 628 2936 nus
653 2873 853 2950 Martyr
881 2875 1214 2950 respondens
1245 2875 1318 2950 ad
1340 2873 1796 2950 quaestionem‘iiﬂ
1819 2882 1870 2926 et
1899 2873 1998 2928 150
2021 2873 2128 2950 _(_)r-

527 2953 726 3010 tltndox
769 2943 988 3014 {BasilI
1020 2947 1213 3001 lloutil.
1245 2947 1266 2999 1
1306 2946 1360 2999 iu
1392 2945 1591 2999 Cenes.
1618 2961 1632 3010 ;
1657 2943 1968 3012 Cltrysost.,
2005 2944 2125 3014 llo-

527 3024 642 3080 tttil.
680 3023 744 3077 11
772 3013 821 3078 et
851 3022 919 3075 27
950 3024 1000 3073 in
1030 3020 1124 3087 Ep.
1158 3019 1306 3072 Pauli
1337 3017 1401 3069 ad
1449 3016 1638 3082 l-lehr.,
1669 3024 1723 3069 et
1771 3013 1966 3068 "nihil.
1994 3013 2122 3087 ﬁde

527 3093 1020 3163 incomprehensib.
1047 3086 1138 3163 Dei
1171 3099 1359 3143 natura
1379 3088 1702 3163 ;_Amhros.,
1747 3087 1840 3163 lih.
1887 3101 1904 3140 ι
1946 3086 2127 3140 iulle-

525 3158 805 3229 xaemeh;
854 3161 1245 3230 'l‘heOphylaet.
1295 3169 1350 3214 et
1398 3158 1753 3230 Tlteotloret.,
1789 3158 1842 3210 in
1875 3172 1993 3227 cap.
2040 3173 2130 3212 vnt

525 3238 697 3302 Epist.
745 3237 810 3288 ad
859 3229 1378 3297 llebr.;’C:esarius
1407 3239 1477 3302 Aet
1519 3229 1761 3302 Procop1
1800 3230 1885 3302 ubi
1930 3244 2126 3302 supra;

527 3299 752 3368 Haimo,
799 3303 1121 3361 Severianus
1163 3312 1220 3357 et
1260 3300 1522 3362 Aeacius;
1563 3302 1688 3355 item
1732 3299 2032 3354 Primasius
2074 3301 2127 3354 iu

526 3380 698 3446 Epist.
731 3376 798 3430 ad
834 3377 993 3430 llehr.
1027 3374 1311 3446 Eutyinius
1341 3374 1390 3426 in
1423 3373 1620 3426 Psalm.
1655 3372 1791 3446 103;
1829 3371 1974 3426 Elias
1999 3371 2131 3427 Cre-

527 3444 697 3506 tensis
727 3449 817 3502 ubi
851 3462 1033 3517 supra.
1065 3445 1350 3517 Contraria
1395 3455 1570 3498 tamen
1601 3444 1797 3517 opinio
1836 3457 1980 3517 vera
2010 3453 2127 3510 est,

527 3521 596 3575 ab
637 3521 888 3575 omnibus
919 3515 1267 3587 philosophis
1307 3524 1466 3584 atque
1504 3515 1833 3587 astronomis
1870 3515 2127 3582 probata,

527 3593 724 3647 ccelum
772 3585 1022 3644 videlicet
1059 3603 1182 3643 esse
1227 3588 1550 3650 rotundum;
1601 3586 1759 3652 idque
1797 3585 2132 3640 demonstrat

529 3664 859 3720 Ptolemazus
891 3675 1081 3714 novem
1117 3660 1411 3712 rationibus
1443 3659 1476 3712 3
1503 3673 1621 3725 cap.
1653 3658 1744 3712 lib.
1778 3673 1794 3711 ι
1834 3659 1962 3711 edit.
2019 3673 2131 3710 ma-

527 3750 684 3806 gnas;
718 3734 939 3788 Aristot.
973 3731 1205 3806 ll,__CCl_3l.
1232 3739 1349 3806 tex.‘
1371 3729 1443 3783 29.
1466 3740 1520 3806 e_t
1546 3745 1696 3806 seqq.
1731 3727 2132 3806 Sanetil’atres

528 3799 672 3860 idem
693 3818 974 3859 asseruere
997 3822 1009 3854 ;
1031 3801 1533 3863 Nazi=tnz.,0rat.4.
1553 3803 1811 3854 adversus
1832 3799 2030 3853 Julian.
2045 3842 2056 3861 ,
2077 3802 2130 3854 in

530 3875 755 3932 Oratﬂ.
795 3877 862 3928 de
889 3873 1173 3939 Theolog.,
1208 3874 1256 3924 iit
1285 3873 1434 3925 Orat.
1467 3873 1517 3925 in
1548 3883 1792 3925 sanetum
1827 3870 2128 3938 Baptisma;

530 3944 814 4016 Chrysost.
845 3943 1042 4016 liomil.
1072 3944 1123 3996 in
1159 3943 1299 4016 Psal.
1330 3957 1422 3996 cut
1443 3944 1740 4016 ;_Ambi-os_.
1770 3943 2050 4016 seruuli).
2079 3944 2132 3998 in

532 4013 676 4073 Psal.
706 4031 888 4072 cxvttt:
919 4014 976 4065 S.
997 4014 1327 4083 Augustinus
1359 4016 1410 4067 in
1439 4014 1636 4068 Genes.
1670 4013 1736 4066 ad
1768 4014 1930 4066 litter.
1967 4014 2056 4067 lib.
2088 4031 2129 4078 ι,

531 4103 651 4157 cap.
689 4087 753 4142 10
777 4096 831 4141 et
856 4086 946 4139 lib.
981 4100 1039 4149 it,
1062 4101 1182 4154 cap.
1214 4085 1268 4150 9;
1298 4085 1437 4139 Beda
1457 4126 1472 4150 ,
1501 4085 1569 4138 de
1596 4099 1689 4138 sex
1721 4085 1880 4148 dier.,
1901 4084 2047 4157 Orat.
2079 4096 2134 4140 et

529 4156 723 4230 quitast.
755 4157 807 4230 in
834 4157 1031 4230 Cenes.
1062 4157 1465 4230 Magis‘qitoque
1481 4170 1788 4230 consonum
1818 4157 1988 4210 sacris
2015 4156 2131 4230 Lit—

534 4227 667 4286 teris
687 4229 916 4284 videtur.
944 4228 1099 4282 Initio
1130 4227 1437 4281 licelesiast.
1468 4227 1644 4280 Oritur
1664 4227 1761 4291 sol,
1785 4236 1915 4292 etc.,
1933 4244 2038 4296 quo
2065 4228 2134 4284 de

530 4302 650 4358 loco
684 4300 948 4356 videndus
982 4309 1066 4354 est
1103 4299 1161 4354 S.
1204 4299 1598 4369 Hieronymus;
1628 4297 1754 4352 item
1796 4315 1919 4352 xxiv
1964 4299 2131 4353 Eeeli.

533 4373 730 4443 Cyrum
759 4375 873 4425 casti
898 4413 924 4443 ,ί
945 4379 1048 4424 etc.
1081 4371 1202 4424 Job.
1241 4387 1289 4424 Ix
1308 4371 1423 4435 ,sub
1451 4371 1969 4443 quo_curvantur_qui
2012 4388 2134 4440 por-

532 4441 640 4498 tant
669 4443 874 4507 orbem;
908 4442 1163 4497 Proverb.
1199 4458 1308 4496 vut.
1342 4443 1425 4498 Ad
1458 4441 1597 4495 Psnl.
1630 4456 1753 4506 em,
1783 4451 1837 4495 et
1867 4441 1988 4496 lsai.
2021 4459 2091 4496 xr.
2113 4483 2126 4507 ,

532 4515 621 4568 tibi
662 4516 857 4568 dicitur
895 4513 1091 4567 coelum
1133 4530 1161 4565 a
1207 4515 1344 4579 [)eo,
1388 4513 1526 4566 sicut
1565 4513 2000 4577 tabernaeulmu,
2043 4514 2126 4569 vel

530 4601 834 4645 cameram.
876 4585 960 4638 vel
1000 4586 1196 4654 pellem
1239 4595 1552 4649 extensum,
1594 4585 1886 4650 respondet
1929 4585 1985 4639 S.
2022 4589 2127 4640 Au-

529 4655 777 4728 gustinus
802 4670 920 4728 cap:
952 4656 1005 4718 9,
1041 4656 1130 4728 lib.
1161 4671 1228 4719 tt,
1263 4655 1314 4709 iu
1343 4657 1541 4711 Genes.
1575 4655 1639 4708 ad
1673 4656 1835 4728 litter.
1866 4656 2050 4711 lseus.

605 4728 838 4781 Inclusa.
872 4725 998 4780 Mss.
1031 4727 1066 4778 2
1095 4727 1222 4796 lieg.
1256 4737 1310 4780 et
1334 4729 1460 4781 editi
1488 4729 1518 4779 7
1541 4727 1801 4782 conclusa.

607 4799 787 4867 Ipsam
817 4808 999 4852 terram
1030 4799 1177 4868 globo
1216 4798 1450 4852 similem.
1496 4798 1590 4851 Est
1633 4808 1773 4851 terra
1805 4797 2032 4851 rotunda
2064 4814 2128 4854 ac

534 4871 794 4941 Sphirriea
814 4911 828 4935 ,
855 4886 958 4922 non
981 4870 1194 4938 quidem
1226 4871 1585 4938 gemuetriee,
1619 4870 1713 4922 sed
1747 4870 1860 4922 rttdi
1892 4870 2127 4937 quodam

535 4943 726 5000 modo.
768 4957 890 4995 cum
930 4941 1048 5006 ejus
1078 4943 1419 5009 superliciem
1445 4942 1611 4994 Valles
1641 4955 1702 4994 ac
1733 4950 1944 4995 montes
1971 4957 2128 5009 aspe—

533 5029 648 5068 ram
683 5013 926 5066 reddant.
958 5012 1122 5080 Cujus
1151 5015 1381 5082 primunt
1422 5014 1492 5065 sit
1533 5024 1905 5080 argmueutuin
1928 5055 1940 5070 .
1983 5014 2127 5080 qttod

533 5086 645 5147 sol,
678 5085 875 5146 stellze,
923 5086 1167 5153 eclypses
1196 5085 1335 5137 circa
1388 5094 1584 5137 terram
1632 5085 1882 5137 Omnibus
1923 5084 2129 5138 habita-

534 5158 740 5212 toribus
766 5158 833 5211 ita
867 5159 1171 5209 successive
1199 5163 1490 5225 apparent,
1525 5153 1748 5222 perinde
1791 5170 1854 5208 ae
1899 5156 1941 5209 si
1984 5157 2125 5210 circa

533 5228 800 5296 Spltarram
830 5226 1266 5280 rotundissimum
1301 5236 1665 5288 moverentur,
1700 5228 1800 5281 hoc
1827 5237 1938 5287 est,
1971 5242 2128 5294 regu-

534 5299 723 5354 lariter
747 5312 798 5352 et
827 5299 1186 5362 uniformiter,
1219 5299 1288 5351 ita
1310 5308 1365 5351 ut
1390 5299 1544 5360 locis,
1570 5313 1621 5349 v.
1647 5312 1698 5366 g.
1727 5314 1821 5363 per
1845 5298 1911 5352 15
1931 5298 2126 5366 gradus

532 5371 702 5438 magis
733 5371 1080 5423 orientalibus
1123 5387 1224 5422 uua
1255 5368 1385 5423 hora
1416 5368 1562 5438 prius
1601 5380 1922 5437 appareant;
1967 5379 2127 5438 atque

533 5439 636 5493 hoc
652 5441 846 5494 accidit
867 5441 1060 5508 ubique
1078 5449 1340 5495 terrarmu
1363 5440 1656 5496 secundum
1680 5449 1837 5494 terrae.
1854 5455 2039 5509 gyrum
2060 5440 2127 5494 ab

531 5511 738 5564 oriente
766 5512 816 5563 in
849 5525 1096 5582 occasum
1127 5513 1444 5580 productum
1463 5553 1478 5577 ,
1505 5513 1645 5580 quod
1675 5519 1816 5579 patet
1846 5527 1909 5565 ex
1940 5512 2124 5582 eclyp-

530 5583 668 5635 sium
725 5581 1072 5652 praedictione
1118 5583 1414 5647 inl’allibili,
1470 5582 1765 5637 secundum
1814 5598 1974 5652 quam
2021 5598 2127 5637 non

531 5652 784 5708 omnibus
813 5650 1002 5706 eadem
1035 5654 1194 5717 hora,
1229 5655 1323 5707 sed
1353 5655 1579 5709 diversis
1607 5650 1934 5723 apparitoris:
1990 5669 2128 5723 prae-

533 5726 875 5780 nuntiautur:
897 5738 1016 5793 qua:
1031 5731 1178 5778 certa
1199 5723 1472 5792 praedictio
1490 5725 1744 5794 supponit
1777 5736 1975 5780 terrain
2007 5739 2128 5780 esse

526 5796 831 5854 rotundam.
864 5795 1091 5854 Accedit
1114 5794 1275 5851 etiam
1321 5795 1654 5868 experientia
1687 5805 2001 5865 nautarum,
2036 5797 2126 5868 qui

2228 2727 2355 2782 dum
2383 2736 2551 2782 totum
2581 2736 2740 2783 terrce
2766 2729 3026 2783 ambitum
3059 2728 3522 2800 cireumnavigant
3545 2771 3560 2796 ,
3590 2729 3839 2786 eamdem

2230 2800 2506 2874 stellarum
2532 2800 2864 2874 uniformern
2883 2817 2944 2854 ac
2973 2804 3277 2870 regularem
3303 2802 3696 2874 apparitionem
3724 2803 3843 2858 ubi-

2229 2887 2334 2940 que
2361 2872 2670 2925 obserVant.
2690 2871 2803 2926 Jos.
2836 2873 3169 2927 Beaacanus.

2305 2943 2574 3015 Quomodo
2604 2959 2707 2997 non
2736 2947 2924 2997 cadunt
2955 2945 3145 2997 omnia.
3177 2943 3274 2999 Ms.
3306 2945 3331 2999 1
3368 2944 3713 3015 Regio-Put.,
3746 2963 3839 3001 ca-

2233 3015 2376 3097 dant.
2401 3014 2527 3070 Mss.
2565 3016 2653 3082 10,
2682 3024 2736 3070 et
2763 3026 2871 3071 vet.
2905 3016 2940 3070 2
2968 3017 3124 3082 edit.,
3153 3016 3420 3082 Quomodo
3444 3014 3580 3089 érgo.
3610 3019 3631 3072 1
3658 3017 3838 3088 Colb.,

2235 3098 2410 3157 igitur.

2305 3159 2349 3210 A
2382 3159 2548 3213 medio
2577 3161 2896 3230 deferantur.
2931 3157 3005 3212 lta
3039 3159 3250 3214 restitui
3281 3175 3346 3215 ex
3377 3159 3565 3215 decem
3598 3159 3760 3216 editis
3785 3167 3844 3216 et

2234 3230 2486 3283 omnibus
2515 3248 2643 3286 mss.
2672 3241 2867 3300 prteter
2888 3233 2922 3286 5
2947 3230 3078 3302 Reg.
3107 3232 3298 3302 quibus
3319 3241 3403 3287 est
3423 3231 3749 3299 differantur,
3785 3240 3844 3287 ut

2235 3309 2289 3356 et
2311 3302 2344 3355 5
2369 3302 2600 3369 vulgatis
2627 3319 2739 3357 ree.

2310 3372 2610 3427 Ostendam.
2633 3374 2865 3442 Reposui
2887 3389 2949 3428 ex
2982 3388 3112 3428 mss.
3134 3383 3187 3428 et
3212 3383 3319 3430 vet.
3347 3374 3506 3431 editis
3530 3373 3566 3428 2
3592 3374 3748 3432 Rom.
3778 3373 3843 3431 In

2234 3449 2448 3498 caneris
2480 3446 2706 3514 vulgatis
2740 3446 2953 3514 legitur,
2987 3455 3253 3500 ostentent.

2309 3516 2490 3571 Multis
2516 3518 2848 3586 argumentis.
2881 3516 2992 3570 Imo
3019 3517 3199 3571 nullis.

2309 3587 2498 3658 Possit.
2528 3587 2650 3642 Mss.
2680 3590 2710 3642 7
2732 3597 2786 3642 et
2817 3589 3035 3641 totidem
3059 3589 3187 3643 editi
3210 3630 3224 3652 ,
3256 3590 3468 3658 possint.

2311 3657 2464 3713 Nunc
2496 3677 2660 3729 pauca
2691 3659 2836 3715 nobis
2859 3660 2921 3712 de
2944 3657 3298 3727 pltilosOphia.
3357 3658 3528 3714 Caute
3575 3659 3693 3731 lege
3722 3659 3831 3716 hoc

2237 3741 2427 3801 caput;
2460 3748 2580 3784 nam
2617 3732 2660 3784 si
2693 3731 3003 3786 Lactantius
3034 3747 3250 3785 onmem
3299 3734 3644 3802 antiquorum
3691 3731 3843 3788 Gen-

2239 3803 2409 3856 tilium
2444 3803 2839 3872 philosophiam
2873 3802 3252 3870 reprehendit,
3286 3819 3394 3858 non
3419 3804 3551 3858 satis
3590 3804 3844 3858 consulte

2236 3872 2397 3935 facit.
2428 3891 2550 3928 cum
2603 3874 2768 3928 multa
2821 3884 2875 3928 et
2904 3889 3066 3939 vera,
3110 3884 3166 3928 et
3213 3883 3357 3929 recta
3401 3877 3707 3930 contineret
3739 3875 3833 3929 illa

2239 3943 2611 4014 philosOphia,
2644 3961 2763 4015 quae
2796 3947 2912 3999 usui
2947 3956 3000 3998 et
3029 3946 3245 4000 utilitati
3296 3945 3550 4000 humana:
3579 3947 3702 4000 vitae
3744 3960 3846 4000 es-

2238 4026 2376 4070 sent.
2405 4017 2462 4071 Si
2487 4033 2615 4072 vero
2671 4017 3070 4086 philosophiam
3125 4017 3178 4071 in
3232 4018 3544 4073 universum
3577 4017 3844 4085 damnat,

2238 4088 2388 4144 nullo
2419 4099 2574 4157 pacto
2607 4088 2860 4143 ferendus
2889 4098 3002 4150 est.
3040 4099 3095 4142 et
3125 4100 3390 4158 repugnat
3430 4089 3706 4144 communi
3741 4088 3848 4142 Pa-

2241 4171 2380 4212 trum
2425 4170 2476 4213 et
2509 4159 2763 4214 Ecclesia:
2815 4161 3017 4214 sensui.
3047 4159 3183 4215 Vide
3212 4160 3552 4228 Alpltousum
3584 4161 3848 4216 Castrum

2239 4231 2333 4285 lib.
2387 4247 2480 4286 xui
2525 4233 2784 4286 adversus
2818 4231 3086 4296 llazreses,
3138 4231 3302 4287 verbo
3356 4231 3588 4286 Scientia
3643 4231 3846 4286 Bnasr—

2238 4317 2451 4357 CHELLI.

2315 4393 2379 4447 In
2427 4410 2712 4448 commune.
2742 4393 2996 4450 Omnium
3054 4409 3186 4448 mss.
3223 4403 3328 4460 est,
3358 4403 3561 4463 praeter
3583 4395 3618 4449 ι
3645 4407 3849 4450 recen-

2158 4467 2436 4534 Dtiores,
2483 4467 2676 4536 quibus
2728 4475 2844 4530 est,
2900 4475 2956 4519 ttt
3006 4466 3322 4535 impressis,
3372 4467 3426 4519 in
3465 4468 3743 4520 communi.
3771 4496 3845 4509 --

2236 4537 2304 4591 In
2363 4554 2650 4591 commune.
2685 4539 2937 4592 Restituo
2963 4553 3032 4591 ex
3059 4537 3218 4599 Bou.,
3249 4538 3410 4601 Tax.,
3441 4539 3634 4601 Cauc.,
3665 4536 3841 4607 Ultr.,

2232 4607 2394 4665 Goth.
2430 4609 2695 4663 lllustravi
2735 4609 2953 4664 uberius
2982 4609 3048 4662 ad
3079 4609 3116 4662 Ι.
3151 4625 3232 4670 m,
3262 4624 3381 4678 cap.
3409 4609 3501 4664 21.
3553 4608 3650 4663 Hie
3690 4608 3845 4666 addo

2231 4695 2298 4734 ex
2326 4680 2550 4734 Tertull.
2587 4681 2654 4734 de
2683 4681 2911 4736 Patient.
2947 4698 2959 4732 :
3000 4679 3277 4734 Patientia:
3317 4681 3372 4734 in
3426 4696 3693 4736 commune
3721 4698 3841 4735 mc-

2230 4767 2415 4806 mores.
2448 4752 2725 4808 Bessum.

2305 4845 2554 4900 Summus
2600 4845 2688 4898 ille
2717 4854 2905 4898 noster.
2940 4845 3157 4904 Διαϐολή
3186 4887 3201 4911 ,
3238 4859 3334 4910 per
3363 4844 3612 4900 ironiam.
3654 4842 3840 4898 Locus

2233 4927 2315 4972 est
2344 4917 2730 4971 iuPrmlatiime
2755 4917 3006 4970 secundae
3021 4917 3182 4970 Tusc.
3204 4916 3408 4985 Qua-st.
3434 4916 3530 4970 Ms.
3558 4918 3582 4970 1
3621 4918 3835 4970 Bonan.

2232 4989 2399 5058 auliq.
2438 4987 2626 5048 habet,
2669 4987 2845 5042 Cicero
2889 5005 3116 5042 summus
3156 4989 3245 5041 ille
3277 4999 3464 5041 noster.
3493 4987 3566 5041 lla
3601 4988 3742 5042 enim
3769 5000 3840 5040 se

2234 5059 2395 5115 habet
2440 5060 2527 5132 ille
2560 5062 2746 5132 locus:
2772 5058 2927 5112 Plato
2971 5061 3176 5132 quidem
3226 5061 3277 5112 in
3320 5059 3544 5126 politicis
3579 5059 3840 5132 delectaris

2233 5134 2387 5203 facit,
2435 5131 2611 5195 νόθους
2643 5130 2730 5202 (id
2757 5141 2839 5203 est
2870 5128 3128 5203 sptti'iosi)
3162 5132 3437 5185 cxclndens
3489 5148 3520 5203 α
3567 5128 3843 5203 sapientia;

2233 5199 2435 5274 studio,
2490 5199 2735 5274 «manu;
2777 5202 2980 5274 (idest
3014 5202 3322 5274 legitimos)
3371 5202 3676 5274 admittens.
3720 5199 3840 5274 Sed

2232 5273 2388 5330 Plato
2415 5275 2464 5328 in
2498 5271 2845 5345 Euihydemo
2871 5273 2984 5328 lnee
3005 5275 3098 5338 ait,
3134 5291 3247 5326 cum
3279 5271 3344 5327 sit
3376 5275 3494 5341 ﬁnis
3540 5271 3842 5345 hominibus

2232 5347 2285 5399 in
2314 5347 2602 5399 universum
2623 5344 2856 5398 ontnibus
2879 5347 3174 5414 propositus
3196 5345 3417 5415 felicitas
3434 5386 3449 5409 ,
3493 5344 3712 5414 felicitas
3735 5358 3842 5415 att-

2235 5427 2331 5470 tem
2360 5418 2410 5470 in
2439 5419 2690 5486 sapientia
2711 5417 2988 5485 consistat,
3018 5413 3238 5487 relinqui
3267 5427 3324 5470 ut
3362 5413 3537 5472 omnes
3566 5413 3842 5486 sapientirv

2234 5489 2403 5542 studio
2426 5507 2478 5543 se
2500 5489 2711 5542 dedant.

2306 5579 2535 5652 Possint.
2590 5581 2662 5635 ita
2716 5580 2871 5636 multi
2930 5581 3120 5652 optimi
3169 5590 3224 5635 et
3274 5581 3552 5637 veterrimi
3600 5594 3730 5636 mss.
3770 5578 3841 5637 In

2234 5667 2346 5707 rec.
2381 5651 2417 5706 2
2469 5663 2551 5708 est
2583 5660 2832 5721 possunt;
2863 5653 2918 5708 in
2944 5651 2982 5708 5
3032 5668 3142 5707 ree.
3175 5660 3230 5708 et
3252 5652 3306 5707 in
3337 5652 3576 5719 excusis,
3605 5662 3836 5723 possent.

2308 5723 2563 5791 Quoniam
2594 5724 2639 5778 si
2683 5724 2957 5791 sapientia.
3007 5723 3152 5794 Lips.
3209 5732 3334 5779 tert.
3383 5734 3439 5780 et
3464 5722 3697 5780 Reimnt.
3725 5722 3841 5794 hoc

2235 5795 2446 5860 ordine,
2474 5796 2719 5866 quoniam
2748 5796 3004 5868 sapientia
3030 5793 3095 5852 si.
3122 5795 3264 5854 Satis
3293 5796 3469 5867 bene;
3521 5805 3575 5853 et
3623 5796 3700 5852 sic
3729 5793 3839 5852 Su-
