4154 6196
381 285 488 344 435
1241 298 1447 358 LIBER
1479 302 1565 358 III.
1595 303 1684 360 DE
1720 304 1940 361 FALSA
1981 305 2342 366 SAPIENTIA
2384 313 2789 372 PllILUSOPll.
3578 324 3681 384 4154

382 403 546 504 modo
589 415 810 477 pateant
857 425 1036 480 aures,
1090 425 1145 469 et
1192 427 1377 486 pectus
1429 420 1747 491 sapientiam
1806 421 1971 478 sitiat.
2001 429 2051 487 Α
2080 429 2212 483 nihil
2243 431 2383 500 apud
2412 448 2506 487 eos
2536 436 2668 489 certi
2697 444 2800 500 est,
2835 435 2966 491 nihil
2997 437 3137 504 quod
3167 453 3196 491 a
3226 439 3450 496 scientia
3477 443 3679 498 veniat.

380 497 552 554 Nemo
581 511 834 559 vereatur
860 521 874 558 :
901 521 997 562 nos
1018 522 1210 579 aquam
1234 526 1338 566 non
1363 513 1668 582 vendimus,
1693 531 1792 572 nec
1813 517 1980 573 solem
2087 518 2191 576 Sed
2242 536 2362 577 cum
2419 526 2598 579 omnia
2642 527 2968 596 coniecturis
3007 538 3256 599 agantur,
3306 532 3471 586 multa
3518 535 3678 590 etiam

379 593 632 650 mercede
671 609 1012 666 prJ‘SIamus.
1047 602 1140 658 Dei
1172 603 1296 660 fons
1327 606 1634 663 uberrimus
1674 618 1835 680 atque
1864 611 1979 681 ple-

382 688 645 744 nissimus
671 701 817 761 patet
836 695 1078 751 cunctis:
1107 705 1161 753 et
1191 697 1292 754 hoc
1314 701 1534 756 caeleste
1562 702 1740 758 lumen
1772 705 1984 760 univer-

379 780 455 836 sis
498 783 672 838 oritnr
721 784 890 857 (Vid.
952 786 1113 843 Joan.
1165 809 1280 864 cap.
1324 809 1340 848 1
1388 804 1436 848 et
1485 795 1596 866 Vl),
1656 798 1980 869 quicumque

376 875 566 932 oculos
614 877 835 935 habent.
895 880 1033 937 Num
1075 883 1194 954 quis
1238 886 1353 942 hzec
1394 887 1840 960 philosophorum
1889 902 1982 946 aut

379 983 614 1040 unquam
656 972 926 1040 praestitit,
953 983 1046 1029 aut
1071 986 1355 1047 praestare,
1385 981 1428 1034 si
1457 981 1608 1046 velit,
1639 983 1979 1052 potest?Qui

377 1073 499 1114 cum
547 1070 736 1117 :ctates
781 1079 906 1119 suas
956 1067 1009 1120 in
1039 1068 1218 1124 studio
1268 1071 1622 1142 philosophia:
1673 1086 1978 1142 conteram,

379 1167 554 1224 neque
582 1155 749 1210 alium
797 1172 1147 1230 quemquam,
1204 1177 1380 1233 neque
1425 1166 1634 1235 seipsos
1665 1165 1685 1237 (
1715 1169 1758 1222 si
1789 1177 1978 1223 natura

377 1247 652 1317 paululum
700 1249 954 1322 obstitit)
1002 1264 1226 1324 possunt
1256 1255 1430 1312 facere
1477 1259 1747 1314 meliores.
1797 1261 1980 1332 Itaque

377 1339 642 1408 sapientia
690 1357 896 1410 eorum,
953 1353 1010 1400 ttt
1055 1345 1342 1416 plurimum
1375 1349 1594 1418 efficiat,
1642 1367 1748 1407 non
1779 1353 1980 1409 excidit

374 1430 533 1496 vitia,
565 1432 658 1488 sed
689 1433 994 1491 abscondit.
1027 1436 1204 1494 Pauca
1253 1456 1401 1507 vero,
1431 1442 1523 1497 Dei
1578 1453 1841 1515 prmcepta
1899 1445 1980 1501 sic

375 1531 548 1579 totum
576 1524 850 1583 hominem
877 1529 1183 1599 immutant,
1215 1542 1270 1588 et
1291 1535 1539 1604 exposito
1565 1546 1750 1594 vetere
1776 1553 1974 1594 novum

372 1615 640 1685 reddunt,
670 1627 730 1675 ut
749 1634 855 1676 non
887 1636 1196 1694 cognoscas
1221 1625 1472 1682 eumdem
1505 1641 1640 1684 esse.

927 1755 1157 1814 CAPUT
1200 1758 1408 1816 XXVII.

368 1865 538 1933 Quam
581 1885 769 1939 parum
816 1871 1244 1945 philosOphorum
1292 1888 1548 1950 praecepta
1589 1883 1858 1952 conferant
1906 1883 1975 1938 ad

436 1977 609 2018 veram
629 1966 958 2037 sapientiam,
982 1985 1136 2038 quam
1169 1971 1221 2025 in
1247 1973 1358 2027 sola
1386 1973 1632 2045 religione
1650 1975 1892 2031 invenies.

435 2099 575 2168 Quid
629 2104 793 2174 ergo?
844 2105 1052 2161 nihilne
1091 2105 1166 2162 illi
1212 2108 1388 2163 simile
1441 2111 1802 2182 praecipiunt?
1858 2112 1970 2169 lmo

362 2194 671 2264 permulta;
725 2207 778 2251 et
822 2197 888 2252 ad
947 2214 1134 2254 verum
1177 2199 1484 2270 frequenter
1527 2203 1809 2260 accedunt.
1863 2204 1969 2262 Sed

364 2285 504 2340 nihil
557 2285 811 2356 ponderis
841 2288 1042 2345 habent
1071 2291 1158 2344 illa
1209 2302 1500 2364 praecepta,
1532 2294 1654 2365 quia
1686 2304 1812 2352 sunt
1856 2295 1959 2352 hu-

359 2391 544 2442 mana,
579 2387 632 2432 et
654 2381 975 2436 auctoritate
1003 2382 1218 2453 majori,
1250 2383 1302 2439 id
1320 2385 1598 2441 estdivina
1617 2387 1724 2452 illa,
1751 2397 1979 2444 carent.

359 2471 534 2529 Nemo
563 2473 724 2544 igitur
743 2477 915 2532 credit
939 2494 953 2542 ;
977 2478 1101 2549 quia
1131 2487 1238 2534 tam
1262 2495 1321 2535 se
1347 2480 1620 2537 hominem
1644 2491 1795 2552 putat
1814 2498 1958 2550 esse,

357 2567 452 2638 qui
507 2565 680 2635 audit,
735 2583 895 2640 quam
945 2578 1030 2626 est
1078 2569 1190 2638 ille,
1235 2571 1327 2643 qui
1379 2573 1646 2644 praecipit.
1688 2573 1961 2630 Praeterea

2083 612 2293 669 diversa
2329 625 2384 671 et
2410 619 2555 672 varia
2600 619 2955 688 proferantur,
2991 622 3288 677 stultissimi
3315 633 3398 678 est
3425 624 3680 694 hominis,

2084 708 2366 777 praeceptis
2392 723 2579 764 eorum
2609 711 2745 766 velle
2786 727 2994 780 parere,
3031 729 3149 783 qua:
3179 725 3357 769 utrum
3385 731 3508 771 vera
3549 718 3679 786 sint,

2082 812 2148 851 an
2176 798 2328 866 falsa,
2377 801 2679 870 dubitatur;
2711 812 2765 859 et
2795 803 2915 859 ideo
2943 821 3101 860 nemo
3149 817 3321 875 paret,
3350 809 3470 879 quia
3521 825 3681 866 nemo

2082 890 2192 944 vult
2261 892 2327 946 ad
2395 893 2658 950 incertmn
2727 895 2991 952 laborare.
3035 898 3300 955 Virtutem
3349 916 3469 957 esse
3515 903 3683 960 Stoici

2080 986 2248 1052 aiunt,
2276 1003 2395 1057 qua:
2423 989 2537 1044 Sola
2585 989 2786 1046 efficiat
2816 996 2975 1046 vitam
3021 993 3254 1049 beatam.
3303 996 3444 1051 Nihil
3496 1009 3682 1067 potest

2081 1079 2262 1133 verius
2288 1079 2414 1134 dici.
2459 1081 2564 1136 Sed
2588 1083 2735 1152 quid,
2770 1084 2812 1137 si
2841 1084 3170 1138 cruciabitur
3200 1095 3291 1140 aut
3329 1087 3519 1143 dolore
3560 1089 3679 1144 affi-

2080 1172 2596 1232 cietttriPoteritne
2641 1177 2920 1248 quisquam
2977 1181 3116 1235 inter
3160 1181 3441 1236 carnifices
3487 1183 3677 1238 beatus

2079 1266 2239 1319 esse?
2267 1264 2377 1319 Ιιηο
2408 1282 2535 1322 vero
2568 1267 2747 1323 illatus
2786 1271 2996 1340 corpori
3027 1271 3184 1325 dolor
3211 1275 3435 1328 materia
3460 1275 3675 1329 virtutis

2079 1368 2195 1412 est:
2232 1359 2412 1428 itaque
2444 1377 2512 1416 ne
2553 1362 2603 1416 in
2646 1364 2928 1418 tormentis
2972 1365 3189 1435 quidem
3219 1367 3384 1422 miser
3413 1376 3516 1422 est.
3547 1369 3676 1438 Epi-

2078 1469 2241 1510 curus
2266 1457 2432 1510 multo
2463 1455 2672 1511 fortius.
2715 1455 2963 1526 Sapiens,
3003 1460 3198 1529 inquit,
3242 1475 3462 1531 semper
3487 1461 3677 1516 beatus

2079 1557 2198 1612 est;
2233 1559 2287 1604 et
2317 1549 2400 1604 vel
2430 1551 2669 1606 inclusus
2700 1551 2750 1604 in
2786 1551 3088 1608 Phalaridis
3120 1561 3276 1608 tauro
3320 1555 3459 1611 hanc
3485 1570 3672 1611 vocem

2077 1639 2286 1696 emittet
2317 1659 2329 1692 :
2369 1660 2385 1691 ι
2429 1640 2604 1697 Suave
2632 1652 2734 1708 est,
2763 1653 2818 1698 et
2848 1643 2976 1698 nihil
3011 1659 3161 1699 curo.
3210 1664 3228 1696 ι
3255 1646 3388 1711 Quis
3418 1662 3538 1702 eum
3568 1662 3673 1701 non

2079 1730 2342 1787 irriserit?
2372 1732 2620 1800 Maxime,
2652 1735 2793 1806 quod
2829 1737 2989 1792 homo
3019 1738 3354 1808 voluptarius
3385 1754 3674 1809 personam

2002 1812 2051 1872 B
2078 1823 2180 1877 sibi
2211 1824 2308 1878 viri
2341 1823 2496 1881 fortis
2547 1828 2821 1898 imposuit,
2875 1838 2929 1884 et
2979 1829 3195 1900 quidem
3225 1845 3383 1901 supra
3429 1830 3672 1899 modum,

2078 1934 2184 1973 non
2211 1919 2355 1974 enim
2384 1919 2501 1976 fieri
2549 1931 2746 1990 potest,
2783 1933 2838 1976 ut
2871 1924 3152 1994 quisquam
3183 1925 3452 1980 cruciatus
3483 1940 3676 1996 corpo-

2075 2015 2152 2071 ris
2181 2030 2276 2084 pro
2305 2015 2664 2086 voluptatibus
2696 2017 2877 2082 ducat,
2905 2034 3025 2074 cum
3059 2021 3193 2076 satis
3223 2022 3311 2086 sit,
3335 2022 3402 2076 ad
3430 2022 3669 2078 officium

2072 2105 2287 2161 virtutis
2342 2107 2672 2178 implendum
2708 2152 2721 2174 ,
2786 2111 3022 2180 perferre
3073 2127 3138 2168 ac
3197 2114 3486 2170 sustinere.
3535 2114 3673 2182 Quid

2071 2198 2250 2256 dicitis
2275 2200 2477 2256 Stoici?
2507 2203 2645 2269 Quid
2679 2212 2732 2258 tu
2763 2204 3031 2275 Epicure?
3075 2206 3272 2262 Beatus
3322 2216 3404 2262 est
3433 2208 3671 2276 sapiens,

2070 2296 2231 2350 etiam
2263 2311 2384 2351 cum
2417 2306 2714 2368 torquetur.
2746 2298 2800 2354 Si
2835 2310 3054 2370 propter
3082 2301 3312 2371 gloriam
3355 2302 3668 2372 patientiae;

2065 2401 2171 2442 non
2199 2388 2442 2454 fruetur;
2471 2391 2525 2444 in
2554 2393 2835 2446 tormentis
2856 2393 2999 2447 enim
3045 2392 3274 2449 fortasse
3306 2396 3585 2450 morietur.
3616 2395 3675 2450 Si

2064 2491 2284 2551 propter
2329 2483 2683 2549 memoriam;
2734 2494 2825 2538 ant
2874 2502 2980 2540 non
3031 2487 3263 2554 sentiet,
3322 2487 3368 2542 si
3418 2487 3674 2544 occidunt

2063 2575 2295 2642 animae,
2328 2586 2418 2630 aut
2446 2576 2490 2630 si
2521 2577 2738 2645 sentiet,
2769 2577 2902 2633 nihil
2929 2593 2992 2634 ex
3027 2594 3088 2634 ca
3116 2587 3500 2651 consequetur.

1720 2685 2078 2743 VARIORUM
2114 2687 2347 2744 ΝΟΤιΕ.

433 2777 688 2833 Pectus...
719 2777 876 2834 sitiat.
911 2778 1066 2834 Rost.
1100 2788 1337 2848 pectus...
1377 2779 1526 2843 sciat,
1561 2793 1744 2848 prave.
1779 2777 1960 2832 Imita-

358 2857 448 2904 tur
477 2849 818 2922 Cyprianum.
846 2851 881 2904 l.
911 2866 967 2912 ιι,
1001 2847 1274 2922 θρζ2ηθό.
1300 2850 1540 2905 Erasmi:
1566 2847 1819 2904 Nostrum
1845 2859 1958 2904 tan-

358 2923 637 2992 tunsisitial
664 2932 836 2992 pectus
859 2932 905 2975 et
933 2931 1124 2992 pateat.
1162 2921 1297 2976 Bon.

433 2991 604 3047 Nemo
641 3003 911 3048 vereatur:
936 2991 1030 3046 nos
1051 3009 1236 3060 aquam
1279 3010 1382 3047 non
1419 2992 1699 3047 vendimus.
1729 2991 1844 3047 Tali
1883 2993 1962 3047 in-

2069 2781 2233 2834 renati
2257 2798 2448 2836 sumus.
2479 2781 2644 2844 Idem.
2672 2783 2835 2851 epist.
2868 2801 2924 2838 χι
2951 2784 3015 2840 ed
3032 2786 3230 2849 Oxon.,
3273 2787 3366 2842 fol.
3395 2785 3498 2842 26:
3529 2788 3668 2844 Con-

2070 2853 2404 2928 uersationent
2426 2855 2604 2928 veteris
2635 2854 2855 2908 hominis
2883 2866 3182 2928 exponunt.
3219 2858 3339 2928 Lib.
3367 2874 3427 2924 ιι,
3467 2875 3554 2928 ep.
3584 2875 3663 2927 ιιι,

2071 2923 2123 2976 1η
2162 2922 2340 2978 Oxon.
2388 2925 2496 2987 ed.,
2545 2940 2631 2992 ep.
2687 2942 2837 2990 thtt,
2873 2922 2973 2981 fol.
3023 2929 3159 2982 155:
3217 2922 3448 2983 Tristitia
3502 2922 3667 2986 omnis

2069 2995 2408 3063 exponitur...
2439 3006 2722 3064 exponatur
2766 3001 3008 3052 memoria
3033 3000 3211 3053 veteris
3254 3002 3493 3054 hominis.
3518 3001 3663 3056 Idem

361 3065 740 3138 terpunctione
779 3064 898 3138 haec
936 3065 1270 3138 distinguunt
1310 3067 1503 3138 mss._9
1536 3064 1807 3138 _Reg.,~5_
1838 3064 1963 3118 Col-
1987 3089 2032 3138 ρ
2068 3065 2137 3138 de
2168 3065 2357 3119 llabitn
2409 3066 2640 3138 Virginis
2674 3083 2838 3137 prope
2887 3071 3084 3123 finem:
3139 3069 3412 3126 Hominem
3452 3081 3665 3126 veterem

359 3130 501 3190 bert.
526 3150 730 3204 sesque
760 3135 874 3201 alii,
902 3146 955 3190 et
984 3130 1126 3190 edit:
1145 3135 1300 3189 Rom.
1333 3135 1491 3190 M70.
1536 3135 1592 3189 In
1640 3130 1674 3190 '5
1717 3133 1954 3189 Colbert.
1987 3130 2032 3151 υ

359 3207 511 3260 nulla
551 3207 868 3271 distinctio;
929 3208 981 3261 in
1025 3207 1060 3260 ‘2
1112 3207 1329 3276 scriptis
1373 3221 1481 3260 rec.
1533 3207 1695 3272 etl7,
1749 3207 1961 3260 excusis

363 3278 562 3348 legitur
592 3297 605 3332 :
633 3278 799 3332 Nemo
827 3288 1057 3332 vereatur
1101 3295 1214 3341 nos,
1242 3295 1428 3346 aquam
1457 3295 1556 3330 non
1578 3278 1860 3331 vendimus.
1890 3306 1959 3317 —-

363 3349 563 3416 Aquam
587 3367 689 3404 non
710 3350 992 3404 vendimus.
1021 3349 1294 3403 Materiam
1321 3348 1681 3415 Baptismatis,
1713 3360 1768 3403 ut
1789 3348 1958 3404 vides.

363 3420 421 3475 ld
457 3429 567 3492 est,
602 3421 770 3492 gratis
813 3419 945 3475 illud
989 3428 1384 3492 sacramentum
1428 3420 1680 3474 onmibus
1721 3419 1957 3492 conferi.

363 3507 507 3546 mus.
543 3490 850 3561 Et‘quidem
878 3493 1078 3547 secutis
1104 3491 1436 3560 temporibus
1466 3507 1494 3542 a
1525 3492 1690 3545 variis
1721 3490 1962 3544 diverso-

364 3578 486 3617 rum
518 3577 806 3633 regnorum
837 3563 1081 3617 conciliis
1113 3562 1436 3631 prohibitmn
1469 3572 1589 3633 est,
1623 3577 1689 3616 nc
1715 3561 1852 3633 quid
1866 3576 1963 3630 pro

362 3630 616 3703 baptismi
662 3635 950 3690 collatione
995 3630 1319 3705 exigeretur.
1355 3633 1500 3686 Inter
1533 3632 1646 3686 lure
1679 3630 1800 3705 sunt
1824 3630 1964 3705 Con-

363 3706 487 3760 cilia
545 3706 787 3761 Eliberit.
837 3721 957 3760 can.
989 3703 1102 3769 18(
1137 3703 1391 3759 Brachar.
1444 3719 1568 3757 can.
1627 3705 1682 3765 7,
1738 3703 1958 3757 Emerit.

364 3792 433 3830 an
467 3775 590 3838 666.
632 3777 851 3832 'l‘ribur.
894 3793 961 3832 an
983 3777 1108 3845 895,
1141 3777 1414 3831 Lemovic.
1447 3791 1511 3826 an
1546 3775 1702 3838 1051,
1734 3773 1957 3845 Bituric.

367 3848 529 3914 M58,
563 3848 964 3904 Mediolanense
992 3849 1092 3902 sub
1117 3849 1171 3903 S.
1205 3847 1397 3901 Carolo
1440 3845 1768 3904 Borrommo.
1803 3844 1965 3900 Gela-

364 3922 481 3974 sitts
531 3935 665 3989 papa
723 3923 881 3987 epist.
933 3920 996 3972 ad
1055 3921 1337 3972 universos
1385 3917 1636 3971 Lucaniae
1685 3916 1966 3989 episcopos

367 4006 493 4058 cap.
533 3987 1058 4054 7,‘Constitutiones
1097 3990 1336 4045 Gallonis
1377 3989 1432 4043 S.
1477 3989 1541 4042 R.
1585 3989 1646 4042 E.
1679 3987 1967 4058 cardinalis

367 4057 509 4116 circa
538 4077 737 4116 annum
771 4061 933 4126 1208,
980 4076 1099 4129 cap.
1129 4061 1183 4118 Ξ.
1225 4061 1454 4114 ltitualia
1494 4057 1966 4114 omnia.——-Nemo

366 4143 633 4187 vereatur:
665 4150 756 4187 nos
781 4148 990 4199 aquam.
1019 4132 1230 4201 Integer
1269 4130 1356 4184 hic
1400 4133 1549 4185 locns
1576 4130 1788 4201 egregie
1820 4129 1967 4183 illus-

369 4212 546 4276 tratur
570 4219 633 4259 ex
667 4203 921 4276 Cypriani
948 4200 1249 4276 lib._n,’ep.
1272 4203 1326 4276 2,
1356 4201 1443 4256 ed.
1477 4201 1638 4276 Basil.
1673 4211 1727 4256 et
1758 4200 1962 4276 Gryph.

370 4275 423 4328 in
455 4289 544 4345 ep.
578 4276 642 4330 ad
672 4273 970 4330 Donatum:
1019 4273 1129 4328 Nec
1171 4275 1236 4326 ad
1280 4274 1379 4345 hoc,
1403 4273 1586 4345 pretiis
1615 4283 1706 4345 aut
1751 4273 1966 4337 ambitu,

369 4356 463 4400 aut
493 4342 663 4401 manu
709 4363 838 4415 Opus
883 4355 1020 4401 est...
1073 4345 1162 4398 sed
1211 4344 1500 4414 gratuitum
1542 4344 1603 4399 de
1634 4342 1744 4397 Deo
1774 4358 1969 4397 munus

371 4418 617 4486 religiosa
659 4429 825 4473 mente
866 4420 1169 4485 concipitur,
1212 4427 1258 4468 et
1287 4415 1442 4470 facile
1487 4423 1595 4478 est;
1629 4425 1675 4468 et
1709 4423 1766 4467 ut
1790 4423 1968 4482 sponte

2065 3135 2179 3210 illic
2203 3139 2369 3207 gratia
2407 3135 2599 3192 lavacri
2627 3135 2912 3203 spiritualis
2952 3153 3233 3210 exponunt.
3272 3142 3416 3197 Idem
3464 3144 3664 3198 certius

2066 3207 2256 3276 probat
2277 3225 2463 3264 versus
2490 3209 2700 3265 Paulini
2738 3211 2926 3266 Nolani
2952 3207 3136 3267 Poem.
3168 3229 3326 3279 χχιιι,
3349 3214 3477 3277 609,
3519 3213 3624 3269 (310
3653 3232 3666 3267 :

2191 3323 2266 3389 Ne
2289 3337 2512 3374 maneam
2537 3331 2768 3376 terrenus
2790 3327 2962 3388 Adam,
2983 3329 3070 3378 sed
3096 3331 3290 3389 virgine
3312 3335 3446 3379 terra

2190 3386 2394 3448 Nascar,
2419 3396 2487 3448 et,
2516 3390 2741 3450 ρκροεὶιο
2767 3386 3090 3448 νριθιιί,“ιιοινιι
3113 3386 3294 3440 former
3315 3394 3498 3454 imago.
3535 3390 3661 3441 Buu.

2144 3490 2292 3564 Quod
2318 3507 2347 3564 (ι
2378 3492 2587 3543 scicntia
2617 3494 2800 3544 veniat.
2849 3491 2921 3564 lla
2969 3509 3098 3547 mss.
3126 3494 3161 3547 2
3209 3494 3481 3549 veterrimi
3525 3493 3659 3564 Reg.

2065 3562 2262 3628 aliique
2287 3561 2486 3628 plures,
2511 3576 2633 3614 cum
2661 3565 2869 3617 cunctis
2895 3562 3066 3618 ferme
3088 3564 3264 3618 editis.
3291 3565 3347 3618 In
3396 3566 3420 3619 1
3450 3561 3660 3622 Bonon.

2065 3644 2119 3687 et
2149 3633 2233 3696 10,
2269 3631 2481 3696 scriptis
2510 3647 2620 3686 rec.
2652 3643 2754 3700 est,
2788 3636 2924 3702 quod
2953 3635 3022 3688 ad
3047 3637 3308 3690 scientiam
3329 3637 3515 3688 veniat.

2149 3702 2396 3755 Virtutem
2449 3719 2554 3757 esse
2606 3704 2770 3758 Stoici
2818 3707 2982 3760 aiunt.
3027 3706 3271 3761 Laertius
3296 3706 3566 3760 Zenonem
3614 3716 3670 3760 et

2067 3774 2427 3846 Chrysippum
2463 3774 2618 3844 hujus
2647 3777 2961 3831 assertionis
2991 3789 3238 3832 auctores
3285 3778 3432 3832 citat.
3474 3777 3668 3846 Dispu-

2070 3855 2182 3899 tant
2210 3860 2374 3911 super
2405 3845 2510 3918 hac,
2536 3847 2837 3918 quaestione
2863 3849 3052 3903 Cicero
3083 3851 3133 3903 in
3164 3867 3198 3904 v
3227 3850 3387 3903 Tusc.
3445 3845 3665 3918 quaest.,

2069 3919 2273 3990 Seneca
2298 3918 2457 3986 epist.
2491 3916 2584 3973 9'2.
2628 3917 2938 3973 Lactantius
2988 3916 3482 3990 probatgentilimu
3533 3934 3664 3975 sen-

2069 3989 2312 4063 tentiam,
2343 3998 2713 4063 quam_tamcn
2757 3990 2913 4044 aliter
2944 4001 3104 4063 atque
3131 3989 3253 4063 ipsi,
3285 3991 3562 4060 intelligit:
3593 3991 3667 4063 ita

2071 4058 2344 4118 nimirum.
2377 4059 2518 4128 quod
2555 4062 2747 4125 virtus,
2783 4079 2901 4130 quae
2933 4078 2998 4116 ex
3021 4058 3667 4118 fide’cliristianautasci-

2071 4141 2176 4193 tttr,
2201 4131 2266 4184 ad
2294 4139 2546 4183 attentam
2579 4129 2888 4187 felicitatem
2937 4135 3369 4200 consequendam
3401 4135 3663 4188 sufficiat:

2070 4217 2231 4270 qttnm
2260 4200 2546 4256 Gentilium
2579 4217 2770 4257 sensus
2817 4205 2908 4267 sit,
2958 4204 3207 4260 virtutem
3252 4206 3351 4260 sibi
3395 4206 3664 4269 sufficere,

2072 4288 2261 4345 neque
2301 4272 2540 4345 indigere
2570 4273 2881 4344 cujusquam
2929 4274 3108 4338 laude,
3151 4278 3235 4330 vel
3267 4276 3456 4345 gloria,
3492 4290 3664 4343 neque

2073 4343 2324 4413 prmsidio
2375 4343 2602 4414 fortuna:
2647 4343 2869 4413 parere,
2941 4343 3307 4414 perficercque
3376 4345 3662 4400 beatitudi-

2073 4431 2214 4470 nem.
2250 4414 2384 4486 Hinc
2415 4413 2655 4486 definivit
2681 4418 2840 4469 etiam
2867 4413 2979 4470 Cic.
3021 4419 3072 4470 in
3104 4413 3470 4486 tchegibus
3499 4417 3668 4470 virtu-

370 4489 454 4543 sol
472 4473 687 4554 "radiat,
728 4490 836 4543 dies
877 4473 1168 4554 illuminat,
1195 4485 1315 4541 fons
1355 4487 1510 4556 rigat,
1563 4473 1720 4558 imber
1743 4473 2047 4558 irrorat:D
2075 4497 2204 4550 tem,
2239 4485 2538 4558 perfectam
2571 4485 2622 4539 in
2662 4502 2720 4540 se
2761 4489 2827 4540 ad
2869 4501 3137 4543 summum
3171 4473 3482 4558 perdilctam
3510 4497 3667 4542 natu-

370 4562 446 4614 ita
494 4576 549 4613 se
590 4561 799 4631 spiritus
855 4561 1066 4615 cmlestis
1095 4558 1358 4631 infundit.
1406 4555 1528 4626 lpse
1582 4555 1734 4610 Lact.
1785 4557 1837 4631 Ι.Δ
1865 4571 1961 4622 vn,

370 4647 497 4698 cap.
526 4631 596 4684 27
618 4627 633 4685 ἐ
666 4630 729 4686 Et
755 4632 866 4702 quis
893 4641 987 4696 est,
1018 4630 1104 4700 qui
1125 4627 1218 4683 hoc
1238 4629 1370 4682 bona
1391 4642 1578 4698 parare
1599 4627 1966 4702 acacquirere

371 4703 493 4757 velit
513 4703 603 4756 ?...
645 4697 879 4764 Veniant,
909 4703 994 4773 qui
1031 4697 1249 4773 'sitiuut
1275 4710 1329 4773 ut
1355 4697 1548 4768 aquam
1601 4700 1874 4773 salutarem
1905 4697 1968 4751 de

372 4776 587 4844 perenni
613 4776 899 4842 caelestique
921 4770 1092 4829 'fonte
1115 4772 1422 4843 plenissimis
1463 4770 1693 4842 faucibus
1721 4770 1925 4823 trahant
1947 4786 1967 4834 ;

371 4855 430 4901 et
464 4847 498 4898 Ι.
529 4861 568 4908 ι,
600 4861 716 4916 cap.
744 4848 796 4900 1.
827 4845 962 4900 Buu.

455 4913 841 4971 Excidit'vitia.
891 4916 979 4972 Sic
1023 4929 1213 4968 omnes
1240 4915 1350 4968 fere
1396 4928 1524 4967 mss.
1567 4913 1623 4967 In
1675 4914 1708 4966 5
1739 4913 1872 4980 Reg.
1903 4926 1971 4966 ex

374 4988 568 5044 Marm.
601 4998 656 5043 ct
675 4989 836 5042 editis
866 4987 922 5053 6,
940 4985 1226 5048 exscindit;
1253 4987 1306 5038 in
1340 4984 1407 5039 10
1429 4982 1967 5053 impressisexcindit.

459 5058 658 5135 Vetere:
688 5060 827 5135 Vide
867 5052 1088 5113 Paulum
1228 5052 1554 5135 Ephes._tv,
1581 5065 1650 5135 _e_t
1685 5052 1974 5135 Colossen-

373 5145 469 5186 ses
500 5147 576 5193 ιιι,
610 5132 856 5201 Exposita
883 5139 1063 5201 vetere.
1093 5128 1308 5201 scilicet
1324 5126 1631 5201 homine,_id
1671 5133 1754 5201 est
1778 5126 1970 5201 ejecta.

373 5204 648 5258 Canterus
689 5195 850 5272 atque
893 5200 1002 5264 alii,
1050 5199 1343 5272 locovocis
1393 5199 1643 5269 exposito,
1692 5195 1974 5265 legendum

376 5283 576 5349 putant
622 5271 894 5349 expuncto,
927 5287 1045 5339 quae
1075 5271 1383 5349 conjectura
1442 5284 1554 5349 non_
1600 5276 1686 5349 est
1734 5276 1974 5349 eontem-

377 5336 596 5410 nenda;
629 5336 831 5399 utinam
870 5336 1246 5410 manuscripiis
1289 5349 1434 5396 esset
1480 5339 1846 5394 roboratal—
1870 5336 1978 5390 Ex-

378 5417 551 5488 posita
588 5427 767 5471 vetere.
813 5415 908 5469 ilic
944 5414 1226 5488 est‘stylus
1271 5412 1532 5488 Lactantii
1561 5421 1615 5464 et
1639 5410 1976 5488 _script_orum

380 5481 625 5542 veterum
660 5488 718 5540 S.
750 5499 803 5542 et
847 5481 1356 5561 ecclesiasticorum.
1401 5481 1597 5561 iterum
1639 5481 1786 5535 Lact.
1817 5481 1974 5561 l_.v.tt,

379 5575 506 5626 Cap.
534 5561 604 5613 ὅτ
643 5559 812 5613 Ilomo
854 5556 1041 5610 caelesti
1069 5557 1272 5609 lavacro
1313 5554 1637 5626 purificatus_
1662 5552 1979 5626 expoui_t_in-

382 5621 604 5703 fantium
632 5648 746 5684 cum
774 5630 910 5682 omni
953 5627 1202 5703 labeAvitg:
1243 5621 1456 5703 prioris;
1470 5625 1587 5703 “ubi
1609 5623 1810 5703 frustra
1841 5621 1980 5675 lieu-

384 5695 619 5756 htannus
664 5708 854 5763 tentat,
899 5699 1123 5768 deponit.
1152 5697 1307 5766 Smpc
1351 5697 1419 5750 ita
1462 5695 1882 5768 Cyprianits;_e.
1923 5708 1976 5759 εξ.

383 5783 577 5827 contra
639 5764 1056 5845 Demetrianuur
1094 5769 1182 5845 ed.
1245 5764 1408 5822 Basil.
1469 5764 1742 5845 [011.105,
1803 5764 1976 5845 Oxon.

387 5845 484 5898 fol.
509 5845 640 5901 193:
671 5842 921 5916 Exposita
950 5842 1209 5897 nativitate
1238 5849 1456 5911 terrena,
1484 5837 1666 5909 spiritu
1696 5837 1907 5892 recreati
1939 5845 1984 5890 et

2066 4573 2202 4612 ram.
2237 4555 2562 4611 Berunews.

2143 4627 2381 4697 Sapiens,
2413 4627 2595 4696 inquit,
2623 4643 2820 4696 semper
2843 4628 3018 4682 beatus
3041 4638 3135 4684 est.
3160 4630 3313 4698 Apud
3345 4628 3662 4686 Ciceronem

2071 4700 2122 4753 in
2155 4698 2423 4772 n.7'l'usc._
2451 4708 2641 4772 qiuest.
2675 4699 2775 4772 sub
2792 4700 3013 4772 initium
3044 4700 3114 4756 de
3159 4700 3259 4756 hac
3288 4701 3505 4772 Epicuri
3535 4717 3666 4756 cono

2071 4771 2267 4825 stantia
2302 4769 2385 4842 rsic
2413 4769 2664 4839 legimus:
2698 4768 2955 4840 Epicurus
2997 4772 3234 4842 affirmat,
3287 4768 3350 4827 si'
3382 4783 3558 4827 uratur
3583 4789 3668 4826 sa-

2070 4843 2233 4910 piens,
2266 4841 2317 4914 si
2333 4843 2604 4905 crucietur,
2635 4852 2870 4914 expectas
2904 4841 3118 4912 fortasse
3145 4848 3266 4898 dum
3310 4845 3470 4908 dicat,
3505 4845 3666 4914 patie-

2070 4923 2176 4976 tur,
2200 4911 2438 4982 perferet,
2463 4929 2562 4966 non
2589 4913 2894 4967 succumbet.
2933 4915 3127 4985 Magna
3145 4917 3426 4970 mehercule
3455 4911 3590 4979 laus,
3617 4924 3666 4968 et

2072 5001 2130 5058 eo
2155 4985 2266 5058 ipso
2289 5001 2380 5052 per
2415 4999 2562 5053 quem
2577 4985 2773 5058 juravi,
2825 4985 3040 5040 Hercule
3068 4988 3244 5058 digna.
3278 4985 3665 5058 Sedngicuro.

2073 5055 2267 5108 homini
2293 5071 2472 5123 aspero
2497 5065 2543 5108 et
2570 5055 2721 5121 duro,
2754 5073 2854 5110 non
2885 5069 2955 5111 est
2983 5059 3078 5112 hoc
3101 5055 3243 5113 satis.
3276 5057 3344 5110 1η
3368 5055 3667 5109 Phalaridis

2075 5138 2223 5178 tauro
2244 5127 2288 5178 si
2304 5127 2419 5190 erit,
2445 5127 2576 5179 dicet
2599 5142 2644 5179 ει
2672 5127 2836 5192 Quam
2856 5145 3008 5183 suave
3025 5139 3096 5183 est
3122 5131 3237 5191 hoc,
3262 5144 3412 5197 quam
3442 5125 3535 5197 hoc
3561 5141 3663 5178 non

2075 5213 2215 5269 curo_.
2233 5216 2250 5248 ι
2264 5197 2431 5269 Suave
2443 5199 2621 5252 etiam?
2639 5216 2703 5252 an
2722 5215 2903 5269 parum
2917 5211 3010 5263 est,
3026 5202 3067 5252 si
3083 5217 3181 5252 non
3197 5196 3541 5269 estamarum."
3553 5205 3661 5269 etc.

2079 5268 2154 5339 De
2185 5267 2382 5339 Perilla
2414 5271 2589 5322 notior
2629 5267 2729 5322 est'
2749 5269 2992 5335 historia,
3022 5286 3180 5339 quam
3209 5285 3328 5338 qua:
3358 5267 3543 5339 referri
3573 5268 3667 5321 de-

2077 5338 2220 5393 beat.
2260 5338 2416 5404 Vide,
2457 5341 2499 5394 si
2530 5341 2701 5405 voles,
2731 5341 2871 5395 Plin.
2907 5341 2998 5394 lib.
3031 5337 3376 5408 ᾱιιιιιινίοηι).
3410 5337 3464 5392 8.
3501 5338 3660 5394 Prov.

2076 5409 2214 5480 apud
2250 5410 2456 5464 Erasm.
2490 5411 2784 5466 Phalaridis
2811 5412 3112 5480 imperium.
3146 5411 3466 5465 BUTELEIUS.

2151 5479 2212 5535 Si
2238 5491 2440 5553 propter
2469 5483 2686 5553 gloriam
2735 5483 3029 5552 patientior;
3067 5498 3168 5536 non
3218 5486 3432 5550 fruetur.
3475 5481 3565 5553 Sic
3592 5481 3669 5536 le—

2077 5562 2209 5620 gunt
2264 5552 2505 5623 Billegg
2570 5557 2592 5608 1
2642 5553 2904 5618 Culhert.,
2955 5553 3112 5617 Bon.,
3182 5553 3218 5607 2
3285 5554 3472 5617 Brun.,
3516 5552 3662 5616 Em.,

2079 5623 2267 5684 Cauc.,
2321 5622 2483 5686 Ultr.,
2527 5632 2688 5691 atque
2748 5625 2818 5676 ita
2868 5625 3151 5694 legendum
3203 5640 3322 5680 esse
3368 5625 3664 5694 contendo;

2081 5703 2138 5747 ut
2166 5695 2304 5746 enim
2331 5705 2475 5748 recte
2494 5697 2718 5748 affirmat
2739 5692 3082 5763 Tbomasins,
3107 5700 3175 5764 si,
3197 5707 3254 5751 ut
3281 5707 3364 5752 est
3393 5698 3446 5750 in
3476 5695 3594 5746 aliis
3610 5692 3668 5756 4,

2081 5781 2213 5844 mss.
2257 5776 2309 5818 et
2338 5766 2496 5821 editis
2527 5767 2732 5844 legatur
2762 5770 3007 5844 patientia
3034 5769 3251 5844 fruetur,
3279 5769 3478 5844 nullum
3508 5764 3671 5844 babe—

2085 5837 2263 5894 bimus
2293 5852 2550 5896 sensum:
2579 5831 2698 5896 hoc
2742 5831 2921 5897 autem
2964 5831 3191 5898 intendit
3218 5831 3547 5900 Lactantius,
3582 5831 3680 5890 ho-
