4154 6196
375 242 487 300 ἆόῖ

1275 244 1482 303 LIBER
1519 245 1604 301 III.
1646 244 1737 302 DE
1775 245 2002 305 FALSA
2039 246 2409 307 SAPIENTIA
2446 249 2849 310 PHILOSOPH.

3583 261 3689 317 458

374 358 550 428 enim,
580 372 702 416 cutn
726 368 820 416 aut
849 361 1184 432 ignorarent,
1211 379 1242 418 a
1268 378 1377 435 quo
1400 373 1549 421 esset
1572 363 1799 422 effectus
1828 380 1986 422 mun-
2011 372 2061 434 Α
2090 376 2248 431 runt;
2284 381 2385 424 nec
2425 369 2647 426 omnino
2691 370 2796 425 ulla
2840 385 3028 428 eorum
3073 372 3367 444 disputatio
3395 376 3466 433 de
3492 376 3692 435 virtute

376 452 505 521 dus,
535 459 630 507 aut
654 452 988 524 persuadere
1019 455 1253 523 vellent,
1287 456 1423 513 nihil
1449 471 1575 513 esse
1598 455 1779 512 divina
1807 465 1991 514 mente

376 545 722 621 perfectum,
774 555 1022 604 naturam
1068 563 1190 605 esse
1234 548 1488 605 dixerunt
1524 565 1708 606 rerum
1746 551 1989 607 omnium

378 649 638 707 matrem,
663 639 814 710 quasi
837 638 1103 710 dicerent,
1131 643 1311 698 omnia
1343 657 1438 699 sua
1460 655 1656 714 sponte
1678 658 1800 701 esse
1825 653 1983 701 nata:

384 746 499 803 quo
541 731 711 787 verbo
760 732 921 802 plane
973 732 1391 803 imprudentiam
1436 750 1590 791 suam
1638 735 1981 792 conﬁtentur.

383 823 591 881 Natura
619 826 788 889 enim.
811 835 1017 880 remota
1047 825 1379 895 providentia
1406 836 1464 883 et
1492 836 1757 897 potestate
1777 826 1982 894 divina,

378 931 609 989 prorsus
645 916 781 973 nihil
821 927 926 974 est.
972 918 1127 985 Quod
1172 919 1216 974 si
1258 920 1427 976 Deum
1470 929 1717 977 naturam
1756 930 1987 988 vocent,

378 1026 503 1083 quae
544 1010 878 1081 perversitas
920 1022 1033 1078 est,
1078 1021 1325 1068 naturam
1383 1015 1558 1083 potius
1607 1030 1767 1085 quam
1815 1015 1987 1070 Deum

383 1101 708 1159 nominare?
737 1102 795 1157 Si
825 1110 1011 1158 autem
1039 1113 1228 1159 natura
1259 1105 1399 1159 ratio
1428 1114 1533 1172 est,
1558 1106 1643 1162 vel
1666 1107 1983 1175 necessitas,

371 1195 462 1252 vel
487 1194 730 1251 conditio
754 1195 1032 1263 nascendi,
1063 1211 1169 1252 non
1192 1206 1276 1253 est
1308 1212 1403 1267 per
1417 1200 1651 1268 seipsam
1680 1199 1980 1270 sensibilis;

371 1286 474 1343 sed
505 1301 734 1342 necesse
763 1296 847 1342 est
880 1298 1116 1344 mentem
1146 1304 1269 1344 esse
1296 1290 1556 1355 divinam,
1588 1306 1709 1361 qum
1735 1305 1830 1346 sua
1859 1306 1986 1361 pro-

376 1378 620 1435 videntia
649 1379 905 1436 nascendi
924 1381 1252 1453 principium
1272 1383 1434 1439 rebus
1454 1369 1707 1439 omnibus
1724 1385 1980 1455 praebeat.

375 1471 493 1528 Aut
518 1472 566 1527 si
595 1480 783 1528 natura
815 1482 900 1528 est
927 1473 1123 1530 coelum
1156 1485 1322 1546 atque
1353 1485 1519 1544 terra,
1550 1486 1608 1532 et
1625 1494 1808 1544 omne,
1838 1478 1984 1550 quod

373 1574 564 1620 natum
603 1572 707 1631 est,
740 1580 849 1621 non
876 1578 960 1622 est
987 1567 1136 1624 Deus
1160 1576 1373 1636 natura,
1404 1570 1500 1625 sed
1528 1571 1624 1626 Dei
1656 1586 1808 1642 upus.

442 1681 567 1737 Non
605 1681 858 1738 dissimili
883 1697 1073 1739 errore
1092 1684 1324 1741 credunt
1348 1700 1472 1742 esse
1504 1687 1796 1753 fortunam,
1827 1688 1981 1758 quasi

2090 468 2173 517 est
2193 500 2209 526 ,
2240 460 2293 515 in
2326 476 2431 532 qua
2477 477 2585 517 non
2630 462 2841 518 fortuna
2871 475 3118 522 vexetur.
3149 467 3219 522 Μ.
3247 468 3456 526 Tullius
3499 470 3557 526 in
3598 484 3697 527 sua

2090 550 2472 609 Consolatione
2517 568 2785 625 pugnasse
2833 571 2893 612 se
2936 571 3152 629 semper
3194 570 3381 616 contra
3425 561 3692 619 fortunam

2087 644 2350 715 loquitur.
2384 660 2613 715 eamque
2638 662 2667 700 a
2695 662 2755 703 se
2781 662 2905 705 esse
2942 659 3249 720 superatam
3270 692 3287 717 ,
3316 667 3439 707 cum
3480 652 3694 711 fortiter

2089 737 2433 793 inimicorum
2473 738 2707 809 impetus
2750 739 3070 810 retudisset;
3108 758 3176 798 ne
3218 752 3334 799 tum
3375 744 3591 816 quidem
3632 760 3697 803 se

2090 831 2160 888 ab
2186 847 2251 888 ea
2281 832 2509 888 fractum
2528 874 2544 899 ,
2577 849 2699 888 cum
2727 834 2891 890 domo
2928 836 3116 906 pulsus
3148 839 3316 906 patria
3342 841 3517 895 caruit
3539 857 3553 896 :
3579 848 3692 897 tum

2087 935 2292 993 autem,
2325 942 2447 982 cum
2478 928 2725 983 amiserit
2750 928 3123 985 charissimam
3155 930 3352 997 ﬁliam,
3381 936 3587 989 victum
3629 949 3693 992 se

2087 1033 2118 1073 a
2164 1019 2379 1075 fortuna
2421 1021 2650 1089 turpiter
2689 1021 2995 1077 conﬁtetur.
3026 1022 3208 1090 Cedo,
3244 1026 3447 1096 inquit,
3480 1036 3535 1082 et
3581 1043 3694 1083 ms-

2086 1126 2214 1167 num
2245 1112 2393 1167 tollo.
2421 1114 2562 1179 Quid
2589 1113 2693 1169 hoc
2721 1114 2941 1171 homine
2963 1118 3236 1183 miserius,
3262 1118 3354 1188 qui
3378 1119 3458 1173 sic
3480 1119 3699 1189 jaceat?

2086 1204 2432 1275 Insipienter,
2464 1207 2639 1277 inquit
2664 1225 2678 1262 :
2703 1208 2801 1264 sed
2831 1210 2921 1279 qui
2945 1210 3234 1279 proﬁtetur
3257 1226 3318 1266 se
3343 1227 3466 1268 esse
3482 1214 3694 1284 sapien-

2088 1308 2217 1354 tem.
2248 1298 2390 1367 Qttid
2417 1315 2546 1370 ergo
2587 1301 2689 1357 sibi
2741 1303 2857 1357 vult
2902 1305 3203 1375 assumptio
3243 1307 3520 1362 nominis?
3555 1309 3697 1376 Quid

2086 1403 2431 1463 contemptus
2458 1395 2549 1448 ille
2573 1411 2776 1462 rerum,
2804 1397 2893 1466 qui
2920 1399 3223 1469 magnificis
3249 1401 3434 1455 verbis
3458 1412 3695 1473 praeten-

2086 1484 2271 1541 ditur?
2295 1485 2431 1553 Quid
2461 1487 2644 1555 dispar
2671 1489 2883 1543 cameris
2911 1490 3170 1546 habitus?
3200 1494 3309 1548 Aut
3340 1508 3442 1549 cur
3475 1497 3696 1552 omnino

2086 1588 2359 1649 prmcepta
2384 1581 2667 1650 sapientite
2694 1581 2864 1648 datis,
2893 1583 2937 1637 si
2961 1599 3120 1638 nemo
3137 1626 3151 1649 ,
3183 1586 3277 1656 qui
3302 1589 3493 1657 sapiat,
3519 1590 3698 1649 adhuc

2085 1670 2335 1727 inventus
2363 1674 2486 1728 est?
2516 1673 2586 1728 Et
2611 1675 2894 1746 quisquam
2925 1676 3084 1731 nobis
3112 1678 3368 1734 invidiam
3394 1680 3542 1747 facit,
3569 1685 3696 1754 quia

366 1773 525 1831 deam
559 1774 847 1837 quamdam
881 1791 970 1830 res
998 1775 1263 1832 humanas
1295 1778 1459 1833 variis
1486 1779 1707 1834 casibus
1746 1779 1976 1835 illuden-

2089 1764 2436 1836 philosnphos
2475 1782 2737 1838 negamus
2783 1782 2905 1824 esse
2940 1769 3253 1840 sapientes?
3282 1788 3404 1828 cum
3447 1775 3551 1841 ipsi
3593 1792 3697 1834 nec

366 1875 510 1933 tem;
534 1868 659 1938 quia
686 1869 956 1936 nesciunt,
978 1870 1123 1926 unde
1142 1870 1245 1926 sibi
1272 1870 1437 1939 bona,
1456 1883 1509 1926 et
1538 1874 1673 1927 mala
1702 1875 1971 1930 eveniant.

365 1958 504 2016 Cum
547 1959 650 2015 bac
687 1975 747 2016 se
787 1961 1119 2030 compositos
1148 1962 1213 2015 ad
1245 1964 1598 2033 proeliandum
1628 1973 1843 2035 putant;
1876 1980 1976 2021 nec

366 2050 534 2107 ullam
579 2059 761 2106 tamen
805 2053 1070 2107 rationem
1118 2052 1384 2121 reddunt,
1424 2068 1451 2108 a
1495 2068 1601 2126 quo
1636 2064 1692 2110 et
1716 2071 1875 2126 quam
1906 2055 1976 2111 ob

365 2156 586 2200 causam
613 2161 627 2199 :
659 2143 756 2199 sed
798 2151 1003 2199 tantum
1046 2160 1171 2201 cum
1210 2146 1425 2203 fortuna
1454 2162 1515 2204 se
1544 2148 1824 2218 digladiari
1857 2162 1977 2203 mo-

364 2232 570 2292 mentis
611 2235 863 2292 omnibus
901 2237 1222 2308 gloriantur.
1252 2238 1369 2295 Jam
1413 2240 1737 2311 quicumque
1766 2240 1977 2311 aliquos

365 2327 633 2384 consolati
661 2335 787 2383 sunt
812 2328 883 2384 ob
896 2328 1175 2385 interitum
1188 2330 1645 2403 amissionemque
1659 2332 1970 2399 eharorum,

365 2418 599 2477 fortuna
652 2430 853 2477 nomen
893 2423 1176 2479 acerrimis
1214 2424 1651 2481 accusationibus
1694 2424 1974 2496 proscide.

2084 1860 2226 1914 scire
2272 1872 2331 1913 se
2374 1858 2696 1927 quidquam,
2743 1875 2846 1915 nec
2890 1876 3083 1930 sapere
3129 1861 3416 1920 fateantur.
3464 1866 3599 1922 Nam
3648 1870 3694 1923 si

2085 1949 2301 2020 quando
2335 1949 2407 2004 ita
2445 1949 2774 2015 defecerint,
2804 1962 2861 2006 ut
2890 1968 2960 2007 ne
2989 1952 3249 2023 afﬁngere
3287 1957 3505 2027 quidem
3534 1959 3696 2030 quld‘

2085 2058 2244 2115 quam
2286 2045 2527 2115 possint,
2561 2044 2705 2115 quod
2754 2045 2958 2102 faciunt
2995 2049 3049 2102 in
3094 2050 3257 2106 rebus
3296 2053 3547 2108 caneris:
3579 2063 3692 2111 tum

2087 2149 2218 2192 vero
2244 2136 2560 2207 ignorantiae
2586 2137 2946 2194 admonentur
2967 2181 2982 2208 ,
3017 2149 3071 2196 et
3092 2143 3244 2212 quasi
3280 2141 3557 2201 furibundi
3581 2148 3696 2203 exi-

2084 2231 2243 2297 iiunt,
2267 2240 2323 2287 et
2340 2231 2642 2288 exclamant
2670 2247 2729 2288 se
2752 2247 2928 2289 erecos
2953 2249 3077 2291 esse
3101 2246 3156 2292 et
3174 2237 3457 2294 excordes.
3482 2240 3696 2297 Anaxa-

2084 2340 2244 2398 goras
2287 2325 2602 2395 pronuntiat
2645 2325 2971 2381 circumfusa
3023 2342 3145 2383 esse
3201 2329 3442 2387 tenebris
3486 2334 3691 2388 omnia.

2083 2419 2443 2491 Empedocles
2466 2429 2719 2492 angustas
2746 2434 2867 2477 esse
2887 2435 3144 2478 sensuum
3171 2424 3392 2481 semitas
3412 2426 3689 2498 queritur,

1692 2562 2062 2621 VARIORUM
2103 2560 2331 2621 NOTAE.

367 2712 497 2757 cum
524 2714 587 2755 ea
617 2713 725 2754 non
753 2698 915 2754 modo
951 2699 1006 2754 in
1048 2699 1326 2770 utriusque
1370 2699 1705 2756 Testamenti
1746 2698 1977 2754 volumi-

370 2773 532 2828 nibus
573 2771 766 2827 crebro
808 2781 1061 2827 occurrat
1105 2771 1441 2841 legentibus,
1484 2772 1580 2826 sed
1625 2773 1785 2827 etiam
1832 2770 1977 2839 apud

368 2844 669 2911 Scriptores
709 2843 1106 2897 ecclesiasticos
1142 2843 1568 2913 antiquissimos.
1609 2844 1793 2913 Neque
1833 2844 1976 2913 enim

371 2930 441 2970 ex
486 2928 609 2969 sese
652 2914 741 2968 vel
779 2922 863 2969 est
905 2913 1234 2983 quidquam,
1266 2912 1350 2969 vel
1390 2925 1669 2980 movetur,
1700 2912 1819 2983 quae
1844 2912 1980 2967 nihil

372 2986 519 3041 aliud
542 3001 701 3053 quam
734 2985 825 3039 Dei
855 2995 1017 3039 nutus
1033 2995 1139 3050 est,
1158 2993 1212 3039 et
1238 2994 1296 3039 ut
1321 2986 1455 3051 dixi,
1478 2986 1729 3041 voluntas
1754 2995 1976 3039 aeterna.

372 3058 521 3129 Deus
546 3066 731 3129 autem,
754 3054 957 3111 Natura
982 3056 1197 3129 quidem
1229 3072 1351 3129 esse
1379 3067 1572 3125 potest,
1607 3059 1652 3111 si
1676 3071 1784 3110 non
1800 3059 1977 3129 φύσιν,

375 3128 477 3185 sed
508 3130 688 3184 αὐσέαν
720 3124 1011 3197 intelligas.
1039 3127 1175 3182 Nam
1204 3124 1285 3183 sic
1315 3124 1422 3183 nun
1449 3129 1643 3184 Cicero
1669 3124 1852 3194 modo,
1883 3127 1981 3182 sed

373 3201 543 3256 etiam
575 3200 689 3269 ipse
722 3192 1088 3269 Augustinus,
1117 3211 1421 3254 creaturam
1467 3202 1647 3256 οὐσίαν
1694 3192 1982 3255 tranatule-

376 3280 527 3335 runt,
557 3268 664 3324 non
694 3268 763 3324 de
805 3272 915 3325 Deo
952 3268 1136 3335 modo,
1166 3270 1259 3325 sed
1288 3271 1451 3326 etiam
1482 3273 1550 3325 de
1578 3270 1697 3326 aliis
1727 3270 1980 3326 substan-

378 3344 493 3397 tiis.
523 3341 658 3396 Nam
682 3341 734 3396 in
756 3356 794 3395 ιι
812 3342 883 3396 de
906 3341 1143 3396 Moribus
1161 3341 1577 3397 Manichatorum
1605 3342 1764 3408 libro,
1784 3358 1904 3412 cap.
1926 3338 1980 3407 1,

378 3414 535 3480 dicit,
566 3412 1104 3486 verborsubstan'tivo
1133 3412 1290 3484 (nihil
1319 3412 1490 3486 refert
1527 3415 1640 3486 sive
1675 3417 1811 3486 ripi,
1842 3412 1985 3486 unde

378 3487 536 3541 οὐσία
563 3484 877 3547 deducitur;
911 3484 1025 3539 sive
1052 3482 1193 3550 sum,
1226 3484 1367 3540 ttnde
1391 3485 1659 3549 Essentia,
1686 3482 1981 3554 intelligas)

376 3558 609 3611 subesse
638 3557 905 3610 manentis
927 3555 980 3610 in
1010 3571 1093 3620 se,
1121 3566 1284 3625 atque
1314 3555 1832 3610 inconnnntabiliter
1862 3569 1985 3609 sese

377 3626 637 3682 habentis
680 3635 886 3681 naturae
932 3626 1403 3697 significationem.
1454 3626 1603 3682 ﬂante
1656 3626 1788 3681 nihil
1838 3626 1983 3680 aliud

378 3713 545 3768 quam
577 3699 742 3753 Deum
772 3713 1058 3767 possumus
1083 3699 1284 3753 dicere.
1316 3698 1463 3753 Idem
1516 3700 1848 3769 Augustinus
1882 3698 1919 3750 ι.
1946 3713 1984 3751 ιι

381 3771 453 3826 de
481 3769 693 3824 Anima.
724 3768 903 3837 Quare
930 3770 1245 3825 Lactantius
1276 3769 1378 3824 hoc
1407 3785 1619 3840 quoque
1639 3811 1656 3836 ,
1685 3769 1827 3838 quod
1850 3782 1987 3822 sano

381 3856 508 3897 cum
542 3840 816 3896 intellectu
846 3849 902 3895 et
931 3841 1034 3911 legi
1060 3849 1117 3896 et
1144 3842 1366 3909 intelligi
1399 3849 1628 3909 poterat,
1659 3852 1853 3911 praeter
1873 3854 1988 3895 me-

380 3913 550 3967 ritum
593 3912 803 3968 videtur
833 3910 1082 3967 acerbius
1112 3912 1532 3981 reprehendere.
1572 3915 1743 3981 Quam
1769 3910 1985 3981 quidem

382 3985 741 4055 quaestionem
769 3998 888 4053 cap.
920 3984 1010 4049 10,
1043 3983 1112 4038 de
1143 3984 1224 4038 Ira
1256 3984 1351 4037 Dei
1388 3983 1621 4039 refricat.
1656 3984 1982 4055 Bs'sttus.

460 4056 525 4111 Si
552 4053 723 4109 Deum
767 4065 1006 4108 naturam
1044 4067 1238 4109 vocent.
1285 4056 1416 4123 Qua:
1459 4054 1683 4111 Senecas
1719 4054 1988 4111 sententia

381 4125 506 4183 fuit.
541 4128 672 4181 Vide
699 4140 861 4194 supra
889 4126 982 4181 lib.
1015 4142 1054 4189 ι,
1081 4142 1200 4196 cap.
1231 4128 1286 4181 9.

460 4198 594 4255 Sed.
619 4199 701 4254 Ex
732 4213 865 4252 mss.
894 4198 1143 4267 reposui;
1171 4200 1223 4251 in
1244 4197 1405 4252 editis
1429 4207 1513 4253 est
1533 4198 1673 4268 quia.

462 4270 591 4324 Non
632 4269 870 4323 dissimili
909 4285 1099 4323 errore.
1134 4269 1190 4323 In
1237 4269 1380 4323 hunc
1418 4269 1709 4325 Gentilium
1748 4282 1989 4324 errorem

386 4343 665 4400 invehitur
690 4342 747 4396 S.
783 4341 1112 4411 Augustinus
1153 4341 1248 4395 lib.
1294 4356 1349 4395 tv
1378 4340 1445 4395 de
1487 4341 1651 4395 Civil.
1695 4341 1825 4405 Dei,
1862 4355 1983 4409 cap.

387 4416 461 4471 18
481 4425 538 4468 et
565 4413 655 4469 19.

461 4485 595 4542 Cum
634 4486 729 4539 hac
769 4501 824 4538 se
862 4484 1186 4554 compositos.
1222 4483 1452 4538 Verbum
1490 4479 1871 4552 gladiatorum,
1902 4481 1992 4535 ubi

386 4558 546 4628 paria
575 4557 1057 4622 compoaebantur,
1092 4556 1234 4624 quod
1265 4566 1321 4609 et
1348 4555 1996 4628 committeremomparare

387 4624 668 4685 dicebant.
702 4628 799 4683 Hic
828 4628 1133 4682 Firmianus
1170 4628 1407 4694 respexit
1435 4626 1500 4679 ad
1542 4625 1735 4682 Senec.
1767 4626 1834 4679 de
1865 4624 1997 4678 Pro-

384 4700 503 4755 vid.
528 4715 651 4769 cap.
681 4700 716 4753 2
741 4717 755 4753 :
785 4698 917 4753 Ecce
936 4716 1031 4768 par
1060 4697 1171 4751 Deo
1195 4698 1427 4767 dignum,
1451 4697 1526 4751 vir
1552 4698 1701 4767 fartis
1722 4712 1838 4750 cum
1858 4696 1997 4749 uiola

385 4777 608 4845 fortuna
631 4774 984 4840 compositus.
1025 4770 1304 4845 Βυωειιιιιι.

468 4838 909 4907 Amissisnemque
932 4856 1194 4895 carorum.
1222 4840 1377 4895 Conf.
1406 4838 1569 4905 infra,
1591 4840 1816 4893 amiserit
1838 4839 1998 4892 cariso

388 4918 602 4973 simam.
632 4912 880 4969 Interitus
901 4922 955 4967 et
980 4912 1186 4966 amissio
1211 4928 1318 4966 non
1347 4926 1470 4965 raro
1499 4927 1597 4980 pro
1625 4910 1762 4964 obitu
1791 4926 1999 4979 ponun-

391 4997 510 5043 tur.
531 4984 623 5040 Sic
649 4984 787 5040 sacri
808 4992 863 5039 et
883 4984 1087 5053 profani
1112 4984 1424 5053 scriptores.
1440 4983 1665 5037 Tertull.
1682 4983 1749 5037 de
1768 4983 1998 5036 l’atieut.

393 5073 524 5126 cap.
557 5057 624 5112 14
651 5076 663 5111 :
693 5057 901 5111 amissio
928 5056 1330 5110 carissimorum.
1363 5053 1519 5126 Conl'.
1553 5068 1671 5121 cap.
1702 5054 1756 5118 9,
1785 5069 1865 5126 pr.
1891 5054 2001 5123 Cy-

393 5123 628 5203 prianus
657 5128 726 5203 de
756 5128 906 5182 Bono
932 5127 1162 5203 Patienl.
1193 5143 1243 5203 n_.
1270 5127 1343 5203 9A:
1369 5123 1646 5203 Multiplex
1669 5125 2003 5203 tentationum

394 5196 628 5273 qualitas
655 5201 935 5273 irrogatur,
961 5198 1261 5273 dejaeturis
1291 5196 1661 5273 facultatum...
1689 5197 1766 5273 _d_e
1800 5196 2003 5273 crucia-

397 5266 541 5327 iibus
556 5266 822 5325 uulnerum
833 5311 847 5334 ,
861 5270 924 5324 de
936 5266 1226 5324 amisaioue
1241 5284 1511 5323 carorum.
1537 5267 1807 5322 Arnobius
1832 5266 1919 5321 lib.
1944 5281 2005 5331 ιι,

399 5361 462 5399 ιι.
495 5341 567 5398 98
594 5360 606 5395 :
637 5342 859 5397 Amissis
880 5342 1170 5410 pignorum.
1198 5340 1403 5395 Seneca
1426 5338 1493 5391 ad
1518 5338 1766 5410 Marciam
1794 5353 1917 5407 cap.
1936 5339 1966 5391 Ἰ
1989 5354 2003 5389 :

402 5413 496 5471 Es:
539 5412 797 5479 discessu,
839 5409 948 5467 non,
970 5412 1137 5471 solum
1163 5412 1456 5465 amissione
1483 5409 1883 5465 carissimorum
1914 5426 2007 5462 ne-

401 5486 664 5541 cessarius
690 5500 887 5539 morsus
912 5493 1004 5538 est.
1034 5481 1154 5552 Ipse
1184 5482 1375 5537 Cicero
1404 5481 1497 5536 1ι1).
1531 5497 1589 5536 ιιι
1642 5480 1744 5535 011.
1778 5495 1896 5552 cap.
1932 5480 1966 5534 ὅ
1992 5497 2004 5532 :

402 5556 650 5613 Amissio
669 5556 962 5613 liberorum.
984 5551 1408 5624 propinquorum,
1430 5554 1732 5616 amicorum;
1746 5564 1799 5605 et
1815 5551 1909 5624 lib.
1928 5566 2008 5616 ιιι,

402 5628 571 5684 Tusc.
601 5643 653 5683 c.
685 5628 776 5687 50.
807 5642 889 5696 pr.
937 5626 994 5680 In
1038 5623 1189 5690 Lips.
1226 5625 1397 5679 altero
1435 5624 1648 5696 legitur,
1696 5624 1760 5677 ab
1804 5623 2011 5677 interitu

404 5698 786 5770 amissioneque
806 5713 1065 5770 carorum.
1099 5697 1379 5752 Bassum.

496 5762 739 5839 Ventri.
789 5768 1045 5831 Omnium
1094 5784 1231 5860 pene
1279 5782 1415 5841 mss.
1465 5776 1520 5843 et
1573 5765 1839 5839 editorum
1893 5772 2008 5843 est;

2083 2697 2324 2775 scripti_l
2355 2698 2490 2753 Bon.
2519 2698 2715 2768 antiq.,
2744 2697 2769 2752 1
2800 2697 2957 2754 Colb.
2986 2709 3041 2756 et
3061 2702 3095 2758 5
3123 2700 3252 2757 editi
3280 2702 3486 2775 legunt,
3516 2720 3687 2762 verse-

2085 2778 2203 2839 tur_;
2232 2770 2254 2822 1
2284 2770 2420 2839 lieg.
2445 2784 2583 2837 rec.,
2610 2780 2827 2823 veretur.

2155 2837 2392 2918 Eamque
2416 2858 2465 2918 _a
2509 2857 2570 2918 se
2603 2856 2712 2918 esse
2736 2851 3050 2910 superatam.
3098 2843 3226 2918 Mss.
3259 2846 3294 2900 5
3330 2845 3489 2917 Reg.,
3515 2847 3646 2918 Lips
3678 2892 3693 2915 ,

2083 2911 2265 2987 Coth.‘
2283 2922 2339 2966 et
2365 2910 2728 2987 edit._Cellar.
2760 2921 2935 2981 posta
2961 2931 3014 2967 se
3054 2915 3259 2970 addunt
3293 2910 3514 2985 semper,
3545 2910 3690 2987 quod

2086 2983 2267 3040 caueri
2299 2998 2428 3036 mss.
2461 2984 2591 3038 editi
2620 2992 2881 3052 respuunt
2900 3024 2917 3049 ,
2943 3000 3116 3055 neque
3145 2983 3515 3044 necessarium
3540 2983 3694 3046 vide-

2090 3066 2196 3121 tur,
2222 3069 2346 3130 _c_um
2372 3057 2878 3130 moxhprtccesyrit.
2915 3056 3045 3130 Vide
3061 3067 3117 3112 et
3137 3058 3697 3130 Tusculamquanstim

2088 3125 2460 3203 nes‘Ciceron.
2491 3126 2583 3179 lib.
2602 3141 2650 3203 “v
2672 3145 2685 3180 :
2710 3124 2966 3197 Occupavi
2986 3132 3260 3203 te,inquit,
3291 3124 3522 3203 fortuna,
3544 3142 3699 3203 atque

2088 3198 2220 3267 cepi,
2244 3213 2511 3266 onmesque
2541 3198 2715 3273 [ditus
2741 3208 2854 3253 tuos
2883 3200 3108 3261 exclusi,
3137 3198 3193 3254 ut
3233 3198 3301 3255 ad
3338 3219 3418 3256 me
3465 3198 3699 3273 aspirare

2089 3286 2192 3343 non
2236 3285 2520 3343 poss_es._—-
2544 3268 2776 3335 Eamque
2818 3287 2850 3322 a
2896 3287 2951 3324 se
2993 3288 3191 3341 semper
3234 3289 3343 3327 esse
3379 3268 3693 3343 superatam.

2088 3338 2238 3414 Lips.
2257 3351 2312 3394 et
2332 3338 2495 3414 Goth.
2516 3356 2715 3414 semper
2742 3342 3088 3408 interserunt,
3103 3338 3266 3412 quam
3285 3345 3373 3398 alit
3397 3338 3695 3414 negligunt,

2089 3411 2269 3465 forsan
2299 3411 2443 3479 quod
2489 3412 2769 3481 repetitam
2815 3428 2880 3465 ex
2928 3411 3299 3481 superioribus
3327 3411 3694 3472 crediderunt.

2092 3482 2203 3538 Nec
2227 3497 2357 3537 vero
2376 3482 2581 3552 ingrata
2604 3482 2874 3552 repetitio,
2893 3493 2985 3537 aut
3004 3499 3033 3537 a
3055 3486 3216 3610 genii;
3236 3488 3473 3540 auctoris
3497 3487 3691 3543 aliena.

3220 3572 3453 3610 usuusu.

3220 3572 3453 3611 UNEIA‘N.

2160 3623 2357 3693 Inquit.
2392 3623 2537 3678 Idem
2559 3621 2752 3679 Cicero
2780 3623 2833 3678 in
2856 3622 3174 3693 fragmentis
3199 3628 3267 3682 de
3288 3627 3692 3685 Consolatione.

2161 3694 2229 3749 Et
2256 3712 2466 3748 "trinum
2509 3695 2657 3750 tollo.
2690 3695 2764 3749 Ita
2815 3696 3101 3765 legendum
3146 3707 3231 3753 est
3269 3714 3335 3753 ex
3371 3714 3502 3754 mss.
3530 3710 3586 3755 et
3624 3716 3696 3757 ex

2089 3767 2209 3837 ipso
2247 3765 2525 3821 Cicerone.
2559 3766 2766 3821 'I‘heod.
2793 3766 3059 3821 Canterus
3098 3770 3169 3823 ita
3209 3772 3464 3825 correxit.
3498 3770 3574 3825 Ita
3604 3772 3700 3826 ha-

2089 3838 2222 3894 bent
2251 3838 2382 3893 edit.
2408 3838 2692 3906 antiquiss.
2720 3839 2875 3891 Rom.
2904 3838 3066 3903 M70,
3085 3839 3362 3896 etVeneta
3383 3842 3543 3902 1490.
3568 3842 3700 3899 editi

2088 3910 2294 3979 legunt,
2325 3925 2386 3962 en
2417 3925 2625 3962 manum
2666 3907 2810 3963 tollo.
2844 3909 2946 3976 Qui
2987 3911 3383 3979 superabantur
3422 3927 3489 3968 ac
3527 3915 3702 3969 victos

2091 3998 2153 4052 se
2180 3980 2566 4049 agnoscebant,
2600 3995 2820 4052 manum
2846 3981 3048 4052 dabapt
3072 3999 3084 4034 :
3110 3980 3234 4036 hinc
3257 3982 3448 4052 Virgil.
3482 3984 3577 4038 lib.
3624 3999 3700 4040 xu

2090 4051 2309 4109 Aineid.
2340 4052 2545 4105 tendere
2570 4053 2770 4123 palmas
2793 4051 2943 4106 dixit.
2970 4049 3163 4107 Cicero
3194 4053 3246 4107 in
3276 4049 3444 4110 LaVIio
3464 4096 3479 4121 ,
3513 4056 3581 4109 ad
3610 4072 3703 4110 eat-

2091 4135 2308 4250 igegnltlnt
2331 4124 2424 4249 die;
2436 4139 2639 4189 manus,
2665 4123 2896 4193 vincique
2916 4138 2970 4176 se
2991 4127 3233 4194 patiatur.
3263 4124 3396 4180 Item
3420 4126 3696 4182 'I‘heocrit.

2146 4214 2156 4249 ι
2202 4212 2228 4250 v
2277 4210 2325 4248 to
2431 4234 2442 4247 .

2122 4195 2325 4249 Bidvllio
2351 4195 2442 4249 25.

2170 4212 2553 4334 iaceat
2571 4267 2595 4320 ?
2612 4263 2666 4319 Id
2690 4273 2792 4330 est,
2822 4265 2900 4320 sic
2926 4264 3189 4332 abiectus,
3219 4264 3475 4331 amictus,
3502 4266 3703 4323 fractus

2097 4337 2187 4392 sit.
2228 4335 2653 4408 UndeCiceroni
2681 4336 3093 4408 sajpeaﬂiictus
3138 4346 3196 4408 et
3224 4337 3443 4406 jacens,
3474 4339 3702 4408 abjeetus

2017 4402 2075 4463 D
2099 4418 2144 4464 et
2154 4410 2359 4480 jacens,
2377 4407 2696 4477 junguntur.
2715 4396 2873 4461 citur.
2893 4396 3047 4462 [εει.
3066 4407 3133 4461 de
3151 4396 3306 4480 Mo'rt:
3331 4396 3483 4462 Pera.
3507 4396 3625 4479 cap.
3646 4411 3699 4466 1.

3275 4478 3558 4535 Βυηιιιιη.

2172 4549 2367 4618 Inquit.
2398 4548 2488 4605 Sic
2526 4563 2717 4603 omnes
2759 4562 2889 4604 mss.
2934 4558 2991 4604 et
3029 4556 3242 4605 veteres
3288 4551 3414 4606 edd.
3459 4552 3617 4608 Rom.
3651 4561 3707 4607 et

2096 4622 2271 4678 Paris.
2304 4621 2500 4690 vulgati
2532 4620 2599 4674 12
2624 4620 2811 4688 inquis.

2171 4691 2339 4747 Datis.
2365 4694 2594 4748 Secutus
2623 4708 2739 4745 sum
2773 4692 3034 4745 librorum
3059 4705 3189 4746 mss.
3215 4707 3351 4760 pene
3378 4697 3620 4749 omnium
3651 4702 3708 4749 et

2101 4766 2425 4834 Oplilltttrtttll
2449 4763 2841 4818 auctoritatem.
2856 4762 3105 4832 Quinque
3132 4765 3491 4819 recentissimi
3508 4765 3710 4820 habent

2103 4838 2230 4899 dat;
2261 4837 2284 4889 1
2313 4835 2458 4905 Lips.
2486 4837 2608 4889 data
2636 4851 2784 4897 sum;
2805 4835 2842 4887 2
2869 4835 3003 4905 Reg.
3035 4846 3239 4891 recent.
3267 4845 3322 4892 et
3350 4837 3376 4892 1
3406 4836 3560 4892 Colb.
3581 4850 3704 4891 cum

2103 4908 2260 4964 editis
2288 4912 2495 4961 dantur.
2523 4906 2640 4961 Non
2672 4907 2831 4961 male.
3444 4948 3447 4951 ς

2180 4977 2281 5045 Qui
2303 4980 2487 5042 sapiat.
2530 4979 2764 5046 Reposui
2803 4992 2868 5033 ex
2910 4978 3162 5033 omnibus
3191 4993 3323 5033 mss.
3355 4986 3411 5034 et
3435 4976 3706 5048 plerisque

2105 5049 2281 5107 editis.
2310 5050 2535 5105 (ia-teris
2556 5052 2783 5119 vulgatis
2803 5057 2907 5114 est,
2938 5051 3095 5120 sapit.

2176 5120 2349 5174 Facit.
2378 5120 2434 5175 In
2467 5121 2784 5190 quibusdam
2807 5121 3152 5184 editionibus,
3182 5119 3360 5189 faciat.

2178 5192 2448 5263 A/ﬁngere.
2469 5188 2720 5247 Omnium
2745 5194 2855 5247 fere
2885 5207 3014 5246 mss.
3048 5202 3129 5245 est
3159 5188 3213 5263 et
3237 5188 3704 5263 edition._Vuigat.

2107 5259 2703 5319 accedentiliusi’sColb.
2720 5265 2771 5317 in
2793 5265 2986 5333 quibus
3009 5271 3093 5317 est
3108 5261 3307 5331 a/ﬁgere
3321 5273 3455 5325 ;ms.
3476 5259 3707 5319 Torties.

2109 5336 2374 5405 attingere.
2407 5335 2618 5406 Vulgati
2645 5338 2824 5403 legunt
2846 5333 3097 5406 eﬁingere.

2181 5400 2543 5478 Anaxagoras:
2567 5416 2673 5461 etc.
2697 5400 2829 5460 Haec
2854 5400 3101 5457 videntur
3127 5416 3204 5478 ex_
3222 5400 3398 5478 primo
3425 5404 3713 5478 Academi-

2111 5494 2296 5534 corum
2336 5474 2615 5532 C'iceronis
2643 5479 2923 5543 desumpta
2963 5489 3116 5538 esse,
3157 5474 3245 5528 ubi
3273 5475 3341 5528 dc
3365 5477 3715 5533 Academico-

2111 5565 2231 5605 rum
2269 5549 2594 5608 ἀκαταληώία
2638 5545 2844 5603 scribit.
2882 5545 3052 5600 Verba
3080 5544 3360 5601 Ciceronis
3395 5557 3555 5601 sunt:
3584 5547 3713 5601 Tum

2112 5638 2227 5690 eae.
2257 5639 2373 5675 cum
2393 5621 2615 5685 Zenone,
2647 5620 2881 5690 inquam,
2907 5629 2963 5674 ut
2984 5620 3270 5682 accepimus
3288 5659 3303 5684 ,
3331 5616 3583 5690 Arcesilas
3620 5619 3715 5690 sibi

2114 5685 2261 5766 antae
2283 5706 2539 5766 certamen
2565 5685 2783 5766 instituit
2807 5731 2825 5766 _,
2849 5708 2958 5766 non
2974 5691 3271 5766 pertinacia
3299 5699 3390 5741 aut
3416 5689 3586 5766 studio
3606 5688 3717 5741 ιιῦιι-

2115 5765 2262 5835 ρεηάὲ
2285 5765 2364 5843 (ut
2393 5765 2518 5824 min
2539 5763 2746 5843 quidem
2770 5755 3003 5836 videtury
3027 5761 3115 5820 sed
3138 5775 3318 5821 earum
3340 5770 3515 5814 rerum
3538 5755 3720 5831 aitqu-
