4154 6196
429 273 540 332 439

1510 269 1694 326 FIRM.
1737 263 2100 324 LAC'I‘ANTII
2147 261 2349 320 DIVIN.
2397 263 2639 322 INSTIT.

3633 248 3742 305 “0

433 403 707 466 tamquam
735 395 808 449 illi
836 392 902 448 ad
941 390 1287 462 cogitandum
1318 389 1484 444 rbeda
1511 397 1567 442 et
1589 385 1866 457 quadrigis
1897 397 2032 454 opus
2062 385 2111 444 A
2137 395 2232 436 eos
2262 379 2534 450 homines,
2559 383 2652 455 qui
2683 397 2784 438 suo
2827 381 2932 437 sibi
2969 377 3149 451 gladio
3171 372 3434 466 pereunt?
3473 367 3613 466 Quid
3657 367 3741 422 la-

436 499 602 544 esset.
637 485 970 543 Democritus
1016 484 1168 555 quasi
1214 483 1267 538 in
1315 493 1478 553 puteo
1526 480 1676 555 (Vid.
1720 480 1826 535 Cic.
1875 478 2038 533 Acad.

434 595 555 650 cap.
585 577 675 650 l2)
703 577 934 649 quodam
970 578 1048 632 sic
1076 576 1185 630 aito
1207 618 1220 641 ,
1253 585 1304 629 ut
1339 573 1534 628 fundus
1558 573 1629 627 sit
1656 571 1870 636 nullus,
1903 569 2043 624 veri-

438 680 603 728 tatem
630 671 814 742 jacere
841 671 1177 733 demersam;
1211 668 1460 722 nimirum
1493 665 1686 730 stulte,
1723 673 1779 718 ut
1822 671 2038 718 caetera.

438 764 557 820 Non
587 764 1016 834 enimtamquam
1041 763 1092 816 in
1120 771 1278 831 puteo
1306 760 1555 814 demersa
1584 758 1784 812 veritas
1805 764 1908 821 est,
1936 768 2044 824 quo

438 859 526 915 vel
551 857 906 920 descendere,
935 856 1020 912 vel
1052 856 1215 912 etiam
1239 853 1435 909 cadere
1458 851 1532 905 illi
1558 850 1770 912 licebat,
1785 848 1879 903 sed
1908 857 2044 902 tam—

436 967 600 1023 quam
628 951 682 1006 in
712 965 924 1006 summo
955 949 1153 1004 montis
1183 944 1386 1001 excelsi
1413 943 1638 1007 vertice,
1663 941 1751 995 vel
1774 939 1949 1010 potius
1991 939 2044 991 in

437 1045 604 1106 caelo,
635 1044 776 1116 quod
810 1054 892 1099 est
917 1042 1282 1098 verissimum.
1314 1037 1452 1107 Quid
1482 1037 1624 1092 enim
1656 1044 1738 1091 est
1761 1077 1777 1101 ,
1804 1049 1901 1088 cur
1924 1047 2044 1088 eam

445 1132 625 1202 potius
652 1131 706 1185 in
732 1131 897 1184 imum
926 1129 1238 1197 depressam
1268 1125 1668 1193 diceret,quam
1697 1121 1750 1176 in
1773 1133 2044 1174 summum

441 1223 715 1278 levatam?
755 1222 856 1277 nisi
900 1221 1039 1276 forte
1079 1227 1313 1274 mentem
1356 1230 1573 1286 quoque
1606 1216 1658 1268 in
1685 1211 2050 1284 pedibus,aut

439 1317 492 1370 in
530 1316 652 1370 imis
691 1313 930 1369 calcibus
953 1312 1287 1368 constituere
1319 1308 1554 1364 malebat
1581 1305 1780 1377 potius,
1803 1317 1966 1376 quam
1992 1303 2045 1358 in

440 1417 682 1478 pectore,
710 1416 803 1461 aut
824 1407 874 1460 in
899 1406 1096 1476 capite.

513 1500 666 1556 Adeo
718 1497 1065 1555 remotissimi
1119 1497 1336 1553 fuerunt
1389 1495 1458 1550 ab
1507 1494 1621 1564 ipsa
1666 1492 1940 1556 veritate,
1991 1497 2050 1544 ut

445 1610 540 1651 eos
569 1609 640 1650 ne
667 1603 840 1650 status
865 1593 1080 1664 quidem
1100 1592 1180 1646 sui
1207 1589 1455 1660 corporis
1471 1587 1808 1646 admoneret,
1844 1583 2046 1640 verita-

445 1697 552 1743 tem
588 1689 638 1741 in
669 1699 881 1741 summo
911 1685 1023 1739 illis
1049 1698 1171 1738 esse
1199 1680 1571 1752 quaerendam.
1602 1679 1679 1735 Ex
1711 1679 1810 1732 hac
1847 1677 2046 1747 despe-

2145 472 2326 540 bores,
2359 483 2414 528 ut
2437 489 2532 530 eos
2562 475 2832 542 destruas,
2857 471 2995 545 quos
3023 486 3116 526 sua
3157 469 3302 539 ipsos
3324 463 3554 520 destruit
3578 470 3742 531 atque

2145 565 2311 621 allicit
2353 567 2567 622 oratio?
2612 566 2954 633 Aristoteles,
3006 562 3179 634 inquit
3205 560 3397 616 Cicero
3419 558 3502 629 (Ill
3531 552 3738 624 Tusc.),

2147 667 2360 712 veteres
2403 658 2754 729 philosophos
2783 671 3070 720 accusans,
3098 655 3174 708 ait
3218 666 3314 707 eos
3353 659 3445 706 aut
3485 645 3746 702 stultissi-

2147 762 2284 812 mos,
2335 759 2430 804 aut
2477 749 2904 820 gloriosissimos
2949 749 3154 812 fuisse,
3207 744 3298 814 qui
3343 739 3746 798 existimassem

2149 841 2540 914 philoSOpbiam
2599 844 2712 899 suis
2771 841 2996 912 ingeniis
3051 837 3386 910 perfectam:
3429 831 3526 888 sed
3555 845 3616 888 se
3661 832 3745 885 vi-

2147 936 2299 1004 dere,
2334 937 2478 1009 quod
2506 936 2693 1007 paucis
2719 935 2877 992 annis
2905 947 3096 1005 magna
3126 929 3369 987 accessio
3403 926 3544 982 facta
3575 931 3743 989 esset,

2147 1028 2300 1084 brevi
2328 1038 2570 1100 tempore
2617 1027 3022 1100 philosophiam
3054 1025 3213 1095 plane
3254 1020 3555 1076 absolutam
3603 1015 3745 1071 fore.

2147 1121 2302 1189 Quod
2326 1123 2484 1192 igitur
2511 1121 2612 1177 fuit
2635 1121 2763 1178 illud
2789 1119 3043 1191 tempus?
3070 1133 3178 1190 quo
3197 1117 3387 1173 more?
3415 1111 3635 1184 quando
3663 1118 3749 1165 est

2149 1223 2292 1269 auta
2321 1217 2516 1286 quibus
2561 1214 2852 1270 absoluta?
2895 1212 3029 1269 Nam
3089 1210 3236 1283 quod
3275 1208 3350 1263 ait
3401 1204 3748 1263 stultissimos

2153 1307 2342 1373 fuisse,
2375 1308 2466 1379 qui
2500 1315 2779 1377 putassent
2801 1307 3030 1377 ingeniis
3055 1305 3169 1360 suis
3197 1300 3489 1374 perfectam
3515 1312 3637 1354 esse
3657 1311 3747 1352 sa-

2149 1400 2428 1470 pientiam,
2453 1413 2640 1454 verum
2668 1405 2750 1454 est
2779 1417 2791 1451 :
2827 1397 2922 1453 sed
2951 1411 3019 1452 ne
3054 1395 3169 1466 ipse
3211 1391 3429 1465 quidem
3459 1388 3590 1445 satis
3621 1403 3750 1459 prn-

2148 1493 2357 1559 denter,
2409 1493 2498 1564 qui
2535 1503 2627 1548 aut
2664 1507 2694 1548 a
2734 1491 3010 1546 veteribus
3061 1496 3334 1558 coeptam,
3375 1493 3470 1540 aut
3516 1497 3548 1536 a
3595 1481 3748 1536 novis

2149 1595 2381 1653 auctam,
2407 1595 2501 1641 aut
2528 1601 2652 1642 mox
2679 1601 2707 1639 a
2741 1583 3136 1657 posterioribus
3170 1579 3468 1652 perfectum
3497 1577 3562 1632 iri
3597 1583 3749 1646 puta-

2148 1681 2245 1735 vit.
2276 1679 2560 1750 Nunquam
2583 1680 2730 1734 enim
2761 1688 2937 1750 potest
2957 1675 3294 1748 investigari,
3327 1670 3470 1743 quod
3501 1683 3606 1726 non
3652 1682 3747 1738 per

444 1779 660 1833 ratione
691 1776 961 1832 confessio
989 1775 1080 1829 illa
1110 1774 1350 1830 Socratis
1374 1782 1496 1826 nata
1529 1779 1636 1836 est,
1660 1785 1762 1840 qua
1801 1783 1860 1824 se
1905 1767 2040 1822 nihil
2071 1765 2119 1826 B
2147 1774 2286 1830 viam
2316 1787 2468 1829 suam
2497 1772 2778 1844 quaeritur.

444 1870 588 1926 scire
625 1869 793 1933 dixit,
841 1867 940 1921 nisi
974 1867 1076 1920 hoc
1125 1880 1313 1930 unum,
1352 1865 1496 1934 quod
1523 1862 1652 1916 nihil
1700 1861 1852 1915 sciat.
1907 1858 2042 1914 l-linc

444 1959 755 2018 Academiae
800 1957 1086 2028 disciplina
1135 1955 1405 2020 manavit;
1455 1954 1500 2009 si
1549 1962 1725 2007 tamen
1760 1950 2040 2020 disciplina

443 2055 549 2110 dici
592 2062 792 2124 potest,
825 2053 877 2108 in
907 2068 1009 2122 qua
1060 2049 1326 2121 ignoratio
1352 2058 1407 2104 et
1451 2047 1683 2103 discitur
1711 2054 1766 2101 et
1791 2044 2038 2100 docetur.

447 2145 558 2204 Sed
589 2161 654 2202 ne
676 2146 752 2202 illi
785 2145 1025 2216 quidem,
1058 2145 1148 2214 qui
1177 2144 1456 2199 scientiam
1481 2141 1580 2196 sibi
1607 2151 2038 2208 assumpserunt,

447 2239 500 2295 id
531 2240 729 2311 ipsum,
762 2238 902 2309 quod
940 2254 998 2293 se
1029 2238 1172 2294 scire
1203 2235 1478 2307 putabant,
1510 2243 1824 2290 constanter
1853 2232 2041 2287 delen-

445 2331 578 2386 dere
624 2341 932 2400 potuerunt.
986 2328 1108 2396 Qui,
1162 2329 1418 2398 quoniam
1465 2327 1605 2382 ratio
1631 2327 1739 2381 illis
1771 2340 1876 2380 non
1905 2339 2041 2396 qua-

447 2422 671 2488 drabat,
705 2439 802 2492 per
827 2423 1182 2493 ignorantiam
1229 2437 1409 2477 rerum
1465 2420 1766 2476 divinarum
1802 2431 1908 2473 tam
1954 2435 2046 2472 va-

453 2517 544 2582 rii,
576 2525 681 2570 tam
717 2515 907 2570 incerti
940 2514 1176 2579 fuerunt,
1208 2514 1416 2584 sibique
1461 2528 1606 2582 saepe
1637 2511 1902 2568 contraria
1929 2509 2044 2566 dis.

447 2619 712 2676 serentes,
746 2620 804 2663 nt
832 2609 956 2678 quid
986 2609 1268 2673 sentirent,
1295 2606 1421 2678 quid
1448 2606 1667 2668 vellent,
1702 2615 1946 2660 smtnere
1974 2619 2038 2658 ac

461 2701 761 2772 dijudicare
786 2716 892 2757 non
929 2701 1124 2771 possis.
1171 2699 1309 2768 Quid
1357 2699 1517 2770 igitur
1555 2711 1758 2769 pugnes
1785 2697 2044 2752 adversus

2718 1883 2949 1941 CAPUT
2972 1881 3168 1939 XXIX.

2513 2020 2590 2076 De
2627 2026 2839 2092 fortuna
2869 2021 3053 2075 iterum
3079 2027 3124 2072 et
3151 2019 3352 2073 virtute.

2220 2134 2326 2191 Sed
2358 2144 2668 2206 repetamus
2709 2133 2760 2189 id
2799 2133 2943 2205 quod
2974 2131 3281 2188 omisimus.
3332 2131 3569 2187 Fortuna
3615 2145 3747 2202 ergo

2149 2243 2243 2300 per
2263 2243 2321 2284 se
2344 2228 2473 2284 nihil
2503 2238 2606 2294 est;
2632 2243 2730 2284 nec
2749 2229 2828 2283 sic
2854 2225 3163 2283 habendum
3189 2234 3292 2292 est,
3319 2235 3587 2296 tamquam
3604 2222 3673 2278 sit
3695 2223 3748 2278 in

2146 2325 2330 2395 aliquo
2354 2339 2540 2380 sensu.
2575 2323 2854 2394 Siquidem
2880 2323 3093 2378 fortuna
3139 2330 3222 2377 est
3263 2319 3625 2376 accidentium
3653 2334 3741 2374 re-

2151 2434 2270 2474 rum
2298 2418 2509 2474 subitus
2536 2427 2697 2488 atque
2721 2416 3031 2486 inopinatus
3061 2423 3309 2470 eventus.
3351 2412 3550 2469 Verum
3576 2411 3752 2484 philo-

2153 2509 2334 2580 sophi,
2383 2526 2450 2565 ne
2481 2507 2774 2581 aliquando
2809 2523 2916 2564 non
2955 2516 3161 2575 errent,
3191 2508 3245 2562 in
3276 2522 3335 2562 re
3365 2505 3530 2561 stulta
3562 2504 3754 2560 volunt

2154 2617 2274 2656 esse
2304 2603 2607 2672 sapientes;
2639 2602 2727 2673 qui
2758 2600 2988 2655 fortuna!
3027 2613 3216 2655 sexum
3262 2606 3494 2665 mutant,
3524 2611 3753 2669 eamque

2155 2710 2261 2750 non
2318 2695 2472 2751 deam
2501 2738 2517 2763 ,
2570 2695 2710 2750 sicut
2748 2695 2970 2766 vulgus,
3025 2692 3121 2749 sed
3169 2693 3331 2749 deum
3379 2705 3500 2746 esse
3542 2688 3746 2746 dicunt.

1782 2810 2137 2870 VARIORUM
2165 2810 2396 2867 NOTAE.

449 2934 602 2986 ritate
623 2973 638 2996 ,
661 2947 775 3003 qua:
816 2932 886 2985 ad
934 2931 1300 2999 confessionem
1349 2929 1712 3003 ignoratiouis_
1729 2925 2054 3003 adduserunt
2081 2924 2128 2988 C
2163 2926 2238 3003 t_io
2268 2925 2340 2980 sit
2365 2926 2604 3003 omnium
2633 2924 2804 3003 ferme
2825 2932 2880 2978 et
2915 2924 3239 3003 optimorum
3269 2936 3398 2976 mss.
3424 2921 3668 2977 codicum
3700 2921 3753 2975 iu

452 2997 718 3058 Socratem
738 3045 752 3068 ,
781 3013 826 3056 et
859 3003 1011 3056 veluti
1034 2997 1288 3054 amantes
1343 2997 1642 3062 Socratem,
1675 2997 2054 3060 Democritum,

454 3075 821 3143 Anaxagoram
848 3115 862 3137 ,
914 3072 1274 3140 Empedoclem
1302 3112 1316 3135 ,
1340 3087 1518 3143 omnes
1556 3086 1682 3143 pene
1718 3079 1904 3143 veteres
1927 3109 1942 3133 ,
1968 3071 2058 3143 qui

457 3145 590 3198 nihil
616 3139 874 3216 cognosci,
899 3139 1263 3216 nihilpercipi,
1295 3141 1428 3216 nihil
1447 3142 1567 3216 sciri
1606 3156 1752 3216 posse
1779 3139 2058 3216 disserunt}

453 3209 700 3284 angustos
729 3231 925 3275 sensus,
948 3209 1240 3284 imliecillos
1271 3212 1488 3275 animos,
1515 3209 1682 3265 breuia
1704 3209 1900 3284 circula
1921 3211 2056 3274 vitm,

452 3296 501 3339 et
519 3283 595 3355 (ut
623 3283 966 3352 Democritus)
991 3285 1042 3337 in
1071 3283 1326 3355 profundo
1351 3289 1606 3355 veritatem
1631 3299 1734 3355 esse
1754 3283 2055 3355 demersam.

457 3352 567 3410 iloc
597 3355 866 3422 posterius
884 3357 1074 3425 legitur
1099 3354 1260 3410 etiam
1289 3355 1340 3407 in
1368 3354 1706 3425 altero.quod
1725 3363 1891 3417 extat,
1919 3352 2060 3406 Aca-

457 3426 788 3482 detnicarutn
816 3423 1018 3495 Qum—St.
1045 3425 1348 3496 fragmento
1368 3443 1388 3496 7:
1428 3423 1687 3478 Naturam
1712 3440 1917 3489 accusa,
1949 3439 2063 3492 qua:

451 3499 509 3551 in
558 3498 814 3568 profundo
843 3495 1210 3563 veritatem,’ut
1241 3498 1311 3548 ait
1353 3495 1674 3550 Democritus
1695 3537 1710 3561 ,
1743 3499 1942 3564 penitus
1967 3496 2061 3549 ab-

455 3571 708 3624 struserit.
745 3569 950 3624 BETUL.

529 3639 596 3693 In
629 3651 777 3708 puteo
808 3640 1037 3695 demersa
1078 3639 1282 3692 veritas.
1317 3636 1392 3691 ita
1439 3651 1560 3692 cum
1609 3647 1716 3692 vet.
1761 3635 1795 3692 8
1844 3638 2064 3692 excusis

457 3708 642 3766 ferunt
665 3712 840 3766 Cuncti
875 3727 1006 3764 mss.
1039 3717 1236 3780 pra-ter
1267 3711 1401 3762 duos
1435 3709 1567 3776 Reg.
1602 3724 1714 3764 rec.
1747 3711 1835 3778 qui
1865 3708 2067 3780 habent

457 3783 513 3835 in
569 3791 796 3851 puteum.
853 3782 957 3837 Sed
1013 3778 1068 3834 ct
1117 3780 1255 3851 apud
1311 3780 1624 3833 Ciceroneni
1688 3795 1704 3833 t
1754 3778 2064 3851 .‘tcadetnic.

456 3849 686 3920 Quaest,
735 3868 854 3920 cap.
909 3851 1008 3913 l2,
1056 3850 1280 3906 effertur
1323 3860 1482 3905 sexto
1528 3865 1654 3904 casu
1691 3868 1702 3902 :
1745 3849 2066 3904 Democritus

461 3922 614 3983 dixit,
637 3923 689 3974 in
713 3923 970 3990 profundo
991 3923 1250 3975 veritatem
1274 3939 1380 3974 esse
1401 3922 1702 3975 demersam.

533 3991 601 4046 In
650 4010 847 4047 summo
889 3991 1014 4046 illis.
1061 3991 1286 4046 Veteres
1335 3991 1600 4046 editiones
1645 3992 1828 4062 legunt
1871 3991 1976 4046 illis
2011 3992 2063 4045 in

461 4079 659 4118 summo
668 4105 680 4118 .

538 4133 658 4188 Nisi
709 4133 804 4186 hoc
847 4149 1022 4186 unum.
1066 4131 1207 4186 Istud
1242 4132 1362 4186 vide
1392 4133 1532 4202 apud
1573 4133 1709 4188 Plat.
1748 4135 1802 4187 in
1837 4134 2062 4203 Apolog.

462 4205 720 4260 Phaedon.
738 4203 942 4258 Criton.
967 4217 1017 4257 et
1037 4205 1172 4273 apud
1189 4205 1363 4258 Cicer.
1382 4221 1396 4258 ι
1416 4205 1576 4258 Acad.
1599 4215 1788 4274 quzcst.
1809 4205 1929 4260 sub.
1948 4207 2062 4260 init.

538 4276 708 4345 Swpe.
742 4276 869 4330 Mss.
896 4277 927 4329 6
960 4291 1068 4330 rec.
1108 4291 1324 4344 semper.

538 4348 677 4414 Quid
704 4353 969 4410 sentirent,
1000 4346 1121 4417 quid
1152 4347 1351 4400 vellent.
1384 4345 1511 4400 Mss.
1535 4416 1538 4417 ν
1559 4347 1624 4402 10
1654 4361 1764 4400 rec.
1785 4361 1906 4400 cum
1932 4347 2062 4402 edit.

459 4417 660 4483 Betnl.,
688 4418 812 4488 quid
839 4420 1078 4481 sentiant,
1111 4418 1236 4488 quid
1273 4418 1447 4472 velint.
1502 4416 1626 4474 MSS.
1659 4417 1900 4485 Cotton.,
1933 4421 2055 4488 quid
2083 4425 2138 4485 1)

459 4490 646 4545 sentire
664 4490 865 4542 vellent.

537 4559 796 4613 Statuere.
831 4560 921 4614 Sic
948 4560 1309 4630 antiquissimi
1329 4559 1545 4614 codices
1575 4558 1810 4624 Bonon.,
1837 4560 1870 4614 '5
1895 4559 2054 4630 Reg.,

460 4626 649 4702 Cane”
677 4631 712 4686 5
742 4630 915 4684 Oxon.
948 4626 1273 4702 cuin'eilitis
1302 4644 1444 4686 oeto.
1489 4630 1841 4685 lieeentiores
1871 4626 2055 4702 scripti

461 4699 536 4756 25
561 4714 682 4755 cum
707 4710 810 4754 vet.
839 4701 1116 4770 impressis
1144 4702 1177 4756 8
1205 4701 1381 4755 ferunt
1403 4703 1529 4754 satis
1551 4710 1795 4755 statuere.

535 4771 646 4826 Suo
680 4771 775 4824 sibi
806 4772 981 4842 gladio
1012 4783 1239 4838 pereunt.
1271 4771 1366 4825 Ms.
1401 4775 1423 4826 1
1472 4771 1710 4826 Clarom.
1745 4789 1773 4826 a
1819 4772 2056 4829 secunda

466 4857 672 4914 mamL,
706 4859 798 4896 suo
833 4859 940 4896 sese
965 4842 1139 4914 gladio
1180 4853 1522 4911 peremerunt.
1559 4843 1906 4898 l’roverbiunt
1936 4855 2054 4900 est:

459 4914 585 4970 vide
613 4910 836 4969 Terent.
865 4913 916 4967 in
943 4910 1215 4982 Adelphis.

537 4985 679 5053 Quos
729 5001 824 5039 sua
850 4985 989 5054 ipsos
1018 4985 1254 5039 destruit.
1286 4982 1364 5038 Ita
1405 4983 1584 5039 cuncti
1627 4983 1741 5042 fere
1770 5000 1902 5040 mss.
1933 5002 2056 5042 cum

461 5056 713 5111 omnibus
743 5071 880 5125 pene
914 5056 1091 5110 editis.
1136 5056 1194 5110 in
1227 5055 1395 5126 tribus
1435 5055 1592 5111 editis
1635 5066 1718 5112 est
1741 5057 1857 5126 ipsa
1897 5075 2058 5124 suos;

463 5128 518 5182 in
545 5128 761 5210 scriptis
792 5143 901 5182 rec.
935 5126 1134 5183 iColb.
1165 5134 1220 5182 et
1249 5125 1413 5182 Brun.
1457 5129 1572 5197 ipsa
1599 5145 1730 5196 sua;
1764 5125 1814 5184 in
1860 5130 1883 5184 1
1922 5130 2053 5200 Reg.

459 5215 600 5261 rec..
625 5216 721 5255 sua
740 5216 873 5269 ipsa.

536 5271 730 5350 Afﬁcit.
761 5270 870 5350 Sie_
899 5269 1109 5350 restitui
1145 5285 1214 5350 es
1246 5269 1463 5350 iop_t_imo
1506 5279 1558 5324 et
1601 5271 1892 5350 veterrimo
1950 5284 2052 5325 ms.

462 5338 810 5408 Regio-Put.,
838 5342 872 5396 5
901 5343 970 5396 al.
1005 5343 1159 5412 lieg.,
1182 5340 1216 5396 6
1241 5338 1398 5412 (Idib.
1423 5351 1738 5412 septemque
1759 5343 1900 5410 aliis,
1932 5357 2059 5396 nec-

465 5424 574 5482 non
603 5425 668 5464 ex
687 5419 790 5465 vet.
825 5414 954 5467 edit.
987 5409 1140 5467 Rom.
1180 5411 1336 5466 M70.
1371 5409 1569 5482 Scripti
1615 5409 1724 5467 tres
1751 5423 1804 5468 et
1831 5409 1958 5467 editi
1990 5413 2055 5466 M

463 5479 645 5556 ferunt
685 5482 911 5556 afﬂigit;
959 5485 981 5536 l
1038 5485 1184 5556 iteg.
1215 5497 1325 5556 rec.
1363 5479 1552 5556 inﬂigit
1591 5499 1610 5536 :
1641 5483 1735 5538 sed
1765 5493 1823 5539 et
1847 5483 2058 5556 afﬁcere

463 5550 786 5622 simpliciter
811 5553 1052 5607 Ciceroni
1082 5550 1137 5607 et
1162 5550 1632 5610 Columellaz'idem
1647 5562 1750 5621 est,
1765 5569 1828 5609 ac
1850 5550 2055 5619 reicere,

460 5622 685 5694 afﬂigere
731 5637 751 5676 :
788 5637 948 5694 quam
992 5636 1179 5678 vocem
1245 5624 1640 5681 substituerunt
1692 5625 1862 5697 ignari
1908 5641 2056 5682 ama-

459 5709 717 5750 nuenses.

449 5811 487 5834 ,.
529 5768 632 5820 Ant
653 5763 1001 5831 stultissimos,
1034 5771 1123 5820 aut
1149 5763 1541 5835 gloriosissimos
1568 5766 1742 5837 fuisse.
1787 5767 1910 5825 Haec
1939 5767 2050 5826 lec-

2163 2997 2193 3050 7
2219 3012 2328 3052 rec.
2362 3005 2416 3051 et
2443 2997 2476 3050 5
2505 2997 2732 3066 vulgatis
2760 3005 2948 3051 estaut
2968 2995 3236 3067 gloriosos.

2239 3067 2458 3136 Tempus
2476 3069 2501 3121 ?
2544 3064 2642 3134 quo
2697 3083 2835 3121 more
2857 3067 2883 3121 ?
2908 3064 3112 3138 quando
3134 3076 3224 3121 est.
3260 3064 3410 3138 Usus,
3430 3064 3603 3119 rarior
3633 3078 3756 3138 pro—

2161 3138 2277 3194 bari
2309 3133 2482 3208 potest
2506 3133 2571 3193 ex
2603 3139 2715 3192 Cic.
2767 3139 2858 3193 lib.
2889 3133 3141 3192 t'lnvent.
3189 3177 3205 3203 ,
3240 3151 3290 3192 c.
3343 3135 3435 3206 25,
3492 3151 3572 3205 pr.
3626 3133 3642 3190 ἐ
3687 3133 3754 3188 In

2162 3211 2296 3264 victu
2327 3209 2652 3265 considerare
2676 3219 2894 3278 Oportet,
2917 3209 3056 3279 apud
3083 3225 3209 3281 quos
3256 3218 3303 3262 et
3350 3223 3450 3278 quo
3501 3223 3657 3274 more,
3706 3216 3756 3260 et

2163 3282 2310 3349 cujus
2337 3283 2584 3337 arbitratu
2613 3282 2677 3335 sit
2703 3281 2965 3336 educatus.

2241 3351 2521 3418 Tamquam
2543 3354 2607 3406 sit
2628 3353 2682 3406 in
2699 3353 2868 3422 aliquo
2893 3369 3061 3422 sensu.
3091 3351 3255 3421 Lege,
3285 3359 3543 3416 tamquam
3565 3349 3630 3404 sit
3650 3350 3755 3404 illis

2165 3423 2352 3494 aliquis
2371 3441 2565 3479 sensus.
2583 3421 2832 3478 “suum.
2863 3421 3220 3494 —Tamquam
3235 3422 3368 3494 sitia
3391 3421 3561 3490 aliqua
3582 3436 3752 3494 sensu.

2167 3491 2298 3550 Sine
2327 3495 2906 3563 praepositioueCicero
2933 3494 2971 3548 Ι.
3002 3509 3037 3547 ιι
3080 3491 3150 3548 de
3167 3493 3284 3547 Nat.
3305 3491 3481 3557 deor.,
3509 3507 3626 3562 cap.
3651 3492 3750 3547 15:

2167 3565 2236 3619 Id
2261 3567 2454 3620 animal
2476 3576 2522 3620 et
2551 3582 2700 3620 sensu
2751 3567 3022 3630 acerrimo,
3065 3575 3112 3619 et
3170 3565 3449 3619 mobilitate
3491 3565 3754 3618 celerrima

2164 3653 2290 3692 esse.
2311 3637 2417 3692 Sed
2443 3645 2626 3691 notum
2654 3646 2759 3702 est,
2791 3647 2998 3691 veteres
3023 3651 3166 3704 saepe
3195 3637 3246 3689 in
3271 3636 3488 3690 addere.
3533 3635 3660 3690 Bos.

2242 3709 2348 3764 Sed
2369 3709 2519 3762 deum
2537 3724 2646 3763 esse
2662 3709 2855 3762 dicunt.
2875 3708 3027 3774 Quod
3049 3706 3352 3776 pliii0$0phi
3382 3706 3484 3761 hoc
3505 3708 3748 3774 fecerint,

2169 3780 2407 3834 nondum
2468 3781 2588 3850 legi.
2636 3779 2747 3834 Nisi
2799 3779 3042 3834 fortassis
3074 3778 3287 3850 Plutum
3334 3778 3620 3850 intelligas,
3661 3779 3753 3850 qui

2167 3851 2308 3916 apud
2350 3847 2627 3922 Aristoph.
2661 3859 2710 3922 et
2737 3851 2851 3919 ipse
2877 3865 3053 3922 czecus
3073 3849 3364 3922 inducitur.
3393 3847 3500 3922 Sed
3527 3848 3752 3922 Romani

2170 3922 2464 3976 Fortunam
2498 3920 2809 3985 niasculam,
2835 3930 2889 3976 et
2920 3921 3210 3976 Fortunam
3235 3921 3552 3976 muliebrem
3572 3920 3754 3975 eolue-

2171 4003 2316 4058 runt,
2351 4001 2408 4046 ut
2435 4007 2464 4044 a
2504 3991 2792 4046 Plutarcho
2820 3994 3080 4060 scriptum
3107 4003 3190 4046 est
3221 3994 3272 4045 in
3302 3992 3377 4047 lib
3418 3992 3484 4045 de
3516 3989 3752 4045 Fortuna

2170 4064 2556 4118 Romanorum.
2587 4063 2916 4132 Augustinus
2941 4062 3218 4133 utriusque
3251 4063 3491 4118 meminit
3522 4063 3638 4117 loco
3657 4076 3754 4116 su-

2169 4150 2263 4205 pra
2285 4136 2468 4188 citato.
2500 4133 2747 4189 Masculus
2772 4133 3024 4189 Fortunae
3051 4135 3307 4202 templum
3339 4134 3406 4186 ab
3444 4134 3596 4189 Anco
3619 4133 3754 4187 Mar-

2171 4209 2264 4270 tio,
2283 4215 2474 4276 quarto
2491 4205 2859 4260 Romanorum
2877 4219 3020 4275 rege,
3039 4215 3364 4270 extructum,
3381 4206 3518 4273 quod
3539 4205 3752 4276 pluscu-

2169 4278 2275 4331 lam
2307 4275 2421 4331 'sibi
2476 4276 2742 4332 fortunam
2775 4277 2840 4330 ad
2888 4278 3308 4346 indipiscendani
3354 4279 3630 4330 victoriam
3672 4275 3754 4330 af-

2169 4347 2354 4410 fuisse,
2380 4364 2539 4418 quam
2570 4347 2938 4402 fortitudinem
2957 4349 3277 4403 crediderat.
3313 4347 3433 4418 Fuit
3455 4348 3614 4402 etiam
3647 4347 3749 4400 alia

2164 4417 2416 4475 masculae
2441 4419 2690 4475 Fortuna:
2714 4419 2937 4474 :edicula
2966 4421 3030 4473 ad
3059 4419 3279 4473 Veneris
3302 4417 3502 4480 fanum,
3531 4426 3751 4472 auctore

2161 4492 2354 4546 eodem
2402 4491 2691 4546 Plutarcho
2711 4532 2726 4556 ,
2757 4495 2844 4561 qui
2873 4493 3144 4545 variarum
3185 4490 3540 4544 Fortunarum
3573 4498 3627 4543 et
3657 4504 3752 4543 no-

2163 4563 2306 4616 mina
2339 4573 2392 4617 et
2441 4564 2664 4618 delubra
2695 4573 2960 4616 recenset.
3007 4561 3114 4618 Sed
3169 4562 3255 4616 hic
3302 4561 3452 4615 locus
3491 4561 3750 4630 majorem

2161 4634 2405 4702 acquiret
2431 4633 2624 4700 lucem,
2657 4634 2701 4688 si
2733 4633 3014 4688 Ciceronis
3040 4633 3200 4687 verba
3240 4648 3359 4701 quae
3388 4631 3474 4686 hic
3494 4633 3747 4698 citantur,

2161 4719 2226 4758 ex
2273 4703 2712 4759 Academicaruin
2753 4704 2954 4771 Qumst.
3014 4706 3185 4774 primo
3224 4703 3562 4773 adscripsero
3612 4703 3752 4758 inte-

2159 4790 2286 4844 gra;
2323 4775 2393 4846 ibi
2425 4776 2566 4830 enim
2597 4777 2856 4846 perfectio
2887 4775 2975 4829 illa
3013 4791 3201 4846 rerum
3234 4775 3414 4846 multis
3447 4775 3749 4846 nominatur

2161 4855 2215 4902 et
2245 4845 2406 4900 variis
2435 4844 2762 4900 nominibus.
2798 4845 2970 4901 Verba
2997 4844 3312 4910 Ciceronis,
3368 4845 3453 4900 ubi
3495 4845 3564 4901 de
3595 4855 3750 4900 natu-

2161 4917 2260 4971 rali
2310 4916 2644 4986 philosophia
2697 4918 2949 4988 loquitur,
2993 4921 3072 4973 sic
3104 4919 3337 4972 habent:
3372 4915 3551 4988 Partes
3580 4927 3748 4970 autem

2159 5004 2268 5043 esse
2303 4988 2509 5052 mundi,
2543 4989 2714 5042 omnia
2737 4986 2853 5059 qua:
2875 4989 3032 5042 insint
3060 4990 3110 5044 in
3129 5005 3208 5053 eo,
3249 5003 3363 5058 quae
3390 4986 3595 5042 Natura
3635 5005 3751 5043 sen-

2161 5060 2313 5132 tiente
2349 5068 2637 5125 teneantur,
2676 5060 2883 5132 in__qua
2926 5061 3061 5115 ratio
3101 5061 3328 5132 perfecta
3365 5060 3504 5126 insit,
3549 5075 3662 5130 qua’
3684 5062 3750 5114 sit

2159 5131 2336 5184 eadem
2361 5132 2688 5201 sempiterna.
2719 5129 2870 5184 Nihil
2897 5132 3028 5185 enim
3051 5129 3369 5196 valentius,a
3389 5147 3492 5200 quo
3510 5129 3745 5186 intereat.

2163 5201 2332 5269 Quam
2361 5203 2457 5256 vim
2475 5203 2714 5257 Animum
2734 5203 2912 5255 dicunt
2933 5219 3039 5257 esse
3063 5203 3264 5267 mundi,
3293 5203 3621 5269 eamdemque
3643 5219 3750 5256 esse

2159 5283 2374 5346 mentem
2402 5275 2800 5342 sapientiamque
2837 5273 3114 5343 perfectam
3131 5315 3147 5340 ,
3189 5289 3342 5346 quam
3371 5270 3540 5346 Deum
3567 5275 3748 5344 appel-

2159 5343 2293 5417 lant,
2331 5345 2656 5417 omniumque
2689 5361 2881 5409 rerum,
2925 5361 3040 5411 quea
3085 5343 3212 5399 sunt
3228 5346 3275 5400 ei
3301 5345 3556 5411 subiectae,
3601 5343 3748 5415 quasi

2159 5414 2483 5486 prudentiam
2507 5414 2783 5486 quamdam
2813 5427 3208 5484 procurantem,
3241 5417 3464 5470 caelestia
3502 5414 3742 5472 maxime.

2159 5484 2360 5541 Deinde
2406 5489 2460 5541 in
2498 5484 2644 5543 terris
2673 5504 2733 5542 ea
2759 5502 2872 5556 qua:
2905 5489 3152 5552 pertinent
3182 5488 3251 5542 ad
3294 5487 3543 5554 homines,
3591 5504 3746 5556 quam

2155 5557 2412 5611 interdum
2459 5560 2688 5612 eamdem
2733 5559 3076 5613 necessitatem
3123 5559 3408 5628 appellant,
3441 5561 3561 5626 quia
3615 5560 3749 5614 nihil

2156 5628 2306 5701 aliter
2335 5629 2515 5698 possit,
2545 5640 2693 5701 atque
2720 5631 2783 5684 ab
2809 5646 2868 5682 ea
2894 5631 3224 5683 constitutum
3248 5629 3461 5701 sitinter
3485 5632 3632 5699 quasi
3658 5635 3744 5700 fa-

2157 5699 2312 5754 talem
2336 5711 2394 5770 cit,
2429 5699 2794 5755 immutabilem
2835 5702 3264 5756 continuationem
3316 5700 3510 5754 ordinis
3560 5703 3744 5770 sempi-

2159 5771 2308 5826 terni.
2345 5769 2728 5842 Nonnunquam
2754 5771 2956 5838 quidem
2983 5773 3210 5830 camdem
3239 5770 3556 5840 Fortunam,
3603 5769 3741 5842 quod
