4154 6196
316 228 413 288 μί

1174 230 1379 289 LIBER
1418 231 1507 289 ΙΙΙ.
1552 231 1637 288 DE
1676 228 1903 287 FALSA
1943 228 2305 288 SAPIENTIA
2351 230 2752 290 PHILOSOPH.

3503 228 3614 288 412

316 346 578 404 Eumdem
607 355 789 404 tamen
817 347 1085 405 interdum
1112 357 1361 405 naturam
1385 390 1401 417 ,
1448 348 1718 405 interdum
1750 348 1911 404 fortu-
1938 350 1991 412 Λ
2016 351 2159 421 vulgi
2185 360 2241 408 et
2267 352 2640 423 imperitorum
2674 352 3018 423 opinionibus
3041 350 3292 419 credidit,
3322 350 3415 422 qui
3442 349 3613 407 fortu-

317 457 440 498 nam
472 451 701 510 vocant;
735 461 756 496 t
790 443 938 514 quod
965 444 1153 510 multa,
1180 445 1351 515 inquit
1378 443 1520 500 idem
1548 443 1762 508 Cicero,
1790 442 1910 500 effi-

298 534 422 615 pciat
452 535 726 606 inopinata
758 536 937 604 nobis,
965 546 1183 607 propter
1210 536 1595 593 obscuritatem
1626 533 1914 606 ignoratio-

318 643 550 699 nemque
597 643 905 684 causarum.
943 649 963 683 ι
997 628 1132 685 Cum
1184 630 1349 701 igitur
1397 643 1588 684 causas
1637 629 1908 699 ignorent,

318 729 538 793 propter
564 735 697 792 quas
716 720 807 776 ﬂat
829 720 1046 792 aliquid,
1077 730 1133 778 et
1157 721 1331 792 ipsum
1359 720 1447 792 qui
1468 719 1912 791 faciatignorent,

316 827 537 870 necesse
562 822 665 869 est.
694 812 843 869 Idem
874 813 927 868 in
954 828 1120 884 opere
1142 813 1297 869 valde
1338 812 1505 879 serio,
1555 815 1609 866 in
1637 826 1746 883 quo
1775 825 1915 881 prae-

317 917 470 977 cepta
492 908 617 963 vitae
637 905 957 978 deprompta
977 922 1042 963 ex
1068 906 1405 977 philosophia
1430 905 1537 961 tilio
1561 904 1751 961 dabat:
1773 904 1916 960 «Ma-

320 1013 500 1070 gnam,
526 998 723 1068 inquit,
749 1012 870 1054 esse
898 996 1125 1054 fortunae
1151 997 1257 1052 vim
1285 997 1337 1052 in
1370 1006 1653 1068 utramque
1683 1006 1913 1065 partem,

328 1093 446 1164 quis
475 1093 719 1148 nesciat?
743 1091 876 1148 Nam
907 1101 994 1160 et,
1026 1106 1148 1147 cum
1196 1107 1458 1163 prospero
1488 1092 1619 1146 ﬂatu
1662 1091 1777 1160 ejus
1808 1091 1914 1145 uti-

319 1201 457 1253 mur,
484 1184 550 1239 ad
578 1185 757 1241 exitus
783 1186 1130 1257 pervenimus
1149 1192 1403 1255 optatos;
1434 1194 1509 1251 et,
1529 1198 1652 1240 cum
1685 1182 1912 1238 reﬂave-

321 1279 408 1345 rit,
437 1277 745 1349 afﬂigimur.
783 1298 803 1331 ι
830 1278 1091 1346 Primum,
1122 1277 1215 1349 qui
1231 1285 1391 1348 negat
1415 1274 1539 1332 sciri
1571 1290 1735 1347 posse
1760 1276 1919 1346 quid-

320 1388 501 1443 quam,
557 1372 636 1428 sic
688 1372 793 1428 hoc
839 1371 994 1438 dixit,
1049 1380 1320 1441 tamquam
1364 1380 1418 1426 et
1457 1370 1592 1441 ipse,
1644 1378 1695 1425 et
1728 1383 1917 1424 omnes

321 1466 510 1521 sciant.
538 1464 766 1529 Deinde,
796 1465 911 1536 qui.
942 1464 1104 1521 etiam
1129 1479 1249 1535 qua:
1274 1463 1418 1519 clara
1447 1471 1595 1529 sunt,
1624 1461 1785 1518 dubia
1813 1476 1908 1517 co-

323 1569 480 1614 natur
504 1557 746 1623 efficere,
771 1558 875 1615 hoc
903 1559 1107 1629 putavit
1124 1572 1247 1617 esse
1270 1559 1493 1626 clarum,
1516 1557 1662 1629 quod
1682 1557 1763 1613 illi
1796 1571 1917 1614 esse

320 1650 502 1707 debuit
544 1651 634 1708 vel
676 1651 910 1707 maxime
954 1650 1213 1716 dubium;
1246 1665 1370 1706 nam
1421 1649 1651 1721 sapienti
1696 1652 1917 1705 omnino

2018 458 2141 499 nam
2166 453 2352 514 putant
2369 459 2510 511 esse,
2527 460 2647 516 quae
2666 443 2972 500 hominibus
2989 444 3189 500 tribuat
3207 443 3347 498 bona
3371 451 3427 500 et
3444 444 3615 499 mala.

2018 535 2150 592 Nam
2180 536 2528 593 simulacrum
2559 537 2678 608 ejus
2706 552 2829 594 cum
2856 537 3010 608 copia
3041 546 3096 592 et
3119 536 3488 609 gubernaculo
3516 535 3620 591 fin—

2018 640 2172 701 gunt,
2210 640 2481 702 tamquam
2511 630 2628 686 lucc
2661 641 2714 686 et
2742 645 2873 701 opes
2913 632 3136 698 tribuat,
3177 639 3233 686 et
3260 629 3619 685 humanarum

2017 737 2195 779 rerum
2219 723 2457 794 regimen
2478 724 2738 780 obtineat.
2768 724 2867 779 Cui
2895 724 3134 796 opinioni
3160 732 3214 780 et
3239 723 3496 796 Virgilius
3523 737 3616 779 as-

2020 817 2205 881 sentit,
2221 815 2310 887 qui
2324 814 2593 871 fortunam
2606 817 3030 886 omnipotentem
3045 823 3221 884 vocat;
3235 825 3290 872 et
3307 814 3620 887 historicus,

2020 910 2110 981 qui
2147 910 2258 966 ait:
2292 910 2399 967 Sed
2437 911 2679 981 profecto
2703 911 2913 967 fortuna
2942 912 2996 967 in
3022 912 3170 967 omni
3202 928 3262 968 re
3287 912 3617 967 dominatur.

2019 1001 2160 1070 Quid
2207 1017 2335 1074 ergo
2378 1003 2593 1059 cmteris
2634 1002 2736 1059 diis
2784 1004 2882 1059 loci
2913 1004 3198 1074 superest?
3236 1003 3349 1060 Cur
3385 1019 3491 1060 non
3529 1008 3624 1059 aut

2021 1093 2134 1162 ipsa
2163 1108 2394 1165 regnare
2420 1093 2637 1160 dicitur,
2660 1095 2705 1149 si
2737 1094 2854 1166 plus
2883 1104 3094 1165 potest;
3127 1102 3222 1150 aut
3257 1095 3370 1150 sola
3402 1094 3619 1162 colitur,

2022 1184 2067 1240 si
2094 1186 2319 1241 omnia?
2343 1185 2463 1251 Vel,
2496 1187 2541 1241 si
2573 1196 2777 1241 tantum
2803 1186 2943 1241 mala
2974 1186 3234 1253 immittit,
3267 1186 3471 1257 aliquid
3494 1201 3624 1242 cau-

2021 1290 2097 1333 sae
2135 1278 2430 1348 proferant,
2481 1294 2599 1346 cur,
2649 1278 2697 1335 si
2743 1279 2843 1335 dea
2887 1280 2977 1347 sit,
3016 1279 3321 1335 hominibus
3365 1279 3622 1348 invideat,

2022 1384 2223 1441 eosque
2252 1371 2490 1442 perditos
2518 1373 2717 1443 cupiat,
2744 1387 2867 1427 cum
2894 1372 2962 1427 ab
2986 1372 3069 1427 his
3095 1371 3348 1443 religiose
3374 1370 3620 1426 colatur:

2022 1476 2118 1519 cur
2146 1464 2349 1534 aequior
2375 1464 2446 1519 sit
2476 1464 2652 1529 malis,
2681 1464 2911 1535 iniquior
2936 1472 3114 1519 autem
3145 1463 3302 1518 bonis
3329 1482 3342 1518 :
3371 1478 3468 1518 cur
3489 1462 3626 1519 insi-

2023 1554 2221 1622 dietur,
2242 1555 2464 1629 afﬂigat,
2483 1557 2716 1627 decipiat
2744 1565 2799 1613 et
2823 1557 3152 1613 exterminet
3176 1574 3188 1609 :
3215 1557 3333 1627 quis
3360 1556 3506 1611 illam
3531 1570 3627 1627 ge-

2022 1653 2140 1703 neri
2184 1648 2460 1704 hominum
2505 1649 2832 1705 vexatricem
2880 1659 3195 1719 perpetuam
3238 1647 3623 1703 constituerit:

321 1743 510 1800 falsum
542 1753 648 1800 est.
680 1744 830 1813 Quis,
882 1743 1074 1813 inquit,
1119 1743 1334 1799 nescit?
1370 1744 1482 1814 Ego
1521 1757 1651 1797 vero
1704 1743 1912 1798 nescio.
1947 1743 1995 1803 B
2021 1756 2118 1798 cur
2137 1743 2371 1815 denique
2400 1752 2506 1799 tam
2533 1744 2728 1799 malam
2758 1745 2947 1800 sortita
2975 1744 3047 1798 sit
3075 1750 3423 1810 potestatem,
3448 1751 3506 1797 ut
3535 1757 3627 1799 res

325 1840 525 1896 Doceat
547 1854 659 1906 me,
690 1839 734 1895 si
761 1846 961 1910 potest,
982 1852 1103 1910 qua:
1133 1838 1204 1893 sit
1225 1837 1315 1893 illa
1343 1838 1444 1905 vis,
1473 1836 1563 1909 qui
1586 1836 1748 1892 ﬂatus
1776 1836 1913 1903 iste,

322 1943 377 1990 et
399 1934 489 2005 qui
511 1931 758 1989 reﬂatus.
884 1993 891 1999 _

391 2025 573 2097 Turpe
601 2025 765 2098 igitur
791 2034 895 2091 est,
927 2024 1199 2080 hominem
1246 2023 1581 2095 ingeniosum
1613 2024 1794 2080 dicere
1824 2023 1877 2079 id
1903 2067 1918 2090 ,

323 2119 487 2193 quod,
519 2120 566 2176 si
599 2133 789 2190 neges,
818 2118 1048 2191 probare
1074 2133 1183 2174 non
1223 2117 1411 2189 possit.
1445 2116 1749 2184 Postremo,
1774 2118 1918 2188 quod

323 2213 390 2281 is,
420 2216 508 2286 qui
537 2212 671 2270 dicit
707 2227 959 2269 assensus
981 2226 1103 2268 esse
1137 2209 1473 2277 retinendos,
1503 2210 1646 2280 quod
1672 2210 1823 2266 stulti
1849 2212 1921 2266 sit

327 2306 578 2374 hominis,
619 2306 782 2364 rebus
807 2304 1094 2376 incognitis
1130 2312 1336 2360 temere
1372 2303 1647 2371 assentiri,
1689 2304 1734 2358 is
1764 2303 1924 2375 plane

2027 1844 2251 1893 cunctas
2294 1853 2361 1893 ex
2403 1837 2626 1894 libidine
2670 1838 2858 1909 magis,
2891 1852 3050 1909 quam
3079 1851 3149 1891 ex
3183 1850 3311 1890 vero
3343 1833 3624 1901 celebret,

2026 1932 2430 2003 obscuretque?
2478 1933 2628 1999 Haec,
2660 1935 2900 2003 inquam,
2952 1930 3305 2002 philosophos
3352 1929 3628 2001 inquirere

2027 2025 2266 2095 oportuit
2304 2025 2504 2097 potius,
2543 2041 2702 2096 quam
2737 2034 2944 2081 temere
2981 2024 3325 2079 innocentem
3371 2036 3630 2079 accusare

2028 2116 2297 2174 fortunam
2324 2136 2336 2171 :
2369 2134 2489 2190 quae
2515 2118 2725 2174 etiamsi
2757 2118 2827 2174 sit
2853 2116 3056 2187 aliqua,
3080 2115 3215 2171 nihil
3241 2125 3421 2171 tamen
3445 2113 3627 2171 aﬂerri

2028 2211 2095 2266 ab
2122 2210 2206 2266 his
2238 2220 2431 2283 potest,
2445 2228 2541 2268 cur
2561 2211 2867 2268 hominibus
2889 2218 2996 2265 tam
3012 2209 3225 2264 inimica
3245 2209 3511 2280 sit,quam
3527 2223 3628 2279 pu-

2029 2311 2188 2360 tatur.
2212 2306 2392 2378 ltaque
2423 2307 2527 2362 illa:
2549 2319 2738 2363 omnes
2766 2302 3272 2375 oratioues,fquibus
3292 2302 3631 2373 iniquitatem

1652 2445 2013 2506 VARIORUM
2050 2448 2283 2506 NOTAE.

324 2568 501 2639 efﬁciat
526 2567 689 2623 multa
716 2567 989 2639 improvisa
1015 2567 1144 2633 hmo,
1173 2583 1263 2622 nec
1290 2565 1501 2635 Opinata
1527 2563 1673 2639 nobis
1706 2573 1913 2639 propter

324 2634 705 2711 obscuritatem,
732 2634 1201 2711 ignorationemque
1224 2634 1566 2711 “caussarum.
1621 2634 1727 2691 Sed
1772 2635 1913 2711 apud

325 2712 497 2768 Cicer.
530 2711 585 2766 in
611 2726 649 2765 ιι
678 2706 1126 2766 ἀέθὶνίιιιιιίοηό
1156 2725 1173 2775 ;
1205 2709 1528 2778 disputatur,
1564 2716 1742 2761 utrum
1772 2706 1912 2778 divi-

325 2784 471 2838 natio
502 2797 681 2839 rerum
712 2779 1055 2836 fortuitarum
1094 2795 1215 2837 esse
1246 2777 1433 2848 possit.
1485 2778 1550 2832 Et
1586 2777 1912 2833 contradici-

2098 2566 2163 2621 Et
2218 2569 2579 2636 humanarum,
2632 2578 2739 2625 etc.
2788 2566 2952 2632 Plin.,
3003 2564 3098 2621 lib.
3148 2582 3185 2621 tt
3220 2584 3232 2616 :
3266 2565 3395 2621 Toto
3442 2566 3633 2637 quippe

2022 2640 2213 2693 mundo
2260 2650 2307 2694 et
2357 2641 2481 2694 locis
2523 2641 2778 2705 omnibus,
2827 2637 3159 2707 omnibusque
3200 2638 3360 2703 horis,
3400 2639 3631 2692 omnium

2021 2712 2223 2766 uocibus
2264 2715 2474 2783 fortuna
2520 2713 2633 2766 sola
2683 2711 2943 2773 laudatur,
2978 2711 3089 2783 sola
3124 2711 3382 2780 arguitur,
3422 2719 3470 2763 et
3515 2724 3631 2762 cum

2021 2779 2273 2837 conviciis
2303 2782 2525 2848 colitur;
2568 2783 2823 2845 volubilis,
2869 2797 2901 2834 a
2941 2779 3198 2852 plerisque
3241 2790 3452 2852 verouet
3497 2794 3636 2852 eruca

328 2863 415 2909 tur
443 2873 456 2907 :
489 2853 536 2933 si
557 2852 889 2933 fort_una__sit,
936 2851 1101 2933 fatum
1141 2851 1400 2933 tolli;__sit_t
1437 2859 1612 2905 autem
1645 2851 1824 2933 omtiia
1847 2864 1915 2933 ex

2025 2855 2172 2908 etiam
2214 2854 2539 2933 existimata,
2588 2864 2634 2933 et
2678 2855 2735 2933 in
2759 2860 2885 2933 "tota
2934 2849 3142 2933 ratione
3177 2850 3487 2933 mqrtqfiuni‘
3522 2849 3637 2933 sola

324 2925 627 2980 aeternitate
656 2923 993 2993 fataliterque
1027 2922 1177 2988 fiant,
1223 2922 1338 2977 tolli
1369 2920 1660 2993 fortunam.
1692 2919 1917 2993 Addidit

325 2995 476 3051 Lact.
526 2995 774 3052 eumdem
825 2990 990 3048 Deum
1034 2993 1301 3049 interdum
1335 3002 1600 3052 naturam,
1650 2990 1916 3046 interdum

323 3069 592 3123 fortunam
636 3081 776 3123 esse.
825 3065 967 3121 Plut.
999 3080 1127 3120 vero
1158 3066 1209 3119 in
1254 3063 1524 3118 Problem.
1585 3063 1721 3117 hanc
1771 3062 1921 3132 ponit

324 3137 707 3200 differentiam,
740 3136 883 3207 quod
913 3136 1124 3192 fortuna
1164 3137 1233 3190 sit
1263 3150 1448 3207 rerum
1486 3136 1724 3207 omnium
1772 3134 1915 3207 priu-

325 3211 548 3279 cipium,
581 3204 772 3264 natura
798 3222 928 3263 vero
963 3223 1091 3262 casu
1113 3209 1397 3279 consistat.
1428 3205 1537 3279 Sed
1558 3205 1635 3279 de
1669 3205 1753 3258 IIlS
1802 3204 1920 3279 lege

326 3276 484 3337 Joan.
517 3282 907 3336 Damascenum
936 3280 1030 3333 lib.
1064 3295 1101 3334 ιι
1149 3277 1475 3333 Orthodoxte
1505 3276 1647 3337 ﬁdei.
1688 3291 1807 3342 cap.
1830 3276 1918 3330 15.

393 3351 664 3407 Interdum
684 3360 938 3406 naturam.
955 3349 1051 3406 Ha:
1084 3349 1203 3405 duae
1226 3364 1388 3404 voces
1404 3349 1596 3403 absunt
1618 3362 1648 3401 a
1677 3347 1744 3401 12
1775 3362 1906 3400 mss.

328 3432 381 3479 et
406 3424 477 3479 ab
500 3424 629 3478 edit.
658 3422 916 3479 Thomas.

399 3493 616 3564 Efﬁciat
650 3494 919 3564 inopinata
957 3492 1121 3546 nobis.
1164 3491 1240 3547 Ita
1282 3490 1407 3564 e_diti
1444 3500 1878 3564 etimss._omnes
1902 3529 1919 3551 ,

323 3560 523 3637 prater
548 3566 583 3621 2
610 3560 1010 3621 recentissimos
1052 3564 1172 3637 Em.
1204 3573 1258 3618 et
1287 3561 1552 3637 CanILin
1583 3560 1776 3637 quibus
1815 3568 1919 3623 est,

329 3631 546 3707 Efﬁciat
566 3637 843 3708 improvisa
880 3651 973 3690 nec
999 3636 1210 3704 opinata
1235 3631 1572 3708 nobis._»Vide
1606 3632 1921 3687 Ciceronem

325 3705 422 3765 int
450 3705 815 3765 Acadeinicar.
844 3708 1201 3777 quaestionum
1226 3706 1369 3760 circa
1399 3705 1579 3759 finem.

407 3798 573 3855 Valde
614 3801 770 3855 serio.
805 3798 916 3854 Hac
938 3814 1068 3854 voce
1100 3796 1365 3851 iudicatur
1397 3796 1555 3851 liber.
1597 3811 1628 3849 u
1669 3793 1737 3848 de
1762 3791 1921 3848 Offic.

328 3888 452 3945 cap.
472 3872 510 3927 2
532 3874 598 3927 ad
629 3870 1162 3945 fincm,_quibusdam
1190 3877 1370 3945 tamen
1395 3866 1712 3945 immutaiis.

397 3936 754 4000 Peruenimus.
818 3936 1041 4009 Legitur
1082 3940 1402 4008 pervehimur
1432 3938 1587 4009 apud
1624 3936 1924 4009 Buucman,

326 4015 422 4087 qui
464 4014 622 4085 hujus
670 4006 981 4087 mutationis
1012 4006 1091 4067 sic
1133 4013 1397 4087 rationem
1439 4006 1734 4065 reddit.—
1780 4006 1927 4087 lianc

327 4078 615 4143 léctioném
661 4100 785 4142 cum
829 4083 1092 4139 Cicerone
1147 4082 1556 4137 convenientem
1626 4078 1803 4145 recepi
1860 4092 1927 4131 ex

326 4158 589 4224 Reimm.,
640 4170 769 4212 mss.
811 4165 867 4212 et
908 4154 1139 4210 Tornes.
1181 4152 1345 4221 1587,
1391 4153 1479 4208 ubi
1511 4161 1636 4206 ante
1676 4149 1878 4205 editum
1908 4190 1924 4214 ,

326 4229 667 4301 pervenimus.
696 4228 831 4282 Buu.

400 4321 530 4378 Cum
560 4319 832 4391 γεβαυερ-ἕρ.
864 4319 953 4374 Sic
983 4314 1174 4391 legitur
1201 4315 1252 4369 in
1281 4313 1502 4370 excusis
1527 4323 1580 4391 et
1612 4326 1741 4391 mss.
1773 4309 1925 4391 codi_-

327 4394 519 4460 cibus,
553 4382 748 4462 pra-ter
794 4400 915 4445 octn
945 4382 1239 4462 qui'l'erunt
1265 4402 1383 4462 cum
1412 4383 1851 4462 respiraverit;net
1894 4382 1920 4435 1

326 4465 467 4535 Reg.
499 4450 615 4517 cum
643 4463 927 4535 respiravit.
957 4450 1027 4513 At
1054 4458 1331 4535 re/iaverit,
1373 4450 1515 4525 quod
1566 4464 1649 4535 est
1670 4469 1740 4535 ex
1770 4450 1924 4535 Cice-I

326 4521 641 4600 ratiisloco,
676 4521 877 4605 optime
909 4521 1199 4605 respondet
1221 4537 1295 4603 τῷ
1318 4521 1561 4605 prospero
1587 4525 1747 4605 ﬂatu,
1782 4521 1927 4605 quod

325 4624 456 4663 mox
485 4598 784 4678 pr:cc’c§Sit.
809 4604 897 4678 Sic
923 4598 1167 4678 et_infra,
1195 4598 1282 4670 qui
1324 4598 1633 4678 [Iulius-iste:
1659 4598 1820 4678 et_qui
1846 4609 1927 4678 re-

324 4665 510 4751 ﬂatus'.
540 4708 611 4717 —
642 4675 937 4751 Reﬂauerit.
983 4665 1228 4751 Eminan'.
1262 4665 1344 4751 ἐς
1377 4668 1539 4725 Goth.
1586 4665 1927 4751 respiraiterit.

323 4736 625 4821 Receptam
677 4736 955 4803 Ciceronis
1002 4742 1215 4821 codices
1262 4741 1477 4821 habent.
1529 4748 1583 4793 et
1608 4737 1725 4808 ipse
1779 4736 1927 4790 Lact.

322 4811 500 4889 infra;
525 4821 611 4893 qui
640 4822 862 4891 ﬂatus...
893 4827 940 4871 et
962 4816 1046 4886 qui
1073 4814 1306 4885 reﬂatus.
1340 4811 1619 4866 Bonarum.

401 4911 660 4968 Assensus
704 4926 812 4965 esse
852 4908 1161 4963 retinendos.
1205 4904 1311 4960 Sed
1341 4902 1464 4958 vide
1506 4902 1686 4972 potius
1716 4898 1932 4972 Cicero:

321 5000 461 5042 nem
501 4985 673 5052 ipsum
715 4982 767 5035 in
808 4980 1065 5052 librorum
1111 4976 1178 5032 de
1218 4973 1422 5052 Officiis
1476 4970 1808 5052 prmfatioue,
1845 4970 1932 5052 ubi

323 5058 464 5113 huic
491 5043 778 5124 objectioni
806 5051 1080 5124 occurrit:
1110 5046 1396 5103 occurritur
1419 5052 1589 5098 autem
1628 5043 1794 5108 nobis,
1824 5050 1930 5097 etc.

321 5142 499 5201 quam
531 5121 936 5201 resiionsionem
970 5121 1175 5201 videas.
1265 5186 1300 5201 Π
1440 5200 1445 5201 γ
1472 5200 1477 5201 7
1510 5184 1544 5201 γ.

404 5195 555 5253 Nam
596 5182 929 5250 simulacrum
958 5193 1087 5263 ejus,
1117 5201 1220 5245 etc.
1261 5186 1396 5263 cum
1427 5184 1598 5263 copia;
1622 5198 1791 5263 cornu
1824 5182 1934 5237 Bu-

323 5271 492 5343 palus
516 5267 598 5341 (ut
624 5282 689 5343 ex
716 5255 1258 5343 Pattsattia'Volaterr.
1275 5261 1429 5343 cita‘t)
1460 5256 1611 5343 apud,
1628 5255 1938 5343 Smyrnzcos

325 5329 573 5398 'statuain
633 5338 869 5393 fortuna:
940 5335 1097 5397 fecit,
1132 5347 1254 5386 cum
1300 5329 1425 5400 pulo
1464 5342 1625 5397 supra
1674 5335 1853 5400 caput,
1883 5334 1940 5381 et

324 5396 508 5469 altera
534 5426 694 5465 manu
714 5423 885 5464 Cornu
910 5407 1099 5475 copim.
1124 5403 1233 5475 Sed
1252 5396 1441 5475 Galeni
1463 5396 1674 5469 quoque
1702 5396 1937 5475 Fortuna

324 5468 764 5557 gubernaculum
790 5481 858 5557 in_
879 5468 1126 5557 manilius
1154 5474 1334 5556 habet.
1366 5468 1631 5557 Czrterum
1662 5468 1937 5557 quod‘cac-

325 5538 423 5621 ἵε,
455 5564 511 5610 et
534 5554 695 5625 globo
721 5547 1227 5625 volubiliinsistens
1253 5545 1521 5625 p‘iugatur,
1555 5552 1753 5622 praeter
1779 5538 1940 5625 galle-

328 5609 494 5688 nubi,
517 5609 639 5681 vide
663 5624 877 5679 Cebetis
898 5620 1154 5681 tabulam,
1181 5624 1236 5672 et
1253 5609 1471 5688 Pacuvii
1495 5609 1685 5667 vei-sus
1716 5611 1767 5665 in
1800 5609 1941 5665 Rhe-

329 5685 509 5755 torica
544 5697 608 5750 ad
640 5696 861 5763 llereu.,
891 5692 984 5748 lib.
1016 5706 1086 5757 tt,
1115 5704 1234 5761 cap.
1268 5687 1336 5743 do
1368 5685 1570 5743 Vitiosa
1597 5692 1941 5755 argumenta-

328 5770 510 5827 tione.
545 5767 720 5823 ﬂaua.

2021 2935 2291 2995 utramque
2322 2927 2560 2995 paginam
2589 2926 2731 2993 facit.
2757 2924 2847 2980 Sic
2870 2933 2927 2979 et
2953 2922 3212 2979 Minucius
3240 2921 3419 2976 Felix:
3448 2920 3636 2977 Saluta

2021 2997 2212 3067 legibus
2242 2997 2450 3066 fortuna
2479 2997 2797 3051 dominatur.

2104 3061 2368 3139 Virgilius.
2405 3069 2569 3137 Cujus
2601 3069 2714 3122 lucc
2739 3065 2904 3122 verba
2950 3074 3077 3121 sunt
3120 3063 3218 3118 lib.
3250 3079 3342 3120 vnt
3387 3061 3634 3130 Eneid.,

2022 3156 2168 3196 vers.
2196 3141 2321 3197 554.
2358 3140 2560 3195 (Encas
2589 3140 2860 3211 loquitur:

2118 3254 2197 3317 Me
2227 3253 2419 3317 pulsum
2444 3254 2617 3317 patria,
2640 3251 2907 3317 pelagique
2925 3255 3155 3317 extrema
3177 3255 3493 3313 sequentem,

2119 3311 2332 3367 Fortuna
2356 3311 2670 3378 omnipotens
2690 3321 2743 3363 et
2763 3311 3088 3363 ineluctabile
3111 3311 3266 3362 fatum

2116 3379 2207 3429 His
2230 3391 2447 3443 posuere
2464 3378 2609 3437 locis,
2638 3385 2735 3427 etc.

2025 3484 2203 3553 Atque
2243 3482 2312 3536 ibi
2357 3480 2576 3537 Servius
2607 3481 2681 3553 ait
2712 3489 2924 3553 poetam
2964 3477 3267 3553 secundum
3300 3476 3516 3553 Stoicos
3556 3475 3638 3531 loc

2025 3548 2207 3609 cntum
2235 3568 2375 3614 esse.
2410 3554 2500 3622 qui
2533 3552 2676 3606 nasci
2707 3548 2760 3605 et
2788 3551 2923 3604 mori
2957 3550 3078 3604 fatis
3107 3549 3268 3622 dant,
3306 3548 3481 3602 media
3512 3561 3635 3601 om-

2027 3628 2113 3681 nia
2162 3624 2389 3680 fortuna:
2411 3620 2441 3690 ,ἡ
2472 3639 2539 3679 eo
2591 3622 2733 3693 quod
2785 3622 2906 3676 vita:
2957 3623 3207 3676 humanm
3259 3620 3465 3674 incerta
3510 3625 3641 3673 sunt

2027 3714 2233 3753 omnia.

2105 3768 2171 3823 Et
2208 3769 2499 3828 historicus.
2539 3778 2644 3823 etc.
2700 3766 3027 3824 Sallustius:
3061 3763 3275 3818 locutus
3304 3769 3389 3815 est
3427 3760 3478 3814 in
3505 3775 3640 3831 pro-

2027 3842 2150 3910 logo
2179 3840 2504 3895 Catilinariu:
2550 3838 3093 3910 ltistorim.wPossun_t
3140 3833 3365 3910 plurima
3398 3832 3454 3886 in
3500 3831 3639 3910 hanc

2029 3903 2351 3969 sententiam
2381 3909 2682 3967 testimonia
2711 3925 2775 3965 ex
2809 3907 3014 3963 Graecis
3051 3904 3367 3974 Latinisque
3411 3903 3643 3974 scripto-

2030 3987 2180 4039 ribus
2207 3986 2406 4054 colligi.
2440 3984 2546 4039 Sed
2580 3984 2681 4037 hoc
2722 3979 2949 4035 instituti
2990 3977 3158 4033 nostri
3208 3989 3313 4031 non
3345 3982 3449 4029 est.
3481 3973 3559 4028 lta
3586 3983 3642 4029 et

2030 4057 2185 4111 Plato
2208 4057 2258 4111 in
2291 4072 2343 4110 tv
2373 4057 2440 4109 de
2472 4055 2723 4126 Legibus.

2112 4127 2227 4194 Vel,
2259 4128 2302 4183 si
2335 4116 2690 4182 tantumfAlii
2720 4124 2855 4178 duas
2882 4120 3128 4175 fortunas
3160 4116 3380 4183 faciunt,
3419 4117 3637 4194 bonam,

2034 4186 2357 4270 malamque.
2402 4198 2472 4253 At
2512 4198 2755 4270 diversas
2787 4194 3191 4270 for_tunas__c_sse
3238 4186 3643 4270 posse,_va_l\idis

1954 4254 2363 4342 l)argume'ntis
2408 4270 2607 4325 refellit
2654 4266 3019 4336 Augustinus,
3051 4261 3146 4316 lib.
3195 4254 3252 4314 .v'
3294 4257 3459 4311 Civil.
3508 4257 3635 4321 Dei,

2033 4359 2084 4398 θ’
2106 4343 2266 4468 [illam
2297 4413 2467 4485 generi
2497 4411 2775 4485 hominum
2816 4405 3120 4485 vesania-em
3160 4399 3496 4485 constituerit.
3518 4397 3638 4485 Sic

2034 4487 2248 4555 reposui
2291 4470 2357 4555 ὄις
2399 4483 2618 4552 optimis
2645 4490 2701 4536 et
2739 4478 2991 4555 omnibus
3031 4474 3144 4528 fere
3172 4470 3402 4555 ωδε-12
3424 4470 3644 4540 scriptis

2034 4541 2157 4613 Em.
2189 4565 2242 4612 et
2271 4558 2297 4611 1
2330 4541 2566 4610 Clarum.
2598 4562 2702 4616 est,
2732 4548 2903 4625 generi
2934 4545 3277 4625 humano;in
3362 4541 3639 4625 Integzrec.

2033 4611 2089 4684 et
2135 4611 2345 4684 cunctis
2383 4624 2566 4689 editis,
2614 4611 2821 4694 generis
2863 4619 3150 4694 hominum.
3201 4613 3454 4694 Ai‘inli'a
3499 4611 3643 4667 idem

2033 4683 2347 4756 Lactantius
2389 4683 2564 4752 simili,
2596 4683 2763 4749 utitur
2809 4690 3082 4767 locutione
3103 4729 3139 4767 ,⁸
3161 4701 3211 4740 c.
3243 4686 3350 4742 30:
3385 4683 3501 4767 U_na
3530 4699 3646 4765 spes

2036 4773 2321 4827 homini....
2343 4770 2510 4841 posita
2535 4777 2631 4831 est;
2653 4776 2707 4822 et
2736 4778 2881 4841 mox,
2926 4760 3212 4841 hominibus
3256 4767 3370 4841 iam
3414 4760 3641 4841 inimica.

2036 4825 2111 4886 -έ-
2132 4825 2355 4898 ϐειιενίί
2378 4825 2641 4895 hominum
2671 4834 3002 4910 vexatricem.
3034 4830 3223 4910 60th.,
3256 4825 3643 4910 [ieimmi‘Ge-

2036 4917 2146 4970 neri
2175 4915 2460 4977 hominum,
2495 4917 2744 4978 respectu
2775 4905 2957 4970 verbi,
2989 4901 3342 4978 constituerit;
3371 4901 3643 4968 genitivus

2038 4987 2237 5057 pendet
2265 5002 2295 5041 a
2320 4972 2645 5057 vexatricem.
2677 4978 2746 5037 Ut
2786 4977 2880 5033 lib.
2922 4992 2985 5045 ιι,
3019 4990 3065 5030 c.
3106 4974 3195 5039 15,
3229 4972 3345 5025 lin.:
3379 4978 3643 5024 uexatores

2038 5056 2323 5113 hominum.
2365 5056 2501 5111 BDN.

2117 5152 2480 5220 Obscuretque.
2511 5146 2654 5217 Lege
2685 5143 2996 5199 obscuretue.

2122 5241 2426 5298 Hominibus
2448 5238 2725 5293 inimica...
2755 5243 2809 5289 et
2831 5246 2976 5294 mox,
3006 5227 3243 5282 inimicus
3262 5223 3428 5298 bonis.
3460 5221 3647 5298 inimi-

2038 5294 2494 5375 cus-vctim‘tertio
2537 5324 2665 5365 casu
2714 5306 2874 5375 etiam
2920 5302 3013 5356 lib.
3057 5314 3130 5363 vr,
3171 5312 3221 5352 c.
3251 5296 3345 5363 ΞΟ,
3377 5294 3640 5366 Epitom.,

2041 5373 2889 5452 c.7-l.lih.delraDei,c._l9.
2975 5450 2981 5452 _
3302 5437 3437 5452 mm

2115 5437 2443 5529 iniquitatem
2489 5437 2713 5525 fortuna:
2759 5448 3003 5529 lacerant.
3041 5441 3269 5529 ilia!“
3302 5437 3646 5529 Pliilippqﬁi-z

2042 5513 2173 5590 Cum
2201 5513 2468 5585 uerborum
2489 5513 2501 5525 ’
2522 5517 2846 5578 contumeliis
2893 5513 3329 5590 optintuhmbirum
3357 5513 3647 5590 lacerasset.

2047 5584 2169 5662 Val.
2210 5584 2380 5669 illam,
2424 5599 2513 5654 lib.
2545 5610 2619 5657 tv,
2662 5608 2727 5670 c._
2757 5591 2812 5670 4,
2856 5584 3019 5670 exim:
3064 5584 3651 5670 Quid...”fortunam,

2045 5656 2190 5747 quasi
2215 5656 2543 5747 prtecipuuni
2558 5656 2753 5747 gfncris
2779 5659 2997 5722 humani
3029 5656 3223 5711 malum
3248 5656 3510 5708 diuturnis
3534 5665 3657 5702 con-

2043 5740 2187 5804 uiciis
2219 5740 2544 5802 luseramus?
2572 5740 2707 5795 BUN.
