4154 6196
470 248 578 308 “5

1572 255 1760 315 FIRM.
1802 252 2169 318 ιΑεπΑΝτιι
2208 252 2415 319 ιιινιιι.
2459 250 2706 321 lNSTl’l‘.

3669 268 3778 326 444

470 367 699 426 fortuna:
726 370 985 439 lacerant,
1006 386 1065 427 se
1082 384 1313 445 suasque
1339 374 1567 431 virtutes
1585 380 1773 431 eontra
1794 374 2063 432 fortunam
2093 381 2142 441 Α
2171 378 2439 449 ignaratio
2466 388 2647 434 rerum
2675 384 2838 450 atque
2861 386 3168 444 causarum,
3196 376 3412 435 Natura!
3438 388 3500 437 ac
3521 380 3777 439 Fortunas

470 463 855 534 superbissime
875 464 1255 535 iactantinihil
1279 467 1425 524 aliud
1469 477 1616 536 sunt,
1656 480 1815 541 quam
1870 469 2071 527 delira:

469 566 651 613 menta
678 557 1084 615 inconsiderate
1110 560 1360 617 levitatis.

543 648 724 717 Quare
753 664 858 704 non
891 650 1171 707 invideant
1223 655 1378 709 nobis
1408 654 1601 724 quibus
1627 656 1834 726 aperuit
1867 654 2065 711 veritas

470 748 578 797 tem
609 742 787 796 Deus:
819 744 906 813 qui
930 745 1071 800 sicut
1094 744 1317 812 scimus,
1350 746 1487 802 nihil
1514 762 1637 803 esse
1661 747 1931 803 fortunam
1953 763 1969 814 ι
1994 749 2067 803 ita

468 835 669 889 scimus
710 850 832 891 esse
877 852 1100 907 pravum
1150 854 1214 895 ao
1254 839 1543 895 subdolum
1575 841 1847 911 spiritum,
1880 841 1970 911 qui
1997 841 2069 895 sit

466 927 719 985 inimicus
746 929 923 996 bonis,
970 932 1246 1003 hostisque
1281 932 1536 1002 justitire;
1574 934 1662 1002 qui
1691 934 1965 988 contraria
1991 933 2070 987 las

467 1024 595 1090 ciat,
622 1040 783 1094 quam
824 1025 988 1092 Deus,
1030 1027 1186 1097 cujus
1227 1027 1442 1082 invidiae
1467 1040 1685 1083 causam
1729 1030 1782 1082 in
1829 1026 2069 1082 secundo

468 1114 607 1170 libro
630 1114 782 1188 (Cap.
810 1117 902 1185 15)
930 1118 1344 1187 explicavimus.
1373 1119 1470 1173 Hic
1491 1132 1620 1189 ergo
1647 1120 1931 1174 insidiatur
1949 1120 2070 1174 uni-

467 1209 640 1263 versis
666 1225 681 1273 ι
713 1208 808 1263 sed
840 1223 955 1275 eos,
984 1210 1072 1278 qui
1111 1210 1357 1265 nesciout
1390 1211 1577 1277 Deum,
1607 1222 1792 1267 errore
1822 1210 2065 1283 impedit,

467 1304 693 1360 stultitia
721 1304 921 1368 obruit,
956 1304 1192 1359 tenebris
1220 1305 1622 1372 circumfundit,
1657 1321 1726 1362 ne
1752 1307 1872 1378 quis
1902 1307 2069 1376 possit

467 1396 534 1451 ad
568 1396 734 1450 divini
780 1397 1011 1451 nominis
1050 1399 1339 1467 pervenire
1366 1400 1633 1466 notitiam,
1660 1400 1711 1453 in
1740 1412 1848 1469 quo
1882 1410 1989 1453 uno
2014 1406 2070 1454 et

467 1490 732 1559 sapientia
781 1489 1110 1556 continetur,
1159 1502 1213 1546 et
1250 1491 1358 1546 vita
1408 1502 1687 1562 perpetua.
1721 1492 1826 1547 Eos
1862 1500 2066 1557 autem,

466 1584 557 1654 qui
587 1584 755 1638 Deum
785 1584 987 1651 sciunt,
1016 1583 1156 1639 dolis
1183 1592 1239 1639 et
1264 1592 1381 1640 astu
1408 1585 1735 1656 aggreditur,
1771 1586 1826 1639 ut
1857 1584 2067 1654 cupidis

469 1684 583 1731 tate
609 1691 674 1731 ac
699 1675 923 1731 libidine
951 1676 1178 1742 irretiat,
1202 1692 1264 1732 ac
1291 1679 1528 1747 peccatis
1552 1677 1951 1734 blandientibus
1976 1676 2070 1731 de-

466 1779 720 1841 pravatos
749 1770 992 1840 impellat
1022 1770 1089 1824 ad
1120 1779 1387 1836 mortem;
1421 1771 1528 1837 vel,
1557 1771 1603 1827 si
1633 1771 1761 1826 dolo
1786 1771 1915 1826 nihil
1949 1776 2069 1839 pro-
2099 1770 2148 1838 Β

465 1860 677 1927 fecerit,
707 1862 757 1915 vi
780 1872 833 1917 et
871 1862 1127 1917 violentia
1151 1862 1385 1933 dejicere
1411 1874 1657 1919 cenaturi
1685 1863 1896 1919 Idcirco
1922 1865 2065 1917 enim

464 1953 522 2009 in
562 1953 870 2024 primordiis
901 1955 1348 2025 transgressionis
1377 1971 1483 2010 non
1524 1957 1707 2011 statim
1747 1956 1814 2011 ad
1854 1970 2067 2026 pinnam

466 2047 719 2104 detrusus
747 2063 777 2102 a
807 2049 917 2103 Deo
943 2057 1045 2113 est,
1073 2058 1129 2103 ut
1152 2048 1426 2105 hominem
1456 2050 1665 2104 malitia
1688 2064 1786 2105 sua
1817 2057 2073 2105 exerceat

465 2141 533 2197 ad
560 2142 814 2197 virtutem
845 2158 858 2195 :
887 2156 1007 2212 quae
1046 2142 1155 2197 nisi
1190 2144 1445 2213 agitetur,
1466 2145 1519 2197 ni
1543 2143 1757 2198 assidua
1781 2146 2074 2199 vexatione

465 2235 773 2301 roboretur,
806 2250 914 2291 non
943 2244 1124 2306 potest
1157 2250 1282 2292 esse
1309 2236 1577 2308 perfecta;
1606 2236 1873 2308 siquidem
1902 2236 2071 2292 virtus

466 2339 548 2385 est
580 2329 1029 2399 perferendarum
1058 2330 1323 2386 malorum
1354 2331 1510 2386 tortis
1537 2347 1602 2387 ac
1624 2332 1822 2387 invicta
1858 2333 2071 2403 patienc

467 2423 560 2477 tia.
594 2422 674 2477 Ex
702 2438 811 2494 quo
837 2423 915 2489 lit,
944 2434 1001 2479 ut
1031 2424 1202 2480 virtus
1234 2427 1380 2480 nulla
1407 2426 1497 2493 sit,
1528 2427 1574 2482 si
1600 2427 1946 2483 adversarius
1974 2427 2071 2484 de-

467 2515 557 2571 sit.
590 2516 763 2586 llujus
794 2517 975 2588 itaque
1004 2534 1274 2589 perversze
1302 2521 1587 2589 potestatis
1613 2536 1734 2576 cum
1763 2521 1870 2575 vim
1900 2522 2072 2577 senti-

466 2614 590 2661 rent
618 2606 802 2662 virtuti
829 2612 1239 2679 repugnantem,
1270 2624 1577 2682 nomenque
1604 2612 1937 2684 ignorarent,
1966 2608 2075 2668 tor-

470 2706 613 2753 tuna:
644 2699 966 2755 Vocabulum
1011 2700 1113 2756 sibi
1166 2702 1327 2759 inane
1375 2703 1666 2760 tinxerunt.
1711 2704 1861 2773 Quod
1909 2722 2070 2777 quam

468 2794 629 2867 longe
656 2813 687 2852 a
708 2799 973 2870 sapientia
1004 2800 1075 2856 sit
1100 2812 1391 2870 remotum,
1421 2804 1666 2861 declarat
1687 2805 1962 2863 Iuvenalis
1990 2807 2077 2864 his

467 2890 713 2946 versibus
737 2908 750 2945 :

590 2992 786 3074 Eulium
805 3020 985 3074 nume_n
1004 3009 1164 3068 abest,
1192 3012 1230 3074 si
1257 3012 1323 3061 sit
1348 3011 1608 3074 prudentia
1636 3012 1757 3062 :sed
1778 3025 1867 3062 nos

592 3066 667 3118 'l‘e
689 3067 913 3134 iacimus,
939 3066 1175 3133 Fortuna,
1194 3066 1361 3136 deam;
1386 3075 1615 3140 castoque
1639 3074 1873 3126 locamus.

468 3194 702 3252 Stultitia
737 3198 916 3269 igitur,
945 3209 999 3255 et
1029 3216 1202 3270 error,
1225 3211 1281 3257 et
1300 3203 1537 3272 ca'citas,
1569 3202 1647 3271 et,
1676 3209 1734 3259 ut
1763 3204 1953 3260 Cicero
1976 3203 2073 3270 ait,

2169 474 2385 528 uouiina
2418 473 2646 528 induxit.
2679 472 2784 530 Sed
2814 482 2869 528 ut
2898 473 3269 529 adversarium
3298 482 3455 530 suum
3486 479 3727 533 nesciunt
3760 496 3771 532 :

2169 564 2249 619 sic
2287 574 2387 620 nec
2429 565 2680 621 virtutem
2729 564 2946 636 quidem
2992 567 3191 628 sciunt.
3237 566 3392 636 cujus
3437 567 3660 624 scientia
3709 571 3777 627 ab

2168 658 2460 715 adversarii
2480 660 2699 715 notione
2714 660 3017 715 desecndit.
3038 660 3171 728 Qtia‘.
3184 662 3228 716 si
3246 662 3531 732 conjuncta
3552 670 3634 719 est
3650 674 3776 720 com‘

2169 754 2453 823 sapientia,
2483 754 2587 821 vel,
2613 760 2671 807 iit
2695 754 2795 824 ipsi
2818 753 3024 821 dicunt,
3043 753 3231 810 eadem
3257 756 3370 826 ipsa
3389 757 3649 827 sapientia
3668 767 3774 826 est,

2171 846 2421 918 ignorent
2450 858 2677 904 necesse
2702 854 2784 901 est
2825 846 2875 903 in
2919 848 3117 919 quibus
3157 846 3321 904 rebus
3349 846 3450 904 sita
3482 848 3569 903 sit.
3603 849 3779 905 Nemo

2171 941 2312 995 enim
2361 940 2537 1011 potest
2580 939 2723 995 veris
2768 941 2931 995 armis
2970 940 3200 1007 instrui,
3236 941 3281 996 si
3329 941 3539 997 hostem
3584 948 3771 998 contra

2170 1039 2331 1104 quem
2380 1030 2540 1088 fuerit
2585 1032 2907 1099 armandas,
2956 1033 3201 1104 ignorat;
3254 1048 3356 1089 nec
3401 1034 3771 1090 adversarium

2170 1128 2424 1191 vincere,
2455 1128 2543 1197 qui
2591 1127 2641 1181 in
2683 1126 2991 1182 dimicando
3037 1136 3142 1181 nun
3190 1126 3400 1182 hostem
3440 1141 3647 1193 verum,
3680 1120 3775 1183 sed

2171 1220 2413 1277 umbram
2447 1220 2596 1291 petit.
2629 1214 3010 1277 Prosternetur
3041 1220 3184 1277 enim
3211 1265 3225 1287 ,
3257 1223 3345 1294 qui
3372 1223 3479 1277 alio
3512 1221 3772 1291 intentus,

2170 1315 2475 1369 venientem
2502 1309 2755 1370 vitalibus
2784 1315 2897 1371 suis
2940 1315 3101 1371 ietutn
3145 1320 3245 1372 nec
3288 1315 3597 1387 praeviderit
3624 1327 3770 1384 ante,

2171 1420 2273 1464 nec
2299 1407 2523 1463 caverit.

2754 1506 3002 1627 CAPUT.
3025 1514 3197 1575 xxx.

2174 1639 2423 1713 Epilogus
2448 1648 2566 1695 ante
2588 1639 2877 1703 dictorum;
2907 1646 2952 1691 et
2973 1653 3075 1707 qua
3103 1636 3301 1690 ratione
3318 1635 3383 1690 sit
3410 1638 3776 1693 transeundum

2244 1752 2279 1787 rt
2321 1735 2542 1787 vanitate
2612 1730 3035 1801 philosophorum
3101 1728 3170 1783 ad
3233 1729 3542 1800 sapientiam
3605 1746 3777 1786 ueram

2246 1836 2293 1880 et
2323 1828 2424 1881 veri
2472 1823 2568 1879 Dei
2612 1824 2976 1896 cognitionem,
3009 1824 3060 1878 in
3109 1838 3210 1895 quo
3255 1822 3366 1878 solo
3411 1823 3570 1879 uirtus
3615 1834 3689 1879 est
3732 1832 3779 1879 et

2247 1918 2523 1974 beatitudo.

2246 2072 2436 2151 Docui,
2469 2094 2729 2155 quantum
2772 2092 2889 2139 mea
2929 2078 3278 2139 rnediocritas
3305 2081 3463 2148 tulit,
3496 2080 3654 2154 longe
3680 2072 3779 2140 de-

2172 2176 2317 2232 vium
2356 2166 2708 2247 philosophos
2740 2178 2843 2232 iter
2868 2182 2898 2231 ιι
2928 2180 3155 2231 veritate
3186 2172 3445 2230 tenuisse.
3475 2166 3661 2231 Sentio
3692 2185 3775 2231 ta-

2176 2285 2323 2335 men,
2369 2283 2528 2338 quam
2574 2262 2739 2323 multa
2778 2267 3153 2337 praeterierint,
3191 2268 3313 2337 quia
3344 2284 3451 2323 non
3494 2277 3612 2324 erat
3649 2269 3781 2324 mihi

2176 2363 2390 2434 promta
2431 2366 2618 2419 contra
2659 2361 3012 2434 philosophos
3041 2356 3353 2432 disputatio.
3398 2350 3507 2418 Sed
3554 2358 3658 2419 huc
3687 2379 3778 2419 ne-

2177 2456 2415 2511 cessario
2440 2454 2814 2510 divertendum
2841 2452 2972 2521 fuit,
2998 2464 3055 2507 ut
3076 2454 3443 2521 ostenderem,
3466 2463 3542 2509 tot
3563 2464 3618 2509 et
3636 2463 3780 2510 tanta

2176 2548 2392 2621 ingenia
2422 2549 2475 2605 in
2504 2548 2666 2604 rebus
2695 2547 2844 2603 falsis
2870 2563 2992 2604 esse
3017 2557 3373 2618 consumpta;
3403 2563 3471 2603 uc
3498 2548 3618 2619 quis
3644 2547 3784 2605 forte

2175 2657 2207 2697 a
2240 2641 2419 2711 pravis
2458 2642 2809 2711 religionibus
2848 2640 3131 2709 exclusus,
3176 2639 3245 2695 ad
3288 2655 3389 2695 eos
3426 2656 3487 2697 se
3529 2641 3783 2699 conferre

2175 2732 2361 2801 vellet,
2395 2741 2667 2804 tamquam
2695 2734 2827 2789 certi
2857 2732 3059 2803 aliquid
3100 2740 3433 2803 reperturus.
3466 2732 3582 2789 Una
3617 2733 3780 2804 igitur

2176 2838 2301 2896 spes
2332 2824 2557 2890 homini,
2584 2838 2686 2880 una
2713 2824 2859 2879 salus
2889 2826 2943 2879 in
2970 2824 3071 2880 hac
3092 2820 3365 2891 doctrina,
3398 2832 3561 2895 Quam
3590 2816 3779 2881 defen-

2176 2918 2374 2987 dimus,
2407 2921 2578 2991 posita
2605 2927 2707 2975 est.
2742 2917 2930 2974 Omnis
2968 2920 3233 2989 sapientia
3287 2919 3523 2973 hominis
3575 2920 3629 2975 in
3674 2919 3778 2975 hoc

2177 3029 2285 3071 uno
2313 3024 2415 3081 est,
2446 3026 2503 3070 ut
2547 3015 2715 3070 Deum
2760 3023 3053 3086 cognoscat
3091 3024 3147 3069 et
3182 3015 3363 3069 colat:
3397 3013 3499 3068 hoc
3527 3025 3777 3070 nostrum

2178 3107 2392 3179 dOgma,
2435 3106 2550 3161 lucc
2584 3106 2850 3162 sententia
2882 3115 2984 3162 est.
3016 3104 3225 3174 Quanta
3267 3100 3445 3175 itaque
3483 3121 3617 3161 voce
3659 3119 3781 3175 pos-

2178 3216 2319 3266 sum,
2351 3201 2631 3268 testilicor,
2655 3198 2957 3271 proclamo,
2979 3199 3260 3255 denuntio.
3278 3198 3399 3268 Hic,
3418 3196 3507 3256 hic
3523 3208 3606 3256 cst
3626 3199 3776 3266 illud,

1805 3317 2171 3377 VARIURUM
2210 3310 2437 3372 NOTAE.

542 3427 853 3503 Sestiasque
875 3432 1103 3497 virtutes,
1126 3442 1230 3489 etc.
1257 3434 1332 3489 Ita
1360 3433 1539 3489 scribo
1565 3450 1684 3490 cum
1716 3450 1843 3490 mss.
1873 3433 2064 3503 chio-
2094 3433 2140 3497 C
2171 3447 2313 3503 Leto.
2348 3430 2477 3485 Vide
2501 3430 2693 3486 Isaeum
2722 3431 2777 3503 si
2799 3430 2964 3486 lubet.

468 3499 614 3567 Put.,
639 3502 677 3556 2
703 3499 967 3565 Cothert.,
1000 3504 1035 3557 ἱ
1058 3504 1320 3570 Ctarom..
1352 3507 1508 3561 Cant.
1542 3517 1595 3562 et
1636 3506 1794 3561 editis
1820 3522 1934 3562 sex.
1956 3499 2067 3559 alii

469 3574 794 3648 tresvulgati
823 3575 1042 3648 habent,
1062 3586 1109 3630 et
1135 3593 1188 3631 se
1209 3593 1427 3648 suasque
1452 3580 1678 3632 virtutes.
1711 3579 1766 3632 ltt
1796 3579 1829 3634 8
1854 3577 2071 3648 scriptis

471 3645 801 3715 totidemque
830 3647 1106 3715 impressis
1131 3648 1283 3703 deest
1305 3645 1349 3702 et
1372 3666 1445 3703 se.

540 3714 812 3789 Contraria
857 3714 1034 3788 faciat,
1076 3735 1232 3786 quant
1273 3720 1428 3774 Deus.
1470 3720 1580 3789 Ego
1621 3721 1725 3775 tale
1759 3719 2067 3789 exemplum

467 3786 801 3859 deprehendi
830 3786 947 3843 sine
985 3790 1089 3843 ulla
1123 3804 1253 3843 mss.
1286 3786 1583 3845 variatione
1609 3792 1659 3844 in
1690 3786 1968 3859 Augustini
2002 3791 2070 3845 de

468 3858 628 3934 Civit.
692 3860 783 3913 Dei
809 3900 823 3921 ,
856 3861 974 3934 Alib.
1036 3875 1171 3934 vni,
1197 3860 1384 3934 c.7215:
1417 3862 1522 3925 Qui
1556 3861 1746 3934 (Deus)
1780 3858 2067 3934 :Iueccon-

470 3930 652 3984 trariis
696 3931 912 3991 caussis,
946 3938 1104 3998 quam
1156 3933 1390 3985 instituta
1435 3930 1574 3999 sunt,
1620 3933 1849 3986 abstulit.
1884 3933 2071 3987 Melius

469 4011 652 4055 tamen
695 4011 879 4056 noster
905 3999 1208 4057 Firtniauus
1249 4003 1316 4058 de
1364 4003 1469 4069 Ira,
1500 4020 1550 4059 c.
1579 4005 1613 4059 5
1641 4023 1653 4058 :
1689 4003 1791 4069 Qui
1814 4006 2073 4058 contraria

470 4070 583 4125 Deo
609 4073 784 4137 faciat.
820 4072 955 4127 Bou.

546 4142 648 4196 Hic
674 4161 794 4213 ergo
819 4145 1094 4198 insidiatur
1120 4146 1385 4200 universis.
1411 4146 1501 4200 Sic
1527 4160 1717 4202 omnes
1736 4161 1866 4201 mss.
1888 4155 1942 4202 et
1964 4145 2076 4217 ple-

469 4215 624 4284 rique
651 4217 814 4281 editi;
849 4218 901 4268 in
931 4217 1158 4284 vulgatis
1189 4219 1459 4273 nonnullis
1486 4230 1565 4273 est
1594 4217 1715 4273 His.

542 4286 940 4359 Circumfundit.
964 4288 1039 4341 Ita
1061 4289 1354 4355 repositum
1378 4306 1444 4344 ex
1474 4306 1603 4343 mss.
1632 4302 1683 4345 et
1706 4299 1939 4360 quatuor
1964 4289 2069 4344 edi

470 4358 630 4430 lis;in
654 4358 864 4414 amatoris
882 4369 965 4413 est
986 4362 1333 4430 circumfudit,
1361 4362 1520 4416 male.
1544 4361 1676 4416 Vide
1693 4358 2069 4430 pi'mccdetttia.

545 4429 695 4484 Datis
722 4440 768 4484 et
795 4442 931 4484 astu.
966 4429 1194 4485 liestitni
1221 4449 1284 4486 ex
1318 4433 1383 4487 10
1411 4447 1541 4487 mss.
1566 4429 1874 4487 veterrimis
1899 4442 1954 4487 et
1979 4444 2075 4501 0p-

472 4502 619 4575 timis
649 4517 712 4556 ac
737 4502 867 4557 edit.
903 4502 971 4558 is.
1005 4502 1061 4557 ln
1098 4503 1165 4557 12
1192 4505 1407 4575 scriptis
1436 4520 1546 4560 rec.
1578 4515 1632 4560 et
1672 4506 1950 4575 impressis
1992 4515 2075 4560 est

473 4574 607 4627 dolis
630 4583 674 4627 et
698 4576 904 4627 astutia.

542 4644 625 4717 Aci
664 4647 884 4714 peccatis
926 4644 1317 4701 blandientibus.
1364 4646 1453 4702 Sic
1494 4647 1708 4717 reposui
1748 4663 1813 4702 ex
1845 4648 2003 4702 editis
2044 4648 2079 4702 5

470 4726 582 4771 vet.
613 4716 891 4778 ilonranis,
925 4716 989 4771 Is.
1020 4727 1071 4771 ct
1095 4719 1290 4773 Ccllar.
1322 4728 1420 4775 nec
1445 4716 1637 4773 nones
1662 4720 1913 4774 erunibus
1940 4734 2069 4773 mss.

471 4785 856 4861 prmterCanc.
884 4797 938 4841 et
971 4789 991 4841 1
1025 4789 1153 4859 Heg.
1180 4806 1288 4844 rec.
1323 4793 1374 4844 in
1406 4792 1621 4859 quibus,
1653 4798 1709 4845 ut
1735 4800 1791 4844 ct
1812 4790 1864 4845 iit
1893 4791 2077 4861 vulga-

470 4859 542 4913 tis
574 4859 823 4913 Undecim
854 4870 937 4913 est
964 4864 1155 4929 peccati
1187 4862 1583 4916 blandamentis.

554 4930 617 5057 ἔξ
646 4942 697 5058 cit
730 4932 988 5016 uiolentia.
1032 4932 1206 4989 Voces
1246 4934 1295 4988 vi
1320 4945 1372 4989 et
1402 4936 1597 4989 absunt
1624 4947 1653 4987 a
1700 4933 1769 4989 15
1799 4947 1931 4989 mss.
1963 4948 2074 4989 rec.

614 5018 664 5058 Θ(
688 5015 794 5058 IIIS.

472 5014 526 5062 et
555 5005 588 5057 8
614 5005 794 5059 editis.

548 5075 671 5129 Non
703 5077 875 5130 statim
920 5076 988 5129 ad
1039 5092 1259 5143 pinnam.
1288 5076 1345 5130 In
1389 5075 1577 5130 eadem
1622 5077 1888 5130 sententia
1930 5077 2079 5131 t'ttere

472 5149 716 5202 nonnulli
749 5148 1083 5217 antiquiores
1126 5147 1309 5201 Patres
1330 5187 1345 5212 ,
1381 5147 1775 5217 uixi‘videlicet
1805 5147 1887 5201 his
1916 5149 2081 5217 testi-

473 5221 670 5274 moniis
702 5210 958 5289 Μειιιιιεὶὶ,
980 5233 1030 5289 c.
1068 5235 1179 5283 vui,
1205 5210 1352 5289 v.29
1380 5228 1432 5273 et
1460 5214 1549 5281 51,
1576 5236 1637 5271 :tc
1658 5223 1816 5289 epist.
1848 5234 1884 5272 ιι
1907 5210 2074 5287 Pctr.,

474 5305 524 5345 c.
556 5306 617 5355 ιι,
651 5306 704 5343 v.
754 5292 805 5355 4,
857 5288 913 5346 S.
964 5287 1209 5345 Justinus
1249 5288 1477 5360 Apolog.
1528 5302 1545 5343 ι
1591 5287 2075 5360 ιιι-οόιιτίειῐῖιιιὶες

476 5360 534 5416 S.
588 5363 858 5423 lrenzcus,
894 5362 986 5415 lib.
1025 5377 1054 5414 ι·
1084 5362 1296 5417 advers.
1350 5362 1581 5425 lla-res;
1620 5362 1979 5416 Tcrtulliotttts
2023 5361 2077 5417 in

476 5431 732 5504 Apolog,
760 5448 809 5486 c.
833 5432 935 5497 27;
967 5433 1227 5503 Origenes
1262 5437 1311 5487 iu
1344 5447 1466 5504 cup.
1499 5449 1612 5488 χχιι
1635 5433 1849 5488 Numer.
1877 5431 2072 5504 11ιιιιι11.

478 5503 584 5564 15ς
618 5502 675 5557 S.
707 5502 1189 5571 Augustinus,'lib.
1234 5521 1271 5560 ιι
1319 5503 1386 5561 de
1416 5502 1627 5561 Ccucsi
1678 5512 1863 5559 contra
1910 5502 2080 5559 Muni-

478 5575 679 5638 cha-os,
712 5589 761 5627 c.
794 5574 879 5631 17.
906 5573 1031 5625 citat
1067 5574 1193 5630 illud
1224 5577 1425 5632 Christi
1453 5575 1666 5641 Matth.,
1698 5590 1747 5630 c.
1784 5590 1924 5641 xxv;
1959 5573 2080 5629 Dis-

478 5645 641 5700 cedite
669 5662 698 5697 a
726 5661 823 5710 me,
857 5643 1135 5710 maledicti,
1168 5648 1219 5699 in
1252 5650 1418 5717 ignem
1458 5660 1723 5712 wternum,
1753 5649 1841 5717 qut
1871 5658 2081 5714 paratus

479 5716 853 5791 estidiabolmet
885 5716 1080 5791 aitgrlis
1108 5719 1236 5791 ejus.
1268 5716 1476 5773 Clarius
1498 5720 1682 5791 adhuc
1712 5716 2077 5791 testiinonium

476 5790 601 5855 Vide
629 5791 680 5850 in
710 5788 755 5861 11
783 5788 929 5875 Petri
954 5788 1203 5863 EpistdL,
1232 5805 1280 5850 c.
1314 5806 1373 5873 ιι,
1403 5806 1457 5849 v.
1481 5788 1757 5875 4,Partim
1786 5808 1866 5849 ex.
1902 5789 2078 5853 Bero-

2243 3502 2328 3557 Ex
2355 3519 2454 3573 quo
2486 3504 2565 3569 ﬁt,
2597 3515 2700 3558 etc.
2738 3502 2893 3558 Falsa
2928 3505 3042 3557 haec
3072 3500 3335 3557 Lactantii
3364 3512 3450 3558 est
3483 3504 3777 3560 sententia.

2172 3576 2353 3631 Virtus
2383 3575 2600 3644 quidem
2631 3585 2749 3630 est:
2780 3575 2874 3630 scd
2916 3577 3034 3630 sine
3077 3575 3388 3630 adversario
3409 3617 3423 3641 ,
3470 3576 3614 3631 vires
3652 3591 3779 3632 suas

2175 3664 2281 3703 non
2309 3647 2502 3701 exerit.

2247 3718 2464 3772 Nullum
2514 3733 2701 3771 numen
2741 3716 2900 3771 abest.
2949 3716 3040 3772 Sic
3082 3715 3327 3787 profecto
3375 3716 3663 3783 legendum
3710 3733 3778 3775 ex

2172 3804 2304 3845 mas.
2340 3790 2546 3844 Bonon.
2593 3788 2629 3843 1
2675 3788 2810 3856 Reg.
2856 3788 3084 3859 aliisque
3121 3803 3268 3856 oeto,
3296 3804 3358 3843 ac
3395 3789 3462 3843 12
3488 3790 3684 3853 editis,
3721 3803 3776 3845 ut

2172 3861 2449 3917 Jnvctialis
2480 3862 2803 3929 respOndcat
2846 3875 3032 3930 seopo.
3075 3859 3131 3915 lu
3180 3859 3243 3915 19
3273 3876 3432 3914 manu
3465 3862 3697 3916 exaratis
3724 3871 3781 3916 ct

2173 3934 2208 3987 2
2239 3934 2516 4001 impressis
2543 3930 2693 3985 habes
2714 3972 2728 3997 ,
2762 3930 2919 3986 nialc.
2948 3931 3014 4001 lli
3039 3931 3147 3985 duo
3177 3946 3363 3987 versus
3410 3932 3462 3986 in
3506 3932 3778 3988 Iuvenalis

2176 4005 2291 4062 Sat.
2319 3998 2390 4059 10
2436 4006 2577 4058 circa
2625 4005 2805 4058 tinem.
2828 4031 2901 4041 —
2924 3998 3146 4058 Nullum
3191 4018 3376 4057 numen
3420 4004 3596 4058 habes.
3628 4004 3778 4069 Mss.,

2174 4076 2365 4145 Cauc.,
2415 4074 2612 4140 Palat.,
2656 4074 2807 4139 Juu.,
2839 4068 2988 4145 Lips.
3042 4076 3094 4139 t,
3136 4076 3389 4136 licitum"
3428 4074 3610 4138 Rost.,
3646 4068 3777 4128 Ven.

2177 4149 2345 4202 altera
2372 4145 2497 4207 478.
2529 4146 2726 4199 Puris.:
2756 4144 2954 4201 nultum
2985 4164 3173 4201 numen
3205 4146 3375 4199 habes.
3414 4144 3634 4207 Ultrai.:
3667 4147 3787 4199 nul-

2180 4217 2286 4273 tum
2332 4235 2512 4271 nomen
2553 4217 2707 4272 habes
2732 4262 2745 4283 ,
2777 4234 2897 4273 cum
2948 4217 3147 4273 Veneta
3194 4220 3362 4287 prima
3402 4216 3530 4273 478.
3565 4216 3789 4271 Variaut

2178 4306 2394 4361 quoque
2421 4289 2698 4345 Juvenalis
2730 4291 2888 4354 libri;
2918 4298 2972 4342 at
3005 4290 3166 4361 menti
3214 4288 3478 4343 Lactantii
3519 4288 3670 4344 habes
3696 4288 3787 4343 hic

2180 4360 2607 4425 convenientius,
2641 4377 2801 4431 quam
2832 4361 3082 4431 aliorum,
3114 4360 3270 4415 abest.
3315 4361 3447 4416 BUN.

2251 4432 2445 4488 Cicero.
2480 4428 2802 4501 Quctu'vide
2834 4434 2882 4487 in
2908 4448 2924 4486 ι
2951 4428 3120 4487 Acad.
3152 4439 3343 4502 quaest.
3377 4432 3465 4485 tibi
3494 4445 3678 4499 supra.

2251 4504 2441 4560 Armis.
2490 4504 2559 4559 lis
2603 4505 2828 4573 scilicet,
2873 4504 2939 4559 de
2979 4503 3171 4574 quibus
3210 4503 3411 4560 Paulus
3441 4503 3507 4559 ad
3556 4502 3784 4573 Ephes.,

2177 4590 2227 4631 c.
2258 4591 2335 4641 vr,
2370 4593 2418 4629 ν.
2452 4577 2508 4630 11
2548 4582 2603 4630 et
2632 4577 2717 4631 13.

2259 4645 2529 4703 Vitulibus.
2578 4646 2676 4701 llic
2716 4656 2797 4702 est
2843 4662 2942 4717 pro
2974 4646 3245 4701 intestinis
3283 4653 3338 4702 et
3368 4644 3794 4717 visceribus.—~

2186 4718 2479 4774 Vcnientem
2508 4716 2859 4773 vitalibus.....
2884 4719 3060 4771 ictum.
3098 4717 3286 4772 Vitalia
3312 4727 3437 4773 sunt
3466 4719 3670 4772 viscera
3705 4716 3795 4771 1ης-

2180 4799 2297 4846 tern
2318 4809 2352 4844 ι.
2388 4792 2592 4845 Seneca
2624 4806 2710 4859 ep.
2742 4792 2812 4846 99
2842 4808 2854 4843 :
2893 4792 3058 4856 Quam
3098 4790 3271 4843 multis
3300 4792 3476 4845 vitalia
3513 4797 3789 4843 eruuntur.

2178 4864 2450 4917 Aminian.
2480 4862 2796 4928 Marcellinu,
2822 4862 2917 4917 lib.
2952 4876 3061 4929 xw,
3084 4876 3135 4915 c.
3165 4862 3228 4916 12
3254 4877 3269 4920 ς
3299 4861 3422 4916 Tela
3447 4876 3623 4914 eorunt
3654 4862 3793 4914 vita-

2176 4933 2309 4988 libus
2337 4934 2677 5004 immergebat.
2706 4934 2836 4990 Bos.

2252 5006 2449 5061 Sentio.
2484 5001 2559 5060 Ita
2598 5008 2803 5061 restitui
2835 5020 2901 5061 ex
2928 5002 3307 5059 vetustissimis
3337 5004 3550 5059 duobus
3576 5001 3785 5069 Regiis,

2177 5077 2214 5131 2
2241 5075 2449 5132 Borion.
2492 5078 2722 5147 aliisque
2752 5079 2823 5133 52
2849 5090 2980 5131 mss.
3014 5075 3262 5149 (alisque
3288 5075 3357 5130 12
3395 5075 3695 5149 Vaticanis)
3721 5087 3795 5130 ac

2179 5149 2213 5203 5
2244 5160 2351 5203 vet.
2385 5146 2645 5203 Romanis
2684 5151 2908 5217 aliisque
2954 5150 2986 5203 8
3027 5146 3206 5202 editis.
3242 5147 3299 5201 In
3347 5147 3564 5217 scriptis
3591 5146 3789 5214 Canc.,

2182 5222 2208 5275 1
2241 5219 2371 5290 Reg.
2404 5236 2538 5286 rec.,
2570 5220 2784 5286 Marrn.,
2814 5223 2839 5277 1
2882 5220 3027 5289 Lips.
3062 5231 3116 5273 et
3141 5220 3178 5290 _7
3202 5221 3431 5288 vulgatis
3454 5227 3539 5272 est
3561 5218 3708 5273 Scio.

2253 5294 2295 5344 A
2325 5288 2495 5360 pravis
2522 5291 2872 5360 religionibus.
2901 5292 2991 5347 Sic
3024 5288 3217 5345 Paulus
3256 5293 3325 5344 ad
3369 5291 3790 5360 Colmsensait,

2179 5358 2336 5417 voeat
2379 5358 2655 5435 susceptas
2702 5366 3007 5435 religiones.
3053 5362 3316 5435 sapientia
3364 5374 3631 5435 carentes.
3676 5358 3791 5415 01)*

2180 5448 2335 5487 serva
2367 5434 2633 5505 religionis
2664 5432 2857 5490 nomen
2885 5434 2934 5488 in
2968 5434 3162 5505 plurali
3192 5452 3217 5483 :i
3250 5432 3530 5488 Lactantio
3561 5446 3782 5503 semper

2181 5506 2234 5560 in
2267 5509 2458 5560 malam
2490 5507 2729 5576 usurpari
2764 5518 2987 5576 partem.
3021 5507 3341 5560 Bsrunstos.

2255 5576 2387 5647 Spes
2418 5575 2629 5631 homini.
2663 5577 2733 5630 ita
2766 5575 2894 5632 cum
2938 5578 3189 5631 omnibus
3216 5577 3327 5630 fere
3354 5575 3567 5630 excusis
3599 5590 3795 5629 monu-

2181 5650 2388 5720 set-ipti,
2419 5659 2614 5719 prazter
2641 5649 2677 5701 2
2703 5649 2834 5719 Reg.
2866 5665 2974 5705 rec.
3005 5656 3057 5704 et
3085 5648 3251 5703 Gotlt.
3279 5647 3679 5718 nonnullosque
3706 5657 3796 5717 ty-

2182 5722 2599 5794 pisexpressos,
2632 5721 2825 5794 quibus
2848 5730 2932 5794 est
2959 5722 3198 5794 hominis.

2257 5790 2378 5865 Hic,
2398 5794 2479 5865 hic
2498 5802 2573 5851 est
2592 5793 2743 5869 illud,
2769 5803 2873 5853 etc.
2897 5793 2987 5865 Sic
3009 5791 3235 5856 restituo
3272 5806 3341 5853 ex
3384 5791 3627 5855 omnium
3649 5798 3787 5860 nisi.
