4154 6196
381 343 486 401 445

1129 341 1465 402 ANALYSlS
1500 342 1686 401 LIBRI
1726 342 1816 403 Νι
1858 341 1947 399 ΒΕ
1986 340 2176 398 VERA
2220 341 2587 399 SAPIENTIA
2627 341 2717 398 ET
2757 341 2986 400 RELIG.

3564 334 3684 399 “6'

375 459 516 532 quod
569 458 875 531 philosophi
927 475 1119 520 omnes
1168 463 1221 518 in
1275 469 1386 517 tota
1437 474 1535 516 sua
1572 462 1680 516 vita
1732 459 1963 532 quasie-
1988 461 2044 523 Α
2066 472 2226 532 quam
2256 461 2493 530 reperire
2522 459 2970 531 potuerunt?Qui
2999 459 3111 515 vult
3137 460 3355 531 sapiens
3385 470 3447 516 ac
3475 460 3669 517 beatus

368 562 512 620 runt,
535 567 636 610 nec
658 568 892 625 unquam
915 562 1094 612 tamen
1119 553 1465 626 investigare,
1483 553 1965 625 comprehendere,

367 654 551 703 tenere
573 646 881 713 uiderunt,
908 647 996 720 qui
1022 641 1341 721 religionem
1362 649 1453 703 aut
1477 660 1698 719 pravam
1729 648 1967 704 retinue-

367 746 513 805 runt,
541 743 635 793 aut
664 740 829 794 totam
862 741 1075 809 penitus
1103 741 1454 797 sustulerunt.
1488 734 1780 795 Facessant
1806 739 1966 810 igitur

368 832 442 889 illi
482 848 693 900 omnes,
726 834 819 904 qui
850 835 1138 890 humanam
1168 836 1336 891 vitam
1388 850 1493 890 non
1544 835 1835 904 lnsuuunt,
1867 835 1963 891 sed

369 926 600 982 turbant.
629 918 767 995 Quid
800 926 944 981 cnim
982 925 1215 983 docent?
1249 932 1342 983 aut
1376 936 1537 998 quem
1580 928 1848 983 instruunt
1874 927 1963 999 q’ui

366 1031 425 1074 se
452 1018 597 1087 ipsos
625 1015 861 1072 nondum
894 1018 1303 1075 instruxerunt?
1327 1019 1498 1088 Quem
1529 1034 1721 1075 Sonare
1750 1020 1959 1091 aegroti,

366 1125 520 1182 quem
543 1124 734 1181 regere
760 1110 889 1166 caeci
918 1112 1176 1181 possunt?
1198 1112 1312 1167 Huc
1331 1126 1461 1181 ergo
1487 1127 1586 1168 nos
1608 1128 1817 1178 omnes;
1842 1112 1960 1183 qtti-

367 1203 463 1259 bus
487 1211 571 1259 est
594 1216 725 1259 cura
751 1205 1051 1275 sapientiae,
1071 1205 1431 1261 conibramus.
1451 1205 1534 1261 An
1556 1203 1958 1277 expectabimus

365 1297 533 1353 donec
559 1296 812 1354 Socrates
841 1294 1042 1370 aliquid
1073 1300 1247 1355 sciat?
1286 1303 1376 1355 aut
1411 1296 1756 1371 Anaxagoras
1788 1300 1840 1356 in
1874 1311 1955 1356 te-

365 1388 546 1446 nebris
575 1390 757 1447 lumen
799 1390 1075 1447 inveniat?
1098 1402 1191 1447 aut
1216 1392 1553 1449 Democritus
1582 1394 1859 1450 veritatem
1890 1394 1958 1450 de

364 1493 527 1555 puteo
554 1484 843 1539 extrahat?
868 1495 958 1540 aut
988 1480 1347 1557 Empedocles
1373 1487 1559 1543 dilatet
1586 1487 1749 1543 animi
1777 1486 1860 1544 Sui
1883 1494 1966 1545 Se-

363 1576 563 1633 mitas?
589 1582 683 1632 aut
712 1570 982 1634 Arcesilas
1004 1586 1060 1634 et
1084 1577 1395 1637 Carneades
1425 1577 1666 1649 rideant,
1698 1581 1960 1650 sentiant,

363 1666 697 1740 percipiant?

430 1762 571 1819 Ecce
594 1776 701 1819 vox
730 1762 800 1819 de
837 1763 979 1821 celo
1005 1764 1290 1822 veritatem
1327 1765 1551 1836 docens,
1583 1772 1638 1823 et
1661 1765 1817 1822 nobis
1847 1767 1963 1823 s'oie

361 1853 477 1928 ipso
510 1855 715 1912 clarius
743 1856 926 1913 lumen
967 1854 1277 1915 ostendens.
1310 1852 1449 1926 Quid
1478 1858 1632 1916 nobis
1671 1858 1836 1932 iniqui
1867 1874 1960 1915 su-

2075 568 2217 623 esse,
2246 554 2429 610 audiat
2457 554 2547 610 Dei
2572 568 2761 610 vocem
2783 596 2798 619 ,
2830 554 3003 610 discat
3025 553 3289 626 juStitiam
3309 598 3322 621 ,
3361 556 3672 611 sacramen—

2075 655 2187 701 tum
2210 644 2504 702 nativitatis
2526 661 2639 701 sua:
2662 647 2839 713 norit;
2871 645 3106 703 humana
3132 656 3462 710 contemnat,
3495 648 3673 703 divina

2072 739 2357 808 suscipiat,
2393 747 2449 793 ut
2476 754 2746 794 summum
2789 739 2919 795 illud
2962 738 3161 794 bonum
3184 782 3198 807 ,
3230 740 3297 795 ad
3339 739 3480 811 quod
3513 748 3675 796 natus

2071 836 2177 898 est,
2212 830 2382 901 possit
2410 830 2660 901 adipisci.
2694 830 2980 886 DlSSnlullS
3005 826 3355 903 religionibus
3386 831 3671 899 universis,

2071 928 2124 980 et
2152 923 2426 987 omnibus,
2462 939 2816 994 qumcumquc
2855 923 2907 978 in
2945 939 3128 979 earum
3168 924 3538 980 defensionem
3569 926 3673 981 dici

2068 1016 2157 1073 vel
2182 1016 2449 1081 solebant,
2484 1017 2564 1071 vel
2594 1025 2858 1088 poterant,
2892 1016 3158 1082 refutatis,
3184 1017 3383 1072 deinde
3409 1017 3675 1074 convictis

2068 1111 2424 1182 philosophiae
2464 1108 2784 1178 disciplinis,
2827 1110 2892 1163 ad
2930 1124 3111 1164 veram
3153 1108 3307 1164 nobis
3348 1110 3666 1181 religionem

2066 1205 2492 1275 sapientiamque
2518 1203 2840 1259 veniendum
2883 1213 2966 1259 est
2989 1245 3004 1269 ,
3038 1204 3289 1275 quoniam
3330 1206 3434 1271 est,
3485 1204 3539 1259 ut
3569 1204 3669 1260 do-

2065 1298 2222 1363 cebo,
2252 1307 2537 1369 utrumque
2561 1298 2939 1366 conjunctum;
2966 1308 3022 1352 ut
3050 1314 3169 1352 eam
3199 1298 3284 1353 vel
3307 1300 3666 1369 argumentis,

2065 1392 2153 1448 vel
2181 1392 2461 1462 exemplis,
2493 1391 2577 1445 vel
2605 1391 2814 1446 idoneis
2844 1390 3071 1446 testibus
3096 1402 3421 1457 asseramus,
3452 1398 3506 1446 et
3528 1392 3667 1446 stiti-

2068 1485 2263 1547 titiau’i,
2288 1486 2446 1556 quam
2471 1483 2626 1539 nobis
2646 1484 2731 1538 isti
2753 1480 2975 1538 deorum
3005 1478 3242 1538 cultores
3260 1482 3532 1554 objectare
3556 1499 3662 1540 non

2067 1574 2342 1649 desinunt,
2368 1589 2425 1636 ut
2448 1580 2650 1635 nullam
2684 1593 2848 1650 penes
2876 1594 2996 1644 nos,
3025 1579 3103 1634 sic
3135 1587 3300 1633 totam
3331 1593 3496 1648 penes
3527 1580 3672 1649 ipsos

2067 1686 2189 1733 esse
2218 1676 2529 1732 doceamus.
2562 1675 2626 1730 Et
2656 1680 2979 1743 quamquam
3019 1666 3290 1742 prioribus
3330 1671 3505 1735 libris,
3546 1687 3669 1727 cum

2066 1768 2230 1825 falsas
2269 1774 2551 1840 atgberem
2594 1766 2904 1838 religiones,
2935 1768 2989 1821 et
3019 1763 3142 1832 huc,
3184 1768 3304 1819 eum
3346 1762 3534 1818 falsam
3577 1780 3669 1819 sa-

2063 1865 2318 1933 pientiam
2361 1861 2602 1917 tollerem
2622 1900 2637 1927 ,
2667 1861 2756 1915 ubi
2782 1861 2981 1915 veritas
3007 1860 3106 1925 sit,
3138 1858 3498 1922 ostenderim;
3557 1859 3671 1928 pla-

366 1950 519 2005 mns?
546 1961 602 2006 et
629 1950 945 2022 sapientiam
977 1953 1254 2024 suscipere
1275 1965 1611 2022 cunctamur,
1634 1972 1795 2027 quam
1815 1955 1961 2012 docti
1990 1938 2039 2002 Β
2068 1955 2190 2011 nius
2223 1964 2421 2019 tamen,
2465 1968 2585 2024 qua:
2625 1953 2832 2022 religio,
2874 1960 2928 2008 et
2967 1964 3087 2023 qua;
3127 1952 3390 2023 sapientia
3421 1966 3546 2007 vera
3577 1951 3665 2017 sit,

365 2039 631 2112 homines;
660 2043 906 2100 cetttritis
946 2044 998 2100 in
1042 2045 1337 2116 quaerendo
1374 2044 1623 2105 aetatibus
1653 2050 1785 2116 suis,
1819 2066 1959 2106 nun-

384 2120 479 2135 μου
498 2127 585 2137 “'1

2067 2050 2206 2106 liber
2237 2048 2514 2119 proximus
2542 2042 2818 2102 indicabit.

1708 2164 2070 2224 VARIORUM
2108 2160 2333 2220 ΝΟΤιΈ.

365 2273 751 2352 vetustissimis
773 2282 828 2330 et
854 2275 1071 2352 optimis
1100 2275 1124 2331 i
1152 2276 1313 2352 Bon,
1348 2278 1373 2352 ᾖ
1404 2279 1539 2352 Reg.
1565 2276 1670 2352 900
1695 2282 1966 2352 nonor-iet

364 2344 683 2417 Regiosput;
716 2344 924 2403 necnon
954 2349 1072 2403 Em.
1108 2356 1163 2405 et
1191 2350 1320 2406 edit.
1353 2346 1423 2405 is.
1454 2344 1514 2405 ιιῖ
1546 2348 1803 2406 Set-ibitur
1835 2344 1966 2406 HIC

364 2419 426 2492 in
459 2428 844 2492 contractuum
879 2422 1130 2492 margine
1158 2434 1189 2476 e
1215 2420 1436 2492 regione
1462 2422 1589 2490 loci,
1618 2423 1669 2477 in
1698 2430 1805 2492 quo
1835 2431 1963 2477 con»

363 2490 497 2563 stitit
520 2498 744 2563 summa
770 2490 1019 2563 reiunde
1043 2490 1387 2561 iudicandum
1434 2503 1554 2548 est:
1588 2490 1729 2563 quod
1758 2493 1964 2551 Gallice

362 2560 593 2615 dicimus
620 2560 794 2633 tellit:
830 2561 893 2617 de
922 2562 972 2616 ta
1014 2560 1171 2633 piece,
1202 2563 1286 2618 vel
1326 2562 1461 2619 uoild
1488 2566 1534 2619 te
1566 2560 1705 2620 Hic:
1737 2564 1853 2621 hare
1881 2573 1960 2621 la-

361 2647 485 2707 men
512 2631 727 2707 nonnisi
753 2634 992 2707 populari
1016 2631 1269 2707 dicuntur
1296 2639 1564 2707 Sermone,
1599 2654 1703 2693 non
1728 2636 1961 2707 eleganti

362 2704 600 2780 eloquio;
616 2704 821 2780 Nostrae
850 2705 1063 2780 lectioni
1089 2705 1263 2761 favent
1286 2720 1415 2780 mss.
1442 2706 1476 2762 5
1496 2706 1628 2780 Reg.
1646 2710 1757 2775 alii,
1786 2704 1962 2764 [ροι-

360 2774 527 2843 bert.,
560 2773 707 2847 Gat,
734 2776 924 2842 Brun.,
956 2776 1148 2845 quibus
1178 2784 1278 2843 est,
1310 2776 1409 2832 Hic
1447 2784 1516 2833 est
1542 2773 1692 2845 iliud,
1726 2773 1843 2847 sine
1872 2794 1957 2836 re-

364 2847 658 2912 petitione;
682 2844 808 2902 Jun.
835 2848 860 2902 1
891 2844 1036 2903 Colb.
1077 2849 1213 2915 Hoc,
1241 2851 1334 2902 hoc
1355 2860 1426 2903 est
1448 2852 1616 2917 illud;
1647 2844 1695 2906 in
1720 2844 1964 2917 Gaudet

363 2918 433 3042 11ι
455 2917 589 3042 aliIn:
606 2932 715 2974 rec.
754 2920 968 2990 scriptis
1008 2912 1322 2993 cunctisque
1364 2918 1479 2978 fere
1510 2912 1810 2994 impressis,
1847 2912 1961 2979 Hoc

363 3004 411 3042 es
455 3006 471 3042 ι
518 3007 550 3042 a
595 3031 608 3042 .

363 2998 433 3043 est
455 2998 608 3042 illud.

437 3082 789 3138 Retinuerunt.
839 3084 914 3141 Ita
962 3072 1176 3153 reposui
1227 3084 1291 3141 ex
1337 3086 1497 3142 editis
1541 3087 1791 3153 Tornes.,
1823 3088 1960 3143 Sou-

366 3152 542 3230 bron.,
575 3154 786 3211 Walch.
812 3167 868 3230 et
895 3152 1145 3230 omnibus
1174 3174 1303 3213 mss.
1329 3168 1523 3229 praeter
1543 3158 1578 3212 2
1601 3160 1732 3230 Reg.
1757 3152 1870 3217 rec.
1907 3169 1963 3215 et

370 3225 431 3281 i4
460 3228 777 3297 impressos,
811 3228 863 3283 in
889 3228 1083 3299 quibus
1112 3240 1194 3284 est
1218 3225 1508 3285 tenuerunt.

434 3319 861 3395 Sacramontum._
884 3321 937 3395 id
967 3331 1049 3377 est
1078 3323 1428 3395 mysterium,
1457 3338 1589 3380 voce
1622 3340 1652 3379 a
1683 3324 1961 3381 Lactantio

366 3405 507 3463 saepe
532 3403 806 3464 usurpata.
845 3393 899 3449 id
940 3404 1022 3449 est
1049 3410 1080 3448 a
1114 3393 1213 3465 quo
1251 3407 1401 3450 natus
1439 3396 1503 3451 sit
1543 3405 1590 3451 et
1619 3407 1837 3452 creatus.
1872 3398 1963 3453 Sic

372 3550 1298 3569 ψ

1298 3642 1852 3734 ANALYSIS
1901 3632 2220 3734 LIBRi
2274 3648 2740 3759 QUARTI

2066 2274 2398 2340 Laclantius,
2430 2273 2525 2330 lib.
2556 2276 2618 2338 ii,
2650 2265 2818 2347 c.7178,
2846 2266 2976 2347 dicit
3004 2258 3394 2347 Sacramenigyit
3423 2260 3664 2347 hominis.

2065 2380 2135 2392 —-
2175 2351 2563 2404 Sacr-amentum
2615 2344 2895 2399 nativitatis
2938 2360 3045 2400 sua:
3103 2344 3254 2398 norit.
3306 2341 3502 2399 Nostro
3550 2345 3669 2399 loco

2067 2421 2308 2490 proxima
2339 2419 2430 2490 illa
2461 2433 2526 2472 ex
2558 2416 2649 2472 lib.
2680 2433 2774 2483 vn,
2803 2433 2851 2490 φ.
2877 2416 2947 2490 5;
2978 2419 3154 2490 Quare
3176 2416 3431 2490 hominem
3459 2416 3668 2481 fecerit;

2065 2487 2229 2559 Supra
2256 2533 2270 2556 ,
2304 2489 2347 2543 si
2391 2498 2760 2542 sacramentum
2796 2487 3017 2542 hominis
3061 2489 3410 2559 cognovissent
3444 2502 3619 2559 supra
3650 2527 3665 2552 ,

2065 2556 2199 2633 quae
2220 2561 2357 2617 saltis
2376 2562 2449 2633 ita
2471 2564 2741 2631 formatus,
2764 2560 2817 2612 ut
2839 2559 2971 2614 oculi
2996 2559 3104 2629 ejus
3124 2556 3198 2612 ‘ad
3213 2557 3394 2613 cretum
3416 2558 3663 2612 directi...

2065 2628 2333 2689 excitasse.
2372 2628 2502 2687 BUN.

2142 2702 2431 2777 Utrumque
2456 2702 2800 2775 conjunclum.
2850 2698 2987 2777 Dicit
3026 2697 3421 2777 utritmqtte,__id
3451 2709 3554 2763 est,
3588 2716 3667 2777 rf-

2065 2778 2304 2848 ligiouem
2323 2766 2721 2848 sapientiamque
2741 2770 3105 2848 conjunctam.
3132 2766 3300 2848 idem,
3322 2770 3413 2848 lib.
3435 2786 3507 2833 ιν,
3530 2785 3578 2825 c.
3608 2769 3665 2835 2,

2063 2842 2155 2903 ﬂii.
2188 2847 2352 2916 dicit:
2384 2842 2704 2916 Sapientiam
2749 2861 2861 2916 cum
2903 2842 3570 2916 reiigione_sic_cnhwrere,
3613 2850 3668 2895 ut

2065 2902 2239 2974 diuelli
2265 2902 2536 2983 utrttmq'ue
2563 2916 2662 2983 nan
2693 2915 2869 2983 possit.
2901 2902 3058 2979 lbidﬁ,
3086 2929 3134 2968 c.
3160 2914 3195 2968 '5
3218 2931 3231 2968 :
3263 2902 3530 2981 Sapientia
3553 2902 3667 2966 cum

2065 2986 2313 3063 religione
2328 2976 2659 3063 inseparabili
2678 2976 3067 3063 nequcohatret;
3085 2985 3242 3063 ibid.,
3382 3002 3398 3063 -._
3415 2985 3664 3063 Apparet,

2060 3055 2213 3133 quain
2243 3056 2377 3133 inter
2397 3055 2449 3133 se
2476 3059 2875 3133 conjttuctcisint
2907 3057 3159 3124 sapientia
3183 3068 3225 3109 ct
3252 3055 3468 3133 religio;
3502 3055 3630 3133 illiti.
3649 3095 3662 3119 ,

2065 3116 2113 3189 ές.
2206 3152 2218 3186 :
2251 3116 3095 3202 Sapietitiam'et_religionemnon
3122 3144 3269 3202 posse
3295 3116 3505 3202 diduci.
3533 3116 3664 3178 litin.

2138 3200 2205 3259 Et
2248 3192 2361 3258 hoc.
2397 3200 2614 3258 Scilicet
2647 3192 2803 3256 iertii)
2835 3192 2971 3255 libro
3003 3218 3015 3253 :
3059 3192 3201 3269 quod
3251 3198 3387 3253 bene
3414 3197 3666 3269 colueret

2063 3276 2320 3346 prioribus
2359 3274 2519 3346 libris.
2560 3273 2750 3346 (Itaque
2782 3272 2985 3346 restitui
3032 3268 3126 3346 hoc
3159 3284 3289 3346 cum
3331 3268 3563 3346 cellario
3602 3283 3667 3346 ex

2065 3338 2195 3403 inss.
2242 3358 2438 3415 praeter
2470 3344 2525 3419 ‘76?
2555 3338 2687 3419 Reg.
2734 3343 2787 3397 in
2834 3344 3027 3414 quibus
3072 3343 3263 3413 legitur
3305 3351 3351 3396 et
3394 3341 3494 3405 hic,
3530 3350 3584 3393 ut
3612 3338 3667 3392 in

2063 3419 2274 3475 cunctis
2304 3422 2416 3474 l'ere
2441 3416 2688 3488 volgatis.

905 3806 1039 3883 QUl
1079 3792 1582 3871 INSCRIBITUR
1622 3808 1728 3869 DE
1758 3809 1980 3870 VERA
2029 3804 2456 3871 SAPIENTIA
2488 3807 2594 3868 ET
2638 3803 3099 3867 BELIGIONE;

430 4110 619 4187 Partes
649 4102 950 4187 libribujus
975 4121 1207 4187 quatuor
1232 4122 1359 4168 sunt
1388 4132 1401 4168 :
1431 4097 1741 4187 Prowmium
1768 4157 1782 4182 ,
1811 4116 1957 4187 c._l,
1988 4115 2033 4179 C
2064 4114 2622 4187 mortioTrismegisti,
2643 4114 3064 4187 Sibyllarum,et
3082 4114 3388 4171 Salomonis
3403 4114 3666 4171 Proverb.

367 4182 420 4256 ἓ,
458 4186 513 4249 5,
559 4186 615 4250 4;
646 4182 907 4239 Institutio
940 4182 1001 4239 de
1027 4184 1250 4245 Christo,
1283 4200 1310 4237 a
1342 4200 1460 4254 cap.
1508 4186 1542 4241 Β
1570 4201 1746 4256 usque
1771 4186 1835 4240 ad
1863 4185 1955 4251 29;

366 4252 657 4327 Expiicatio
684 4257 997 4326 quwstionis,
1026 4259 1277 4327 quomodo
1305 4252 1425 4315 dua}
1448 4252 1695 4323 uertatur};
1726 4255 1887 4311 Pater
1910 4261 1959 4312 et

367 4324 412 4378 F
415 4329 552 4393 ilius,
581 4324 850 4381 sint'unus
879 4324 1047 4395 Deus,
1060 4344 1183 4397 cap.
1216 4326 1286 4383 29
1315 4344 1329 4395 ;
1378 4329 1676 4382 Admonitio
1703 4329 1765 4382 de
1792 4330 1958 4384 causis

366 4399 626 4470 heresium
661 4399 799 4469 (cap.
824 4399 939 4470 50).

430 4464 757 4525 Prooemium
788 4464 907 4525 tria"
931 4471 1173 4525 continet
1203 4488 1215 4524 :
1243 4469 1517 4536 querelam
1556 4464 1624 4525 de
1651 4468 1959 4529 introducto

362 4539 585 4595 deorum
618 4541 789 4603 cuitu,
818 4558 977 4610 quem
1019 4544 1195 4595 omnis
1226 4542 1485 4611 injustitia
1514 4551 1571 4595 et
1601 4542 1848 4608 impietas
1875 4554 1958 4597 est

360 4621 647 4667 censccuta
675 4628 691 4675 ;
724 4627 914 4667 causas
933 4629 1030 4667 cur
1048 4615 1308 4681 sapientia
1335 4628 1364 4666 a
1390 4612 1726 4681 philosophis
1756 4628 1861 4666 non
1887 4615 1956 4667 sit

360 4682 602 4748 inventa,
634 4684 1042 4754 qttiainimirum
1075 4695 1225 4738 extra
1257 4685 1388 4738 lines
1419 4699 1547 4737 suos
1587 4683 1705 4739 eam
1727 4681 1954 4753 quaesie—

358 4755 490 4819 rint,
518 4769 620 4809 nec
646 4753 712 4809 an
754 4753 970 4809 Iudaeos
1020 4755 1373 4820 accesserint,
1401 4755 1577 4808 divina
1608 4755 1746 4808 haud
1796 4756 1957 4810 dubie

358 4826 696 4894 providentia
727 4825 994 4892 derelictl,
1037 4840 1134 4880 nec
1166 4826 1292 4880 inde
1322 4823 1462 4880 scire
1491 4828 1783 4895 potueruttt
1817 4827 1958 4895 Veri-

360 4890 525 4951 tatem
552 4914 568 4963 ;
608 4897 841 4967 denique
886 4890 1301 4966 disputationem
1332 4897 1399 4951 de
1431 4890 1710 4967 sapientiae
1740 4904 1795 4953 et
1827 4890 1957 4955 reli-

354 4969 534 5037 gionis
559 4969 793 5035 vinculo,
816 4968 905 5024 ubi
931 4969 1157 5023 docetur
1185 4968 1323 5038 apud
1351 4969 1493 5023 solos
1515 4969 1837 5024 christianos
1862 4973 1954 5024 sa-

354 5039 617 5108 pientiam
661 5054 783 5094 cum
819 5042 1081 5111 religione
1127 5054 1247 5095 esse
1275 5039 1613 5109 conjunctatn
1639 5080 1653 5101 ,
1700 5055 1731 5093 a
1759 5041 1952 5111 quibus

356 5104 505 5165 unus
534 5111 672 5165 Deus
693 5104 949 5173 colatur:
979 5127 1084 5165 non
1112 5112 1253 5179 apud
1271 5104 1535 5175 ethniCos,
1564 5104 1790 5179 quoruui
1823 5104 1950 5165 rell-

349 5182 444 5251 gio
478 5197 613 5251 vana
635 5183 727 5248 sit,
754 5192 807 5236 et
835 5199 862 5233 ιι
896 5181 1231 5251 philosophia
1274 5183 1523 5245 discreta,
1565 5196 1793 5250 quorum
1820 5182 1948 5237 item

348 5248 535 5308 cultus
568 5248 784 5308 divinus
799 5264 985 5309 contra
1015 5248 1230 5307 omnem
1257 5255 1328 5307 sit
1354 5248 1638 5306 rationem.

425 5320 699 5394 Institutio
745 5325 811 5379 de
861 5323 1079 5378 Christo
1125 5325 1499 5394 complectitur
1542 5320 1844 5394 doctrinam
1882 5323 1951 5379 de

346 5392 559 5449 Christi
583 5396 912 5466 cognitibne,
936 5410 1187 5466 persona,
1225 5392 1459 5460 normae,
1488 5393 1787 5463 nativitate,
1816 5394 1952 5451 dua-

345 5466 461 5523 bus
492 5471 720 5533 naturis,
749 5467 1041 5533 miraculis,
1073 5468 1342 5535 passione,
1376 5480 1556 5521 cruce.

424 5535 803 5608 Cognitionem
832 5537 1033 5593 Christi
1076 5537 1425 5592 hauriendam
1468 5545 1650 5591 monet
1682 5552 1762 5609 ex
1816 5553 1947 5609 pro-

342 5608 575 5681 phetis,
609 5612 697 5678 qui
745 5609 996 5681 omnibus
1036 5611 1376 5664 ethnicorum
1421 5608 1774 5679 scriptoribus
1805 5608 1946 5665 anti-

340 5679 574 5751 ijniores
600 5683 703 5735 sint
730 5680 866 5751 (cap.
898 5679 978 5751 5).

420 5749 723 5807 Personam
737 5746 1123 5809 subsistentem
1154 5759 1277 5807 ante
1304 5748 1561 5807 mundum
1593 5746 1893 5809 conditum.
1917 5767 1949 5809 a

343 5792 595 5900 υῲἴιὶῖἔ
603 5792 1123 5913 ξ’ὲῆὶῖέζιῖιὶῖῖἁὶέἶῖ
1137 5792 1946 5901 (iiiEiiiliziiiiéiiioiiéifiiiiéii3

2070 4185 2319 4312 (“itii

2188 4248 2347 4313 omen
2374 4248 2574 4313 Clirisli
2604 4260 2877 4328 proprium
2921 4258 3018 4312 soli
3049 4258 3157 4312 Deo
3183 4257 3327 4312 Patri
3358 4258 3545 4313 scribit
3571 4272 3668 4311 no-
3741 4312 3748 4320 ,

2068 4337 2179 4383 tum
2209 4345 2350 4395 esse,
2378 4346 2476 4383 nee
2496 4342 2621 4384 ante
2652 4331 2701 4383 id
2737 4331 3060 4398 publiCatum
3094 4330 3177 4393 iri,
3205 4345 3361 4399 quam
3384 4329 3667 4399 dispositio

2067 4400 2232 4455 fuerit
2261 4401 2346 4455 dei
2378 4402 2615 4469 impleta.
2641 4400 2827 4456 Jesum
2852 4411 3026 4455 tamen
3052 4401 3189 4453 inter
3218 4401 3462 4455 homines
3495 4400 3667 4454 norni-

2068 4472 2184 4525 nari
2218 4489 2230 4523 :
2262 4468 2535 4527 Christum
2583 4482 2762 4527 antem
2816 4482 2921 4525 non
2975 4470 3243 4541 proprium
3294 4474 3411 4539 ejus
3462 4486 3660 4526 nomen

2067 4558 2210 4608 esse,
2242 4543 2336 4597 sed
2368 4546 2823 4614 nuncupationem
2850 4544 3129 4611 potestatis
3153 4551 3208 4597 et
3234 4544 3383 4611 regni
3418 4548 3560 4611 (cap.
3582 4542 3661 4614 7).

2104 4614 2392 4679 _Nalivitas
2434 4613 2632 4669 Christi
2657 4614 2854 4683 duplex
2886 4615 3182 4676 asset-itur;
3213 4630 3315 4668 una
3345 4616 3395 4668 in
3427 4615 3623 4680 Spiritu
3644 4656 3658 4678 ,

2059 4682 2231 4740 altera
2261 4689 2312 4739 in
2344 4700 2527 4740 c-trne.
2558 4685 2648 4739 illa
2680 4682 2785 4741 non
2816 4701 2880 4740 ex
2911 4685 3181 4739 connubio
3208 4701 3270 4739 ac
3300 4687 3664 4755 permixtione

2057 4755 2275 4810 femina:
2299 4757 2550 4825 alicujus,
2576 4772 2752 4826 ncque
2774 4773 2839 4811 ex
2872 4757 2981 4810 Deo
3002 4756 3092 4824 qui
3114 4771 3228 4809 mas
3253 4757 3322 4811 sit
3344 4768 3399 4811 et
3437 4759 3659 4824 (mnino,

2058 4829 2199 4898 sicut
2229 4824 2478 4896 Orpheus
2509 4836 2564 4882 et
2594 4824 2821 4883 ilérmes
2864 4836 3152 4898 putarunt,
3208 4829 3301 4882 sed
3357 4829 3661 4898 incompre-

2060 4897 2402 4955 hensibiiiter
2424 4916 2544 4954 cum
2575 4914 2708 4954 voce
2738 4915 2800 4953 ac
2841 4897 2975 4954 sono
3030 4915 3095 4953 ex
3149 4899 3241 4954 Dei
3295 4915 3392 4955 ore
3440 4897 3659 4970 proces-

2059 4970 2199 5025 sisse
2256 4970 2476 5034 dicitur,
2530 4971 2667 5025 sicut
2723 4971 2978 5037 verbum;
3030 4970 3169 5024 trude
3227 4974 3421 5025 merito
3478 4982 3656 5023 sermo

2060 5048 2115 5096 ct
2168 5043 2390 5112 verbum
2444 5042 2538 5097 Dei
2588 5053 2926 5112 nuncupetur
2955 5083 2969 5107 ,
3044 5044 3239 5096 rectius
3289 5051 3465 5096 tamen
3515 5041 3658 5111 λόγος

2060 5108 2203 5182 apud
2261 5111 2480 5168 Graecos
2523 5119 2664 5181 (cap.
2724 5108 2849 5168 8_ct
2889 5113 2966 5181 9).
3031 5112 3142 5167 llac
3191 5113 3258 5167 de
3300 5108 3653 5182 virgineitia-

2057 5181 2141 5237 tus
2169 5186 2580 5251 manifestatur,
2623 5185 2779 5253 cujus
2823 5184 3117 5239 nativitatis
3142 5183 3430 5249 exponitur
3460 5197 3488 5234 a
3518 5181 3654 5236 Lac-

2056 5257 2226 5310 tantio
2277 5257 2594 5320 necessitas,
2650 5256 2845 5319 forma,
2898 5256 3067 5318 locus,
3122 5255 3261 5307 linis.
3294 5253 3647 5318 Necessitas,

2052 5326 2174 5397 quia
2202 5327 2344 5383 enim
2376 5325 2550 5382 Judaei
2578 5327 2787 5397 magnis
2811 5342 2841 5381 a
2870 5328 2976 5381 Deo
2998 5326 3271 5379 beneﬂciis
3298 5325 3482 5379 al'l'ecti
3512 5340 3539 5377 a
3573 5325 3656 5397 di-

2053 5399 2176 5459 vina
2208 5399 2327 5468 lege
2356 5396 2715 5464 desciverant,
2749 5398 2912 5451 lilium
2939 5412 3091 5468 suum
3119 5397 3536 5466 primogenitum
3562 5396 3656 5451 de,

2055 5467 2162 5523 labi
2190 5466 2351 5539 jussit
2376 5485 2407 5526 e
2430 5471 2571 5525 cmio
2604 5470 2844 5539 Deus,iut
2870 5466 3184 5539 religionem
3208 5479 3449 5523 sanctam
3477 5478 3660 5533 trans-

2054 5538 2222 5595 ferret
2246 5541 2313 5595 ad
2338 5548 2526 5612 gentes
2555 5540 2695 5610 (cup.
2732 5538 2798 5593 19
2828 5548 2872 5592 et
2902 5539 3016 5611 ii).
3050 5538 3244 5612 Forma
3271 5552 3498 5597 externa
3533 5542 3659 5595 des-

2053 5625 2207 5682 pecra
2238 5611 2416 5667 fuit'et
2443 5611 2681 5675 humilis,
2712 5618 2769 5663 ut
2792 5611 3029 5679 ingratus
3062 5612 3112 5665 in
3140 5611 3309 5667 Deum
3340 5613 3571 5682 populus
3602 5614 3655 5664 in

2051 5697 2297 5739 errorem
2325 5683 2615 5738 ittaximnm
2643 5682 2991 5737 induceretur
3019 5683 3156 5754 (cap.
3195 5685 3307 5755 ll).
3340 5685 3534 5755 Forma
3566 5684 3640 5755 in-

2054 5762 2206 5809 terna
2234 5767 2335 5823 est,
2366 5755 2510 5825 quod
2537 5756 2806 5824 ,virgiuem
2831 5751 3204 5824 eiegit,cujus
3236 5751 3392 5809 utero
3420 5770 3481 5809 se
3512 5751 3648 5805 insi-

2052 5828 2259 5913 nuavit;
2289 5825 2433 5911 quod
2479 5825 2702 5889 iuiuinte
2731 5826 3049 5889 incredibile
3092 5826 3263 5910 videri
3293 5826 3494 5901 debet,
3528 5832 3655 5919 cuin
