4154 6196
436 328 542 389 M7

1511 323 1696 382 FIRM.
1738 321 2111 381 LACTANTII
2151 322 2353 381 DIVIN.
2395 319 2644 381 INSTIT.

3636 315 3739 373 M8

433 443 684 527 animalia
708 440 1135 527 quala-moveam
1155 448 1210 527 et
1234 455 1361 496 aura
1390 441 1675 527 concipere
1688 441 1936 527 “soleant,
1961 448 2017 496 et
2042 444 2097 503 Α
2120 449 2173 498 et
2201 451 2607 527 consummatus
2637 441 2706 497 sit
2737 461 2749 495 :
2780 441 3015 527 denique
3040 455 3263 527 necesse
3288 448 3392 503 est,
3441 452 3496 527 tu
3530 451 3730 527 corpus

438 511 748 586 hujnsmodi
776 512 989 586 Christi
1011 511 1263 586 nativitas
1297 528 1326 567 a
1363 513 1646 586 prophetis
1687 512 1846 586 fuerit
1878 528 2014 586 prie-

436 581 600 643 diéta.
629 585 806 640 Locus
829 583 1124 639 nativitatis
1148 583 1332 639 Judaea
1358 581 1680 650 nominatur,
1712 585 1764 638 in
1788 599 1890 651 qua
1911 581 2031 637 ideo

436 658 588 713 nasci
618 656 808 721 voluit,
841 665 895 710 et
916 655 1133 726 quidem
1161 671 1228 712 ex
1269 657 1476 711 semine
1496 654 1829 721 Judzcorum,
1862 669 1950 721 ne,
1982 655 2031 726 si

438 728 631 785 fuisset
658 725 956 797 alienigena
982 768 996 792 ,
1026 726 1228 796 justam
1267 737 1491 797 possunt
1519 729 1922 797 excusationem
1963 725 2034 781 de

438 800 558 871 lege
577 796 939 869 praetendere,
970 797 1112 868 quod
1144 796 1400 853 eumnon
1439 796 2035 871 suscepissent._Fines

440 868 740 928 nativitatis
769 870 1080 926 Lactantius
1105 879 1372 941 recenset
1399 871 1577 926 varios
1599 912 1613 936 ,
1663 878 1720 922 ut
1768 868 2034 941 universis

441 942 714 1015 gentibus,
742 958 863 1011 quze
892 942 993 1015 sub
1032 938 1171 997 cmlo
1196 950 1321 1015 sunt
1340 942 1481 1015 ._Dei
1529 941 1815 1015 singularis
1842 949 1897 993 et
1924 938 2038 993 veri

442 1010 692 1071 Sanctum
722 1010 1038 1084 mysterium
1066 1013 1331 1068 revelaret
1356 1013 1499 1084 (cap.
1532 1010 1643 1083 12).
1676 1010 1808 1066 ltem
1843 1020 1903 1064 ut
1925 1023 2041 1084 Aper

444 1086 623 1140 omnia
657 1080 869 1139 sumino
883 1083 1031 1139 Patri
1059 1084 1251 1138 similis
1275 1080 1551 1143 existeret.
1569 1080 1823 1153 essetque
1843 1088 1900 1137 et
1925 1080 2040 1151 ipse

444 1164 505 1212 ut
527 1156 707 1240 Pater,
740 1158 955 1240 ἀπάτωρ
987 1156 1292 1240 cinnitatier
1323 1154 1464 1240 (cap.
1496 1153 1607 1240 ίῖξ)τ

527 1229 669 1283 Duas
690 1223 903 1297 quoque
923 1223 983 1281 in
1011 1223 1227 1282 Christo
1250 1223 1487 1294 naturas,
1509 1225 1744 1297 divinam
1771 1232 1827 1279 et
1853 1223 2044 1297 huma-

449 1313 595 1364 nam,
640 1294 830 1354 auctor
855 1297 1109 1352 afﬁrmat.
1145 1297 1386 1351 Divinam
1416 1297 1538 1365 quia
1564 1295 1656 1350 illa
1687 1311 1753 1351 ex
1780 1294 2042 1365 operibus

449 1386 570 1441 quae
598 1368 754 1432 fecit,
784 1367 1114 1441 appauuerit,
1148 1378 1203 1423 et
1233 1364 1769 1441 quiaLDeumEsaius
1792 1364 1832 1432 ,’
1859 1364 2045 1421 Hiere-

450 1436 585 1495 mias
624 1449 679 1495 et
725 1436 891 1494 David
921 1436 1194 1494 Christum
1233 1436 1662 1507 prmdicaverint.
1713 1437 2042 1501 Humanam,

451 1513 577 1581 quia
602 1510 717 1566 haec
732 1526 799 1566 ex
824 1512 1094 1581 passione,
1120 1525 1278 1581 quam
1303 1510 1545 1581 pertulit,
1569 1508 2045 1581 apparueri_t;uqu_ia

452 1578 584 1638 item
613 1578 948 1646 Hieremias.
994 1578 1180 1637 Esaias
1200 1623 1216 1649 ,
1247 1578 1446 1642 MOSes.
1476 1578 1683 1635 Nath’a’n
1717 1578 1951 1649 hominis
1980 1578 2045 1649 fi-

454 1654 585 1724 lium
617 1652 896 1724 Christum
918 1723 928 1724 ί
949 1648 1208 1707 futurum
1238 1651 1590 1724 przedixerint
1621 1651 1759 1724 (cap.
1814 1648 1926 1724 14).
1979 1648 2049 1703 Et

456 1723 748 1779 Zacharias
780 1723 1040 1793 propheta
1072 1723 1430 1780 sacerdotium
1476 1732 1531 1779 et
1559 1723 1847 1793 personam
1876 1723 2049 1791 ipsam

456 1795 848 1850 sacerdotalem
876 1793 1269 1850 determinarit.

528 1866 781 1922 Miracula
810 1864 1010 1921 Christi
1053 1874 1405 1921 recensentur
1434 1864 1605 1929 varia,
1654 1879 1824 1935 eaque
1870 1870 1983 1918 tum
2014 1877 2051 1935 Aa

462 1935 765 2008 prophetis,
817 1946 930 2008 tum
960 1952 989 1991 a
1020 1936 1228 2008 sibyllis
1277 1935 1553 2008 praedicta,
1595 1950 1660 1991 ac
1702 1933 1927 2006 proinde
1954 1933 2053 1988 mi-

462 2006 606 2064 nime
635 2009 841 2079 magica
864 2007 1028 2063 fuisse
1049 2006 1225 2079 capite
1256 2007 1324 2062 15
1351 2006 1671 2061 ostenditur.

534 2078 806 2135 Passionis
842 2079 1039 2135 Christi
1083 2078 1346 2134 docentur
1392 2092 1568 2133 causa:
1613 2084 1959 2147 procreantes
2001 2083 2056 2130 et

462 2150 787 2219 impulsivaa,
820 2150 1018 2215 forma,
1051 2149 1442 2219 consequentia
1469 2158 1523 2204 et
1549 2149 1817 2219 adjuncta.
1856 2147 2056 2219 Causa:

460 2218 815 2294 prccreantes
856 2221 1074 2294 fuerunt
1102 2218 1349 2294 pharisaei
1378 2229 1433 2294 et
1475 2218 1806 2294 sacerdotes.
1852 2218 2055 2294 Impul-

464 2289 595 2348 sivze
612 2292 859 2348 doctrina
878 2292 1078 2347 Christi
1108 2301 1163 2347 et
1187 2291 1500 2347 scandalum
1520 2293 1588 2346 ab
1611 2291 1914 2345 humilitate
1942 2289 2059 2359 ejus

466 2373 764 2431 sumptum,
799 2364 1037 2434 itemque
1061 2379 1126 2418 ex
1157 2377 1224 2418 eo
1244 2362 1386 2433 quod
1415 2362 1576 2416 Mosis
1602 2362 1775 2431 legem
1802 2361 2059 2427 solveret,

469 2434 708 2489 sabbatis
752 2449 861 2490 non
906 2434 1350 2503 vacando:quod
1395 2434 1863 2489 circumcisionem
1894 2446 2063 2487 vacue

468 2504 672 2561 faceret
705 2522 719 2559 :
751 2505 897 2576 quod
927 2505 1306 2561 abstinentiam
1352 2505 1526 2560 suilla:
1557 2504 1735 2560 carnis
1766 2505 2062 2576 auferret,

470 2591 591 2702 qua:
620 2574 796 2631 tamen
813 2577 991 2631 omnia
1022 2576 1178 2631 docet
1204 2587 1358 2631 antea
1390 2576 1555 2630 fuisse
1573 2592 1601 2630 a
1625 2574 1902 2645 pr0phetis
1930 2588 2065 2643 pra:-

513 2648 613 2702 icta
640 2650 782 2702 (can.
816 2649 883 2702 16
912 2658 959 2701 et
990 2646 1101 2702 17).
1134 2646 1326 2701 Forma
1371 2647 1636 2702 passionis
1684 2646 1938 2701 historica
1981 2660 2065 2699 re-

513 2648 617 2719 icta
640 2650 782 2717 (cap.
816 2649 883 2703 16
912 2658 959 2701 et
990 2646 1101 2719 17).
1134 2646 1326 2701 Forma
1360 2647 1645 2719 passionis
1684 2646 1938 2719 hisiorica
1981 2660 2066 2699 re.

473 2716 737 2773 censione
762 2716 1090 2783 captivitatis
1112 2729 1167 2772 et
1195 2718 1564 2772 crucifixionis
1590 2716 1791 2773 Christi
1819 2716 2065 2771 declara-

474 2797 584 2853 tur;
614 2790 700 2844 cui
729 2790 1013 2861 subjicitur
1037 2789 1327 2861 detestatio
1355 2788 1510 2861 facti,
1540 2799 1595 2845 et
1637 2788 2067 2861 testimoniorum

475 2862 771 2927 enarratio,
788 2858 983 2931 quibus
1002 2863 1179 2931 passio
1196 2861 1283 2914 illa
1300 2858 1395 2915 fuit
1417 2861 1772 2930 pra-nuntiata
1791 2858 1930 2931 (cap.
1958 2858 2066 2931 18).

475 2929 874 3002 Consequentia
921 2929 1187 2999 passionis
1216 2947 1308 2987 sex
1340 2929 1747 2993 enumerantur,
1789 2929 2070 3002 miracula,

477 3001 721 3073 custodia
752 3003 1044 3073 sepulchri,
1072 3004 1432 3068 resurrectio,
1465 3002 1753 3073 explicatio
1779 3001 2075 3073 Scriptura:

478 3072 547 3128 de
595 3070 1144 3131 Cltristi'mconomia
1192 3089 1223 3129 a
1251 3073 1469 3128 Christo
1511 3070 1628 3138 ipso
1676 3072 1742 3127 ad
1781 3071 2077 3141 discipulos

2078 1764 2127 1824 B

2136 522 2375 585 assumat
2405 514 2698 569 humanum
2729 531 2742 569 :
2779 528 2845 569 eo
2875 508 3017 585 quod
3045 513 3309 585 mortales
3351 510 3493 566 oculi
3524 508 3741 585 clarita-

2140 593 2247 639 tem
2296 584 2388 639 Dei
2438 601 2544 639 nou
2595 578 2933 653 conspicere,
2967 600 3067 641 nec
3098 584 3239 640 Deus
3269 596 3465 651 expers
3492 578 3740 650 corporis

2143 656 2388 711 homines
2413 656 2612 712 docere
2636 656 2827 726 possit;
2857 656 2999 723 quod
3031 658 3158 711 item
3186 654 3589 711 excusationem
3617 666 3740 726 car-

2142 727 2224 781 nis
2252 727 2461 782 delictis
2490 729 2602 782 suis
2638 722 3007 799 ‘ohtendentes
3046 726 3373 799 redarguere
3396 739 3503 799 non
3537 722 3731 793 possit,

2144 799 2247 852 nisi
2271 807 2326 852 et
2360 800 2473 862 ipse
2499 813 2663 854 carne
2695 797 2855 854 fuerit
2889 798 3130 863 indutus,
3161 795 3495 853 ut'ostendat
3517 809 3737 849 carnem

2144 869 2307 940 etiam
2352 885 2511 940 posse
2556 884 2753 933 capere
2784 871 3035 926 virtutem
3073 869 3316 940 (cap.25
3344 877 3390 940 et
3416 865 3532 940 2i).
3576 863 3737 940 Atqui

2144 935 2389 994 Christus
2416 940 2534 995 talis
2561 957 2588 992 a
2615 941 2724 995 Deo
2745 940 2905 996 Patre
2929 935 3121 996 doctor
3150 935 3306 995 nobis
3327 935 3616 997 datus'est.
3650 935 3741 1006 qui

2149 1012 2432 1082 praeceptis
2456 1012 2678 1079 iustitiae
2702 1027 2814 1067 sure
2841 1012 3056 1068 erudire
3082 1012 3328 1066 homines
3348 1009 3567 1082 debuit;
3583 1006 3745 1077 igitur

2146 1080 2201 1138 et
2229 1080 2394 1153 Deum
2427 1082 2577 1137 illum
2610 1098 2729 1138 esse
2760 1083 3021 1153 oportuit,
3044 1092 3103 1138 ut
3125 1083 3425 1138 doctrinam
3453 1080 3743 1153 perfectam

2146 1151 2435 1278 proferret,
2454 1162 2509 1209 et
2538 1148 2857 1209 auctoritate
2886 1148 3094 1211 cmlesti
3124 1148 3502 1209 necessitatem
3521 1148 3745 1221 parendi

2188 1225 2457 1278 ominibus
2487 1226 2788 1278 imnoneret
2813 1244 2825 1278 :
2853 1235 2909 1278 et
2936 1226 3231 1278 hominem.
3275 1233 3333 1278 ut
3358 1223 3604 1278 exempla
3634 1219 3745 1274 vir-

2188 1225 2457 1281 ominibus
2487 1226 2788 1294 imponeret
2813 1244 2825 1281 :
2853 1235 2909 1280 et
2936 1226 3231 1287 hominem,
3275 1233 3333 1279 ut
3358 1219 3604 1294 exempla
3634 1219 3747 1294 vir-

2150 1298 2280 1351 tutis
2304 1296 2504 1351 homini
2529 1288 2769 1365 pi-aebere
2785 1305 2989 1366 posset,
3018 1305 3075 1352 et
3101 1295 3384 1351 desideriis
3412 1288 3600 1366 carnis
3617 1288 3749 1346 edo-

2152 1367 2296 1422 mitis
2318 1362 2556 1432 doceret,
2593 1383 2699 1422 non
2723 1362 3063 1438 necessitatis
3086 1382 3210 1423 esse
3240 1380 3485 1438 peccare,
3509 1362 3605 1419 sed
3624 1376 3750 1434 pro-

2152 1438 2309 1511 positi
2342 1452 2405 1492 ac
2431 1438 2721 1511 voluntatis
2747 1439 2885 1507 (cap.
2912 1437 3033 1511 25).
3066 1457 3086 1491 ι

2221 1507 2552 1578 Corporatus
2592 1505 2880 1580 igitur‘est,
2915 1505 3090 1581 inquit
3117 1523 3279 1581 porro
3307 1517 3516 1575 auctor,
3545 1514 3604 1581 ut
3651 1505 3752 1561 ho-

2154 1582 2280 1635 mini
2321 1577 2531 1634 virtutis
2578 1577 2634 1635 et
2674 1581 2920 1651 exempla
2951 1577 3007 1637 et
3056 1577 3404 1651 incitamenta
3435 1577 3748 1651 praeberet:

2152 1666 2342 1721 passus
2368 1660 2472 1717 est,
2504 1660 2561 1705 ut
2584 1649 3037 1721 quemadmodum
3066 1653 3186 1707 aliis
3230 1650 3499 1706 miraculis
3525 1649 3753 1721 mystica

2153 1718 2791 1795 qumdamuadumbravit.
2825 1724 2896 1778 ita
2934 1724 3002 1779 iis
3030 1739 3150 1795 qure
3181 1736 3369 1793 passus
3405 1729 3517 1786 est,
3551 1718 3756 1789 signiti-

2158 1802 2328 1858 caret,
2359 1793 2483 1847 odio
2515 1792 2745 1847 futuram
2784 1792 3127 1864 sapientiam,
3161 1792 3439 1864 bonosque
3470 1804 3756 1862 pressuras

2159 1879 2223 1920 ac
2250 1866 2463 1919 labores
2493 1866 2669 1919 varios
2691 1874 3030 1934 experturos.
3067 1866 3261 1921 Passus
3292 1866 3418 1919 item
3441 1872 3546 1928 est,
3580 1872 3637 1917 ut
3661 1876 3758 1931 pa-

2161 1937 2426 2000 lientiam,
2458 1937 2753 2008 mortisque
2779 1946 3148 2008 contemptmn
3191 1936 3426 1991 traderet
3455 1934 3682 2008 homini.

2237 2008 2309 2061 De
2335 2022 2497 2062 cruce
2528 2004 2741 2078 tandem
2764 2022 2950 2078 agens,
2983 2004 3211 2077 primum
3233 2020 3425 2078 causas
3445 2004 3641 2078 reddit,
3663 2018 3762 2078 cur

2161 2079 2409 2132 Christus
2438 2079 2539 2132 hoc
2570 2076 2753 2132 infami
2799 2076 3043 2148 suppliCii
3086 2094 3283 2150 genere
3323 2076 3463 2131 aftici
3497 2076 3760 2135 voluerit;

2165 2151 2417 2204 nimirum
2452 2164 2520 2203 ne
2548 2150 2668 2218 quis
2701 2160 2846 2204 esset
2880 2152 3121 2215 omnino,
3155 2150 3246 2221 qui
3276 2164 3399 2204 eum
3431 2161 3537 2202 non
3582 2153 3767 2216 posset

2166 2221 2385 2276 imitari.
2416 2220 2640 2286 Deinde,
2673 2231 2729 2274 ut
2755 2222 3018 2292 integrum
3040 2220 3236 2290 corpus
3260 2221 3378 2287 ejus
3407 2232 3767 2292 conservare-

2166 2303 2270 2358 tur,
2305 2292 2445 2363 quod
2478 2292 2757 2364 dicitertio
2792 2288 3075 2364 resurgere
3117 2288 3184 2347 ab
3225 2292 3411 2347 inferis
3440 2288 3763 2364 oportebat;

2164 2361 2424 2435 prmterea
2452 2362 2594 2435 quod
2630 2364 2855 2419 exaltari
2882 2361 3006 2418 eum
3032 2365 3084 2418 in
3128 2378 3290 2419 cruce
3320 2361 3540 2417 necesse
3566 2361 3684 2424 fuit,
3714 2368 3772 2435 ut

2165 2429 2417 2490 omnibus
2454 2429 2703 2504 gentibus
2736 2437 2916 2505 passio
2958 2435 3051 2491 Dei
3082 2436 3447 2490 innotesceret
3470 2449 3484 2485 :
3508 2429 3768 2505 quemad—

2167 2506 2386 2562 modum
2418 2503 2750 2575 expansione
2777 2522 2993 2561 manum
3026 2508 3076 2560 in
3108 2521 3270 2561 cruce
3296 2503 3770 2575 congregationem

2167 2579 2409 2649 gentium
2437 2573 2503 2649 ex
2523 2577 2773 2649 omnibus
2792 2578 2938 2649 locis
2959 2578 3025 2633 ad
3055 2577 3353 2633 Ecclesiam
3389 2573 3775 2649 prmsignitica:

2170 2642 2247 2703 vit
2275 2648 2414 2721 (cap.
2443 2646 2560 2716 26).
2608 2647 2741 2703 Hinc
2770 2648 2990 2721 disserit
3023 2649 3091 2703 de
3118 2650 3166 2702 vi
3217 2649 3355 2718 signi
3390 2642 3602 2721 crucis,
3630 2642 3775 2721 quod

2169 2713 2317 2790 fuget
2344 2713 2619 2775 daemones
2650 2731 2704 2774 et
2731 2720 3026 2775 confundat
3053 2713 3350 2789 aruspices;
3376 2733 3440 2774 ex
3463 2713 3665 2790 quibus
3691 2713 3775 2769 ef-

2174 2787 2326 2847 fectis
2387 2791 2663 2847 religionis
2725 2790 3035 2846 christiana:
3109 2787 3391 2846 veritatem
3443 2787 3781 2843 demonstrat

2178 2805 2326 2847 leCllS
2387 2805 2663 2913 religionis
2725 2805 3035 2846 curtsuanze
3109 2805 3391 2846 veritatem
3443 2805 3772 2843 uemonsuat

2178 2864 2316 2935 (can.
2342 2861 2475 2935 27):
2514 2860 2764 2931 nfertque
2794 2863 2940 2929 inde,
2958 2861 3303 2935 objiciendus
3332 2875 3451 2915 esse
3478 2860 3772 2935 vanitaieg.

2177 2925 2232 2989 et
2246 2925 2427 2988 verum
2451 2933 2614 2986 Deum
2634 2925 3065 3003 cognoscendum
3084 2932 3477 3001 colendumque
3498 2929 3640 3003 (cap.

2250 3004 2429 3060 Tertia
2494 3003 2613 3057 libri
2656 3000 2807 3073 parte
2840 3005 3122 3074 expeditur
3152 3000 3413 3074 quarstio,
3442 3000 3734 3074 (quomodo
3763 3040 3780 3065 ,

2179 3092 2302 3131 cum
2340 3077 2504 3130 Deum
2535 3090 2633 3129 nos
2678 3091 2843 3130 unum
2875 3078 3056 3131 colere
3096 3073 3372 3132 dicamus.
3422 3073 3560 3126 duos
3605 3082 3785 3125 tamen

481 3144 641 3209 Ῐίιειίι,
682 3144 967 3200 θάεοθηεὶο
993 3146 1044 3198 in
1072 3145 1287 3209 callum.
1325 3146 1480 3214 plena
1509 3141 1788 3213 Evangelii
1821 3144 2078 3214 revelulin
2106 3148 2152 3210 C
2184 3164 2303 3202 esse
2330 3161 2736 3211 assm-eremus,
2772 3148 2936 3201 Deum
2985 3147 3199 3201 Patrem
3252 3156 3307 3201 et
3348 3146 3517 3200 Deum
3561 3143 3782 3198 Filium.

482 3229 578 3285 per
613 3216 898 3288 apostolos
935 3216 1088 3288 (cap.
1125 3216 1217 3281 19,
1256 3213 1509 3288 20,21).
1554 3214 1818 3288 Adjttncia
1848 3213 2079 3288 dignitas

482 3284 751 3355 passionis
779 3284 968 3342 contra
1008 3284 1257 3342 ethnicos
1279 3284 1620 3352 defenditur,
1650 3284 2081 3356 quiihumilitate

482 3354 538 3412 et
563 3357 812 3420 passione
834 3357 1035 3413 Christi
1063 3357 1482 3414 offendebantur
1507 3356 1648 3426 (cap.
1668 3354 1796 3426 '22).

558 3427 867 3483 Lactantius
893 3428 1127 3484 affirmat
1153 3429 1460 3499 oportuisse
1484 3427 1761 3499 Christum
1787 3441 1893 3482 non
1911 3426 2080 3481 Deum

484 3506 714 3565 tantum,
746 3500 842 3554 sed
858 3510 914 3556 et
940 3498 1211 3555 hominem
1225 3515 1348 3555 esse
1364 3509 1418 3554 et
1440 3500 1571 3567 pati.
1592 3498 1694 3554 hoc
1723 3507 2040 3568 argumento
2065 3514 2080 3551 :

493 3588 511 3622 ι
545 3569 881 3641 Quicumque
911 3571 1220 3627 horninibus
1246 3580 1511 3640 praecepta
1541 3569 1654 3641 dat,
1683 3584 1745 3624 ac
1776 3570 1938 3624 vitam
1970 3584 2087 3624 mo-

488 3656 686 3711 resque
713 3640 945 3698 aliorum
974 3643 1146 3711 ﬁngit.
1177 3644 1318 3697 hunc
1346 3650 1557 3709 oportet
1587 3640 1763 3695 facere
1793 3651 2083 3711 prmccpm,

486 3720 544 3766 ut
565 3712 781 3768 videant
806 3713 898 3768 alii
927 3715 1203 3783 possibilia
1229 3729 1350 3769 esse
1379 3729 1500 3783 qua:
1540 3713 1805 3783 praecipit,
1832 3726 1931 3765 nec
1956 3726 2087 3765 con-

491 3792 735 3839 temnant
775 3782 1050 3839 doctorem
1081 3802 1094 3837 :
1128 3794 1342 3854 oportet
1380 3782 1506 3839 item
1548 3792 1606 3837 ut
1634 3798 1665 3839 e
1701 3782 1841 3839 coelo
1870 3784 2083 3854 veniat,

490 3867 612 3924 cum
642 3856 695 3908 in
725 3854 941 3909 homine
960 3853 1178 3910 interna
1197 3867 1254 3910 et
1286 3858 1499 3924 propria
1525 3854 1769 3909 doctrina
1795 3853 2089 3924 esseinullo

492 3923 653 3979 modo
684 3927 872 3995 possit,
904 3935 960 3980 et
987 3927 1224 3982 caelestis
1250 3927 1441 3982 doctor
1463 3928 1515 3980 in
1545 3925 1788 3981 docendo
1819 3923 2089 3994 perfectus

2184 3218 2497 3285 Respondet
2521 3217 2851 3284 Lactantius,
2884 3234 3047 3273 unam
3081 3218 3289 3286 utrique
3313 3226 3573 3281 mentem,
3615 3229 3782 3267 unum

2181 3290 2453 3359 Spiritum,
2489 3305 2646 3342 unam
2676 3304 2799 3344 esse
2838 3289 3230 3351 substantiam;
3278 3298 3336 3342 ut
3364 3286 3526 3341 fontis
3566 3296 3621 3340 et
3650 3286 3787 3359 rivi,

2187 3355 2244 3415 ut
2283 3362 2413 3415 solis
2445 3371 2498 3415 et
2527 3360 2682 3423 radii,
2721 3370 2779 3414 ut
2827 3376 3016 3414 manus
3057 3368 3113 3413 et
3144 3360 3421 3429 corporis,
3453 3367 3509 3412 et
3552 3366 3609 3411 ut
3645 3355 3790 3429 civili

2182 3434 2304 3502 jure
2333 3431 2526 3485 domus
2546 3446 2647 3483 una
2676 3439 2732 3485 et
2759 3447 2896 3486 unus
2926 3432 3184 3485 Dominus
3213 3427 3541 3502 nominatur,
3570 3427 3786 3502 quando

2191 3496 2349 3558 Pater
2383 3517 2575 3555 nomen
2627 3502 2833 3555 Domini
2887 3514 2941 3556 et
2993 3510 3310 3572 potestatem
3343 3498 3479 3554 Filio
3520 3496 3790 3572 con_ce_dit.

2193 3575 2432 3643 Denique
2464 3589 2623 3625 unum
2659 3574 2823 3627 Deum
2856 3569 3112 3627 csse—tam
3138 3573 3371 3635 Patrem,
3407 3586 3567 3643 quam
3600 3569 3796 3643 Filium

2189 3646 2259 3700 ab
2282 3638 2437 3699 Esaia
2454 3659 2667 3714 quoque
2681 3656 2733 3699 et
2761 3643 2899 3699 Osea
2933 3644 3211 3713 prophetis
3239 3641 3478 3696 ostendit
3496 3639 3637 3712 (cap.
3666 3638 3787 3714 29).

2263 3715 2459 3771 Ultima
2478 3712 2634 3784 parte
2661 3715 2879 3769 diss-erit
2909 3716 2976 3769 tle
3006 3712 3183 3769 causis
3215 3714 3527 3778 liicresium,
3561 3726 3693 3784 quas
3713 3712 3798 3784 di-

2191 3786 2267 3843 cit
2294 3801 2417 3841 esse
2444 3782 2724 3840 avaritiam
2749 3798 2798 3840 et
2827 3788 3161 3855 superbiam,
3190 3784 3585 3854 ignorationem
3617 3782 3802 3855 Scrip-

2193 3867 2346 3924 tura},
2368 3857 2623 3913 falsorum
2655 3850 3038 3927 prophetarum
3069 3850 3483 3911 admirationem
3516 3856 3656 3928 (cap.
3675 3850 3797 3924 50).

934 4053 3779 4082 ._..._.__—___—_.—__————————-——————————_.

1440 4181 1918 4293 LIBER
2002 4180 2785 4309 QUARTUS.

1064 4425 1224 4508 DE
1279 4423 1601 4509 VERA
1668 4421 2285 4509 SAPIENTIA
2344 4424 2495 4510 ET
2555 4422 3237 4508 RELIGIONE.

1682 4635 2154 4671 ἢ

1043 4771 1269 4828 CAPUT
1309 4770 1595 4828 PRIMUM.

514 4959 588 5016 De
612 4957 784 5032 priore
804 4955 1064 5011 hominum
1092 4953 1357 5025 religione,
1399 4962 1448 5008 et
1475 4954 1731 5026 quomodo
1760 4968 1907 5007 error
1933 4961 2111 5007 trans-

2205 4636 2674 4670 ὒ-

2276 4773 2424 4842 {usus
2472 4773 2538 4826 sit
2586 4772 2641 4827 in
2694 4786 2893 4827 omnem
2946 4777 3170 4836 (etatem,
3195 4783 3256 4822 ac
3286 4766 3351 4822 de
3389 4774 3578 4838 septem
3605 4762 3825 4819 Graecia:

2282 4844 2610 4913 sapientibus.

2286 4940 2555 5014 Cogitanti
2626 4933 3180 5005 mihi,Constantine
3233 4933 3547 5003 imperator,
3594 4936 3649 4984 et
3699 4941 3824 4983 cum

1836 5061 2199 5123 VARIORUM
2236 5056 2462 5118 NOTIE.

590 5194 663 5248 De
691 5207 809 5247 vera
837 5185 1169 5260 sapientiaet
1195 5184 1461 5260 reiigione.
1514 5181 1702 5245 Recte,
1733 5189 1792 5260 ut
1816 5179 2108 5260 colligitur,

517 5278 628 5320 tum
658 5280 725 5319 ex
750 5275 879 5317 mss.
899 5252 966 5314 ἐι
988 5258 1149 5313 editis
1175 5252 1474 5318 codicibus.
1503 5263 1613 5307 tum
1640 5269 1705 5307 ex
1753 5253 1984 5322 ipsomet
2013 5252 2114 5303 La-

517 5336 721 5392 ctantio
767 5334 886 5388 Div.
914 5331 1073 5391 lnst.,
1105 5329 1142 5383 l.
1177 5343 1250 5388 tv,
1282 5342 1330 5381 c.
1374 5326 1430 5389 5,
1461 5334 1515 5379 et
1545 5325 1584 5378 l.
1613 5324 1713 5387 vit,
1736 5339 1786 5378 c.
1820 5325 1870 5377 1.
1900 5322 1956 5376 In
1979 5335 2109 5375 mss.

522 5409 545 5463 1
608 5405 754 5472 Lips.
793 5404 1011 5473 legitur,
1041 5402 1105 5455 de
1128 5415 1251 5473 pera
1308 5395 1665 5473 Philosophia.
1702 5395 1813 5450 lloc
1840 5393 2116 5473 prmcipue

522 5477 660 5532 libro
678 5465 887 5528 indica't
917 5465 1107 5528 causas
1125 5472 1457 5533 Lactantius,
1471 5465 1567 5524 cur
1591 5476 1641 5520 et
1674 5465 1946 5537 quomde
1966 5466 2118 5537 igno-

526 5548 714 5601 rantiae
735 5543 907 5613 caligo
930 5543 1187 5613 mundum
1219 5537 1653 5613 invaserit.——D_e
1682 5535 1797 5613 nem
1823 5535 2117 5613 Sapieutia.

526 5617 710 5675 Editio
732 5605 903 5681 prima
929 5612 1280 5667 Sublacensis
1311 5629 1323 5663 :
1361 5610 1435 5664 De
1460 5627 1578 5665 vera
1609 5609 1881 5673 Sapientia
1902 5615 1949 5681 et
1982 5605 2121 5681 Reli-

528 5692 699 5763 gione.
736 5678 800 5742 'ln
826 5685 997 5763 Epit..
1024 5699 1075 5739 c.
1103 5683 1163 5738 41
1204 5681 1331 5763 add
1356 5699 1524 5763 veram
1550 5682 1873 5763 Religionem
1904 5678 2124 5763 Sapien-

531 5752 752 5830 iiamqne
776 5759 1059 5830 veniamus,
1084 5767 1131 5811 et
1160 5753 1366 5830 quide_m
1393 5752 1681 5821 coniuncte,
1705 5752 1825 5823 quia
1844 5753 2123 5818 conterent,

533 5837 600 5889 de
630 5824 847 5906 utraque
875 5828 1147 5886 dicendum
1172 5824 1270 5883 est.
1302 5824 1438 5882 Bon.
1826 5846 1837 5860 ο

2290 5174 2548 5243 Cogitanti
2600 5170 2753 5243 mihi:
2790 5167 2878 5243 ulta
2926 5180 3118 5243 omnes
3168 5162 3298 5243 e_dit_i
3329 5170 3385 5216 et
3437 5159 3615 5243 cuncti
3648 5174 3823 5243 prope

2221 5230 2471 5301 mss."Sic
2501 5245 2710 5298 huncce
2742 5241 2939 5295 librum
2964 5234 3235 5292 incohavit
3267 5234 3578 5287 Lactantius
3608 5230 3677 5286 ad
3702 5230 3834 5285 imi-

2225 5320 2484 5373 tationem
2513 5314 2727 5368 Minucii
2758 5311 2951 5367 Felicis
3001 5312 3050 5363 in
3074 5307 3321 5370 Octavio,
3351 5305 3441 5374 qui
3485 5304 3565 5357 sic
3596 5303 3829 5371 incipit:

2224 5388 2481 5459 Cogitanti
2508 5386 2655 5448 mihi,
2686 5394 2728 5439 et
2756 5401 2871 5459 cum
2904 5382 3076 5459 animo
3103 5394 3214 5459 meo
3248 5375 3449 5459 Octacii
3478 5376 3595 5459 (iani
3625 5385 3673 5429 et
3697 5374 3833 5456 lida:

2225 5444 2407 5516 tissimi
2433 5444 2810 5512 contubernalis
2839 5452 3134 5507 memoriam
3163 5448 3459 5503 recensenti.
3491 5444 3834 5501 Lactantiani

2228 5547 2359 5587 mss.
2392 5532 2413 5585 1
2455 5530 2589 5584 Bon.
2640 5528 2831 5595 antiq.,
2860 5526 2895 5579 5
2922 5524 3078 5593 Reg,
3109 5520 3286 5591 Lips.,
3316 5518 3456 5585 PaL,
3506 5520 3698 5572 Marm.
3727 5529 3835 5587 pro

2228 5603 2473 5674 cogitanti
2497 5601 2695 5674 habent
2722 5596 3085 5674 consideranti.
3365 5659 3379 5674 _
3442 5658 3453 5668 .

2303 5655 2636 5729 Constantine
2654 5671 2951 5736 imperator.
2994 5665 3101 5721 llas
3128 5674 3293 5718 voces
3314 5658 3605 5736 admittunt
3635 5671 3767 5736 mss.
3799 5655 3835 5710 2

2234 5746 2410 5816 Regii,
2434 5758 2663 5816 quorum
2695 5730 2937 5816 unus_esi
2965 5736 3205 5816 omuium
3231 5730 3657 5816 antiquissimus;
3691 5730 3833 5816 aiter

2238 5800 2583 5884 booten'otze,
2607 5814 2781 5887 Lips,
2812 5810 3001 5878 60th.,
3029 5807 3218 5865 Marm.
3243 5802 3503 5872 multique
3523 5800 3612 5855 alii
3638 5800 3831 5871 scripti
