4154 6196
369 134 479 194 440

1322 134 1523 194 LIBER
1562 132 1649 195 Ν.
1695 137 1780 194 DE
1820 134 2013 197 VEBA
2050 134 2412 201 SAPlENTlA
2451 143 2542 202 ET
2581 144 2806 205 RELIG.

3573 151 3678 208 450

369 250 557 307 animo
585 262 709 306 meo
739 263 884 320 saepe
909 251 1181 322 reputanti
1201 253 1440 323 priorem
1466 253 1616 309 illum
1637 255 1852 325 generis
1878 255 1978 311 hu-
2006 262 2059 322 Α
2084 259 2203 316 luce
2231 269 2501 317 versatam
2529 262 2705 336 caligo
2748 277 2813 319 ac
2837 262 3079 320 tenebrae
3105 263 3677 335 comprehenderunt;

370 347 520 401 mani
568 355 793 411 statum,
817 354 873 401 et
917 346 1115 401 mirum
1158 347 1385 417 pariter,
1414 357 1467 404 et
1488 347 1769 420 indignum
1804 349 1979 405 videri

370 440 531 508 solet,
559 440 701 511 quod
726 441 885 496 unius
914 442 1097 497 smculi
1124 443 1351 498 stultitia
1372 444 1661 516 religiones
1677 445 1856 502 varias
1871 460 1984 502 sus-

371 532 646 604 cipientis,
680 532 923 605 deosque
974 535 1176 591 multos
1212 550 1335 592 esse
1364 536 1659 603 credentis,
1690 540 1742 592 in
1777 547 1980 593 tantam

371 627 554 683 subito
576 626 967 698 ignorationem
989 629 1071 684 sui
1090 637 1310 685 ventum
1333 638 1438 697 est,
1457 631 1704 687 utablata
1730 647 1796 687 ex
1809 630 1981 687 oculis

373 717 625 785 veritate,
649 733 825 791 neque
844 718 1035 790 religio
1055 720 1276 776 Deiveri
1292 736 1467 792 neque
1479 720 1828 777 humanitatis
1842 722 1982 778 ratio

375 817 654 864 teneretur
681 850 698 875 ,
754 809 1061 866 hominibus
1101 826 1208 866 non
1235 812 1287 866 in
1316 813 1456 869 caelo
1481 828 1750 869 summum
1778 814 1980 871 bonum

373 901 763 972 quaerentibus,
786 902 882 959 sed
908 901 962 957 in
996 912 1159 961 terra.
1192 905 1363 974 Quam
1391 907 1462 962 ob
1489 922 1706 963 causam
1736 908 1982 978 profecto

373 994 702 1050 sucularum
752 1004 1001 1052 veterum
1054 1006 1256 1053 mutata
1291 997 1521 1055 felicitas
1547 1010 1652 1057 est.
1685 1001 1985 1070 Coeperunt

373 1089 547 1156 enim,
576 1090 766 1146 relicto
803 1101 1025 1162 parente
1066 1102 1123 1149 et
1168 1094 1525 1150 constitutore
1556 1095 1797 1150 omnium
1848 1096 1980 1164 Deo,

372 1180 714 1239 insensibilia
732 1183 1023 1254 digitorum
1042 1199 1262 1241 suorum
1283 1185 1535 1257 figmenta
1558 1189 1828 1243 venerari.
1850 1190 1983 1257 Quae

378 1274 624 1345 pravitas
668 1273 796 1345 quid
845 1274 1110 1342 effecerit,
1136 1286 1230 1332 aut
1259 1277 1389 1347 quid
1421 1278 1683 1334 malorum
1716 1280 1980 1348 attulerit,

374 1382 470 1425 res
521 1368 634 1439 ipsa
680 1366 944 1424 declarat.
980 1370 1176 1426 Aversi
1232 1386 1465 1443 namque
1509 1387 1538 1427 a
1567 1387 1783 1428 summo
1814 1372 1978 1439 bono,

376 1461 523 1533 quod
554 1461 677 1518 ideo
704 1462 924 1518 beatum
953 1478 1018 1517 ac
1046 1466 1440 1535 sempiternum
1471 1473 1575 1532 est,
1630 1465 1752 1536 quia
1786 1465 1980 1534 videri,

377 1555 544 1627 tangi,
586 1555 976 1625 comprehendi
1028 1570 1136 1612 non
1193 1565 1409 1627 potest,
1442 1566 1497 1612 et
1548 1572 1578 1612 a
1611 1557 1900 1613 virtutibus
1932 1558 1982 1613 ei

2083 361 2139 407 et
2163 352 2304 423 quod
2333 352 2458 409 huic
2479 357 2727 425 pravitati
2751 371 3055 428 congruens
3080 366 3218 424 erat,
3244 365 3530 428 postquam
3552 357 3681 413 sub—

2083 443 2191 498 lata
2222 446 2488 515 sapientia
2521 456 2625 514 est,
2657 457 2768 503 tum
2811 447 3029 504 demum
3054 448 3156 504 sibi
3185 447 3436 503 homines
3464 450 3683 521 sapien-

2083 546 2197 592 tum
2226 554 2425 596 nomen
2458 540 2746 597 vendicare
2771 550 3074 612 coeperunt.
3126 541 3263 597 Tum
3312 551 3491 598 autem
3522 556 3685 599 nemo

2084 629 2303 699 sapiens
2354 634 2687 702 vocabatur,
2740 648 2864 690 cum
2903 648 3097 691 omnes
3146 643 3322 690 erant.
3358 634 3686 707 Utinamque

2086 736 2282 777 nomen
2312 722 2447 779 illud
2477 724 2769 795 aliquando
2784 725 3087 796 publicum,
3109 726 3355 798 quamvis
3384 726 3453 781 ad
3483 741 3687 798 paucos

2084 814 2388 882 redactum,
2419 828 2598 874 tamen
2629 817 2737 873 vim
2766 834 2921 874 suam
2969 819 3250 876 retineret.
3280 820 3507 876 Possent
3540 819 3686 876 enim

2084 903 2316 963 fortasse
2345 908 2500 976 pauci
2530 909 2608 963 illi
2636 909 2981 981 velingenio,
3015 911 3100 966 vel
3125 911 3472 979 auctoritate,
3490 911 3574 968 vel
3598 926 3689 968 as-

2084 996 2254 1052 siduis
2285 998 2646 1056 hortamentis
2677 1000 2910 1058 liberare
2936 1002 3194 1073 populum
3225 1002 3368 1058 vitiis
3405 1012 3461 1059 et
3486 1003 3690 1060 errori-

2084 1086 2208 1144 bus.
2240 1078 2346 1146 Sed
2402 1090 2541 1147 adeo
2586 1092 2637 1147 in
2672 1101 2845 1148 totum
2875 1093 3139 1163 sapientia
3189 1094 3486 1163 occiderat,
3534 1105 3591 1151 ut
3620 1110 3689 1151 ex

2087 1184 2199 1253 ipsa
2232 1184 2471 1241 nominis
2497 1186 2806 1255 arrogantia
2825 1186 3037 1242 nullum
3061 1202 3273 1256 eorum,
3297 1188 3390 1259 qui
3419 1204 3684 1245 vocaren—

2086 1284 2216 1344 tur,
2267 1287 2527 1347 appareat
2582 1278 2749 1335 fuisse
2801 1280 3123 1350 sapientem.
3181 1280 3252 1336 Et
3296 1290 3475 1338 tamen
3508 1283 3689 1353 prius,

2086 1385 2247 1441 quam
2275 1370 2391 1427 haec
2423 1372 2784 1443 philosophia,
2806 1388 2926 1443 qua:
2948 1372 3145 1429 dicitur
3167 1387 3312 1441 esse,
3336 1373 3692 1442 inveniretur,

2086 1471 2293 1531 septem
2327 1460 2493 1519 fuisse
2518 1464 2824 1529 traduntur,
2854 1466 2944 1534 qui
2995 1465 3155 1535 primi
3176 1467 3443 1534 omnium,
3471 1469 3597 1539 quia
3623 1467 3693 1527 de

2085 1554 2248 1608 rebus
2275 1555 2613 1611 naturalibus
2654 1572 2900 1625 qumrere
2952 1572 3015 1613 ac
3055 1557 3339 1629 disputare
3364 1568 3492 1617 sunt
3549 1560 3688 1630 ausi,

376 1645 522 1703 bono
547 1647 1001 1719 congruentibus,
1032 1664 1154 1719 qute
1180 1658 1305 1704 sunt
1350 1664 1505 1720 teque
1533 1648 1890 1715 immortales,
1917 1649 1985 1705 ad
2014 1659 2062 1718 Β
2090 1648 2365 1718 sapientes
2390 1647 2577 1705 haberi
2598 1650 2964 1722 appellarique
2994 1661 3332 1708 meruerunt.

376 1742 480 1801 hos
500 1750 790 1812 corruptos
812 1749 867 1798 et
905 1741 1127 1814 fragiles
1175 1742 1308 1798 deos
1338 1742 1496 1813 lapsi,
1526 1752 1581 1798 et
1604 1742 1885 1798 studentes
1918 1743 1982 1797 iis

378 1836 564 1901 rebus,
590 1836 790 1906 quibus
826 1835 1000 1891 solum
1025 1851 1222 1906 corpus
1262 1845 1506 1903 ornatur,
1538 1837 1714 1905 alitur,
1744 1837 1985 1893 delecta-

2165 1739 2209 1796 Ο
2233 1741 2486 1797 miserum
2516 1742 2995 1814 calamitosumque
3041 1744 3322 1813 saeculum,
3343 1761 3450 1815 quo
3472 1762 3568 1818 per
3595 1762 3685 1803 or-

2088 1836 2209 1892 bem
2241 1846 2411 1892 totum
2440 1847 2649 1908 septem
2700 1839 2802 1894 soli
2826 1837 3063 1905 fuerunt,
3098 1839 3194 1909 qui
3224 1838 3500 1895 hominum
3527 1855 3691 1897 voca-

379 1937 489 1998 tur,
518 1938 754 1986 mortem
807 1928 910 1984 sibi
952 1939 1267 2000 perpetuam
1307 1943 1426 1984 cum
1458 1928 1562 1985 diis
1591 1939 1793 1984 etcum
1825 1929 1982 1985 bonis
2083 1930 2211 1985 bnlo
2237 1931 2510 1986 cierentur
2539 1947 2554 1997 ;
2606 1945 2767 1987 nemo
2810 1932 2953 1986 enim
3004 1941 3184 2003 potest
3209 1932 3334 2003 jure
3361 1931 3467 1989 dici
3492 1932 3682 2001 homo,

379 2021 756 2094 corporalibus
803 2021 1173 2093 quaesierunt;
1229 2020 1351 2092 quia
1383 2022 1544 2076 morti
1594 2035 1792 2091 corpus
1822 2035 1983 2075 omne

380 2118 686 2188 subjectum
717 2125 823 2173 est.
872 2116 1119 2172 Insecuta
1170 2124 1254 2171 est
1307 2115 1467 2185 igitur
1517 2113 1826 2184 hujusmodi
1856 2113 1979 2169 reli-

379 2210 568 2284 giones
592 2209 857 2281 iniustitia
896 2218 952 2265 et
988 2209 1240 2279 impietas
1264 2248 1279 2271 ,
1314 2207 1472 2264 sicuti
1516 2207 1692 2263 fuerat
1737 2221 1981 2263 necesse.

379 2302 674 2359 Desierunt
716 2301 863 2358 enim
917 2301 1100 2356 vultus
1149 2314 1281 2355 suos
1310 2299 1365 2354 in
1397 2300 1593 2356 ccelum
1627 2299 1855 2356 tollere:
1888 2298 1984 2356 sed

378 2396 637 2453 deorsum
666 2403 879 2451 mentes
906 2394 1189 2451 hominum
1215 2393 1510 2464 depressae,
1545 2392 1775 2449 terrenis
1803 2402 1861 2448 ut
1889 2408 1984 2448 re-

381 2492 695 2563 ligionibus,
726 2490 805 2546 sic
841 2491 1003 2546 etiam
1035 2489 1196 2545 bonis
1221 2488 1577 2544 inhaerebant.
1611 2485 1869 2544 Secutum
1902 2495 1988 2542 est

381 2583 666 2641 dissidium
691 2583 910 2655 generis
952 2580 1197 2647 humani,
1219 2589 1275 2636 et
1314 2579 1479 2646 fraus,
1505 2589 1561 2635 et
1583 2578 1737 2636 nefas
1784 2594 1985 2646 omne;

383 2677 514 2749 quia
559 2676 756 2747 spretis
818 2675 1039 2730 aeternis
1088 2684 1253 2746 atque
1295 2672 1624 2743 incorruptis
1670 2673 1846 2739 bonis,
1872 2688 1994 2744 quae

384 2770 502 2824 sola
556 2767 759 2824 debent
807 2767 875 2821 ab
928 2766 1148 2822 homine
1188 2766 1531 2835 concupisci,
1568 2765 1884 2835 temporalia
1938 2774 1996 2820 et

388 2859 576 2916 brevia
624 2858 964 2923 maluerunt,
1014 2858 1295 2928 majorque
1342 2856 1651 2913 hominibus
1696 2856 1762 2912 ad
1791 2861 1990 2911 malum

388 2952 530 3010 ﬁdes
559 2951 681 3021 fuit,
710 2952 804 3024 qui
862 2966 1086 3024 pravum
1132 2960 1303 3018 recto,
1361 2950 1481 3021 quia
1531 2949 1854 3021 przesentius
1880 2949 1993 3005 fue-

385 3055 475 3103 rat
504 3043 877 3115 praetulerunt.

461 3137 555 3195 Sic
581 3136 873 3194 humanam
893 3136 1057 3193 vitam
1075 3134 1347 3207 prioribus
1370 3134 1652 3191 saeculisin
1680 3133 1984 3190 clarissima

2084 2023 2185 2077 nisi
2236 2023 2324 2093 qui
2369 2023 2585 2093 sapiens
2633 2034 2738 2079 est.
2770 2023 2877 2080 Sed
2918 2024 2963 2078 si
3010 2024 3192 2080 caeteri
3244 2040 3461 2093 omnes,
3482 2039 3690 2099 praeter

2084 2113 2254 2183 ipsos,
2288 2114 2440 2169 stulti
2489 2115 2724 2181 fuerunt,
2767 2129 2836 2171 ne
2882 2115 2958 2170 illi
2985 2115 3203 2187 quidem
3234 2117 3535 2187 sapientes,
3565 2118 3693 2188 quia

2093 2214 2253 2255 nemo
2300 2199 2517 2269 sapiens
2562 2215 2684 2256 esse
2730 2215 2856 2256 vere
2905 2200 3112 2272 judicio
3162 2202 3449 2259 stultorum
3490 2212 3690 2274 potest.

2096 2294 2248 2349 Adeo
2275 2292 2447 2349 abhis
2475 2292 2645 2350 abfuit
2674 2292 2959 2365 sapientia,
2983 2303 3044 2350 ut
3065 2309 3132 2351 ne
3154 2306 3346 2366 postea
3375 2296 3592 2368 quidem
3615 2296 3701 2352 in-

2094 2396 2382 2444 crescente
2409 2387 2678 2457 doctrina,
2718 2397 2774 2445 et
2802 2388 2987 2445 multis
3036 2389 3357 2461 magnisque
3380 2389 3613 2462 ingeniis
3639 2390 3695 2448 in

2095 2482 2149 2538 id
2189 2482 2365 2553 ipsum
2414 2497 2629 2554 semper
2676 2483 2920 2552 intentis,
2957 2483 3195 2554 potuerit
3221 2483 3454 2554 perspici
3485 2485 3688 2541 veritas

2096 2582 2151 2630 et
2171 2575 2575 2645 comprehendi.
2607 2574 2737 2630 Nam
2766 2586 2889 2645 post
2909 2575 3128 2631 illorum
3152 2584 3357 2646 septem
3381 2577 3691 2646 sapientum

2094 2667 2344 2738 gloriam,
2374 2666 2690 2723 incredibile
2742 2676 2845 2734 est,
2895 2676 3096 2737 quanto
3140 2667 3319 2722 studio
3351 2667 3689 2738 inquirendae

2095 2759 2340 2814 veritatis
2363 2758 2570 2815 Graecia
2599 2758 2776 2814 omnis
2806 2758 3093 2814 exarserit.
3119 2758 3196 2813 Ac
3215 2758 3468 2828 primum,
3493 2773 3691 2815 nomen

2097 2855 2271 2925 ipsum
2304 2853 2583 2923 sapientiae
2610 2865 2873 2923 arrogans
2900 2859 3244 2923 putaverunt,
3276 2865 3443 2921 seque
3470 2866 3577 2906 non
3610 2867 3700 2906 sa-

2097 2949 2323 3018 pientes,
2379 2947 2475 3004 setl
2530 2947 2804 3003 studiosos
2859 2945 3141 3016 sapientia:
3190 2954 3538 3000 vocaverunt.
3574 2944 3695 3013 Quo

2019 3020 2064 3085 C
2098 3040 2260 3109 facto,
2294 3050 2349 3096 et
2396 3040 2536 3107 illos,
2565 3040 2655 3111 qui
2685 3050 2889 3096 temere
2919 3038 3221 3110 sapientum
3245 3037 3347 3093 sibi
3374 3052 3572 3094 nomen
3602 3053 3697 3094 as-

2094 3136 2335 3191 civerant
2368 3177 2384 3204 ,
2439 3135 2644 3192 erroris
2688 3133 3039 3205 stultitimque
3093 3132 3506 3200 damnaverunt,
3559 3140 3612 3189 et
3642 3146 3704 3189 se

1716 3248 2080 3306 VARIORUM
2116 3249 2348 3309 ΝΟΤΔΕ.

385 3354 444 3402 et
462 3344 610 3410 editi,
631 3350 769 3401 teste
783 3342 1012 3408 Gallico,
1043 3356 1108 3397 ex
1141 3341 1337 3411 quibus
1362 3350 1486 3394 sunt
1516 3338 1761 3411 Fasitel.,
1781 3339 1984 3406 Betul.,

383 3417 642 3483 Tornes.,
696 3416 887 3488 Thys.,
944 3413 1085 3471 Gall.
1117 3454 1133 3480 ,
1160 3410 1378 3488 Cellae.
1411 3452 1443 3488 ,_
1480 3410 1691 3488 Walch.
1723 3450 1740 3477 ,
1789 3411 1985 3466 Soubr.

386 3488 602 3544 Absunt
629 3482 660 3542 a
698 3482 1008 3555 52scriptis
1036 3495 1091 3541 et
1126 3482 1397 3541 nonnullis
1429 3483 1728 3553 impressis,
1762 3492 1817 3537 et
1849 3496 1992 3552 pra:-

392 3560 579 3618 sertim
608 3559 662 3614 in
684 3558 770 3616 ed.
794 3557 1010 3615 Sublac.

466 3650 536 3706 Et
563 3667 679 3706 cum
707 3653 876 3705 animo
928 3665 1039 3704 meo
1067 3664 1202 3718 ηερε
1227 3646 1506 3718 reputanti.
1532 3644 1850 3718 Prmpositio
1877 3661 1993 3718 cum

391 3725 448 3780 in
471 3722 508 3779 5
531 3738 664 3778 mss.
706 3722 1102 3778 Oxoniensibus
1128 3714 1183 3774 et
1211 3720 1265 3773 in
1286 3714 1530 3773 editione
1557 3714 1864 3771 Florentina
1891 3716 1991 3772 de-

389 3794 697 3860 sideratur;
727 3802 873 3850 extat
897 3800 1075 3847 autem
1101 3792 1151 3845 in
1181 3790 1393 3845 cieteris
1417 3798 1526 3842 tum
1562 3803 1691 3860 mss.
1727 3796 1842 3860 tum
1870 3787 1989 3842 edi-

394 3865 490 3932 tis,
517 3873 573 3919 et
616 3858 755 3934 apud
805 3864 1084 3919 Miuutium
1130 3861 1387 3934 Felicem,
1429 3874 1590 3930 quem
1642 3858 1728 3914 hic
1757 3859 1996 3913 imitatus

391 3945 482 3993 est
509 3936 839 4000 Lactantius,
871 3945 930 3990 ut
956 3950 1113 4004 supra
1142 3933 1417 3987 admonui.

466 4006 539 4061 Et
566 4008 752 4061 mirum
780 4000 1103 4077 pariter,e'tc.
1149 4004 1325 4069 Lact.,
1359 4003 1394 4057 Ι.
1430 4018 1467 4068 ι,
1512 4016 1561 4077 c_.
1598 4001 1668 4077 ll
1696 4000 1808 4077 :_fd
1829 4011 1875 4056 et
1902 4001 1995 4077 do—

392 4079 493 4135 ctis
520 4079 722 4147 pariter
742 4072 795 4133 et
814 4076 1036 4131 indoctis
1066 4092 1367 4146 persuasum
1396 4084 1488 4128 est.
1526 4074 1601 4147 De
1632 4072 1801 4147 ΨΜ,
1835 4087 1885 4147 c_.
1916 4074 1986 4147 8_:

396 4144 701 4206 Ministeriis
722 4159 769 4204 et
794 4150 1035 4203 instruxit
1066 4144 1257 4216 pariter
1300 4156 1353 4200 et
1389 4145 1606 4199 ornavit.
1638 4144 1994 4214 Elegantissi-

393 4237 522 4278 mus
551 4220 781 4287 Plinius,
809 4221 844 4275 l.
873 4236 968 4283 vu,
992 4234 1078 4289 ep.
1114 4218 1177 4272 19
1202 4236 1214 4270 :
1254 4216 1432 4289 Meque
1466 4225 1532 4289 et!
1566 4232 1694 4289 nouo
1726 4216 1917 4284 pariter
1939 4221 1995 4269 et

2096 3352 2296 3413 praeter
2328 3344 2355 3397 1
2390 3340 2630 3397 Clarum.
2661 3350 2719 3396 et
2772 3341 2840 3397 12
2866 3341 3025 3408 edit.,
3070 3342 3268 3412 quibus
3319 3351 3404 3398 est
3449 3345 3704 3413 sapientia

2094 3412 2368 3469 ceciderat.
2393 3444 2464 3454 —
2489 3414 2760 3482 Sapientia
2787 3412 3063 3467 occiderat.
3091 3414 3219 3469 Haec
3260 3428 3389 3468 vera
3423 3415 3700 3483 scriptura

2096 3485 2254 3541 valde
2288 3486 2342 3539 in
2377 3485 2530 3540 libris
2557 3486 2871 3554 depravata.
2897 3485 2987 3539 Sic
3018 3484 3120 3551 l.v,
3151 3499 3200 3539 c.
3232 3485 3289 3550 4,
3320 3495 3461 3539 extr.
3494 3503 3506 3537 :
3541 3484 3704 3541 Occa-

2092 3573 2268 3611 suram
2316 3572 2424 3610 esse
2454 3572 2655 3610 omnem
2702 3555 3108 3625 philosOphiam;
3153 3555 3188 3609 l.
3222 3571 3283 3622 Il,
3316 3571 3366 3611 c.
3402 3556 3511 3611 1οε
3547 3555 3700 3612 Occi-

2095 3627 2216 3683 dere
2261 3628 2315 3681 in
2362 3637 2546 3694 totum,
2577 3636 2635 3681 ut
2663 3626 2751 3682 hic
2781 3627 2936 3681 dixit.
2965 3626 3159 3682 Cicero
3191 3627 3243 3681 in
3273 3626 3498 3694 Catone,
3526 3642 3578 3683 c.
3606 3628 3700 3697 20,

2096 3710 2235 3755 extr.
2274 3718 2287 3754 :
2323 3697 2392 3754 Ut
2414 3700 2735 3768 superiorum
2756 3707 2967 3752 celatum
2989 3699 3162 3753 studia
3184 3697 3466 3766 occidunt,
3495 3700 3571 3754 sic
3602 3716 3699 3756 oc-

2100 3770 2289 3827 cidunt
2338 3771 2493 3825 etiam
2542 3770 2851 3836 senectutis;
2882 3769 2971 3841 1.)
3017 3769 3084 3825 de
3114 3768 3325 3841 Legib.,
3354 3784 3404 3825 c.
3439 3772 3547 3825 ηε
3577 3770 3703 3827 lam

2101 3843 2349 3898 amicitia:
2369 3858 2554 3896 nomen
2583 3841 2865 3896 occiderit.
2925 3840 3057 3895 Buu.

2174 3913 2453 4041 Apfat'eat.
2515 3913 2748 3980 Reposui
2799 3928 2866 3967 ex
2915 3912 3076 3967 editis
3119 3913 3154 3968 «1
3206 3921 3261 3968 et
3290 3914 3500 3969 cunctis
3531 3929 3703 3985 prope

2174 4001 2234 4041 is.
2287 4003 2318 4040 n
2348 3984 2476 4041 Jun.
2501 3996 2556 4038 et
2586 3984 2654 4040 10
2680 3984 2894 4040 excusis
2926 3993 3010 4038 est
3032 3985 3334 4041 apparuerit
3358 4003 3377 4041 :
3408 3986 3463 4040 in
3496 3986 3530 4041 ὅ
3559 3988 3699 4041 scri-

2103 4000 2234 4042 mss.
2260 3984 2318 4041 In
2348 3984 2476 4041 Jun.
2501 3996 2556 4038 et
2586 3984 2654 4040 10
2680 3984 2894 4055 excusis
2926 3993 3010 4038 est
3032 3985 3377 4055 apparuerit;
3408 3986 3463 4040 in
3496 3986 3530 4041 ὅ
3559 3984 3699 4042 scri-

2104 4058 2209 4129 ptis
2240 4073 2349 4112 rec.
2380 4056 2656 4129 apparuit;
2687 4056 2739 4129 in
2774 4055 2798 4109 1
2828 4053 3073 4129 Clarum.
3106 4053 3407 4129 appareret.

2176 4128 2305 4183 Esse
2330 4128 2654 4201 inveniretur.
2688 4126 2826 4181 Vera
2859 4127 3040 4193 lectio,
3072 4142 3231 4201 quam
3261 4142 3367 4181 non
3384 4127 3704 4201 intelligen-

2104 4210 2185 4256 tes
2216 4201 2421 4254 librarii
2452 4199 2518 4252 12
2549 4198 2884 4269 scripserunt
2934 4207 3063 4252 esset
3108 4198 3313 4252 inventa
3335 4212 3356 4263 ;
3382 4199 3416 4253 5
3446 4214 3557 4254 rec.
3580 4198 3702 4256 esse

395 4273 846 4348 rescissoculnere
865 4273 1094 4359 adficiét;
1118 4298 1171 4344 et
1201 4290 1235 4344 Ι.
1265 4304 1319 4353 x,
1349 4273 1440 4359 ep.
1469 4287 1541 4341 44
1566 4285 1684 4357 (56)
1712 4273 1736 4338 ι’
1750 4295 1797 4339 et
1810 4302 1988 4359 _susce-

2101 4273 2326 4359 inventa,
2351 4278 2626 4359 corrupte.

397 4364 571 4432 pimus
610 4363 801 4433 pariter
828 4373 882 4418 et
926 4356 1187 4433 solvimus.
1220 4356 1712 4433 Solus'Qyprianus
1739 4356 1826 4412 vel
1866 4373 1999 4411 cen-

398 4427 505 4490 iies
530 4445 577 4488 et
606 4427 798 4503 pariter
845 4442 891 4487 et
937 4432 1132 4500 posuit.
1168 4430 1224 4485 In
1275 4427 1519 4486 versibus
1548 4427 1797 4503 Oyidius,
1830 4443 1930 4503 pro
1954 4438 2002 4482 et

405 4498 616 4577 pariter
644 4515 713 4569 et.
747 4520 891 4577 sape
915 4498 1136 4559 adhibet
1176 4512 1222 4557 et
1253 4503 1563 4572 pariterque,
1597 4499 1634 4553 l.
1679 4514 1775 4553 xm
1828 4498 2002 4555 Meta-

403 4575 650 4647 inorph.,
678 4590 762 4631 vs.
794 4575 919 4631 422.

533 4689 596 4742 Et
621 4692 765 4742 vitam
789 4692 969 4754 pariter
995 4701 1304 4753 regnumque
1329 4687 1548 4750 reliquit.
1590 4686 1713 4737 Βίης.

479 4795 771 4868 ϐωρεηιηι.
809 4796 881 4851 De
908 4795 1008 4868 hac
1033 4792 1335 4868 defectione
1356 4800 1410 4846 et
1437 4789 1712 4868 hominum
1743 4788 2003 4868 insipien-

407 4870 506 4932 tia,
528 4860 654 4924 v‘ide
682 4868 904 4923 Paulum
934 4866 999 4921 ad
1031 4866 1325 4927 Romanos,
1352 4877 1404 4918 c.
1436 4878 1474 4927 ι,
1504 4860 1592 4928 2|,
1617 4861 1711 4926 25,
1739 4861 1829 4915 24.

482 4937 750 5006 Επεεεήι.
793 4938 1001 5007 Sequor
1027 4936 1313 5007 lectionem
1358 4934 1598 4988 onmium
1649 4934 1758 5007 fere
1786 4946 1918 5007 mss.
1951 4939 2006 5007 c_t

407 5013 444 5068 9
474 5002 617 5093 typis
669 5002 1027 5093 vulgaturum.
1078 5005 1145 5093 In
1177 5005 1315 5093 ᾖξε.
1349 5010 1609 5093 ‘recz‘est
1652 5002 1859 5070 e/fccit;
1890 5003 1942 5056 in
1970 5002 2005 5057 5

408 5075 630 5200 sergius
655 5075 845 5137 reciet
872 5078 1097 5136 tatidem
1124 5075 1307 5143 editis,
1339 5075 1534 5200 Lecerit.
1838 5142 1849 5155 .

544 5154 630 5200 uia
654 5153 835 5200 videri-
868 5151 1029 5200 tanai.
1082 5157 1185 5200 etc.
1216 5147 1310 5200 Sic
1380 5145 1536 5199 aulus
1585 5144 1605 5199 l
1633 5143 1699 5198 ad
1726 5144 1849 5200 Cori

492 5099 520 5135 Ί
563 5097 630 5137 ttS
655 5097 768 5137 rec.
791 5097 845 5136 et
872 5097 1097 5136 tuttuem
1124 5097 1307 5143 emus,
1366 5097 1534 5129 eceru.

492 5097 630 5217 ditia
654 5153 836 5217 videri,
868 5151 1029 5222 tangi,
1082 5157 1191 5222 etc.
1216 5147 1310 5203 Sic
1339 5097 1536 5222 baiulus
1585 5144 1605 5199 l
1633 5143 1699 5198 ad
1726 5142 2001 5222 Cori_ntli.,

409 5238 464 5280 c.
500 5215 560 5290 2,
582 5224 652 5280 de
697 5215 975 5294 Sapientia
1003 5221 1097 5294 Dei
1147 5216 1388 5294 ait‘quod
1412 5215 1594 5294 oculus
1644 5231 1746 5269 non
1772 5215 1921 5294 uidit,
1955 5224 2005 5269 et

410 5286 560 5349 auris
587 5311 690 5350 non
713 5286 927 5357 audivit,
955 5302 1001 5347 et
1032 5293 1083 5345 iu
1118 5307 1206 5345 cor
1230 5286 1449 5343 hominis
1493 5303 1594 5341 non
1614 5286 1859 5342 ascendit.

487 5363 835 5421 Inluerebant.
859 5364 985 5418 Mss.
1013 5362 1240 5417 Tornes.
1284 5360 1611 5414 adhaerebant
1639 5375 1657 5424 ;
1687 5359 1712 5413 1
1746 5359 1878 5413 Bon.
1906 5373 2006 5413 an—

413 5436 540 5507 tiq.,
569 5437 721 5503 Jun.,
753 5436 917 5502 Ultr.,
946 5434 1033 5490 ed.
1062 5433 1158 5507 ls.,
1185 5430 1523 5507 fnltwserunt.

492 5498 763 5576 Sapientia
786 5498 1061 5562 occiderat.
1079 5503 1172 5576 Sic
1201 5503 1461 5576 lego_cum
1489 5500 1687 5576 θάηηὲ
1699 5507 1816 5576 γειἐ
1841 5498 1999 5576 Rom.

418 5570 583 5639 “68:
639 5580 797 5644 1470,
850 5576 1044 5633 Venet.
1079 5570 1526 5639 “ML-Tomos.
1586 5570 1748 5636 1579,
1782 5571 2002 5637 Soubr.,

417 5648 625 5710 Gener.
678 5648 1087 5719 1715,Cellar.,
1119 5656 1175 5703 et
1217 5644 1431 5702 Walch.
1463 5653 1518 5701 et
1567 5644 1817 5701 omnibus
1868 5657 2000 5699 mss.

2182 4341 2390 4411 Septem
2418 4341 2577 4411 fuisse
2614 4341 2908 4404 traduntur,
2939 4350 3044 4411 etc_.
3077 4338 3168 4395 Sic
3196 4339 3318 4411 lego
3360 4354 3484 4397 cum
3524 4343 3703 4398 omni-

2108 4414 2209 4470 bus
2232 4409 2347 4468 fere
2374 4409 2508 4466 mss.
2541 4420 2595 4465 et
2619 4411 2851 4479 vulgatis
2875 4426 2991 4466 sex.
3023 4409 3081 4464 ln
3133 4412 3167 4466 4
3192 4409 3412 4480 scriptis
3454 4428 3569 4469 rec.
3596 4414 3706 4470 et8

2106 4484 2269 4541 editis
2307 4493 2395 4554 est
2423 4501 2435 4537 ε
2462 4481 2672 4548 Septem
2722 4482 2882 4554 fuisse
2928 4481 3201 4536 traduntur
3253 4483 3408 4552 primi
3453 4485 3701 4550 omnium,

2105 4557 2194 4627 qui
2218 4556 2339 4626 quia
2364 4553 2427 4608 de
2468 4554 2635 4627 regius,
2668 4553 3266 4627 etcLSeptemuautem
3297 4554 3373 4608 illi
3406 4557 3585 4627 primi
3613 4571 3705 4611 sa-

2108 4623 2321 4697 pientes
2348 4634 2473 4697 sunt
2502 4623 2719 4697 Thales,
2750 4623 2989 4697 Pittacus
3011 4623 3367 4697 Mitylenaeus,
3403 4623 3526 4682 Bias
3554 4628 3710 4683 Prie-

2108 4694 2317 4763 nensis,
2348 4696 2536 4760 Solon,
2570 4694 2865 4752 Cleobulus
2894 4694 3140 4762 Lindius,
3167 4695 3326 4752 Chilo
3355 4698 3705 4754 Lacedaemo-

2109 4771 2254 4836 nius,
2278 4767 2592 4840 Periander.
2621 4766 2717 4840 [lis
2757 4766 2973 4840 addunt~
2997 4767 3163 4838 aliqui
3189 4768 3546 4825 Anacharsim
3575 4769 3710 4840 Scy-

2109 4841 2277 4897 tham.
2309 4840 2384 4895 De
2409 4838 2607 4909 quibus
2629 4837 2897 4909 Laertius,
2921 4838 3061 4894 libro
3090 4837 3131 4892 i.

2180 4908 2465 4968 Cierentur.
2497 4909 2596 4981 Ms.
2626 4908 2751 4965 Jun.
2787 4909 2916 4981 legit
2939 4910 3289 4967 crederentur.
3316 4909 3461 4966 Nihil
3491 4918 3709 4965 mutan-

2108 4984 2236 5040 dum
2282 4982 2488 5038 censui.
2527 4978 2794 5037 Cierentur
2838 4978 3268 5038 éstvocarentur.
3321 4981 3414 5038 Sic
3458 4981 3708 5051 Lucret.,

2110 5057 2272 5112 l.v:

2262 5165 2543 5218 Dissimiles
2565 5165 2756 5218 soleant
2783 5178 2932 5217 voces
2953 5167 3215 5228 variasque
3239 5166 3398 5215 ciere.

2108 5269 2314 5337 Livius,
2347 5269 2479 5324 ciere
2505 5278 2694 5339 patres.
2730 5267 2878 5340 Virg.
2911 5282 2983 5335 v1,
3019 5265 3239 5322 Eneid.
3266 5283 3280 5321 :

2266 5442 2277 5453 .
2305 5440 2318 5453 .
2352 5443 2362 5453 .
2396 5444 2407 5455 .
2438 5444 2450 5455 .
2474 5441 2486 5454 .
2517 5441 2527 5454 .
2558 5441 2571 5454 .
2599 5404 2707 5463 Quo
2728 5415 2826 5452 non
2846 5402 3157 5466 praestantior
3178 5400 3305 5453 alter

2268 5466 2387 5518 Ere
2407 5470 2547 5518 ciere
2565 5468 2713 5516 viros.

2181 5571 2521 5655 Pulaverunj.
2547 5571 2883 5655 Pythagoras
2912 5574 3146 5646 scilicet,
3167 5573 3237 5635 de
3263 5591 3372 5649 quo
3400 5576 3521 5634 vide
3547 5592 3717 5655 supra

2112 5644 2252 5706 libro
2280 5662 2356 5717 Ill,
2380 5662 2431 5703 c.
2459 5646 2496 5701 2
2516 5656 2570 5703 et
2595 5644 2624 5703 1
2641 5646 2686 5704 i.
