4154 6196
470 246 581 304 455

1557 249 1742 307 FIRM.
1784 251 2154 311 LACTANTII
2212 255 2414 315 DIVIN.
2459 258 2698 316 INSTIT.

3677 261 3781 321 456

473 361 606 430 Quis
643 361 786 417 enim
829 361 1027 432 poterit
1065 361 1207 418 ﬁlios
1232 362 1482 431 educare,
1529 366 1632 420 nisi
1671 365 1865 421 habeat
1902 368 1954 422 in
1983 383 2077 423 eos
2105 372 2158 432 Α
2185 370 2387 429 habere
2419 375 2586 428 ullam
2617 373 2927 430 ﬁrmitatem
2959 374 3151 446 religio
3173 382 3370 446 potest,
3404 379 3622 448 quando
3660 395 3783 436 cer-

471 455 675 510 domini
706 456 1061 524 potestatem?
1090 456 1201 512 Nec
1227 459 1495 514 immerito
1524 459 1915 530 paterfamilias
1942 459 2073 516 dici-

475 558 580 615 tur,
605 550 728 603 licet
756 558 960 604 tantum
1001 550 1141 606 filios
1167 550 1366 607 habeat
1399 571 1411 604 :
1443 552 1734 608 vindelicet
1759 568 1952 608 nomen
1983 569 2075 623 pa-

473 643 570 698 tris
591 641 965 711 complectitur
984 643 1144 698 etiam
1168 658 1376 711 servos,
1405 644 1528 715 quia
1555 645 1787 700 familias
1808 646 2072 716 sequitur,

470 741 526 787 et
552 747 746 786 nomen
772 731 988 788 familia:
1008 735 1383 804 complectitur
1403 736 1565 791 etiam
1595 736 1753 804 ﬁlios,
1772 737 1896 808 quia
1927 746 2077 807 pater

471 824 782 881 antecedit:
814 825 954 882 unde
992 838 1218 898 apparet
1257 827 1506 884 eumdem
1553 829 1750 898 ipsum,
1783 839 1836 884 et
1871 838 2076 899 patrem

472 932 594 973 esse
642 931 946 985 servorum,
999 926 1056 974 et
1098 917 1376 974 dominum
1426 918 1680 974 ﬁliorum.
1734 921 1974 991 Denique
2025 928 2081 975 et

475 1011 617 1067 ﬁlius
653 1012 1045 1066 manumittitur
1078 1021 1348 1082 tamquam
1380 1027 1591 1080 servus,
1624 1022 1677 1069 et
1718 1028 1906 1068 servus
1949 1013 2080 1068 Iibe-

474 1117 622 1166 ratus
653 1108 862 1178 patroni
888 1122 1085 1162 nomen
1118 1106 1332 1176 accipit,
1358 1114 1629 1177 tamquam
1659 1107 1820 1162 ﬁlius.
1855 1106 2006 1175 Quod
2033 1107 2081 1162 si

476 1210 762 1273 propterea
803 1197 1190 1270 paterfamilias
1221 1198 1550 1263 nominatur,
1580 1207 1636 1252 ut
1665 1207 1921 1268 appareat
1957 1212 2081 1252 eum

476 1293 677 1363 duplici
720 1301 988 1362 potestate
1023 1290 1325 1361 praeditum,
1358 1292 1482 1361 quia
1513 1301 1566 1344 et
1594 1289 1870 1360 indulgere
1898 1289 2080 1357 debet,

477 1386 601 1456 quia
629 1393 782 1454 pater
806 1392 907 1449 est,
939 1393 994 1438 et
1017 1397 1291 1448 coercere,
1312 1383 1438 1452 quia
1468 1381 1756 1447 dominus;
1785 1397 1913 1453 ergo
1938 1381 2081 1436 idem

479 1491 668 1532 servus
695 1484 797 1539 est,
825 1475 915 1544 qui
939 1483 992 1529 et
1022 1473 1196 1539 filius;
1227 1472 1366 1528 idem
1402 1472 1676 1540 dominus,
1706 1474 1797 1543 qui
1827 1481 1882 1527 et
1908 1482 2082 1542 pater.

482 1569 632 1626 Sicut
668 1571 830 1641 igitur
860 1577 1062 1623 natura:
1102 1568 1425 1622 necessitate
1464 1583 1572 1622 non
1615 1575 1790 1638 potest
1821 1582 1940 1624 esse
1982 1567 2082 1622 nisi

481 1676 620 1717 unus
650 1673 825 1732 pater,
869 1661 938 1714 ita
981 1675 1081 1715 nec
1115 1660 1367 1715 dominus
1413 1660 1514 1715 nisi
1558 1676 1729 1726 unus;
1771 1661 1896 1731 quid
1941 1661 2081 1715 enim

2180 475 2233 520 to
2260 475 2314 521 et
2339 467 2515 522 stabili
2541 467 2816 522 domicilio
2845 477 3013 524 caret.
3038 467 3228 524 Cultus
3254 469 3415 540 igitur
3433 469 3659 527 deorum
3682 489 3781 530 ve-

2179 560 2225 614 ri
2253 575 2375 616 esse
2403 575 2507 614 non
2536 569 2784 631 possunt,
2813 561 3006 618 eodem
3037 561 3220 629 modo,
3253 577 3361 634 quo
3379 565 3782 622 matrimonium

2181 649 2285 706 dici
2319 666 2426 706 non
2480 663 2678 722 potest,
2721 653 2811 709 ubi
2853 653 3047 709 mulier
3074 669 3180 709 una
3223 654 3422 710 multos
3449 656 3595 712 viros
3624 657 3786 716 habet

2180 742 2275 797 sed
2306 741 2422 798 haec
2461 754 2552 798 aut
2597 745 2876 810 meretrix,
2907 755 3002 801 aut
3042 745 3288 802 adultera
3321 748 3721 817 nominabitur;
3755 767 3785 807 a

2182 849 2285 903 qua
2312 836 2453 888 enim
2491 835 2684 904 pudor,
2733 837 2974 904 castitas,
3015 837 3153 894 ﬁdes
3178 838 3354 905 abest,
3385 840 3583 897 virtute
3603 854 3788 900 careat

2183 941 2406 981 necesse
2436 937 2538 982 est.
2588 928 2676 983 Sic
2702 939 2755 983 et
2799 929 2989 999 religio
3026 928 3252 984 deorum
3281 930 3549 1001 impudica
3590 943 3678 989 est
3705 935 3785 990 in-

2183 1028 2354 1086 cesta,
2388 1019 2510 1088 quia
2543 1018 2646 1075 ﬁde
2685 1029 2853 1087 caret,
2900 1021 3023 1091 quia
3069 1020 3242 1076 honos
3281 1021 3371 1078 ille
3419 1023 3686 1080 instabilis
3733 1037 3787 1082 et

2185 1110 2441 1176 incertus,
2489 1123 2648 1182 caput
2698 1121 2861 1183 atque
2888 1112 3149 1184 originem
3199 1127 3306 1168 non
3361 1112 3543 1170 habet.

2811 1224 3040 1281 CAPUT
3069 1225 3155 1281 IV.

2185 1314 2268 1369 De
2323 1316 2579 1387 sapientia
2631 1317 2805 1372 itidem
2832 1330 2880 1372 et
2906 1319 3183 1442 Leligione,
3207 1329 3359 1390 atque
3396 1319 3460 1374 de
3479 1324 3599 1390 jure
3629 1323 3787 1392 patris

2817 1401 2862 1442 et
2943 1406 3123 1442 omtm.

2817 1401 2862 1443 et
2907 1401 3123 1445 dommt.

2186 1479 2394 1548 Quibus
2418 1483 2580 1538 rebus
2607 1492 2848 1553 apparet,
2879 1498 3039 1554 quam
3082 1485 3222 1540 inter
3255 1500 3316 1540 se
3341 1487 3628 1556 conjuncta
3672 1493 3781 1544 sint

2187 1576 2449 1646 sapientia
2495 1586 2551 1631 et
2602 1577 2792 1648 religio
2835 1596 2848 1632 :
2903 1578 3166 1648 sapientia
3228 1589 3437 1650 spectat
3479 1581 3548 1635 ad
3600 1581 3741 1638 ﬁlios
3769 1623 3784 1650 ,

2189 1683 2308 1738 qua:
2400 1669 2564 1739 exigit
2630 1684 2924 1736 amorem;
3003 1671 3194 1743 religio
3265 1673 3330 1727 ad
3406 1688 3595 1729 servos
3664 1692 3786 1746 qua:

480 1751 645 1807 faciat
667 1767 878 1819 servus,
913 1753 957 1806 si
991 1752 1144 1806 multi
1171 1751 1374 1807 domini
1406 1753 1618 1808 diversa
1660 1753 2082 1822 imperaverint?
2113 1760 2160 1819 Β
2189 1759 2356 1830 exigit
2385 1760 2654 1815 timorem.
2685 1761 2816 1816 Nam
2839 1762 2979 1817 sicut
3000 1763 3076 1817 illi
3107 1773 3314 1834 patrem
3336 1764 3565 1837 diligere
3589 1766 3790 1823 debent

481 1845 624 1918 Ergo
650 1856 840 1902 contra
873 1847 1137 1901 rationem
1181 1857 1478 1918 contraque
1517 1857 1760 1902 naturam
1801 1857 1927 1903 sunt
1955 1848 2082 1903 reli—

480 1942 669 2012 giones
693 1942 981 1997 multorum
1008 1941 1233 1996 deorum
1261 1958 1275 2008 ;
1301 1941 1566 2011 siquidem
1597 1957 1696 1996 nec
1723 1951 1906 2012 patres
1934 1942 2083 1997 multi

483 2043 710 2104 possunt
738 2049 879 2100 esse,
916 2049 1015 2089 nec
1053 2033 1256 2088 domini
1286 2051 1296 2086 :
1331 2033 1460 2087 deos
1491 2044 1668 2088 autem
1707 2043 1763 2089 et
1798 2043 1997 2104 patres,
2032 2043 2086 2089 et

481 2124 731 2181 dominos
761 2126 1057 2194 nuncupari
1083 2139 1305 2179 necesse
1330 2134 1432 2179 est.

552 2217 746 2273 Teucri
796 2233 924 2288 ergo
951 2219 1150 2272 veritas
1195 2231 1299 2271 non
1352 2225 1546 2288 potest,
1605 2217 1692 2271 ubi
1745 2217 1908 2272 homo
1937 2217 2079 2273 idem

481 2311 668 2366 multis
698 2310 936 2379 patribus
962 2309 1304 2380 dominisque
1321 2308 1596 2378 subjectus
1620 2319 1723 2374 est,
1748 2310 1840 2364 ubi
1865 2311 2074 2367 animus

483 2407 536 2462 in
567 2405 735 2461 multa
764 2405 1060 2476 dispersus,
1105 2403 1210 2460 huc
1247 2413 1408 2476 atque
1459 2404 1586 2461 illuc
1633 2404 1933 2478 divagatur.
1967 2407 2078 2464 Nec

2190 1864 2245 1910 et
2267 1855 2556 1924 honorare,
2591 1860 2670 1913 sic
2705 1859 2757 1914 hi
2785 1861 3059 1917 dominum
3092 1865 3274 1920 colere
3317 1881 3380 1920 ac
3410 1867 3604 1923 vereri.
3641 1868 3786 1924 Deus

2191 1958 2392 2014 autem,
2425 1951 2515 2020 qui
2549 1967 2686 2007 unus
2715 1963 2818 2020 est,
2877 1957 3128 2024 quoniam
3177 1966 3459 2030 utramque
3501 1975 3790 2030 personam

2190 2043 2440 2109 sustinet,
2469 2055 2524 2099 et
2557 2047 2746 2115 patris,
2796 2057 2849 2104 et
2879 2048 3114 2115 domini;
3148 2061 3205 2107 et
3248 2068 3432 2110 amare
3461 2071 3584 2110 eum
3628 2057 3794 2113 debe-

2191 2152 2334 2203 mus,
2367 2140 2492 2208 quia
2525 2138 2617 2194 ﬁlii
2646 2155 2854 2208 sumus,
2885 2153 2938 2198 et
2969 2145 3160 2201 timere
3180 2150 3304 2217 quia
3334 2148 3499 2203 servi.
3541 2148 3657 2204 Non
3698 2164 3795 2220 po-

2191 2241 2293 2284 test
2326 2230 2486 2301 igitur
2515 2248 2615 2288 nec
2659 2235 2853 2306 religio
2889 2251 2918 2289 a
2961 2238 3224 2308 sapientia
3256 2242 3524 2309 separari,
3557 2257 3659 2298 nec
3698 2257 3790 2298 sa-

2187 2319 2385 2389 pientia
2412 2337 2442 2376 a
2470 2324 2714 2395 religioni
2736 2328 2979 2394 secerni;
3002 2330 3126 2400 quia
3152 2330 3294 2386 idem
3321 2333 3464 2387 Deus
3488 2342 3592 2400 est,
3623 2334 3713 2405 qui
3738 2343 3797 2390 et

2186 2412 2412 2486 intelligi
2443 2415 2628 2484 debet,
2651 2419 2795 2490 quod
2813 2430 2898 2477 est
2921 2424 3203 2494 sapientia:
3223 2467 3238 2491 ,
3263 2435 3319 2482 et
3343 2425 3626 2494 honorari,
3650 2427 3796 2499 quod

1796 2541 2160 2602 VARIORUM
2198 2548 2429 2606 NOTAE.

483 2683 712 2741 Athenis
737 2683 883 2739 enim
911 2681 1076 2737 Solon
1107 2679 1282 2756 legem
1306 2679 1428 2756 tulit
1447 2683 1569 2756 περὶ
1587 2687 1687 2735 τῶν
1708 2683 1953 2756 ἀκρίτων,
1982 2699 2087 2753 qua

485 2757 652 2810 tilium
689 2770 884 2810 necare
911 2753 1121 2825 parenti
1150 2753 1492 2825 permissum,
1517 2753 1592 2825 'ut
1616 2753 1806 2808 auctor
1825 2764 1911 2808 est
1934 2757 2083 2810 Sext.

485 2827 744 2896 Empiric.
769 2822 1018 2894 libro'nt,
1046 2824 1318 2896 Pyrrhon.
1355 2822 1596 2895 Hypoth.

559 2917 678 2972 Nisi
702 2917 883 2972 habeat
905 2917 959 2970 in
981 2933 1065 2971 eos
1092 2917 1286 2970 domini
1304 2925 1619 2984 potestatem.
1655 2915 1781 2971 Haec
1813 2916 1970 2972 lectio
1993 2927 2079 2974 cst

2266 2694 2399 2760 Quia
2426 2698 2570 2764 pater
2599 2709 2690 2755 est.
2730 2699 2986 2757 Additum
3021 2712 3187 2760 estex
3217 2703 3471 2762 omnibus
3493 2705 3614 2763 fere
3655 2723 3793 2764 mss.

2192 2776 2246 2820 et
2277 2768 2549 2837 plerisque
2576 2771 2758 2826 editis.

2265 2836 2326 2893 Si
2357 2836 2527 2896 multi.
2547 2843 2724 2911 Quare
2751 2843 3110 2902 Terentianus
3142 2847 3232 2903 ille
3252 2847 3452 2904 Servus
3473 2851 3614 2906 scire
3642 2851 3797 2908 vole-

2192 2907 2283 2961 bat
2308 2907 2688 2980 qnotnam'sibi
2717 2925 2898 2971 essent
2929 2917 3155 2974 domini.
3199 2919 3336 2975 Hinc
3375 2921 3534 2976 Philo
3573 2907 3797 2979 Judseus

485 2992 775 3046 multorum
834 3004 966 3061 mss.
1012 2991 1153 3043 inter
1197 2983 1332 3061 quos
1394 2996 1519 3041 sunt
1565 2987 1673 3061 duo
1737 2990 2158 3061 vetustissimic
2192 2983 2811 3061 pmfllomerumlliad.
2842 3003 2920 3061 vt,
2952 2991 3232 3044 aitbonam
3259 3007 3360 3045 non
3386 3009 3495 3046 esse
3515 2995 3798 3049 multorum

487 3063 662 3131 Regii,
693 3074 745 3116 et
777 3062 809 3116 5
838 3060 971 3115 edit.
1005 3061 1092 3114 Sic
1129 3068 1182 3114 et
1227 3058 1589 3131 Lactantius,
1613 3059 1708 3113 lib.
1771 3077 1825 3131 v,
1876 3076 1997 3130 cap.
2029 3063 2084 3127 6,

490 3129 680 3188 scribit
703 3133 824 3203 jure
850 3132 1196 3203 dominorum.
1241 3129 1298 3182 ln
1341 3129 1374 3183 6
1407 3129 1625 3203 scriptis
1669 3129 2092 3203 etdecemim-

488 3205 685 3274 pressis
703 3200 906 3275 legitur
936 3201 1166 3275 dominii,
1198 3215 1316 3270 quae
1341 3215 1443 3255 vox
1461 3200 1613 3255 deest
1639 3205 1688 3254 in
1714 3201 1749 3254 2
1777 3217 1909 3258 mss.
1951 3202 2086 3275 Reg.

487 3271 600 3331 i'ec.
627 3282 680 3327 et
708 3273 744 3328 2
773 3271 883 3328 vet.
914 3272 1044 3326 edit.
1069 3271 1230 3326 Rom.

561 3345 980 3413 Paterfamilias,
1021 3352 1127 3399 etc.
1172 3342 1638 3410 Quemadmodum
1690 3344 2087 3414 paterfamilias

487 3416 682 3472 dicitur
704 3419 770 3482 is,
795 3419 886 3486 qui
918 3416 970 3469 itt
999 3416 1160 3469 domo
1188 3415 1484 3469 dominium
1516 3416 1696 3483 habet,
1731 3418 1980 3484 quamvis
2015 3418 2087 3471 li-

487 3490 618 3544 lium
646 3505 750 3542 non
797 3488 1028 3559 habeat:
1087 3488 1166 3540 sic
1223 3487 1570 3559 servientium
1603 3503 1817 3559 quoque
1845 3489 2082 3543 solemus

487 3561 761 3630 appellare
788 3557 1066 3624 familiam,
1094 3566 1314 3630 auctore
1344 3555 1597 3630 Ulpiano,
1620 3555 2082 3629 I'engronuntia—

487 3628 587 3697 tio,
621 3631 650 3703 §
683 3631 874 3703 Famil.
900 3629 1100 3700 appe|.,
1127 3628 1184 3682 ff.
1217 3629 1284 3682 de
1325 3629 1473 3703 verb.
1514 3632 1614 3700 sig.
1642 3628 1708 3703 Et
1743 3631 1812 3684 ob
1845 3631 1893 3683 id
1919 3634 2089 3703 (teste.

484 3699 796 3772 Macr'obio)
829 3699 1060 3770 majores
1083 3715 1297 3772 omnem
1318 3699 1551 3756 dominis
1571 3699 1846 3766 invidiam,
1863 3716 2081 3757 omnem

487 3774 660 3830 servis
691 3769 1070 3828 contumeliam
1113 3769 1458 3826 detrahentes
1482 3813 1497 3836 ,
1538 3773 1814 3826 dominum
1849 3785 2082 3839 patrem-

487 3845 744 3908 familias,
788 3857 974 3898 servos
1023 3841 1316 3896 familiares
1350 3844 1708 3910 appellarunt.
1750 3844 2076 3899 BETULEIUS.

563 3913 631 3967 Et
656 3916 794 3984 ﬁlius
823 3913 1214 3988 manumittitur.
1264 3923 1708 3988 Κᾳταχρηστικῶς
1734 3914 1809 3988 _id
1841 3915 2078 3988 quidem.

488 3985 622 4041 Nam
657 3983 881 4055 proprie
928 3985 1080 4038 liberi
1122 3983 1564 4055 emancipaniur,
1605 3986 1745 4039 servi
1793 3987 2082 4040 manumit—

491 4054 694 4112 tuntur.
727 4055 838 4112 Hoc
867 4055 1034 4110 claret
1060 4071 1126 4110 ex
1165 4057 1245 4109 tit.
1278 4054 1312 4109 5
1338 4054 1510 4108 lnstit.
1545 4057 1634 4124 qui
1664 4065 1747 4110 est
1793 4056 1860 4110 de
1889 4055 2083 4111 Liber-

490 4129 638 4184 tinis.
676 4127 805 4184 Illud
852 4143 916 4181 ex
952 4126 1033 4182 tit.
1069 4126 1138 4180 12
1168 4169 1182 4192 ,
1215 4127 1304 4195 qui
1344 4125 1515 4196 docet
1559 4125 1756 4196 quibus
1798 4128 1972 4182 modis
1996 4131 2084 4196 jus

487 4201 679 4272 patriae
708 4197 991 4272 potestatis
1019 4199 1280 4272 solvatur.
1317 4195 1615 4272 Utrumque
1653 4197 1866 4267 quidem
1902 4215 1940 4272 7a
1971 4195 2087 4272 ma;

487 4268 595 4335 hu,
643 4268 820 4328 id‘est
863 4271 1088 4338 imperio
1133 4269 1356 4324 dictum.
1394 4268 1658 4323 Caeterum
1703 4270 2084 4338 emancipandi

487 4347 711 4399 verbum
739 4345 902 4398 etiam
933 4341 998 4395 ad
1027 4342 1158 4395 alias
1186 4355 1275 4395 res
1305 4342 1557 4410 pertinet,
1585 4340 1654 4394 de
1679 4356 1787 4409 quo
1812 4341 2079 4396 videndus

488 4428 570 4471 eSt
602 4415 830 4470 Budaeus
858 4415 909 4466 in
941 4413 1288 4466 Annotation.
1323 4412 1616 4480 prioribus.
1645 4411 1853 4466 BETUL.

564 4486 778 4540 Patroni
800 4501 983 4538 nomen
1006 4485 1210 4553 accipit.
1240 4484 1443 4546 Servis,
1477 4483 1670 4552 quibus
1701 4483 1907 4538 domini
1940 4498 2086 4537 sum-

489 4572 635 4612 mum
661 4558 920 4611 libertatis
951 4559 1180 4624 pretium
1216 4555 1617 4624 persolvebant,
1669 4570 1866 4610 nomen
1917 4570 1983 4610 ex
2031 4570 2092 4609 se

486 4628 574 4681 vel
619 4628 868 4693 alterum,
919 4628 1002 4679 vel
1044 4626 1204 4679 etiam
1243 4628 1458 4680 tertium
1505 4625 1728 4681 dabant.
1767 4627 2089 4680 [’raenonem

487 4698 649 4755 Marci
684 4700 876 4752 Damas
905 4697 1199 4752 Persianus
1221 4713 1248 4750 a
1275 4708 1504 4766 patrono
1523 4698 1753 4767 accepit.
1783 4697 1952 4752 Tertii
1979 4713 2092 4753 me-

488 4771 647 4826 minit
667 4770 829 4824 etiam
856 4768 1158 4835 iuvenalis,

738 4882 988 4945 Tanquam
1012 4881 1199 4930 habeas
1222 4883 1315 4932 tria
1341 4883 1548 4932 nomina.

488 4993 547 5050 Id
575 5004 692 5050 est:
743 5006 840 5062 per
870 4987 1373 5052 tnanumissioncm,
1431 4987 1568 5040 ultra
1596 4985 1819 5062 servile
1865 5001 2085 5062 n_om_en,

488 5058 801 5150 praenomen
829 5070 882 5150 et
911 5076 1107 5116 nomen
1132 5076 1168 5150 εἰ
1199 5058 1828 5150 patrlono‘acquisiveris.
1880 5058 2086 5112 Eodem

488 5128 544 5194 id
575 5137 735 5193 modo
766 5135 948 5198 fiebat,
992 5149 1101 5204 quo
1141 5128 1390 5204 hteretles
1423 5138 1756 5204 testamento
1793 5128 1846 5182 in
1891 5144 2087 5204 nomen

488 5211 855 5279 familiamque
884 5201 1302 5279 adoptabantur.
1333 5201 1436 5268 Qui
1477 5216 1610 5279 vero
1635 5218 1662 5252 a
1702 5201 1934 5279 dominis
1973 5216 2088 5279 ma-

491 5270 942 5344 numittebantur,
965 5270 1057 5331 alii
1090 5274 1236 5331 cives
1271 5271 1499 5344 Romani
1527 5271 1749 5344 fiebant,
1780 5272 1868 5344 alii
1893 5270 2090 5325 dediti-

492 5351 574 5416 tii,
607 5353 694 5404 alii
713 5351 910 5404 Latini.
931 5343 1010 5404 De
1031 5363 1138 5418 quo
1156 5355 1274 5418 post
1292 5343 1666 5418 Theophilum
1682 5343 2085 5418 institutionum

491 5412 921 5491 paraphrastem,
952 5412 1084 5491 vide
1119 5412 1443 5491 Politianum
1471 5429 1594 5485 cap.
1617 5416 1729 5491 ῥίς
1760 5414 1960 5491 Miscel.
1988 5412 2084 5491 Al-

492 5483 714 5557 ctatu'm,
747 5507 865 5559 cap.
917 5491 983 5544 M
1032 5489 1157 5543 libri
1213 5505 1230 5542 ι
1294 5483 1557 5559 Parerg.;
1602 5485 1972 5559 Alexandrnm
2016 5483 2084 5538 ab

491 5561 800 5619 Alexandro
820 5557 976 5612 libro
1004 5575 1075 5622 tv,
1110 5574 1230 5628 cap.
1266 5559 1355 5623 10,
1387 5557 1599 5613 chial.
1619 5557 1852 5628 dierum.
1877 5557 2081 5610 BETUL.

566 5633 698 5699 Quia
731 5641 780 5686 et
817 5629 1105 5700 indulgere.
1137 5627 1210 5681 Ita
1255 5644 1377 5700 eum
1421 5630 1633 5684 cunctis
1693 5627 1850 5682 editis
1891 5642 2084 5682 omnes

491 5720 623 5763 mss.
669 5712 897 5772 excepto
924 5716 1031 5756 uno
1083 5699 1216 5769 Reg.
1261 5699 1322 5772 in
1333 5715 1464 5772 quo
1491 5709 1608 5754 erat
1648 5715 1679 5754 a
1718 5700 1886 5769 prima
1921 5713 2082 5753 manu

488 5779 612 5855 qui;
643 5788 696 5836 et
723 5770 1007 5847 sic’lcgere
1034 5772 1268 5830 mallem.
1304 5770 1436 5828 Vide
1463 5788 1576 5843 seq.

2196 3051 2649 3130 dominationem;
2675 3074 2806 3112 unus
2836 3051 2995 3130 igitur
3015 3062 3080 3115 sit
3118 3061 3377 3130 dominus,
3417 3065 3480 3116 sit
3509 3081 3642 3120 unus
3681 3083 3794 3121 rex.

2255 3124 2335 3206 _Et
2365 3127 2577 3206 incesta.
2606 3129 2733 3184 Mss.
2764 3130 2798 3186 4
2829 3124 2942 3186 rce.
2984 3140 3040 3186 et
3070 3133 3103 3188 8
3133 3124 3381 3204 impressi
3418 3135 3645 3190 incerta:
3698 3138 3796 3193 sed

2195 3201 2374 3251 minus
2405 3201 2563 3254 bene.

2217 3339 2229 3351 .
2265 3267 2520 3327 Incertus.
2564 3272 2639 3326 Ita
2668 3287 2857 3351 omnes
2884 3275 3094 3344 scripti,
3117 3275 3348 3351 dempto
3375 3278 3402 3331 1
3436 3276 3570 3348 Reg.
3605 3295 3797 3336 recen-

2195 3345 2352 3416 t_iore,
2387 3353 2446 3416 et
2466 3359 2655 3398 omnes
2701 3345 2832 3416 editi
2871 3356 3068 3413 praeter
3103 3347 3137 3400 4
3179 3349 3376 3416 quibus
3422 3361 3504 3403 est
3523 3345 3794 3406 'incestus.

2193 3411 2362 3467 Recte
2389 3413 2710 3469 'l‘homasius
2738 3411 2982 3472 defendit
3010 3411 3300 3472 lectionem
3330 3420 3576 3474 incertus.

2266 3481 2426 3558 Deus.
2467 3484 2812 3541 Constructio
2847 3488 3060 3558 phrasis
3093 3489 3327 3556 vitiosa;
3360 3490 3546 3546 dicere
3575 3491 3798 3549 debuis-

2191 3565 2274 3610 set
2308 3572 2320 3608 :
2355 3555 2589 3611 Deum...
2619 3568 2666 3611 et
2696 3555 2871 3613 amare
2895 3559 3152 3614 debemus.

2268 3627 2551 3697 Utramque
2583 3646 2852 3698 personam
2877 3632 3110 3684 sustinet.
3135 3629 3226 3686 Sic
3247 3629 3314 3685 de
3332 3630 3413 3686 Ira
3442 3647 3492 3687 c.
3515 3632 3618 3689 25:
3644 3633 3802 3688 Utra-

2190 3714 2286 3766 que
2315 3717 2533 3774 persona
2565 3700 2617 3754 in
2647 3718 2702 3774 e_o
2733 3701 3057 3756 venerabilis.
3093 3700 3345 3766 Persona,
3383 3703 3433 3757 id
3461 3714 3566 3769 est,
3592 3722 3799 3774 munus,

2189 3771 2436 3843 conditio.
2463 3771 2622 3841 Saepe
2646 3772 2862 3840 Cicero,
2893 3789 3166 3843 personam
3195 3783 3382 3840 tenere,
3416 3777 3706 3841 sustinere;
3740 3771 3796 3832 e'.

2187 3856 2241 3911 g.
2276 3841 2314 3896 1.
2346 3858 2382 3896 ιι
2408 3843 2473 3898 de
2499 3843 2726 3898 Oratore
2747 3859 2868 3912 cap.
2894 3841 2974 3898 '24
3000 3843 3159 3898 :Tres
3191 3861 3433 3912 personas
3480 3863 3610 3901 unus
3632 3849 3796 3900 susti-

2191 3929 2353 3966 neo...
2390 3930 2572 3981 meam,
2607 3915 2913 3980 adversarii,
2939 3916 3154 3980 judicis.
3189 3915 3320 3970 BUN.

2261 3983 2326 4036 Et
2364 3986 2556 4052 timere,
2593 3986 2714 4058 quia
2747 3987 2894 4040 servi.
2927 3988 3114 4058 Timor
3155 3987 3297 4057 apud
3338 3987 3640 4058 Prophetas
3682 3989 3800 4046 fere

2189 4059 2550 4129 reverentiam
2594 4057 2897 4129 majestatis
2939 4057 3156 4123 divinae,
3187 4057 3796 4129 adeoque'religionem

2190 4127 2490 4200 significat:
2525 4144 2648 4182 cum
2678 4128 2976 4199 Apostolus
3006 4131 3254 4184 timorem
3292 4127 3412 4184 cum
3445 4127 3795 4200 Philosophis

2189 4198 2322 4272 mali
2347 4200 2658 4272 opinionem
2687 4198 2862 4272 dicat,
2891 4215 3050 4270 quam
3081 4199 3264 4272 odium
3294 4201 3607 4267 comitatur,
3635 4198 3792 4272 juxta

2192 4271 2454 4340 tragicum
2485 4271 2614 4326 illud
2655 4269 3104 4342 tyrannicumque
3136 4288 3148 4324 :
3179 4269 3392 4326 Oderint
3424 4313 3438 4335 ,
3501 4269 3650 4325 dam'
3687 4289 3796 4328 me-

2193 4352 2358 4395 tuant.
2376 4342 2489 4396 Hoc
2509 4342 2670 4397 modo
2692 4343 2972 4396 Dominum
3001 4346 3213 4408 timent,
3234 4345 3324 4412 qui
3354 4358 3460 4397 non
3494 4343 3793 4399 bonitatem

2109 4416 2163 4476 D
2189 4413 2306 4480 ejus
2335 4413 2746 4470 inestimabilem
2776 4455 2791 4477 ,
2818 4414 2912 4468 sed
2947 4413 3211 4483 justitiam
3254 4413 3624 4469 inevitabilem
3655 4430 3790 4470 con-

2196 4483 2440 4540 siderant
2472 4502 2485 4540 :
2521 4502 2625 4540 non
2655 4495 2713 4540 ut
2741 4486 3061 4539 salvatorem
3101 4494 3305 4551 amant,
3337 4484 3431 4539 sed
3479 4493 3535 4538 ut
3556 4485 3795 4552 judicem

2197 4565 2249 4609 et
2278 4557 2432 4626 quasi
2470 4557 2736 4625 ijovem
2769 4554 3058 4624 quemdam
3094 4555 3474 4626 extimescunt.
3519 4556 3794 4613 Timorem

2195 4625 2374 4682 autem
2405 4627 2544 4682 idem
2567 4643 2689 4682 cum
2709 4627 2970 4698 religione
2984 4625 3128 4698 apud
3150 4625 3472 4698 PrOphetarn
3500 4626 3797 4698 etSapieu-

2198 4709 2303 4753 tem
2330 4713 2473 4764 esse,
2508 4708 2734 4753 testatur
2755 4697 2941 4753 Graeca
2965 4697 3246 4752 translatio
3265 4715 3276 4751 :
3295 4699 3584 4763 εὐσέϐειαν,
3611 4697 3663 4752 id
3688 4709 3790 4763 est,

2193 4770 2511 4851 religionem
2562 4768 3134 4851 (sidenimh'f‘ertul'l.
3205 4768 3610 4851 interpretatur)
3657 4769 3796 4851 idem

2193 4839 2335 4908 quod
2361 4850 2446 4896 est
2467 4839 2754 4910 sapientia,
2775 4839 2927 4894 dicit.
2973 4840 3094 4895 Pari
3127 4839 3286 4893 modo
3322 4851 3600 4908 exponunt
3630 4841 3793 4894 etiam

2193 4913 2473 4985 oraculum
2501 4911 2914 4985 Propheticuni,
2935 4918 3137 4985 πνεῦμα
3164 4915 3402 4985 γνώσεως
3427 4916 3508 4966 καὶ
3534 4913 3798 4972 εὐσεϐείας

2195 4984 2440 5055 ἐμπλήσει
2492 4985 2661 5040 αὐτὸν.
2729 4982 2813 5038 Ex
2863 4982 2962 5055 his
2997 4982 3486 5055 facile'colligere
3515 4993 3598 5055 est
3628 5024 3643 5048 ,
3694 4999 3796 5053 qua

2193 5053 2591 5126 signiﬁcatione
2629 5055 2884 5124 utrinque
2930 5053 3154 5126 timoris_
3180 5068 3282 5108 vox
3321 5053 3636 5122 accipienda
3683 5057 3792 5118 sit;

2194 5123 2295 5181 nec
2343 5128 2460 5182 sine
2491 5123 3082 5194 Scripturte’exemplo
3133 5123 3473 5180 Lactantium
3521 5129 3794 5188 timorem.

2194 5197 2297 5254 hoc
2326 5207 2428 5264 est,
2463 5198 2775 5265 religionem
2805 5211 2928 5251 cum
2953 5196 3218 5264 sapientia
3244 5204 3352 5249 tam
3396 5207 3548 5249 arcto
3579 5198 3798 5251 vinculo

2191 5269 2497 5337 copulasse.
2528 5267 2750 5323 Videtur
2772 5277 2953 5322 autem
2971 5266 3286 5337 Lactantius
3305 5266 3551 5321 alludere
3569 5269 3637 5320 ad
3663 5267 3796 5321 illud

2191 5336 2418 5393 Malach.
2455 5355 2472 5393 ι
2514 5357 2526 5392 :
2565 5338 2611 5391 F
2612 5339 2734 5393 ilius
2761 5339 2979 5392 honorat
3009 5336 3220 5392 Patrem
3247 5346 3294 5390 et
3323 5354 3496 5392 servus
3523 5338 3796 5391 dominum

2190 5426 2362 5464 suum.
2399 5411 2458 5464 Si
2483 5426 2602 5481 ergo
2639 5419 2782 5480 pater
2811 5425 2901 5481 ego
2931 5426 3065 5476 sum,
3101 5408 3188 5462 ubi
3215 5418 3288 5462 est
3334 5409 3498 5481 honor
3534 5425 3677 5463 meus
3701 5410 3724 5460 7
3750 5420 3797 5464 et

2188 5481 2233 5536 si
2260 5481 2514 5536 Dominus
2534 5479 2628 5552 ego
2642 5479 2786 5546 sum,
2815 5479 2898 5533 ubi
2923 5490 2994 5535 est
3024 5481 3176 5533 timor
3195 5480 3372 5552 meus?
3389 5480 3508 5548 Quo
3535 5481 3654 5552 loco
3674 5495 3797 5550 pro-

2189 5554 2277 5609 cul
2295 5553 2457 5608 dubio
2472 5551 2682 5608 timoris
2701 5566 2897 5606 nomen
2914 5566 3013 5622 pro
3037 5551 3388 5607 veneratione
3411 5551 3795 5621 accipiendum

2189 5636 2292 5691 est,
2322 5633 2376 5678 et
2403 5624 2784 5687 sollicitudine,
2816 5639 2883 5678 ne
2915 5627 2958 5678 is
2999 5622 3308 5678 offendatur
3337 5638 3434 5694 per
3466 5638 3592 5688 nos,
3631 5637 3793 5693 quem

2189 5711 2403 5751 summo
2433 5695 2612 5751 studio
2639 5695 2869 5750 colimus
2896 5705 2952 5751 et
2977 5707 3256 5762 amamus;
3289 5693 3347 5750 et
3371 5693 3424 5750 id
3460 5694 3655 5764 ipsius,
3687 5709 3796 5753 non

2188 5767 2359 5826 nostri
2383 5781 2564 5824 causa.
2596 5766 2920 5823 Beruusws.
