4154 6196
400 289 504 347 45⁸1

1279 288 1488 345 LIBER
1525 286 1618 348 IV.
1660 289 1749 344 DE
1791 283 1974 343 VERA
2016 283 2310 344 SAPIENT
2317 283 2385 340 1A
2427 285 2514 341 ΕΤ
2554 282 2782 342 RELIG.

3600 279 3702 339 453

399 415 480 463 est
509 403 808 476 religionis.
842 402 945 462 Sed
973 404 1237 476 sapientia
1267 406 1545 476 praecedit,
1591 408 1779 478 religio
1809 407 1988 478 sequi-
2021 410 2072 468 Α
2171 403 2325 474 Quod
2358 405 2402 460 si
2431 405 2610 460 nullus
2640 418 2860 471 eorum,
2904 403 2993 474 qui
3040 401 3321 469 coluntur,
3368 401 3632 459 formasse
3669 419 3700 457 a

397 507 516 556 tur:
550 500 673 570 quia
707 500 856 571 prius
885 509 990 567 est,
1019 501 1186 557 Deum
1217 502 1378 570 scire,
1403 516 1764 574 consequens,
1791 501 1992 558 colere.

397 589 472 645 Ita
500 590 784 647 induobus
804 591 1110 648 nominibus
1138 608 1241 648 una
1271 593 1352 649 vis
1379 602 1480 660 est,
1509 595 1756 665 quamvis
1779 593 1994 649 diversa

397 698 519 741 esse
544 684 814 740 videatur.
843 685 1089 742 Alterum
1121 686 1265 742 enim
1298 688 1532 757 positum
1581 695 1666 742 cst
1707 688 1760 742 in
1808 702 1994 751 sensu,

397 779 626 834 alterum
654 777 707 833 in
737 787 882 834 actu.
910 779 1017 836 Sed
1045 787 1226 836 tamen
1253 779 1453 836 similia
1481 789 1607 836 sunt
1627 779 1840 836 duobus
1866 780 1996 834 rivis

395 889 457 929 ex
493 888 602 930 uno
632 873 780 929 fonte
812 874 1178 931 manantibus.
1234 874 1379 931 Fons
1409 883 1590 960 autem
1632 874 1912 945 sapientiae
1941 883 1995 930 et

395 967 697 1040 religionis,
730 968 872 1024 Deus
901 981 1020 1024 eSt:
1065 984 1094 1022 a
1135 984 1240 1040 quo
1282 969 1335 1024 hi
1359 969 1469 1026 duo
1493 969 1592 1024 rivi
1633 969 1677 1024 si
1709 970 1993 1025 aberrare-

393 1060 524 1126 rint,
561 1069 812 1118 arescant
843 1075 1064 1118 necesse
1092 1072 1210 1128 est;
1257 1078 1416 1134 quem
1462 1063 1554 1134 qui
1586 1062 1854 1128 nesciunt,
1895 1076 1992 1118 nec

392 1153 665 1225 sapientes
691 1169 813 1211 esse
838 1165 1083 1225 possunt,
1117 1170 1217 1211 nec
1245 1155 1502 1227 religiosi.

463 1247 553 1302 Sic
582 1245 661 1313 fit,
693 1257 750 1301 ut
784 1247 1119 1319 philosophi,
1163 1259 1217 1303 et
1259 1249 1349 1319 qtti
1379 1248 1510 1304 deos
1543 1247 1750 1316 colunt,
1783 1248 1990 1304 similes

390 1335 500 1392 sint
526 1347 618 1393 aut
642 1337 766 1394 filiis
792 1338 1075 1406 abdicatis,
1104 1350 1197 1395 aut
1232 1341 1406 1396 servis
1436 1340 1674 1410 fugitivis
1700 1357 1716 1406 ;
1741 1341 1863 1411 quia
1894 1355 1988 1395 nc-

389 1443 499 1500 que
528 1429 600 1484 illi
631 1439 835 1501 patrem
861 1439 1134 1501 qnzrrunt,
1164 1448 1339 1502 neque
1371 1431 1424 1486 hi
1455 1431 1733 1487 dominum
1763 1450 1776 1485 :
1821 1444 1876 1488 et
1916 1434 1988 1489 si-

387 1529 480 1577 cut
506 1521 736 1578 abdicati
777 1523 1147 1579 ltmreditatem
1176 1525 1343 1594 patris
1377 1541 1481 1579 non
1514 1535 1895 1596 assequuntur,
1935 1536 1989 1581 et

383 1614 601 1685 fugitivi
631 1615 1043 1686 impunitatem:
1070 1616 1144 1671 ita
1173 1632 1346 1687 neque
1377 1616 1680 1687 philosophi
1709 1617 1988 1671 immorta—

382 1705 588 1762 litatem
615 1707 898 1776 accipient,
923 1723 1042 1778 quae
1085 1717 1170 1762 est
1214 1707 1364 1778 regni
1391 1708 1628 1764 caelestis
1674 1707 1984 1775 btcreditas,

378 1795 433 1852 id
459 1807 546 1853 est
589 1813 860 1854 summum
887 1799 1110 1866 bonum,
1141 1800 1282 1870 quod
1315 1800 1390 1855 illi
1436 1802 1669 1854 maxime
1714 1809 1983 1868 quaerunt,
2018 1793 2064 1851 B

377 1906 556 1961 neque
581 1892 820 1948 cultores
841 1892 1064 1949 deorum
1089 1908 1300 1964 plenam
1329 1895 1670 1964 sempiternae
1699 1895 1889 1951 mortis
1909 1895 1987 1950 cf-

375 1981 604 2055 fugient,
636 2001 757 2056 qua:
789 1999 870 2040 ρει
897 1987 1292 2042 animadversio
1330 1987 1442 2042 veri
1469 1987 1675 2042 domini
1718 1987 1983 2043 adversus

375 2073 631 2146 fugitivos
659 2092 772 2133 suae
797 2077 1096 2149 majestatis
1124 2093 1188 2132 ac
1217 2079 1472 2135 numinis.
1501 2080 1668 2136 Deum
1699 2095 1828 2135 vero
1859 2095 1982 2136 esse

374 2178 607 2240 patrem,
671 2170 1034 2240 eamdemque
1082 2171 1380 2234 dominum,
1434 2172 1650 2241 utrique
1697 2173 1980 2240 ignorave-

373 2271 516 2328 runt,
545 2271 652 2317 tam
683 2263 920 2318 cultores
951 2261 1199 2330 deorum,
1233 2279 1393 2333 quam
1416 2263 1513 2333 ipsi
1545 2263 1822 2334 sapientia:
1855 2280 1982 2334 pro.

373 2353 616 2410 fessores
635 2372 648 2408 :
667 2355 790 2424 quia
820 2363 907 2408 aut
928 2353 1063 2409 nihil
1084 2355 1305 2409 omnino
1323 2354 1607 2410 colendum
1634 2364 1977 2424 putaverunt,

371 2457 465 2502 aut
493 2447 784 2519 religiones
811 2447 973 2504 falsas
1000 2448 1456 2520 approbaverunt,
1487 2456 1603 2516 aut,
1636 2448 1848 2505 etiamsi
1871 2449 1979 2504 vim

372 2549 809 2613 potestatemque
829 2542 1026 2598 summi
1053 2541 1144 2596 Dei
1174 2541 1578 2608 intellexerunt,
1614 2550 1672 2596 ut
1697 2541 1873 2608 Plato,
1889 2543 1979 2612 qui

370 2637 446 2691 ait
476 2652 641 2692 unum
673 2651 794 2693 esse
823 2635 1203 2693 fabricatorem
1230 2635 1413 2690 mundi
1438 2636 1632 2703 Deum,
1663 2643 1720 2692 et
1742 2635 1813 2691 Μ.
1843 2635 1978 2691 Tul-

371 2727 499 2796 lius,
531 2730 619 2800 qui
645 2728 839 2784 fatetur
877 2729 1150 2784 hominem
1202 2729 1458 2800 praeclara
1509 2728 1743 2799 quadam
1789 2728 1978 2784 condi-

371 2823 519 2879 tione
538 2838 569 2876 a
592 2838 805 2878 summo
837 2824 946 2878 Deo
973 2837 1092 2879 esse
1117 2832 1453 2894 generatum;
1475 2834 1652 2880 tamen
1671 2824 1719 2880 ei
1739 2823 1978 2880 debitum

370 2915 573 2971 cultum
597 2924 865 2987 tamquam
893 2931 1106 2972 summo
1137 2917 1270 2987 patri
1303 2933 1407 2972 non
1437 2916 1808 2985 reddiderunt,
1837 2918 1980 2988 quod

371 3018 490 3064 erat
518 3023 859 3080 consequens
885 3025 946 3064 ac
977 3010 1363 3066 necessarium.
1401 3009 1541 3064 Deos
1581 3018 1762 3064 autem
1807 3024 1982 3081 neque

373 3111 578 3170 patres,
612 3117 790 3173 neque
811 3101 1059 3156 dominos
1085 3116 1207 3157 esse
1239 3115 1416 3170 posse,
1471 3116 1576 3156 non
1608 3111 1810 3156 tantum
1842 3102 1982 3156 mul-

374 3196 648 3262 titudo,ut
667 3211 826 3266 supra
853 3196 1066 3251 ostendi
1093 3195 1227 3268 (scil.
1261 3213 1378 3266 cap.
1402 3194 1672 3266 prwced.),
1699 3196 1794 3252 sed
1818 3197 1981 3251 etiam
2009 3179 2054 3242 C-

375 3295 514 3349 ratio
545 3291 817 3348 deelarat:
847 3292 971 3363 quia
993 3307 1166 3361 neque
1185 3291 1365 3346 (ictum
1390 3304 1512 3344 esse
1533 3306 1561 3343 a
1585 3290 1688 3345 diis
1706 3290 1977 3346 hominem

378 3387 631 3454 traditur,
662 3401 837 3458 neque
865 3385 997 3441 deos
1025 3385 1172 3454 ipsos
1221 3382 1542 3438 antecedere
1567 3382 1830 3453 originem
1877 3381 1978 3437 ho-

381 3480 540 3534 minis
571 3479 875 3543 invenitur;
919 3476 1180 3547 siquidem
1228 3475 1395 3531 fnisse
1434 3476 1486 3530 in
1525 3485 1670 3530 terra
1711 3475 1978 3541 homines,

381 3583 666 3645 antequam
708 3572 1001 3637 Vulcanus,
1037 3579 1091 3626 et
1118 3569 1300 3635 Liber,
1329 3578 1383 3624 et
1411 3569 1634 3639 'Apollo,
1665 3577 1716 3624 et
1745 3569 1860 3638 ipse
1889 3569 1984 3625 Ju-

383 3672 519 3739 piter
548 3677 917 3732 nasccrentttr,
949 3673 1190 3735 apparet.
1225 3661 1330 3719 Sed
1373 3677 1548 3732 neque
1574 3660 1808 3717 Saturno
1837 3660 1986 3716 fictio

385 3763 656 3828 hominis,
713 3775 890 3833 neque
946 3757 1098 3814 Caelo
1150 3757 1285 3829 patri
1338 3755 1455 3827 ejus
1517 3756 1780 3826 assignari
1825 3755 1985 3812 solet.

2100 497 2361 568 principio
2405 507 2564 568 atque
2592 496 2886 554 instituisse
2925 495 3199 551 hominem
3231 494 3486 559 traditur;
3521 496 3700 552 nullus

2099 591 2262 663 igitur
2298 609 2368 649 ex
2406 593 2490 650 bis
2516 603 2668 664 pater
2697 594 2930 650 hominis
2960 593 3255 664 nuncupari
3285 600 3497 662 potest,
3529 591 3601 646 ita
3633 608 3702 648 ne

2099 686 2242 742 Deus
2270 687 2505 758 quidem.
2538 688 2682 760 Ergo
2710 687 2787 743 fas
2829 702 2934 743 non
2965 697 3048 742 est
3076 686 3324 742 venerari
3371 698 3465 740 eos
3505 700 3534 738 a
3579 685 3702 755 qui-

2099 777 2198 835 bus
2229 795 2337 835 non
2369 782 2442 835 sit
2471 780 2634 838 homo
2681 791 3005 852 generatus;
3047 780 3169 852 quia
3216 794 3390 849 neque
3443 793 3475 832 a
3520 778 3702 834 multis

2094 872 2340 940 generari
2370 881 2566 942 potest.
2600 872 2753 929 Unus
2795 872 2956 944 igitur
2983 887 3046 927 ac
3073 871 3222 927 solus
3245 871 3350 927 coli
3388 870 3568 938 debet,
3602 872 3696 941 qui

2093 960 2310 1029 Jovem,
2335 965 2425 1035 qui
2455 964 2766 1030 Saturnum,
2797 964 2888 1036 qui
2917 965 3130 1022 Caelum
3160 964 3357 1034 ipsum,
3391 973 3697 1035 terramque

2091 1055 2399 1109 antecessit.
2433 1055 2485 1110 Is
2511 1056 2653 1111 enim
2687 1072 2910 1113 necesse
2939 1067 3021 1114 est
3053 1057 3326 1112 hominem
3360 1055 3694 1127 ﬁgttraverit,

2092 1147 2180 1216 qui
2208 1156 2332 1202 ante
2361 1148 2632 1204 hominem
2660 1150 2855 1205 coelum
2904 1159 3212 1221 terramque
3259 1151 3503 1219 perfecit.
3536 1149 3696 1205 Solus

2091 1246 2244 1306 pater
2269 1240 2544 1296 vocandus
2574 1254 2675 1309 e5t,
2706 1242 2792 1312 qui
2827 1243 3057 1310 creavit;
3091 1243 3241 1298 solus
3273 1242 3524 1298 dominus
3555 1259 3692 1298 nuu-

2091 1332 2390 1402 cupandus,
2427 1335 2517 1405 qui
2549 1335 2715 1407 regit,
2747 1337 2835 1407 qni
2869 1336 3029 1392 habet
3075 1337 3199 1391 vitae
3227 1352 3289 1390 ac
3336 1338 3482 1392 necis
3511 1354 3694 1394 veram

2089 1430 2142 1477 ct
2171 1433 2482 1493 perpetuam
2515 1436 2872 1497 potestatem;
2907 1443 3066 1497 quem
3094 1428 3184 1499 qui
3230 1443 3336 1483 non
3376 1427 3597 1492 adorat,
3643 1439 3698 1484 ct

2090 1511 2350 1584 insipiens
2378 1531 2567 1573 servus
2593 1529 2696 1579 est,
2725 1519 2814 1588 qui
2858 1519 3134 1574 domimnn
3173 1536 3328 1575 suum
3378 1528 3468 1575 aut
3510 1521 3694 1592 fugiat,

2089 1617 2182 1663 aut
2212 1615 2436 1676 nesciat,
2461 1621 2517 1666 et
2539 1613 2734 1682 impius
2759 1613 2918 1679 Illius,
2944 1615 3032 1684 qui
3066 1630 3218 1668 suum
3250 1631 3431 1670 verum
3464 1603 3690 1684 patrem,

2089 1702 2176 1757 vel
2217 1702 2410 1769 oderit,
2444 1705 2524 1759 vel
2558 1707 2789 1776 ignoret.

2725 1839 2953 1897 CAPUT
2999 1841 3057 1894 ν.

2128 1947 2351 2005 Oracula
2381 1955 2744 2022 prophetarum
2773 1964 2891 2007 sunt
2918 1954 3271 2024 inspicienda;
3297 1965 3341 2010 et
3371 1955 3432 2010 de
3455 1966 3652 2028 tempa-

2327 2043 2464 2099 ribus
2493 2061 2689 2111 eorum,
2716 2055 2866 2114 atque
2888 2047 3120 2110 iudicum
3147 2057 3193 2101 et
3221 2063 3415 2118 regum.

2158 2178 2345 2247 Nunc,
2393 2182 2648 2252 quoniam
2691 2182 2850 2238 docui
2897 2184 3214 2254 sapientiam
3262 2196 3318 2240 et
3372 2186 3688 2256 religionem

2087 2284 2192 2326 non
2219 2287 2376 2340 posse
2403 2273 2604 2341 diduci,
2631 2285 2878 2344 superest
2899 2286 2954 2331 ut
2975 2278 3041 2333 de
3065 2278 3176 2348 ipsa
3206 2279 3472 2350 religione
3492 2297 3557 2336 ac
3601 2297 3692 2336 sa-

2086 2361 2286 2431 pientia
2317 2362 2669 2420 disseramus.
2702 2368 2889 2422 Sentio
2915 2368 3154 2438 quidem,
3179 2384 3341 2440 quam
3366 2371 3436 2426 sit
3461 2371 3695 2430 difficilis

2085 2451 2153 2508 de
2180 2454 2342 2511 rebus
2363 2455 2671 2512 caelestibus
2694 2457 2990 2529 disputatio
3016 2479 3029 2516 :
3056 2460 3152 2518 sed
3179 2469 3356 2518 tamen
3385 2464 3692 2521 audendum

2084 2557 2198 2613 est,
2233 2556 2291 2602 ut
2335 2548 2598 2603 illustrata
2632 2550 2831 2606 veritas
2876 2561 3082 2621 pateat,
3117 2553 3379 2624 multique
3409 2556 3480 2611 ab
3506 2572 3696 2614 errore

2084 2648 2244 2710 atque
2273 2639 2493 2695 interitu
2526 2641 2845 2707 liberentur,
2872 2644 2962 2714 qui
2989 2659 3106 2698 eam
3134 2644 3236 2700 sub
3263 2646 3529 2704 velamine
3553 2650 3694 2705 stul-

2085 2730 2218 2786 titize
2266 2731 2522 2788 latentem
2554 2745 2913 2804 aspernantur
2952 2751 3013 2791 ac
3056 2749 3337 2808 respuunt.
3392 2740 3498 2796 Sed
3546 2744 3694 2813 prius

2083 2839 2244 2895 quam
2274 2825 2524 2896 incipiam
2553 2825 2621 2882 de
2663 2827 2776 2882 Deo
2801 2839 2852 2883 et
2891 2831 3146 2899 operibus
3173 2832 3292 2902 ejus
3322 2834 3524 2901 dicere,
3559 2837 3694 2892 mihi

2085 2932 2254 2989 pauca
2283 2917 2352 2972 de
2380 2919 2660 2989 prophetis
2689 2930 2816 2975 ante
2848 2921 3073 2977 dicenda
3105 2932 3249 2992 sunt,
3277 2940 3504 2994 quorum
3540 2930 3695 2984 testi~

2086 3011 2285 3066 moniis
2309 3027 2450 3066 nunc
2484 3013 2557 3067 uti
2589 3028 2814 3069 necesse
2840 3023 2949 3083 est;
2985 3016 3128 3086 quod
3158 3017 3208 3070 in
3242 3017 3513 3087 prioribus
3542 3021 3696 3078 libris

2089 3119 2156 3160 ne
2193 3102 2457 3170 facerem,
2500 3107 2816 3176 temperavi.
2858 3107 2999 3162 Ante
3035 3110 3247 3175 omnia,
3281 3112 3371 3180 qui
3408 3115 3694 3170 veritatem

2089 3198 2268 3253 studet
2299 3197 2800 3269 comprehendere,
2845 3215 2953 3256 non
2982 3200 3145 3256 modo
3176 3203 3540 3276 intelligendis
3573 3222 3698 3276 pro-

2089 3291 2371 3362 phetarum
2429 3291 2650 3347 vocibus
2720 3293 2960 3348 animum
3016 3293 3180 3350 debet
3240 3296 3550 3367 intendere,
3600 3303 3696 3356 sed

2091 3387 2252 3441 etiam
2286 3395 2550 3454 tempora,
2584 3401 2682 3456 per
2709 3402 2828 3456 qua:
2859 3387 3087 3458 quisque
3116 3389 3331 3444 illorum
3360 3391 3541 3455 fuerit,
3575 3393 3698 3448 dili-

2089 3476 2408 3548 gentissime
2434 3476 2741 3547 inquirere;
2767 3485 2825 3530 ut
2843 3478 2978 3532 sciat
3005 3486 3061 3531 et
3086 3494 3206 3548 qua:
3227 3479 3402 3535 futura
3435 3484 3699 3552 praedixe-

2092 3570 2220 3633 rint,
2246 3577 2302 3623 et
2333 3577 2454 3636 post
2484 3581 2623 3637 quos
2649 3582 2821 3623 annos
2852 3567 3106 3637 praedicta
3132 3571 3401 3640 completa
3428 3575 3554 3631 sint.
3584 3575 3696 3632 Nec

2093 3661 2382 3717 difﬁcultas
2425 3663 2480 3716 in
2519 3663 2604 3718 his
2641 3662 2960 3733 colligendis
2991 3663 3131 3718 inest
3176 3664 3318 3731 ulla;
3357 3670 3536 3724 testati
3568 3683 3696 3728 sunt

2093 3757 2236 3812 enim
2259 3756 2358 3811 sub
2376 3771 2482 3826 quo
2495 3755 2719 3827 quisque
2736 3770 2862 3826 rege
2887 3755 3054 3810 divini
3079 3755 3310 3826 Spiritus
3323 3759 3481 3816 fuerit
3506 3777 3696 3832 passus

1684 3871 2048 3930 VABIORUM
2085 3870 2317 3930 NOTAE.

456 3994 702 4065 Quamvis
729 3993 1067 4065 diversadesse
1095 3989 1365 4065 uideatur.
1388 3989 1464 4045 Ita
1495 3990 1735 4065 potiores
1761 4003 1893 4065 mss.
1927 3996 1983 4065 et

385 4059 734 4141 quamplures
755 4065 901 4120 editi.
930 4063 1127 4132 Scripti
1166 4063 1497 4118 recentiores
1521 4077 1643 4117 cum
1675 4061 1710 4116 5
1749 4059 1980 4132 vulgatis

396 4142 909 4272 "(ﬂagitamus
938 4215 1026 4259 aut
1053 4204 1210 4260 servis
1251 4203 1501 4274 fugitivis.
1536 4203 1652 4260 Mos
1678 4213 1795 4259 erat
1822 4202 1977 4274 Grat—

386 4297 601 4346 corum,
635 4289 693 4334 ut
738 4278 894 4334 liberi
940 4275 1034 4347 qui
1076 4273 1336 4331 voluntati
1371 4285 1703 4347 paternteac
1735 4273 1977 4347 honestis

388 4344 634 4411 moribus
661 4350 920 4407 tenaciter
943 4344 1330 4419 repugnarent,
1369 4344 1398 4400 a
1422 4345 1742 4419 parentibus
1762 4344 1973 4400 abdica-

2094 3987 2350 4044 hominem
2373 3986 2642 4056 praeclara.
2681 3983 2875 4042 Cicero
2904 3985 2970 4041 dc
3007 3985 3238 4110 Legibus
3268 3987 3360 4043 lib.
3396 4005 3408 4043 I
3435 4032 3449 4054 ,
3479 4006 3597 4062 cap.
3639 3995 3692 4048 7.

2094 4059 2298 4110 Animal
2322 4058 2417 4110 hoc
2448 4057 2734 4110 providum.
2779 4073 2962 4110 saaax.
2990 4074 3074 4110 mu
3103 4057 3278 4110 tinlex.
3329 4072 3553 4110 acutum-
3584 4082 3692 4110 me-

2090 4059 2298 4114 Animal
2322 4058 2417 4112 hoc
2447 4057 2734 4128 providum,
2779 4073 2962 4129 sagax,
2990 4057 3278 4126 multiplex,
3329 4057 3560 4126 acutum,
3584 4082 3693 4118 me-

2089 4147 2221 4197 mor,
2257 4131 2464 4201 plenunt
2493 4129 2710 4201 rationis
2743 4137 2790 4182 et
2824 4129 3052 4201 consilii,
3086 4144 3234 4197 quem
3257 4144 3495 4186 vocamus
3522 4135 3694 4190 Itami-

2088 4218 2222 4268 nem,
2258 4199 2511 4270 prazclara
2546 4200 2772 4267 quadam
2809 4199 3104 4254 conditione
3124 4213 3419 4270 generatum
3450 4213 3524 4258 est
3547 4222 3578 4258 a
3606 4223 3694 4260 su-

2087 4268 2266 4343 premo
2293 4270 2423 4326 Deo.
2450 4268 2623 4343 Capta

2163 4344 2264 4411 Qui
2291 4342 2501 4396 creavit.
2533 4341 2589 4396 Id
2611 4350 2716 4405 est,
2741 4340 2946 4410 genuit,
2974 4342 3275 4410 generavit,
3305 4355 3360 4395 ut
3388 4342 3524 4399 infra
3554 4361 3602 4401 c.
3633 4349 3688 4403 8.

387 4434 602 4504 rentur:
653 4422 874 4504 probata
915 4411 1332 4504 apudijut‘liccm
1388 4411 1975 4504 abdicationis-causa:
2005 4442 2058 4504 Ι)
2084 4413 2176 4472 Sic
2219 4412 2501 4477 Phaedrus,
2543 4412 2638 4467 lib.
2682 4427 2720 4476 I,
2770 4411 2878 4465 fab.
2923 4413 2977 4478 6,
3012 4411 3128 4475 lin.,
3161 4412 3446 4504 εἰῇ-εἶτατὰ
3487 4416 3690 4474 liberos.

388 4497 548 4568 Apud
577 4485 964 4568 ιιυὶήιιῃ-ιιηιλεί
974 4485 1367 4568 Quintilianum
1393 4487 1456 4568 in
1491 4485 1979 4568 Declamationibus

389 4557 643 4640 leguntur
667 4561 1025 4640 abdicationis
1045 4576 1243 4616 eausze.
1287 4557 1580 4640 Abdicatus
1615 4567 1799 4640 autem;
1824 4571 1978 4610 care-

390 4630 486 4695 ba't
505 4637 778 4708 alimentis
799 4643 854 4689 et
882 4631 1153 4708 omniope
1168 4647 1196 4684 a
1217 4639 1366 4708 patre
1388 4631 1440 4708 in
1455 4630 1668 4708 vita,_et
1685 4635 1808 4698 post
1831 4643 1979 4708 mor-

391 4719 502 4767 tem
535 4705 881 4763 successione
925 4705 978 4758 in
1031 4700 1226 4758 bonis.
1259 4701 1334 4755 De
1381 4700 1722 4755 abdicatione
1776 4700 1981 4754 mentio

390 4781 538 4852 apud
573 4778 917 4852 Aristotelem
940 4776 993 4828 in
1024 4773 1130 4829 line
1156 4772 1328 4828 octavi
1362 4771 1602 4852 Ethicor.
1654 4771 1851 4852 Senec.
1886 4769 1979 4823 lib.

389 4841 813 4909 ttiControvers.
830 4847 926 4902 Hic
946 4861 1062 4899 mos
1085 4859 1190 4899 non
1211 4852 1295 4899 est
1309 4841 1603 4909 permissus
1622 4841 1688 4896 ad
1711 4841 1985 4896 Romanos

392 4923 652 4984 transire,
676 4929 738 4975 ut
766 4921 818 4974 in
849 4919 954 4988 leg.
999 4915 1287 4988 Abdicatio
1310 4911 1776 4988 Codadepatern.
1805 4920 1986 4988 potes-

393 5003 532 5058 tate,
571 4982 733 5062 qu‘am
781 4982 1022 5062 declarat
1065 4995 1120 5062 e_t
1163 4982 1681 5062 restituit_Alc_iatus
1723 4982 1983 5046 secundo,

392 5053 779 5134 disp'un'ctione
798 5076 928 5134 cap.
958 5058 1048 5114 28.
1081 5058 1267 5134 Isatzus.
1309 5053 1775 5134 —-__Fugnitivorum
1801 5067 1986 5108 servo-

393 5125 520 5194 rum
551 5149 707 5205 paena
737 5131 841 5205 I‘uit
874 5125 1047 5205 pugna
1097 5143 1219 5183 cum
1248 5126 1456 5205 beStiis.
1497 5126 1674 5205 gujus
1701 5125 1988 5205 reiexem-

397 5195 1012 5280 plumiestAAndrodus
1049 5213 1236 5280 servus
1275 5196 1434 5280 .apud
1491 5195 1720 5280 Gellium
1776 5195 1870 5276 lib.
1932 5208 1988 5280 vr,

395 5267 522 5348 cap.
557 5277 645 5331 14.
679 5273 1023 5348 Quamquam
1057 5269 1405 5348 stigmatibus
1428 5276 1640 5322 notatos
1689 5267 1916 5337 legimus
1960 5278 1988 5317 a

397 5340 637 5407 dominis
657 5340 752 5401 eos
779 5340 1334 5412 elementiore’poena.
1368 5340 1690 5412 BETAULEIUS.

478 5417 760 5488 Accipient.
792 5414 882 5488 Sic
901 5413 1114 5483 reposui
1139 5405 1205 5488 es
1230 5409 1577 5488 cunctis_fere
1603 5423 1732 5488 mss.
1767 5417 1822 5488 et
1858 5405 1989 5488 edit.

398 5477 691 5548 Cellarfct
727 5487 779 5540 in
809 5477 980 5541 altero
1027 5484 1269 5539 membro
1314 5482 1575 5552 sequitur,
1625 5478 1885 5551 c/fugient.
1938 5477 1993 5531 In

399 5563 439 5620 4
474 5561 607 5632 Ιξες.
636 5555 1282 5632 ειιυηηρεξαςςᾷρῑιιῃςρ
1487 5623 1499 5632 _
1639 5622 1652 5632 _
1716 5620 1774 5632 ,ω
1913 5617 1963 5632 ,.

485 5617 733 5686 Platon”
766 5639 812 5683 et
848 5617 924 5682 Μ.
958 5617 1180 5680 Tullius.
1215 5624 1313 5680 Ille
1344 5620 1882 5694 prmcipueini'l‘imq
1913 5617 1998 5674 hic

401 5719 544 5760 vero
573 5703 624 5756 in
655 5719 669 5756 I
699 5701 766 5756 de
805 5697 992 5769 Legib.
1027 5695 1165 5769 Vide
1206 5705 1261 5751 et
1289 5693 1576 5769 Eusebium
1605 5693 1674 5749 de
1702 5693 1994 5769 Praeparat.

403 5772 670 5846 Evangel.
701 5772 795 5828 lib.
826 5765 1030 5838 tt,'cap.
1069 5767 1150 5824 IS.
1183 5797 1256 5808 —
1301 5765 1380 5822 Μ.
1424 5765 1648 5836 Tullius,
1692 5765 1779 5834 qui
1807 5765 1996 5835 fatetur

910 5863 1182 5926 Punon.
1231 5859 1337 5920 VI.

3194 4483 3326 4539 Btuv.

2161 4555 2365 4628 Fictum
2395 4568 2589 4628 essea
2626 4552 2725 4606 diis
2775 4552 3049 4628 hominem.
3090 4552 3216 4608 Mss.
3266 4556 3296 4608 7
3329 4571 3440 4611 rec.
3483 4559 3546 4612 ab
3588 4561 3694 4628 iis;

2082 4625 2401 4698 Regio-Put.
2430 4633 2485 4680 et
2513 4623 2547 4678 8
2577 4624 2822 4694 impressi
2849 4623 2912 4677 ab
2933 4624 3031 4678 his.

2160 4719 2261 4788 Qui
2291 4718 2438 4772 habet
2459 4717 2583 4792 pila:
2610 4733 2671 4770 ac
2710 4715 2873 4780 necis,
2919 4726 3023 4772 etc.
3058 4716 3262 4792 Alludit
3312 4719 3376 4774 ad
3416 4722 3692 4792 antiquam

2085 4787 2425 4847 dominorum
2459 4787 2512 4843 in
2540 4801 2726 4859 servos
2744 4796 3087 4856 potestatem,
3121 4789 3314 4859 quibus
3359 4792 3480 4847 vitm
3523 4787 3696 4848 necis-

2087 4877 2191 4930 que
2222 4858 2583 4931 potestasfuit
2626 4877 2638 4911 :
2671 4874 2792 4928 qua:
2821 4869 3000 4928 postea
3031 4859 3165 4929 Imp.
3213 4862 3468 4917 Antonini
3496 4865 3692 4919 consli-

2091 4930 2296 4988 tutione
2327 4930 2594 5001 prohibita
2628 4931 2754 4994 fuit,
2788 4946 2866 5003 ne
2881 4931 2998 4984 sine
3035 4946 3193 4984 causa
3242 4931 3450 5002 legibus
3476 4937 3688 5003 cognita

2087 5004 2142 5060 in
2172 5000 2358 5059 servos
2387 5015 2516 5057 suos
2543 5015 2704 5071 supra
2746 5000 2962 5056 modum
2994 5000 3374 5066 saevirent;‘nt
3402 5015 3482 5057 ρει
3513 5000 3565 5057 in
3597 5005 3654 5058 In
3674 5035 3688 5046 -

2088 5076 2200 5130 stit.
2231 5075 2298 5129 de
2323 5073 2405 5128 his
2431 5073 2520 5143 qui
2549 5083 2675 5127 sunt
2699 5073 2779 5127 sui
2799 5073 2882 5128 vel
2905 5072 3064 5143 alieni
3085 5073 3243 5140 juris.
3275 5073 3365 5127 lib.
3397 5090 3434 5128 ι.
3462 5074 3596 5128 Cod.
3622 5076 3690 5130 de

2091 5144 2305 5202 emend.
2336 5142 2481 5199 serv.
2505 5145 2576 5199 At
2603 5143 2743 5199 Deus
2765 5159 2868 5197 non
2900 5142 3058 5196 modo
3081 5143 3228 5197 necis
3256 5153 3570 5211 potestatem
3597 5145 3690 5201 ba-

2092 5219 2214 5282 bet,
2255 5215 2350 5271 sed
2379 5214 2542 5270 etiam
2585 5224 2704 5283 post
2748 5229 2934 5269 necem
2957 5254 2971 5275 ,
3007 5221 3062 5266 ut
3091 5223 3174 5267 est
3198 5213 3335 5280 apud
3368 5212 3563 5269 Lucam
3603 5232 3693 5271 ca-

2093 5289 2200 5360 pite
2225 5303 2322 5353 xu,
2350 5285 2671 5356 conjiciendi
2707 5285 2757 5339 in
2788 5285 3111 5354 gehennam.
3144 5283 3471 5339 Βετυιειυε.

2168 5379 2374 5433 Diduci.
2407 5377 2482 5432 Ita
2514 5387 2698 5432 noster
2725 5376 2791 5430 de
2820 5373 2984 5444 Opif.,
3015 5390 3065 5429 c.
3099 5373 3132 5428 9
3158 5391 3170 5426 :
3202 5373 3374 5441 Quum
3398 5379 3530 5432 acies
3561 5384 3696 5437 oculi

2095 5452 2353 5516 utriusque
2376 5448 2663 5504 diducitur.
2694 5448 2896 5503 Seneca
2916 5459 3012 5516 ep.
3041 5445 3142 5500 H3
3166 5462 3187 5516 εί
3212 5447 3453 5516 Separati
3476 5467 3584 5506 esse
3603 5454 3694 5507 (le-

2097 5523 2230 5576 bent.
2262 5514 2348 5574 Ita
2392 5521 2521 5575 alter
2550 5519 2612 5572 ab
2654 5517 2814 5572 altera
2843 5514 2986 5570 debet
3026 5533 3133 5572 esse
3159 5514 3412 5586 diductus
3437 5563 3452 5586 ,
3496 5533 3550 5574 ut
3597 5524 3702 5578 duo

2097 5594 2218 5648 sint.
2245 5592 2388 5647 Idem
2419 5592 2488 5647 de
2513 5589 2634 5662 Vita
2667 5588 2828 5662 Beata
2847 5628 2861 5650 ,
2896 5602 3017 5660 cap.
3053 5588 3086 5644 6
3115 5605 3127 5641 :
3164 5585 3368 5662 Negant
3395 5585 3699 5661 veluptatcm

2098 5680 2130 5719 a
2158 5665 2342 5719 virtute
2371 5678 2519 5734 posse
2546 5659 2746 5716 diduci.
2779 5659 2914 5715 BUN.

2175 5758 2283 5815 Sub
2315 5757 2566 5814 velamine
2597 5754 2848 5812 stultitim.
2869 5753 3056 5827 lsteus,
3091 5752 3183 5808 sub
3214 5757 3459 5825 velamine
3475 5750 3718 5822 justitia',

3136 5840 3216 5902 15
