4154 6196
419 253 527 311 465

1487 236 1671 298 FIRM.
1714 236 2076 297 LACTANTII
2117 235 2322 296 DlVlN.
2364 231 2606 294 lNSTlT.

3617 226 3724 286 464

416 378 599 426 autem
649 365 987 440 jucundabar
1025 369 1152 420 ante
1193 359 1383 418 faciem
1405 358 1523 432 ejus
1544 401 1560 427 ,
1593 373 1715 415 cum
1743 358 2018 413 laetaretur

2192 378 2336 433 Δίτία
2357 374 2411 432 δέ
2431 373 2617 430 τούτου
2639 379 2729 428 τοῦ
2750 373 2913 429 αἰτίου
2933 374 2963 432 ἡ
2983 377 3071 427 τοῦ
3088 371 3221 428 θείου
3244 369 3435 446 ἀγαθοῦ
3457 366 3725 441 βούλησις,

414 466 549 522 orbe
576 464 832 536 perfecto.
876 479 896 514 ι
924 460 1097 518 Idirco
1139 465 1316 513 autem
1361 455 1743 524 Trismegistus
1771 451 2017 528 δημιουρ-

413 558 502 633 γὸν
527 562 617 613 τοῦ
646 562 773 613 Θεοῦ
794 553 948 620 dixit,
969 560 1025 608 et
1043 550 1246 622 Sibylla
1281 547 1573 622 σύμϐουλον
1605 545 1860 616 appellat,
1875 541 2018 614 quod

412 657 564 704 tanta
620 645 882 717 sapientia
925 653 980 700 et
1005 645 1202 700 virtute
1226 643 1297 697 sit
1333 643 1625 697 instructus
1647 655 1676 694 a
1708 639 1817 695 Deo
1838 639 2016 702 Patre.

412 749 478 798 ut
522 749 579 797 et
616 739 843 796 consilio
873 737 1020 810 ejus,
1063 745 1116 794 et
1157 735 1404 792 manibus
1431 742 1676 792 uteretur
1705 733 1757 787 in
1790 731 2020 789 fabrica-

414 833 564 892 tione
586 832 795 890 mundi.

1023 918 1251 976 CAPUT
1289 917 1404 974 Vll.

525 1016 604 1072 De
631 1015 833 1072 nomine
860 1013 1031 1082 Filii;
1063 1023 1213 1084 atque
1242 1011 1378 1066 unde
1404 1009 1557 1068 Iesus
1584 1019 1632 1067 et
1660 1010 1892 1067 Christus

1069 1104 1378 1175 appellatur.

490 1221 748 1278 Fortasse
786 1228 994 1293 quaerat
1034 1218 1230 1290 aliquis
1282 1217 1388 1274 hoc
1435 1216 1586 1285 loco,
1615 1216 1750 1288 quis:
1793 1216 1864 1271 sit
1921 1215 2023 1272 iste

415 1326 524 1374 tam
558 1325 752 1388 potens
770 1358 784 1379 ,
811 1323 920 1369 tam
949 1315 1060 1368 Deo
1085 1326 1244 1367 carus
1269 1351 1285 1378 ,
1308 1320 1362 1366 et
1391 1311 1539 1381 quod
1567 1325 1764 1366 nomen
1797 1309 2017 1378 habeat,

414 1411 569 1481 cujus
590 1409 763 1479 prima
782 1405 1034 1462 nativitas
1057 1419 1160 1460 non
1179 1401 1341 1459 modo
1362 1405 1710 1458 antecesserit
1735 1401 2018 1469 mundum,

413 1517 605 1559 verum
638 1501 799 1556 etiam
831 1495 1112 1569 prudentia
1141 1495 1473 1568 disposuerit
1499 1537 1512 1560 ,
1544 1495 1740 1549 virtute
1771 1501 2023 1549 constru—

412 1597 577 1653 xerit.
597 1595 838 1649 Primum
857 1592 998 1648 scire
1027 1605 1128 1646 nos
1153 1589 1428 1654 convenit,
1453 1603 1651 1644 nomen
1679 1589 1798 1658 ejus
1821 1602 1890 1643 ne
1915 1589 2025 1642 An-

415 1689 554 1761 gelis
582 1687 797 1758 quidem
827 1692 1012 1740 notum
1043 1698 1165 1739 esse
1185 1728 1199 1749 ,
1235 1682 1324 1752 qui
1357 1691 1636 1736 morantur
1656 1680 1707 1735 in
1735 1682 1896 1745 coelo,
1923 1679 2020 1735 sed

2121 471 2151 530 ἣ
2198 471 2304 525 θεὸν
2345 472 2667 545 προήνεγκεν,
2697 463 2757 520 οὗ
2783 467 2842 522 τὸ
2868 461 3026 536 ὄνομα
3070 466 3125 519 αὖ
3175 461 3386 520 δύναται
3435 462 3727 535 ἀνθρωπίνῳ

2121 563 2343 635 στόματι
2365 561 2652 621 λαληθῆναι.

2194 656 2262 710 Ει
2295 654 2454 724 paulo
2477 660 2600 723 post
2626 650 2693 707 ad
2724 651 2892 707 lilium
2920 667 2935 706 :

2192 747 2339 805 ’Ἐστι
2353 770 2454 812 τις,
2475 743 2722 813 ὧτὲκνον,
2748 745 3037 820 ἀπόῥρητος
3060 744 3204 819 λόγος
3230 742 3425 816 σοφίας,
3455 737 3594 801 ὅσιος
3613 741 3733 815 περὶ

2121 848 2216 898 τοῦ
2242 842 2398 914 μόνου
2431 842 2613 916 κυρίου
2641 839 2862 903 πάντων,
2913 839 2994 892 καὶ
3036 835 3462 912 προεννοουμένου
3493 838 3643 898 Θεοῦ,
3677 828 3731 885 ὃν

2124 939 2286 993 εἰπεῖν
2311 936 2446 1010 ὑπὲρ
2474 931 2738 1010 ἄνθρωπόν
2763 932 2892 987 ἐστι.
2925 929 3034 986 Sed
3068 928 3320 1000 quamvis
3351 941 3547 982 nomen
3574 925 3690 996 ejus
3714 966 3727 990 ,

2123 1027 2270 1099 quod
2316 1026 2368 1082 ei
2412 1041 2442 1079 a
2476 1023 2740 1095 principio
2767 1031 2919 1093 pater
2946 1035 3193 1077 summus
3233 1019 3518 1090 imposuit,
3550 1017 3727 1072 nullus

2124 1119 2264 1175 alius
2284 1127 2483 1189 praeter
2510 1116 2685 1186 ipsum
2715 1115 2889 1183 sciat,
2922 1113 3086 1169 habet
3115 1121 3294 1168 tamen
3318 1121 3372 1166 et
3393 1110 3532 1165 inter
3553 1110 3732 1180 Ange-

2125 1210 2208 1266 los
2250 1207 2396 1265 aliud
2442 1205 2764 1263 vocabulum
2789 1250 2803 1273 ,
2835 1214 2892 1262 et
2921 1205 3062 1261 inter
3094 1202 3343 1259 homines
3382 1199 3547 1254 aliud.
3575 1198 3736 1254 Jesus

2124 1303 2322 1376 quippe
2349 1301 2490 1357 inter
2515 1300 2764 1358 homines
2791 1298 3106 1354 nominatur
3131 1315 3145 1350 :
3179 1311 3306 1351 nam
3347 1293 3596 1350 Christus
3624 1307 3731 1347 non

2124 1395 2400 1466 proprium
2445 1408 2638 1448 nomen
2688 1401 2812 1460 est,
2861 1389 2957 1446 scd
2991 1389 3320 1458 nuncupatio
3363 1385 3649 1458 potestatis
3675 1393 3732 1440 et

2124 1490 2308 1561 regni;
2360 1490 2438 1544 sic
2487 1489 2630 1545 enim
2676 1485 2846 1542 Judaei
2889 1499 3046 1555 reges
3067 1497 3194 1539 suos
3219 1481 3583 1552 appellabant.
3627 1478 3735 1536 Sed

2125 1580 2441 1652 exponenda
2490 1579 2648 1650 hujus
2692 1577 2926 1634 nominis
2954 1576 3090 1631 ratio
3119 1583 3203 1631 est
3226 1583 3446 1645 prepter
3475 1575 3730 1643 ignoran-

2130 1673 2261 1728 tium
2311 1688 2590 1738 errorem,
2635 1670 2726 1741 qui
2757 1685 2879 1725 eum
2922 1668 3202 1724 immutata
3229 1667 3406 1722 littera
3445 1665 3732 1721 Chrestum

415 1752 520 1854 ipsi
577 1752 679 1836 soli
704 1822 720 1847 ,
775 1793 839 1833 ac
883 1779 991 1832 Deo
1045 1777 1221 1840 Patri;
1254 1791 1352 1830 nec
1391 1785 1518 1830 ante
1545 1775 1597 1830 id
1626 1774 2017 1846 publicabitur,
2049 1752 2098 1811 Β
2128 1767 2304 1823 solent
2328 1763 2678 1821 dicere.Erat
2701 1762 2903 1819 Judzeis
2928 1771 3053 1816 ante
3069 1769 3421 1831 praeceptum,
3448 1767 3504 1814 ut
3521 1775 3732 1815 sacrmn

413 1883 478 1929 ut
506 1883 590 1929 est
629 1871 832 1927 sanctis
859 1868 1058 1925 litteris
1090 1868 1376 1934 traditum,
1419 1882 1578 1938 quam
1618 1866 1899 1937 dispositio
1925 1865 2020 1922 Dei

413 1964 578 2021 fuerit
627 1961 864 2032 impleta.
923 1960 1128 2016 Deinde
1162 1975 1264 2015 nec
1305 1958 1574 2014 enuntiari
1603 1973 1762 2029 posse
1787 1958 2022 2014 hominis

415 2070 552 2122 ore;
577 2055 716 2112 sicut
741 2053 968 2110 Hermes
996 2051 1188 2120 docet,
1216 2051 1330 2106 haec
1357 2048 1542 2105 dicens
1575 2065 1588 2103 :

2129 1864 2464 1920 conﬁcerent
2514 1868 2878 1933 unguentum,
2929 1873 3036 1929 quo
3063 1855 3286 1927 perungi
3317 1863 3538 1924 possent
3563 1852 3620 1919 ii,
3645 1852 3735 1922 qui

2129 1956 2462 2013 vocabantur
2491 1953 2560 2010 ad
2585 1952 2978 2015 sacerdotium,
3009 1950 3097 2006 vel
3127 1949 3194 2002 ad
3222 1961 3465 2018 regnum.
3509 1943 3574 1999 Et
3596 1945 3737 1999 sicut

2129 2063 2273 2104 nunc
2310 2046 2572 2103 Romanis
2598 2043 2972 2102 indumentum
3011 2055 3264 2114 purpura:
3291 2037 3499 2109 insigne
3531 2045 3614 2092 est
3644 2051 3702 2091 re

1774 2183 2140 2242 VARIORUM
2178 2183 2408 2241 ΝΟΤιΕ.

491 2304 805 2383 Δημιουρχον
825 2308 919 2359 τοῦ
932 2304 1084 2383 βιοῦ.
1115 2301 1322 2383 Latine,
1357 2299 1609 2382 Opiﬁcem
1632 2299 1756 2383 pei.
1776 2299 2019 2383 ’l‘risme—

418 2372 591 2452 gistus
630 2372 696 2431 in'
725 2372 1014 2452 Pimandro
1061 2387 1108 2427 c.
1145 2374 1193 2452 l.
1228 2373 1559 2452 Demiurgon'
1593 2373 1754 2452 etiam
1773 2373 2019 2452 .lrenteus

418 2441 543 2508 loco
560 2449 670 2520 jam
693 2447 1073 2520 citatovocat,
1116 2451 1170 2497 et
1194 2443 1317 2520 alibi
1347 2457 1492 2512 saepe
1517 2441 2016 2520 Yalentinianorum

420 2513 706 2578 animalem
732 2516 1068 2586 demiurgum
1094 2513 1375 2569 conlutans
1396 2554 1411 2580 ,
1441 2523 1494 2568 ct
1522 2514 1812 2583 Apostolus
1833 2529 1956 2586 cap.
1982 2531 2018 2570 ll

420 2593 491 2648 ad
522 2589 685 2644 Hebr.
718 2589 1048 2642 Bnrunsws.

496 2661 798 2733 Σύμϐουλον.
828 2657 1017 2733 Latine
1035 2697 1050 2722 ,
1077 2655 1490 2720 Consiliatorem,
1519 2671 1586 2733 e_x
1613 2671 1741 2710 mss.
1782 2657 1812 2733 1
1841 2654 2022 2733 (3911),,

423 2735 454 2789 1
499 2726 673 2801 Li'ps.,
705 2731 873 2785 Brun.
901 2728 1015 2796 Qua
1073 2742 1204 2783 voce
1251 2742 1386 2782 usus
1424 2736 1506 2782 est
1552 2726 1859 2782 Lactantius
1890 2726 2024 2782 infra

421 2803 518 2860 lib.
546 2817 626 2868 ιν,
657 2816 776 2871 cap.
810 2801 900 2855 11.

499 2872 651 2942 Quod
699 2869 841 2926 tanta
893 2869 1144 2942 sapientia
1190 2878 1236 2923 et
1291 2870 1472 2922 virtute
1511 2869 1576 2922 sit
1619 2871 1916 2942 instructus.
1945 2869 2025 2924 Ita

420 2939 644 3028 reposui
680 2939 1054 3028 ex‘omnib‘us‘
1081 2955 1210 2994 mss.
1247 2950 1600 3028 praeterquam
1644 2939 1750 2995 ini
1786 2940 2024 2997 Colbert.

423 3011 512 3074 cui
553 3023 636 3071 est
659 3022 812 3084 quot;
841 3021 1113 3084 corrupte,
1148 3026 1250 3084 pro
1269 3011 1423 3084 quod.

503 3080 748 3140 Fortasse
778 3094 970 3154 quaerat
1001 3083 1206 3154 aliquis.
1230 3080 1446 3145 eam...
1473 3080 1654 3154 .lunt.,
1673 3081 1792 3136 Ald.
1816 3124 1830 3149 ,
1854 3082 2027 3144 Crat.,

428 3157 654 3228 Gymn.,
681 3156 738 3210 in
765 3152 942 3228 futuro
967 3193 982 3220 ,
1029 3153 1245 3228 fortasse
1283 3162 1471 3228 qureret
1501 3152 1684 3228 aliquis
1706 3194 1720 3217 ,
1749 3164 1801 3207 et
1844 3155 2033 3228 probat

428 3223 801 3289 Heumannus,
830 3225 954 3295 quia
974 3234 1029 3278 et
1053 3223 1182 3276 alibi
1206 3224 1278 3276 ita
1308 3224 1573 3292 loquatur.
1598 3224 1760 3278 Recte
1781 3223 2025 3292 quidem;

429 3297 528 3354 sed
585 3297 813 3352 alterum
834 3336 850 3362 ,
894 3299 1111 3365 fortasse
1145 3302 1560 3365 qitwrattmque
1590 3303 1824 3365 rectum,
1860 3307 1912 3349 et
1945 3295 2033 3351 hic

429 3369 620 3424 nititur
643 3363 960 3423 auctoritate
984 3379 1115 3418 mss.
1144 3365 1287 3434 Lips.
1317 3405 1330 3428 ,
1362 3363 1548 3428 60th.,
1576 3364 1807 3436 Gryph.,
1839 3366 2029 3433 'l‘orn.,

429 3439 644 3506 Betul.,
677 3437 934 3492 Thomas.
967 3447 1020 3491 et
1048 3436 1397 3504 reliquorum.
1435 3436 1584 3506 Lact.
1613 3435 1648 3488 l.
1683 3453 1720 3502 ι,
1763 3453 1812 3491 c.
1846 3438 1878 3492 ’5
1906 3446 1962 3492 et
1992 3438 2029 3491 Ι.

433 3525 517 3578 ιν,
557 3524 607 3564 c.
634 3505 724 3564 ⁷26
753 3525 766 3559 :
797 3506 949 3560 Dicat
992 3509 1205 3578 fortasse
1245 3507 1450 3578 aliquis.
1479 3505 1610 3560 Ibid.
1638 3506 1708 3562 29
1743 3525 1754 3560 :
1791 3507 2034 3563 Fortasse

433 3576 630 3651 quaerat
659 3579 866 3650 aliquis.
898 3579 971 3632 De
993 3576 1078 3651 ira
1109 3593 1156 3651 c.
1194 3578 1260 3632 15
1293 3596 1304 3631 :
1342 3576 1442 3651 Hic
1469 3580 1684 3651 fortasse
1710 3591 1906 3649 quwrat
1936 3581 2036 3634 ali-

433 3647 566 3723 quis.
602 3647 764 3706 Plura
788 3661 916 3704 noto
941 3649 1008 3703 ad
1031 3648 1266 3723 hlpitom.
1291 3664 1340 3702 c.
1370 3647 1477 3703 29(
1495 3648 1624 3723 Bon.

506 3720 702 3776 Virtute
748 3717 1103 3776 construxerit.
1148 3719 1222 3773 lta
1274 3733 1401 3774 mss.
1457 3728 1513 3773 et
1536 3719 1685 3773 editi.
1734 3717 2030 3785 Francius,

434 3793 579 3850 forte
605 3794 784 3846 uirtus.

513 3863 659 3917 Scire
682 3879 776 3916 nos
801 3861 1050 3924 convenit,
1083 3875 1266 3931 nomen
1291 3861 1401 3930 ejus
1415 3875 1478 3912 ne
1500 3859 1705 3931 Angelis
1725 3861 1925 3930 quidem
1950 3879 2036 3916 no-

438 3941 547 3988 tum
580 3948 702 3987 esse.
747 3932 877 3999 Quae
904 3931 1064 3985 lectio
1095 3929 1353 3997 majorem
1386 3929 1756 3985 auctoritatem
1789 3933 1944 3986 habet
1967 3948 2031 3987 ex

437 4017 573 4060 mss.
628 4003 697 4058 10
723 4003 853 4072 Reg.
886 4015 1114 4072 quorum
1158 4001 1264 4072 duo
1304 4011 1428 4072 sunt
1459 4003 1729 4056 veterrimi
1751 4043 1765 4067 ,
1795 4002 1828 4056 6
1875 4004 2028 4057 Culb.

438 4088 645 4143 sexque
700 4070 827 4128 aliis
866 4081 920 4126 et
964 4070 1113 4143 edit:
1147 4071 1337 4143 ‘2_vct.
1371 4071 1526 4143 Rom.
1557 4082 1633 4143 et,
1666 4073 1838 4127 Betul.
1894 4073 1949 4127 In
2000 4075 2036 4128 2

437 4141 574 4216 Reg:
609 4159 704 4216 pro
729 4161 790 4198 ne
835 4151 917 4199 est
958 4159 1064 4216 nec.
1095 4142 1151 4197 ln
1173 4141 1546 4216 Cauc.,}uni,
1580 4142 1750 4216 Lips..
1784 4144 1894 4197 Pal.
1926 4155 1978 4199 et
1999 4145 2036 4200 4

441 4212 818 4286 θᾶίῑ.,ἠεᾳυε;
860 4216 912 4268 in
950 4213 985 4267 4
1027 4213 1240 4268 excusis
1289 4212 1435 4280 Ald.,
1483 4213 1652 4269 Paris.
1688 4215 1845 4279 1525,
1885 4217 2031 4270 Crat.

441 4285 643 4358 Graph.
669 4285 799 4358 scire
819 4301 1001 4340 nomen
1027 4285 1136 4354 ejus
1161 4301 1262 4338 non
1290 4287 1520 4339 convenit
1545 4285 1851 4352 hominibus,
1880 4303 2038 4356 neque

440 4356 651 4428 Angelis
675 4357 878 4428 quidem
900 4364 1073 4428 notum
1100 4365 1192 4409 est.

575 4411 836 4498 eiAnqelis
862 4427 1081 4496 quidem.
1115 4428 1279 4492 Quia,
1305 4435 1362 4480 ut
1387 4427 1461 4481 ait
1492 4427 1686 4482 Paulus
1707 4427 1772 4482 ad
1801 4428 2031 4498 Philipp.
2061 4411 2116 4471 D

444 4513 564 4570 cap.
617 4500 675 4566 2,
721 4499 860 4570 dedit
899 4499 975 4552 illi
1001 4514 1181 4570 nomen
1211 4499 1345 4568 quod
1370 4508 1620 4570 estrsuper
1655 4515 1803 4553 omne
1828 4517 2031 4554 nomen.

514 4567 678 4628 ᾉὶτία.
723 4569 910 4623 Latine
941 4586 953 4621 :
986 4567 1152 4622 Causa
1178 4579 1344 4622 autent
1373 4569 1526 4637 hujus
1565 4586 1735 4624 causa:
1774 4580 1844 4625 est
1882 4572 2040 4624 divini

443 4642 564 4696 boni
607 4639 863 4712 uoluntas,
909 4655 1037 4712 qua;
1067 4639 1229 4712 Deum
1270 4640 1502 4708 protulit,
1534 4643 1681 4712 cujus
1720 4658 1900 4696 nomen
1939 4659 2038 4696 non

445 4721 609 4782 potest
629 4711 852 4764 humano
879 4725 964 4782 ore
989 4709 1108 4762 dici.

518 4785 668 4840 Θείου
693 4784 900 4847 ἀγαθοῦ.
922 4780 979 4833 In
1003 4779 1184 4847 paucis
1209 4779 1498 4834 admodum
1517 4789 1666 4838 Θεοῦ.
1690 4781 1792 4838 Ed.
1808 4781 2035 4838 Tornes.

444 4854 500 4910 in
521 4868 697 4924 marg.
727 4853 940 4924 Dei,_ex
958 4865 1071 4924 _ms.

518 4920 690 4992 ’Ἐστῇ
717 4933 822 4978 etc.
858 4921 1043 4976 Latine
1076 4937 1089 4972 :
1122 4920 1212 4994 Est
1233 4962 1246 4986 ,
1276 4938 1305 4976 ο
1328 4921 1425 4994 ﬁli,
1457 4932 1676 4994 secretus
1703 4925 1909 4994 quidam
1936 4944 2042 4981 ser-

445 5011 530 5050 mo
557 4995 842 5064 sapientiae,
872 5001 1076 5046 sanctus
1105 4993 1241 5046 circa
1268 4993 1435 5047 solum
1464 4993 1740 5049 Dominum
1768 4999 1994 5050 onmium
2024 5039 2038 5063 ,

443 5075 498 5140 et
541 5066 748 5120 Domini
803 5073 1136 5140 ante_mente
1174 5065 1493 5134 percipientis
1522 5064 1542 5138 (
1571 5069 1804 5138 percepti
1835 5067 1853 5138 )
1894 5085 2042 5140 quem

443 5137 613 5192 dicere
638 5154 796 5208 supra
817 5136 1069 5190 hominem
1097 5145 1190 5190 est.

511 5214 688 5293 'Oa'tog
710 5219 852 5293 fregi.
893 5221 985 5270 τοῦ
1033 5214 1184 5293 μόνον
1215 5219 1390 5293 impiae
1429 5217 1648 5293 πάντῳν.
1685 5217 1810 5273 llaec
1842 5219 2002 5293 verba
2024 5261 2039 5285 ,

441 5301 564 5357 qua:
591 5289 644 5343 in
674 5286 936 5356 aliquibus
963 5286 1176 5356 scriptis
1203 5286 1398 5342 deSunt
1421 5329 1435 5351 ,
1480 5290 1723 5343 reStituta
1754 5298 1878 5345 sunt
1903 5289 2040 5344 Lac-

441 5359 646 5423 tantio,
677 5359 758 5412 vel
787 5359 961 5427 potius
989 5358 1224 5412 Ilcrmeti
1245 5399 1259 5423 ,
1292 5373 1358 5413 ex
1400 5373 1530 5413 mss.
1568 5358 1798 5423 Bonon.,
1835 5360 1998 5415 Cane.
2023 5403 2038 5427 ,

440 5427 652 5497 Regiis,
708 5427 866 5490 Tax..
913 5428 1033 5481 Em.
1055 5469 1069 5493 ,
1119 5427 1274 5483 Cant.
1298 5471 1313 5492 ,
1362 5429 1526 5484 Brun.
1553 5470 1570 5496 ,
1597 5429 1632 5482 2
1658 5429 1892 5485 Colbert.
1925 5431 1975 5485 In
2011 5434 2036 5487 1

439 5496 575 5566 Reg.
600 5539 615 5563 ,
648 5498 672 5550 1
708 5497 938 5550 Sorbon.
979 5509 1034 5552 et
1082 5500 1134 5552 in
1160 5499 1478 5569 quihusdam
1507 5501 1665 5555 editis
1705 5500 2043 5558 desideratur

439 5570 522 5623 καὶ
542 5569 964 5645 προεννοουμένου
994 5574 1143 5623 Θεοῦ.

513 5661 767 5736 Osoinlta
799 5659 1004 5736 restitui
1035 5675 1102 5715 ex
1133 5661 1533 5736 antiquissimis
1569 5679 1703 5736 rnss.
1734 5664 1768 5717 ‘2
1794 5664 1999 5720 Bonan.
2020 5709 2036 5736 ,

439 5730 628 5804 Cauc.,
656 5734 682 5788 1
715 5731 846 5804 Reg.
869 5729 974 5788 900
996 5745 1186 5788 annor.
1221 5731 1337 5786 aliis
1360 5732 1486 5788 item
1506 5733 1542 5786 2
1569 5734 1766 5806 Regiis,
1793 5737 1825 5790 2
1855 5729 2035 5808 Coll»,

2124 2301 2161 2355 2
2218 2302 2382 2357 Brun.
2413 2343 2427 2367 ,
2457 2301 2586 2358 edit.
2618 2299 2777 2356 Rom.
2811 2298 2986 2365 M70,
3012 2307 3174 2370 atque
3197 2296 3358 2354 etiam
3396 2297 3518 2352 anni
3552 2296 3689 2352 H97
3715 2340 3730 2364 ,

2126 2382 2183 2428 et
2212 2373 2383 2427 Isiana
2415 2373 2601 2428 Romae
2630 2371 2789 2427 1650.
2821 2370 2928 2427 Sed
2955 2371 3009 2426 in
3036 2385 3168 2426 mss.
3198 2370 3234 2424 2
3259 2378 3314 2425 et
3345 2370 3376 2422 7
3405 2370 3617 2424 excusis
3647 2381 3730 2425 est

2127 2451 2322 2515 κυρίου.
2356 2445 2411 2498 ln
2442 2443 2709 2513 plerisque
2741 2457 2870 2497 mss.
2902 2441 3055 2499 deest
3086 2451 3397 2511 utrumque.

2200 2515 2373 2570 Jesus.
2405 2515 2594 2570 Latine
2621 2522 2866 2570 servator.

2204 2585 2492 2642 Chrestum.
2527 2585 2815 2642 Suetonius
2854 2583 3020 2640 refert
3046 2626 3059 2648 ,
3088 2583 3367 2648 impulsore
3405 2581 3613 2637 Chresto
3641 2582 3736 2638 Ju-

2133 2655 2281 2712 dzeos
2304 2657 2519 2712 assidue
2537 2656 2701 2712 fuisse
2723 2656 3072 2711 tumultuatos
3097 2670 3112 2707 :
3137 2654 3203 2708 de
3216 2654 3434 2709 Christo
3452 2654 3590 2722 ipso,
3612 2654 3735 2710 licet

2137 2727 2274 2783 falso
2286 2737 2340 2784 et
2353 2729 2536 2798 impie.
2559 2727 2854 2798 intellexit;
2877 2725 3247 2798 veteresienim
3264 2726 3498 2796 gentiles
3516 2727 3735 2798 verine-

2137 2800 2297 2854 minis
2317 2795 2674 2869 ignoratione,
2689 2796 2974 2853 Chrestum
2991 2807 3052 2869 et
3067 2795 3440 2869 Chrestianos,
3458 2811 3563 2869 non
3586 2795 3664 2869 Ch
3673 2798 3737 2852 ri-

2136 2880 2277 2925 stum
2297 2867 2706 2926 etChristianos
2725 2869 2932 2923 dixere.
2947 2868 3005 2924 1d
3023 2883 3110 2922 me
3131 2877 3185 2923 et
3212 2867 3296 2922 hic
3310 2867 3626 2921 Tertulliani
3656 2869 3733 2920 lo.

2136 2955 2231 2996 cus
2247 2942 2297 2996 in
2311 2941 2538 3012 Apolog.
2555 2941 2757 2997 docuit.
2775 2939 2835 2993 Si
2853 2941 3071 2994 nominis
3090 2938 3306 3012 (inquit)
3321 2939 3496 3012 odium
3513 2949 3606 3003 est,
3623 2940 3735 3007 quis

2055 3018 2100 3081 C
2138 3014 2358 3083 nominis
2386 3011 2593 3067 reatus?
2611 3027 2726 3083 qua:
2754 3013 3011 3065 accusatio
3033 3011 3428 3083 vocabulorum?
3453 3012 3549 3064 nisi
3576 3013 3619 3062 si
3644 3021 3733 3063 aut

2135 3082 2424 3136 Barbarum
2447 3095 2592 3138 sonat
2620 3082 2791 3152 aliqua
2813 3098 2909 3136 vox
2935 3082 3175 3149 nominis,
3202 3091 3292 3135 aut
3317 3083 3618 3152 infaustum,
3645 3093 3734 3135 aut

2137 3155 2466 3218 maledicum,
2485 3164 2572 3209 aut
2598 3151 2931 3223 impudicum.
2951 3153 3056 3210 Sed
3074 3163 3252 3224 etcum
3270 3169 3537 3224 perperam
3557 3151 3734 3206 Chres-

2136 3226 2302 3280 tianos
2342 3227 2372 3297 ,(
2401 3226 2480 3297 sic
2507 3241 2575 3280 ex
2605 3225 2954 3297 sequentibus
2995 3223 3339 3297 scribendum
3375 3223 3638 3297 arbitror,
3677 3232 3734 3278 ut

2135 3305 2190 3350 et
2215 3293 2629 3377 apud'l‘acitum
2657 3296 2763 3377 lib.
2785 3293 3297 3377 “plpl-enuntiatur
3334 3295 3534 3377 apobis
3561 3294 3732 3377 (“nam

2136 3383 2228 3422 nec
2253 3365 2490 3422 nominis
2517 3378 2654 3421 certa
2691 3376 2764 3421 est
2785 3365 2965 3421 notitia
2994 3383 3146 3438 penes
3169 3382 3258 3420 vos
3284 3365 3325 3438 ),
3355 3365 3418 3420 tle
3445 3367 3695 3438 suavitate
3715 3408 3730 3432 ,

2135 3438 2212 3510 vel
2233 3438 2539 3510 benignitate
2565 3439 2898 3508 compositum
2923 3436 3038 3494 est:
3071 3436 3241 3492 oditur
3283 3436 3451 3510 itaque
3475 3437 3528 3490 in
3559 3437 3722 3510 hami-

2135 3509 2282 3563 nibus
2306 3507 2536 3564 innocuis
2557 3507 2706 3563 etiam
2748 3525 2933 3564 nomen
2969 3511 3264 3563 innocuum.
3298 3507 3566 3564 Hactenus
3596 3507 3732 3562 Ter-

2139 3579 2257 3634 tull.
2284 3582 2465 3646 verba,
2497 3595 2567 3637 ex
2591 3580 2786 3651 quibus
2812 3595 2943 3636 sane
2970 3579 3114 3649 quod
3146 3580 3399 3651 proposui
3427 3578 3732 3651 confectum

2137 3651 2558 3730 credo_§pﬁo~r3c
2585 3650 2804 3730 suavem
2822 3692 2837 3718 ,
2877 3651 3102 3730 facilem
3131 3661 3185 3706 et
3199 3650 3736 3730 Ab_i_:nig_num__signili-

2136 3731 2243 3777 cat.
2301 3721 2435 3779 Vide
2489 3724 2713 3780 Sueten.
2772 3724 2824 3777 in
2868 3723 3092 3779 Claudio
3117 3737 3169 3778 c.
3195 3722 3306 3791 25,
3337 3721 3731 3777 Tertullianum

2138 3793 2473 3865 Apologetic.
2501 3809 2618 3864 cap.
2653 3796 2708 3849 5.

2211 3865 2292 3937 Ad
2317 3862 2709 3937 sacerdotium,
2755 3865 2830 3918 vel
2869 3864 2938 3918 ad
2962 3881 3195 3937 regnum,
3217 3872 3324 3921 etc.
3347 3862 3650 3937 Utrumque
3682 3865 3734 3919 in

2137 3933 2353 3990 Christo
2385 3937 2559 3992 locum
2588 3936 2768 3999 habet,
2798 3937 2898 4007 qui
2913 3945 2968 3992 et
2996 3933 3090 3993 rex
3120 3945 3203 3991 est
3222 3977 3238 4002 ,
3271 3936 3426 4005 cujus
3452 3937 3599 4006 regni
3626 3951 3732 3991 non

2139 4007 2243 4061 erit
2284 4008 2442 4072 linis,
2490 4017 2547 4061 ut
2594 4006 2832 4078 Angelus
2879 4006 3104 4078 Beatiss.
3142 4007 3343 4078 Virgini
3389 4008 3656 4076 promisit,
3685 4017 3738 4063 et

2139 4078 2393 4132 sacerdos
2421 4079 2472 4132 in
2501 4077 2760 4133 aeternum
2783 4119 2799 4144 ,
2844 4077 3139 4134 secundum
3173 4077 3418 4133 ordinem
3457 4078 3739 4133 Melchise-

2139 4146 2266 4202 dek.
2301 4149 2455 4205 Unde
2481 4149 2671 4206 Petrus
2699 4149 3016 4220 Ecclesiam,
3043 4151 3094 4204 id
3125 4160 3227 4217 est,
3259 4164 3483 4220 regnum
3511 4147 3735 4216 Christi,

2139 4230 2287 4275 recte
2339 4221 2532 4292 regale
2566 4219 2924 4292 sacerdotium
2978 4219 3425 4292 appellavithe
3475 4221 3737 4292 unctione

2141 4292 2283 4359 regis
2314 4291 2429 4360 lege
2457 4291 2689 4362 primum
2713 4291 2978 4348 Samuelis
3005 4292 3200 4347 librum
3223 4333 3236 4357 ,
3290 4291 3362 4347 de
3408 4291 3738 4362 sacerdotali

2139 4375 2272 4417 vero
2301 4361 2613 4430 chrismate,
2637 4363 2814 4418 Levit.
2838 4377 2890 4418 c.
2922 4362 3058 4418 VIII.
3085 4363 3162 4419 De
3186 4362 3489 4418 sacerdotio
3514 4361 3740 4429 Christi,

2141 4430 2384 4504 adeoque
2429 4435 2595 4503 ipsius
2626 4433 2909 4496 unctione,
2941 4449 3100 4490 nemo
3127 4434 3338 4489 doctius
3386 4445 3476 4488 aut
3527 4435 3744 4503 plenius

2141 4503 2309 4575 quam
2329 4506 2524 4561 Paulus
2553 4506 2604 4559 in
2634 4506 2802 4575 Epist.
2827 4503 2894 4558 ad
2926 4505 3199 4562 Hebraeos.
3228 4505 3555 4560 BETULEIUS.

2223 4574 2312 4631 Vel
2364 4576 2432 4629 ad
2477 4574 2709 4648 regnum.
2755 4575 2870 4648 Mos
2908 4583 3089 4632 tamen
3118 4577 3221 4633 iste
3248 4576 3316 4632 ad
3363 4577 3498 4632 alias
3525 4591 3742 4648 quoque

2139 4657 2331 4718 gentes
2358 4656 2541 4718 postea
2569 4646 2882 4701 dimanavit.

2215 4717 2579 4771 Indumentum
2633 4733 2874 4790 purpurae
2919 4718 3133 4790 insigne~
3156 4728 3228 4774 est
3269 4719 3420 4790 regiae
3448 4719 3736 4790 dignitatis.

2144 4789 2526 4845 Ornamentum
2550 4799 2632 4843 est
2653 4789 2857 4859 regium
2879 4829 2894 4854 ,
2927 4788 3034 4843 hoe
3057 4788 3354 4846 rubicundo
3389 4788 3574 4847 colore
3603 4790 3741 4846 insi-

2141 4874 2313 4914 nuans
2341 4859 2615 4930 sanguinis
2641 4859 2949 4930 imperium,
2971 4869 3026 4915 et
3054 4863 3201 4915 necis
3232 4861 3527 4917 inferendae
3564 4876 3747 4930 potes-

2143 4940 2326 5005 tatem.
2387 4929 2521 5005 Quo‘
2550 4929 2893 5005 sensu;_l_orte
2947 4933 3131 4988 llorat.
3177 4933 3460 5005 Tyrannos
3505 4929 3748 5002 appellat

2141 5001 2467 5071 Purpureos,
2503 5002 2528 5056 1
2562 5000 2688 5068 Od.,
2712 5002 2802 5057 55.

2389 5092 2633 5158 Purpurei
2651 5101 2880 5158 metuunt
2903 5097 3111 5158 tyranni,

2390 5155 2631 5220 lnjurioso
2654 5169 2720 5206 ne
2744 5157 2871 5220 pede
2893 5155 3096 5220 proruas

2485 5218 2708 5269 Stantem
2733 5218 3021 5268 columnam.

2143 5302 2209 5356 Et
2233 5303 2304 5356 ob
2335 5301 2486 5375 lianc,
2510 5304 2846 5375 majestatem
2879 5305 3019 5361 Deus
3049 5305 3191 5361 haud
3233 5306 3394 5363 dubie
3439 5308 3742 5364 sacerdotis

2141 5383 2344 5448 vestem
2374 5373 2491 5429 ﬁeri
2510 5373 2669 5448 jussit
2695 5391 3017 5448 purpuream
3047 5377 3064 5448 (
3095 5377 3266 5434 Exod.
3297 5379 3366 5434 '59
3393 5380 3432 5448 ),
3465 5389 3520 5434 et
3549 5383 3742 5435 unicus

2142 5445 2328 5520 salutis
2350 5455 2549 5520 nostra
2576 5447 2904 5520 instaurator
2943 5445 3187 5503 Christus
3216 5465 3336 5503 cum
3382 5445 3406 5501 a
3444 5450 3741 5520 proﬂigatis

2141 5515 2399 5590 militibus
2445 5516 2559 5571 Rex
2611 5518 2966 5585 salutaretur,
3027 5536 3257 5590 purpura
3313 5515 3531 5575 indutus
3575 5515 3741 5577 fuisse

2142 5586 2356 5657 legitur.
2387 5589 2662 5644 SALIUTH.

2213 5661 2424 5720 Αὐτοὺς.
2459 5659 2622 5730 (Vide
2647 5659 2833 5732 infra.)
2863 5660 3055 5717 Latine
3081 5679 3094 5715 :

2237 5748 2334 5800 Eos
2349 5756 2512 5801 autem
2535 5750 2726 5801 famulas
2744 5751 2988 5816 laverunt,
3011 5761 3062 5804 et
3084 5763 3334 5805 unxerunt
3351 5752 3476 5805 oleo.
