4154 6196
440 374 552 432 465

1324 374 1527 431 LIBER
1566 375 1653 432 IV.
1699 377 1784 432 DE
1827 376 2007 433 VERA
2032 375 2390 433 SAPIENTIA
2439 376 2525 431 ET
2566 377 2791 437 RELIG.

3639 379 3746 439 466

440 491 542 564 giae
595 489 872 561 dignitatis
911 499 1202 563 assumpta:
1235 509 1249 548 :
1281 492 1363 548 sic
1394 492 1500 547 illis
1526 492 1707 547 unctio
1756 492 1893 547 sacri
1943 507 2043 546 un-
2071 495 2126 555 Α
2151 496 2270 549 novi
2301 506 2374 552 te.
2409 497 2478 552 Et
2502 498 2628 553 item
2659 498 2797 568 apud
2823 497 2998 568 ipsum
3032 514 3042 550 :
3073 497 3266 552 Beatus
3290 497 3378 568 qui
3407 496 3561 561 erat,
3592 503 3748 553 ante-

439 585 620 658 guenti
652 599 846 640 nomen
874 598 938 639 ac
967 591 1286 654 potestatem
1312 584 1512 654 regiam
1550 583 1882 639 conferebat.
1933 582 2042 639 Ve-

439 693 556 735 rum
583 719 599 744 ,
631 677 886 746 quoniam
909 676 1082 734 Graeci
1113 689 1324 734 veteres
1350 679 1592 756 χρίεσθαι
1621 677 1870 734 dicebant
1893 676 2039 748 ungi,

438 769 582 840 quod
610 783 753 824 nunc
782 771 1089 844 ἀλείφεσθαι,
1121 771 1259 827 sicut
1285 771 1484 827 indicat
1517 771 1832 828 Homericus
1854 785 2043 827 versus

442 860 532 917 ille
561 878 576 918 :

687 1005 826 1053 Δὺτοὺς
849 1001 892 1045 δὶ
912 1002 1030 1058 δμωαί
1051 1007 1203 1054 λοῦσαν,
1224 1009 1290 1047 καὶ
1309 1013 1442 1060 χρῖσαν
1468 1009 1597 1061 una»;

438 1120 507 1176 ob
534 1120 673 1175 hanc
699 1122 958 1176 rationem
1005 1135 1104 1178 nos
1147 1137 1268 1178 eum
1305 1123 1578 1179 Christum
1628 1139 2037 1194 nuneupamus,

439 1213 490 1269 id
522 1223 602 1268 est
628 1256 643 1280 ,
679 1223 895 1270 unctum
918 1256 934 1280 ,
966 1214 1059 1284 qui
1103 1215 1350 1271 hebraice
1382 1216 1606 1272 Messias
1635 1217 1851 1272 dicitur.
1886 1216 2040 1273 Unde

439 1306 493 1361 in
534 1306 854 1376 quibusdam
899 1308 1090 1378 graecis
1139 1310 1423 1380 scripturis
1447 1351 1462 1375 ,
1514 1323 1634 1380 quae
1672 1311 1809 1368 male
1836 1309 1904 1365 de
1937 1309 2041 1365 He-

442 1399 636 1456 braicis
658 1401 1021 1472 interpretata:
1051 1412 1193 1468 sunt,
1228 1404 1518 1478 ἡλειμμένος
1541 1403 1801 1474 scriptum
1833 1403 2041 1458 inveni-

442 1503 564 1560 tur,
589 1495 689 1549 ἀπὸ
709 1501 801 1550 τοῦ
833 1496 1141 1568 ἀλείφεσθαι.
1191 1495 1299 1551 Sed
1328 1506 1504 1551 tamen
1537 1495 1795 1551 utrolibet
1820 1496 2040 1550 nomine

435 1603 531 1643 rex
561 1588 896 1659 signiﬁcatur
926 1608 938 1642 :
972 1604 1077 1644 non
1100 1589 1242 1660 quod
1271 1590 1360 1644 ille
1383 1605 1604 1660 regnum
1635 1589 1739 1647 hoc
1761 1599 2036 1645 terrenum

435 1678 598 1737 fuerit
644 1682 873 1753 adeptus
895 1725 910 1748 ,
958 1682 1111 1752 cujus
1136 1683 1382 1753 capiendi
1414 1682 1652 1738 nondum
1686 1693 1897 1752 tempus
1931 1683 2033 1737 ad-

433 1775 613 1840 venit;
670 1775 766 1831 sed
816 1775 959 1845 quod
1011 1775 1234 1832 caeleste
1286 1790 1348 1831 ac
1373 1775 1760 1847 sempiternum
1785 1817 1798 1843 ,
1833 1776 1900 1831 de
1929 1791 2036 1847 quo

2147 602 2303 656 quam
2363 600 2702 655 nasceretur;
2755 589 2896 659 quod
2939 589 3071 644 nulli
3127 589 3219 644 alii
3247 587 3518 658 j'contigit,
3551 596 3748 658 praeter

2147 678 2440 734 Christum.
2460 680 2700 750 Quicum
2730 692 2873 738 esset
2893 696 2924 734 a
2958 681 3219 750 principio
3248 679 3417 736 Filius
3450 679 3566 748 Dei,
3591 695 3746 752 rege-

2145 783 2364 826 neratus
2413 781 2497 827 est
2540 774 2718 829 denuo
2760 773 3054 829 secundum
3100 787 3320 829 carnem
3353 789 3368 826 :
3401 786 3522 842 quae
3547 771 3748 843 duplex

2145 864 2392 918 nativitas
2413 863 2528 934 ejus
2557 880 2806 935 magnum
2837 865 3013 920 intulit
3042 864 3288 921 humanis
3316 863 3625 935 pectoribus
3653 877 3748 919 er-

2146 970 2320 1009 rorem
2344 997 2358 1019 ,
2392 956 2840 1026 circumfuditque
2869 956 3125 1012 tenebras
3147 957 3309 1012 etiam
3339 955 3405 1010 iis
3428 997 3444 1024 ,
3477 955 3569 1026 qui
3600 969 3750 1010 vera:

2144 1046 2442 1117 Religionis
2481 1057 2820 1102 sacramenta
2863 1047 3189 1102 retinebant.
3238 1045 3344 1102 Sed
3382 1061 3480 1101 nos
3504 1045 3557 1100 id
3588 1045 3747 1115 plane

2143 1137 2483 1208 dilucideqne
2533 1138 2987 1204 monstrabimus,
3040 1147 3098 1192 ut
3143 1149 3412 1194 amatores
3465 1136 3746 1206 sapientia

2143 1227 2350 1283 facilius
2380 1245 2442 1284 ac
2472 1230 2778 1300 diligentius
2811 1231 3161 1284 instruantur.
3186 1229 3288 1297 Qui
3336 1227 3486 1282 audit
3529 1227 3622 1281 Dei
3649 1225 3746 1282 Fi-

2145 1321 2271 1376 lium
2304 1321 2408 1375 dici
2434 1363 2449 1388 ,
2484 1335 2590 1376 non
2616 1320 2779 1376 debet
2800 1330 3005 1375 tantum
3035 1320 3185 1376 nefas
3211 1330 3392 1376 mente
3417 1319 3705 1388 concipere
3723 1362 3741 1387 ,

2141 1423 2200 1469 ut
2244 1414 2534 1480 existimet,
2590 1430 2652 1468 ex
2701 1413 2972 1469 connubio
3019 1429 3082 1468 ac
3125 1412 3477 1483 permistione
3505 1410 3744 1466 flemina

2141 1506 2369 1578 alicujus
2422 1507 2589 1563 Deum
2636 1521 2985 1578 procreasse,
3013 1506 3156 1576 quod
3190 1521 3295 1561 non
3327 1504 3455 1560 facit
3485 1505 3585 1559 nisi
3617 1505 3735 1560 ani—

2141 1602 2248 1656 mal
2297 1597 2615 1672 corporale,
2663 1603 2930 1672 mortique
2977 1600 3302 1671 subjectum.
3336 1601 3480 1655 Deus
3515 1606 3696 1653 autem
3720 1638 3739 1665 ,

2139 1701 2261 1742 cum
2311 1688 2460 1742 solus
2505 1688 2604 1753 sit,
2647 1688 2732 1742 cui
2784 1687 3111 1758 permiscere
3150 1699 3209 1739 se
3250 1684 3590 1755 potuit?aut
3615 1697 3741 1739 cum

2140 1788 2285 1834 esset
2308 1787 2467 1833 tanta:
2498 1779 2777 1849 potestatis
2797 1820 2814 1843 ,
2845 1786 2904 1832 ut
2931 1775 3186 1848 quidquid
3217 1777 3416 1841 vellet,
3460 1774 3744 1842 efﬁceret,

432 1867 763 1925 disseremus
791 1869 844 1925 in
867 1870 1056 1925 ultimo
1084 1870 1242 1927 libro.
1276 1870 1429 1926 Nunc
1459 1884 1587 1926 vero
1615 1870 1685 1926 de
1712 1871 1882 1941 prima
1917 1869 2034 1942 ejus
2064 1883 2113 1944 Β
2141 1872 2323 1942 utique
2341 1872 2407 1924 ad
2434 1871 2726 1926 creandum
2759 1871 3017 1925 societate
3038 1870 3259 1924 alterius
3286 1883 3393 1924 non
3424 1867 3698 1939 indigebat
3723 1885 3740 1923 :

432 1960 713 2017 nativitate
733 1960 998 2018 dicamus.

1033 2099 1260 2157 CAPUT
1299 2099 1432 2158 VIII.

430 2210 508 2268 De
556 2221 674 2268 ortu
723 2214 851 2270 Jesu
889 2214 944 2268 in
972 2213 1157 2285 spiritu
1186 2213 1311 2267 etin
1337 2227 1529 2280 carne;
1579 2212 1642 2267 de
1685 2211 1945 2284 spiritibus
1986 2217 2033 2266 et

860 2307 1160 2363 testimoniis
1190 2305 1590 2377 Prophetarum.

500 2419 558 2474 In
585 2418 775 2489 primis
803 2419 945 2476 enim
978 2418 1350 2486 testiﬁcamur,
1379 2419 1529 2474 illum
1559 2420 1643 2475 bis
1667 2435 1786 2477 esse
1811 2431 2030 2488 natum;

429 2510 662 2581 primum
689 2511 745 2566 in
775 2511 996 2582 spiritu,
1026 2519 1215 2582 postea
1244 2512 1298 2567 in
1331 2527 1515 2568 carne.
1548 2512 1704 2569 Unde
1731 2514 1874 2586 apud
1907 2515 2035 2572 Hie-

433 2606 658 2662 remiam
686 2604 759 2662 ita
788 2605 984 2662 dicitur
1009 2622 1022 2659 :
1048 2606 1365 2678 Priusquam
1395 2613 1446 2663 te
1469 2605 1756 2662 formarem
1779 2608 1830 2662 in
1861 2617 2035 2676 utero,

2139 1963 2242 2018 nisi
2284 1963 2420 2018 forte
2459 1963 2884 2018 existimabimus
2908 2006 2922 2028 ,
2959 1962 3124 2017 Deum
3145 2003 3160 2027 ,
3194 1961 3333 2016 sicut
3365 1959 3614 2031 Orpheus
3642 1975 3741 2031 pu-

2137 2055 2302 2120 tavit,
2326 2063 2380 2110 et
2407 2071 2610 2111 marem
2647 2071 2769 2112 esse
2795 2064 2850 2110 et
2879 2054 3153 2110 heminam
3181 2097 3195 2121 ,
3225 2053 3370 2124 quod
3395 2053 3552 2108 aliter
3574 2067 3742 2124 gene~

2135 2163 2257 2204 rare
2285 2149 2620 2219 nequiverit,
2650 2149 2750 2204 nisi
2796 2146 3017 2204 haberet
3057 2147 3168 2202 vim
3218 2161 3380 2203 sexus
3424 2145 3736 2218 utriusque;

2132 2243 2289 2314 quasi
2335 2253 2424 2298 aut
2483 2244 2597 2314 ipse
2646 2257 2827 2298 secum
2883 2242 3104 2307 coierit,
3153 2251 3245 2298 aut
3287 2241 3405 2297 sine
3447 2240 3592 2297 coitu
3621 2255 3734 2296 non

2140 2334 2372 2406 potuerit
2399 2349 2704 2405 procreare.

2213 2428 2318 2484 Sed
2359 2437 2414 2484 et
2444 2429 2669 2484 Hermes
2701 2429 2751 2483 in
2781 2427 2968 2484 eadem
3000 2426 3099 2482 fuit
3125 2424 3382 2497 opinione
3408 2468 3424 2494 ,
3475 2440 3598 2482 cum
3652 2424 3741 2481 di-

2138 2521 2214 2576 cit
2241 2523 2588 2599 αὐτοπὰτορα,
2640 2525 2728 2578 καὶ
2774 2526 3113 2598 αὐτομήτορα.
3158 2521 3313 2588 Quod
3349 2521 3394 2576 si
3423 2521 3496 2576 ita
3553 2529 3736 2587 esset,

2141 2620 2252 2668 uta
2284 2613 2567 2684 Prophetis
2598 2625 2750 2685 pater
2779 2614 2996 2683 dicitur,
3027 2613 3107 2670 sic
3129 2611 3292 2669 etiam
3318 2619 3492 2669 mater
3514 2609 3732 2668 dicere-

1730 2764 2096 2824 VARIORUM
2137 2765 2365 2825 ΝΟΤᾸΕ.

497 2877 864 2949 Interpretatte
894 2884 1032 2932 sunt.
1083 2875 1175 2933 Sic
1199 2875 1480 2932 emendavi
1511 2891 1576 2930 ex
1601 2890 1738 2949 mss.
1765 2886 1828 2949 et
1859 2877 2023 2946 pluri-

431 2950 528 3005 bus
557 2947 734 3006 editis.
766 2948 892 3014 Alii,
917 2950 1250 3017 interpretata
1281 2958 1429 3014 sunt,
1454 2947 1730 3003 mendose.
1763 2947 2025 3004 Francius

429 3021 711 3092 legendum
743 3036 864 3076 esse
890 3022 1146 3092 censebat
1176 3020 1494 3092 interpretati
1512 3031 1648 3073 sunt.
1684 3020 2024 3092 Atinterpref

424 3089 544 3147 (alte
562 3102 680 3146 sunt
705 3092 933 3163 genuina
956 3089 1219 3145 Lactantii
1246 3090 1404 3145 lectio
1426 3100 1546 3163 cst_,
1573 3105 1602 3143 a
1629 3106 1734 3160 quo
1762 3089 1849 3163 hic
1877 3091 2018 3163 istud

2130 2879 2307 2935 locum
2355 2881 2754 2951 deprompserit
2779 2886 2987 2944 auctor,
3022 2878 3152 2932 mihi
3186 2893 3290 2933 non
3319 2886 3554 2951 constat.
3589 2877 3732 2936 For-

2128 2959 2274 3006 tasse
2325 2949 2684 3006 alicunde'ex
2736 2951 2998 3006 Versione
3050 2965 3180 3014 cxx,
3234 2964 3330 3005 seu
3376 2949 3565 3020 quavis
3603 2951 3729 3006 alia.

2125 3021 2539 3090 Nonnumquam
2575 3022 2673 3078 SS.
2706 3022 2890 3076 Patres
2929 3020 3044 3074 loca
3076 3032 3347 3090 tamquam
3378 3037 3408 3074 e
3435 3021 3733 3091 Scripturis

2129 3094 2294 3159 petita
2339 3094 2614 3163 allegant,
2646 3109 2767 3163 quae
2813 3102 2992 3163 tamen
3049 3091 3242 3163 frustra
3275 3092 3341 3163 in
3372 3091 3476 3163 illis
3496 3107 3729 3162 quaeras.

422 3165 651 3220 verbum
700 3153 912 3232 passive
957 3170 1244 3232 usurpatur
1268 3202 1282 3228 ,
1330 3169 1390 3214 ut
1425 3178 1453 3214 .a
1493 3153 1753 3215 Cicerone
1781 3161 1874 3214 lib.
1910 3177 1923 3214 l
1953 3161 2020 3217 de
2049 3153 2093 3216 C
2126 3153 2566 3219 ὒΑιιλευε.-ἶ-Ει
2587 3153 2908 3218 suntforsan
2929 3161 3230 3231 deperdita.
3252 3161 3378 3216 Fuit
3400 3153 3530 3227 hoc,
3547 3171 3735 3220 utnon

427 3231 779 3299 Divinat.,’n.
809 3235 900 3296 55.
935 3234 1000 3288 ab
1027 3231 1356 3303 Hieronymo
1389 3242 1440 3286 et
1468 3233 1765 3301 Augustino
1796 3233 2016 3301 passim,

423 3307 516 3360 sed
541 3316 596 3361 et
619 3321 649 3358 a
683 3305 848 3360 Paulo
871 3301 1284 3359 Jurisconsnlto.
1321 3301 1385 3355 In
1415 3305 1720 3357 testamentis
1744 3344 1757 3366 ,
1807 3304 1976 3373 inquit
2003 3345 2018 3369 ,

421 3377 705 3431 voluntates
749 3377 1038 3430 testantium
1078 3375 1492 3441 interpretantur,
1567 3383 1668 3428 etc.
1705 3373 1772 3428 Et
1802 3374 2018 3443 quidem

419 3447 630 3504 Gellius
663 3447 754 3501 lib.
790 3463 878 3513 xv,
912 3461 1030 3516 cap.
1059 3446 1150 3509 1'5,
1182 3445 1309 3499 illud
1342 3447 1561 3500 verbum
1586 3445 1712 3500 dicit
1736 3458 1855 3498 esse
1873 3459 2020 3499 com-

417 3535 585 3574 mune
607 3561 623 3582 ,
657 3520 934 3588 utriusque
961 3517 1168 3571 scilicet
1209 3517 1356 3570 vocis
1377 3518 1654 3588 activzeﬁet
1683 3515 1922 3588 passivae.
1946 3545 2021 3588 έ

413 3589 782 3660 Interpretatte
825 3586 969 3660 sunt.
1011 3587 1229 3660 Passivo
1267 3601 1450 3660 sensu,
1478 3586 1868 3660 utTertullian.
1893 3586 2017 3660 adv.

414 3657 680 3730 Hermog.
711 3677 760 3713 c.
788 3660 855 3715 19
889 3677 902 3713 :
939 3658 1091 3730 Quod
1114 3659 1164 3710 in
1188 3658 1451 3730 materiam
1477 3657 1801 3726 interpretari
1839 3659 2015 3730 possit.

414 3733 496 3788 De
519 3727 684 3786 carne
705 3730 832 3786 Chr.
863 3747 912 3786 c.
943 3735 976 3784 8
1008 3745 1022 3782 :
1053 3727 1304 3798 Capitulis
1326 3729 1669 3795 interpretatis
1698 3745 1711 3794 ;
1757 3729 1790 3780 Ι.
1833 3743 1864 3780 v
1889 3727 2014 3782 adv.

411 3804 748 3860 Marcionem
783 3819 798 3854 ε
832 3801 1124 3855 Invenimus
1165 3801 1564 3866 interpretatum.
1618 3799 1731 3853 lmo
1777 3799 1889 3863 ipse
1927 3800 2018 3853 Ci—

410 3889 550 3930 cero
573 3873 634 3928 ι.
666 3889 702 3928 ιι
733 3872 800 3928 de
828 3872 1010 3943 Legib.
1042 3887 1091 3925 c.
1124 3870 1212 3925 η.
1262 3870 1368 3943 Nos
1426 3885 1591 3943 prope
1614 3869 1751 3943 idem
1779 3868 2021 3943 Caecum

410 3949 810 4014 interpretatum
835 3939 1016 3998 nomen
1045 3954 1287 3996 tenemus.
1318 3941 1378 3994 L.
1406 3957 1420 3994 ι
1453 3942 1623 3995 Divin.
1660 3956 1710 4014 c.
1737 3941 1814 4014 52?.
1837 3939 2020 4014 :_l_llale

411 4011 654 4086 conjecta
703 4017 932 4085 maleque
977 4014 1303 4086 interpretata
1328 4012 1828 4086 fulsaAsu_nt.r_Conf.
1860 4011 2017 4086 Voss.

413 4090 454 4143 l.
491 4081 569 4150 3;
627 4081 856 4156 AnalogJ
905 4100 954 4140 c.
1004 4081 1335 4156 6;Gronov.
1357 4083 1429 4156 ad
1453 4083 1591 4138 Gell.
1623 4083 1828 4156 lilnxv,
1853 4081 2019 4156 c._M,

414 4175 548 4230 pag.
579 4157 703 4213 683.
738 4154 933 4211 Duker.
959 4158 1027 4230 de
1056 4156 1228 4209 Latin.
1258 4154 1383 4230 Vel.
1415 4154 1508 4208 lct.
1540 4171 1590 4224 p.
1643 4155 1747 4230 .354
1776 4169 1857 4223 sq.
1883 4154 2014 4207 BDN.

491 4225 807 4301 ἧλειμμένος.
857 4229 1042 4301 l.ati_ne
1067 4267 1082 4293 ,
1108 4226 1611 4301 ungeiulo__c_uratus.
1643 4225 1769 4301 Haec
1794 4236 2022 4294 quatuor

415 4297 624 4367 verba,
650 4316 768 4370 qua:
798 4307 921 4352 sunt
948 4297 1121 4352 Graeci
1143 4297 1384 4350 vocabuli
1409 4297 1798 4370 interpretatio,
1830 4309 2016 4370 exora

416 4371 547 4427 libri
581 4365 632 4424 in
664 4365 864 4425 textum
894 4372 1130 4433 intrusa,
1157 4383 1277 4424 cum
1312 4384 1416 4421 non
1459 4369 1797 4436 reperiantur
1829 4366 1928 4419 nisi
1967 4365 2020 4436 in

417 4445 452 4497 Δ
485 4441 875 4498 recentissimis
903 4454 1034 4495 mss.
1068 4448 1121 4494 et
1150 4437 1392 4509 pluribus
1419 4435 1597 4505 editis,
1623 4453 1653 4492 e
1672 4446 1819 4492 textu
1847 4435 2022 4491 elimi-

418 4529 572 4569 ﬂﬂVl.

497 4585 621 4641 Ἀπὸ
648 4591 736 4639 τοῦ
766 4583 1069 4656 ἀλείφεσθαιΖ
1101 4580 1313 4642 Latine,
1347 4580 1412 4656 ab
1435 4579 1692 4650 ungenda.

502 4657 616 4710 Rea;
653 4648 994 4725 significdtur.
1052 4653 1126 4708 ita
1173 4666 1362 4706 omnes
1391 4648 1665 4707 lere—mss.
1699 4659 1753 4706 et
1779 4648 1927 4705 editi.
1961 4648 2022 4704 In

424 4727 747 4798 quibusdam
777 4734 861 4798 est
884 4741 982 4798 res.

499 4796 664 4869 Cujus
713 4797 970 4869 capiendi,
1002 4802 1106 4869 etc.
1155 4793 1315 4848 Errat
1359 4793 1705 4859 Lactantius;
1748 4806 2022 4869 nunquam

424 4865 588 4925 eniin'
607 4879 816 4938 tempus
846 4867 1123 4938 adveniet,
1154 4879 1264 4934 quo
1285 4879 1507 4934 regnum
1535 4874 1804 4919 terrenum
1836 4865 1906 4918 sit
1935 4877 2025 4917 ac-

425 4937 992 5009 cepturus,’siquidem
1023 4937 1190 5009 ipsius
1216 4951 1439 5009 regnum
1469 4951 1576 4990 non
1608 4944 1691 5009 est
1714 4944 2020 5009 terrenum;

425 5005 523 5067 sed
570 5019 740 5064 totum
777 5005 1366 5080 quantuni’spirituale.
1397 5007 1708 5080 Lactantius
1737 5017 1916 5080 autem
1945 5005 2023 5059 sic

425 5083 698 5153 loquitur,
731 5077 962 5153 coquod
993 5088 1142 5153 putet
1164 5077 1437 5133 Christum
1481 5079 1626 5153 mille
1655 5078 1811 5153 annis
1834 5091 2025 5153 regna-

426 5146 608 5208 turum
659 5152 713 5206 in
763 5146 865 5206 hoc
909 5146 1139 5216 mundo,
1185 5157 1470 5219 antequam
1503 5149 1554 5219 in
1582 5147 1778 5202 coelum
1808 5163 1906 5201 nos
1931 5146 2024 5201 dc-

427 5226 632 5290 ducet;
659 5237 817 5293 quam
845 5221 1154 5292 opinionem
1185 5234 1282 5274 suo
1311 5217 1432 5275 loco
1458 5217 1828 5346 refgtabimus.

1587 5303 1823 5344 scmus.

1587 5303 1823 5344 ALLEUS.

505 5365 834 5420 Hieremiam.
861 5363 969 5418 Sed
1000 5364 1113 5416 haec
1140 5363 1286 5430 prior
1314 5361 1592 5430 prophetia
1614 5360 1822 5414 nonnisi
1842 5373 2027 5414 secun-

425 5437 578 5492 dario
605 5447 660 5492 et
685 5436 999 5490 sublimiore
1030 5449 1191 5489 sensu
1220 5434 1288 5488 de
1303 5433 1516 5488 Christo
1533 5431 1657 5487 Jesu
1679 5431 2022 5500 intelligitur;

429 5525 549 5562 nam
577 5523 737 5562 sensu
765 5506 1018 5576 primario
1045 5504 1109 5576 ad
1132 5509 1300 5576 ipsum
1322 5504 1610 5559 Jeremiam
1632 5511 1876 5572 spectare
1897 5516 2027 5555 con-

431 5589 611 5634 textus
638 5575 775 5632 salis
800 5578 1018 5631 indicat.
1044 5575 1178 5630 Vide
1205 5575 1405 5630 Jerem.
1436 5589 1555 5644 cap.
1587 5590 1622 5628 ι.

499 5650 568 5703 Et
620 5651 736 5702 item
779 5648 921 5716 apud
965 5649 1154 5715 ipsum.
1191 5647 1214 5700 1
1248 5646 1380 5716 Reg.
1428 5641 1776 5711 veterrimus,
1813 5641 1878 5696 Et
1909 5643 2026 5698 item

429 5722 568 5791 apud
595 5721 844 5774 eumdem.
876 5717 1220 5791 llzecdesunt
1248 5718 1299 5791 in
1324 5720 1365 5791 _5
1386 5732 1524 5791 _tnss.
1558 5731 1667 5771 rec.

504 5790 689 5846 Beatus
714 5791 798 5860 qui
825 5799 952 5842 erat.
971 5789 1088 5844 Non
1111 5798 1253 5860 extat
1285 5788 1367 5842 hic
1385 5788 1536 5860 locus
1557 5785 1695 5854 apud
1717 5783 2024 5860 Jereniiam.

434 5863 544 5917 imo
598 5876 667 5918 ne
713 5856 928 5931 quidem
979 5862 1032 5915 in
1083 5860 1208 5914 totis
1242 5859 1446 5914 Bibliis.
1487 5859 1641 5914 Unde
1667 5865 1856 5930 autem
1885 5856 2026 5911 hunc

2123 3237 2255 3289 satis
2286 3237 2481 3290 divinae
2512 3235 2775 3305 majestati
2807 3235 3173 3306 conveniens,
3218 3234 3271 3286 in
3297 3233 3495 3306 Nicena
3522 3234 3733 3306 synodo

2123 3307 2402 3375 explosum
2431 3347 2446 3370 ,
2477 3315 2531 3360 et
2557 3304 2897 3360 anathemate
2925 3305 3290 3375 interdictum.
3326 3304 3458 3358 Vide
3485 3304 3643 3360 ea‘de
3670 3321 3735 3360 re

2124 3374 2338 3430 Eusebii
2387 3377 2550 3432 verba
2570 3419 2584 3441 ,
2616 3393 2738 3446 qua:
2761 3385 2944 3430 extant
2973 3375 3115 3444 apud
3158 3374 3556 3429 Theodoretum
3591 3376 3731 3431 libro

2124 3448 2520 3502 Ecclesiasticae
2556 3445 2792 3500 historia:
2826 3447 2999 3514 primo
3021 3486 3034 3507 ,
3066 3460 3184 3514 cap.
3219 3445 3283 3498 12
3312 3461 3327 3499 :
3356 3449 3449 3501 Καὶ
3488 3447 3572 3500 τὸν
3600 3449 3729 3502 ava-

2125 3520 2435 3591 Qnuattagov
2462 3517 2515 3573 δὲ
2541 3519 2629 3591 τὸνν
2653 3520 2784 3589 μετά
2813 3522 2904 3576 τὴν
2933 3518 3107 3591 πέρ-τιν
3133 3517 3264 3591 πρὸς
3284 3518 3435 3571 αὐτὸν
3479 3519 3684 3591 ςτεθέγῖα
3708 3557 3727 3583 ,

2124 3571 2450 3663 aitagit»...
2473 3571 2797 3663 ἦγησάριεθα,
2831 3571 2937 3663 et_c_._
2969 3587 3119 3641 Hunc
3150 3571 3331 3663 limum
3371 3586 3532 3663 paulo
3561 3571 3727 3642 altius

2123 3661 2455 3730 repetimus,
2511 3657 2651 3726 quod
2693 3673 2853 3726 supra
2881 3657 3023 3730 libro
3053 3673 3126 3730 n,
3152 3659 3380 3730 cap.9,
3427 3657 3729 3730 duosupe-

2124 3726 2267 3784 riora
2313 3731 2449 3785 dicta
2474 3772 2486 3791 .
2541 3745 2735 3800 nempe
2764 3730 2828 3782 de
2852 3728 3015 3800 nihilo
3043 3769 3057 3792 ,
3092 3728 3220 3782 item
3253 3728 3418 3800 illud,
3459 3726 3586 3800 Euit
3624 3726 3729 3781 ali-

2122 3801 2328 3871 quando
2369 3818 2482 3855 cum
2521 3818 2621 3855 non
2671 3796 2836 3865 esset,
2875 3815 2903 3853 a
2956 3799 3234 3854 Lactantio
3273 3799 3433 3923 (alata
3483 3796 3725 3854 fuerunt.

3327 3885 3606 3923 eruamus.

3327 3885 3606 3924 ETULEIUS.

2199 3965 2542 4034 Regeneratus
2563 3973 2652 4018 est.
2677 3962 2735 4018 Id
2759 3971 2843 4018 est
2865 4003 2880 4028 ,
2905 3962 3096 4017 iterum
3124 3969 3301 4016 natus.
3335 3959 3624 4016 Fnaucrus.

2198 4058 2558 4129 Circumfudit.
2597 4058 2738 4112 Bene
2764 4098 2779 4122 ,
2813 4072 2920 4110 non
2953 4055 3337 4129 circumfundit.

2200 4124 2547 4183 Instrua'ntur.
2596 4129 2821 4182 llestitui
2871 4143 2935 4182 ex
2988 4126 3240 4180 omnibus
3284 4140 3412 4179 mss.
3457 4133 3512 4179 et
3551 4124 3586 4178 2
3613 4133 3724 4180 vet.

2123 4201 2256 4256 edit.
2288 4201 2444 4255 Rom.
2476 4200 2533 4254 ln
2565 4199 2771 4254 caeteris
2799 4198 3010 4254 excusis
3053 4205 3136 4252 est
3175 4197 3510 4251 instituantur
3538 4213 3556 4249 .-
3578 4197 3723 4266 quod

2124 4273 2505 4396 ldcti'ti‘tncims'olus
2551 4341 2638 4395 sit.
2694 4340 2770 4393 Ita
2821 4336 3176 4408 antiquissimi
3216 4351 3362 4408 imss.
3411 4337 3446 4389 2
3495 4335 3720 4408 Borion.

2123 4414 2292 4483 Regio
2322 4413 2442 4467 Put.
2473 4414 2575 4483 eti
2606 4411 2675 4483 ali.
2707 4411 2864 4483 Reg"
2903 4405 3121 4483 2C0“).
3143 4448 3159 4474 ,
3206 4407 3468 4483 Torness,
3493 4405 3662 4483 Tax._,
3691 4407 3727 4460 2

2125 4477 2361 4538 Οιξῖιυυηι.
2413 4491 2467 4538 et
2517 4482 2550 4537 5
2603 4482 2732 4536 edit.
2777 4477 2834 4536 In
2879 4481 3168 4550 pleriSque,
3201 4494 3317 4531 cum
3373 4478 3511 4531 solus
3556 4477 3727 4531 adhuc

2044 4540 2099 4600 Ῑ)
2127 4565 2271 4610 esset.

2201 4624 2456 4696 Orpheus.
2507 4621 2834 4696 DeﬂOrphei
2880 4619 3171 4691 Theologia
3202 4618 3322 4674 vide
3373 4618 3431 4695 S.
3462 4617 3724 4688 Cyrillum

2123 4695 2215 4752 lib.
2240 4694 2286 4761 ι,’
2315 4702 2500 4751 contra
2526 4694 2820 4750 Julianum.

2197 4768 2304 4822 Sed
2331 4775 2378 4821 et
2407 4764 2641 4822 Hermes.
2692 4763 2888 4820 Addidi
2920 4761 3236 4834 particulam
3265 4770 3328 4834 et
3372 4777 3438 4816 ex
3483 4775 3616 4816 mss.
3658 4776 3726 4834 ac

2124 4839 2254 4894 edit.
2306 4837 2558 4903 Tornes.,
2592 4837 2862 4894 Soubron.
2896 4831 2953 4890 et
2991 4833 3201 4889 Walch.
3247 4831 3416 4889 Abest
3455 4849 3484 4888 a
3511 4833 3724 4888 caeteris

2126 4910 2403 4980 impressis
2429 4918 2482 4964 et
2512 4924 2541 4963 a
2569 4909 2603 4962 5
2635 4923 2764 4964 mss.
2784 4923 2899 4963 rec.

2197 5005 2554 5080 ᾼύτοτιξὰτορα,
2583 5007 2672 5058 καὶ
2695 5005 3044 5080 αὐτομήτρρα.
3075 5001 3286 5080 Latine,
3316 4998 3495 5080 Ipsum
3527 5005 3724 5066 patrem

2125 5077 2228 5140 sui,
2271 5086 2317 5129 et
2357 5070 2524 5139 ipsum
2555 5083 2764 5128 matrem
2804 5070 2902 5128 sui.
2935 5070 3063 5129 Post
3102 5074 3216 5126 haec
3239 5070 3422 5135 verba,
3451 5081 3580 5140 mss.
3605 5083 3718 5123 rec.

2127 5149 2152 5202 1
2185 5138 2347 5214 Reg.,
2377 5138 2520 5209 Gat.,
2555 5145 2712 5210 Nav.,
2760 5144 2899 5199 Vict.
2943 5154 2995 5199 et
3022 5145 3185 5214 Brun.
3221 5138 3497 5214 sequentia
3550 5139 3722 5214 inter-

2128 5208 2315 5272 serutit
2335 5208 2351 5268 γε
2385 5215 2452 5269 Et
2483 5208 2730 5270 retentum
2757 5225 2828 5269 est
2852 5216 2986 5285 quod
3007 5213 3266 5285 ait_Deus,
3293 5208 3416 5285 Fiat
3443 5208 3534 5285 lu}:
3558 5247 3574 5274 ,
3601 5211 3724 5285 q_uia

2141 5287 2358 5342 Verbum
2382 5286 2495 5352 Dei,
2525 5285 2665 5342 Deus
2692 5286 2831 5356 apud
2857 5277 3043 5350 Deum,
3069 5283 3122 5356 7F
3123 5283 3244 5356 ilius
3274 5279 3455 5333 unicus
3476 5277 3587 5356 _Deo
3611 5277 3723 5334 Pa-

2129 5361 2193 5412 tri
2227 5351 2508 5413 coaateruus
2537 5369 2631 5412 est.
2658 5351 2786 5410 Cum
2814 5357 2946 5409 enim
2971 5355 3120 5409 verba
3145 5355 3247 5407 sint
3276 5351 3558 5416 temporis;
3606 5368 3722 5406 cum

2130 5431 2369 5489 dicimus,
2401 5429 2606 5497 quando
2647 5437 2694 5482 et
2722 5425 3000 5495 aliquando
3021 5467 3048 5497 ,ν
3081 5433 3325 5497 internum
3353 5432 3518 5476 tamen
3550 5432 3622 5476 est
3667 5425 3723 5497 in

2129 5502 2277 5555 uerbo
2324 5495 2461 5568 Dei,
2516 5499 2721 5569 quando
2777 5497 2971 5569 aliquid
3016 5495 3136 5569 ﬁeri
3184 5495 3378 5569 debeat,
3419 5501 3464 5547 et
3518 5503 3636 5547 tunc
3664 5496 3725 5562 ﬁt

2130 5572 2334 5642 quando
2366 5565 2478 5640 ﬁeri
2505 5565 2793 5642 debuisset,
2831 5565 2883 5621 in
2913 5565 3182 5642 illoverbo
3211 5577 3285 5621 est
3311 5567 3624 5642 inquolioa
3650 5574 3725 5617 est

2131 5633 2337 5715 quando
2366 5633 2430 5696 ἐι
2471 5639 2748 5715 aliquando
2765 5633 2813 5715 ,_
2839 5641 3080 5711 quoniam
3132 5648 3294 5692 totum
3324 5635 3454 5690 illud
3508 5633 3725 5686 Verbum

2131 5710 2376 5768 retentum
2427 5723 2522 5768 est.
2577 5710 2845 5777 Quomodo
2897 5723 3067 5767 autem
3098 5726 3192 5777 per
3236 5717 3537 5782 creaturam,
3571 5720 3727 5782 quam

2132 5787 2253 5855 fecit
2283 5795 2400 5840 ante
2431 5771 2682 5854 tempora,
2713 5783 2815 5855 dici
2848 5787 3016 5850 potuit
3045 5771 3412 5855 ιεὶιιροταιὶιςι·2
3449 5771 3562 5855 Fiat
3589 5772 3729 5855 lux)

2129 5841 2357 5914 invenire
2388 5841 2590 5924 difﬁcile
2610 5841 2703 5910 est.
2738 5841 2882 5908 Sono
2903 5859 3045 5914 enim
3062 5841 3210 5904 vocis
3225 5860 3321 5902 non
3342 5842 3432 5910 (λιι
3452 5841 3564 5909 ηοδ)
3583 5841 3706 5897 ίηιεί
