4154 6196
321 300 420 358 475

1164 306 1369 365 LIBER
1408 306 1496 364 IV.
1540 308 1627 365 DE
1668 307 1858 365 VERA
1894 308 2258 368 SAPIENTIA
2298 311 2385 369 ET
2424 311 2653 371 RELIG.

3511 311 3618 372 476

321 419 572 489 quoniam
642 419 896 493 princeps
962 422 1230 478 examinis
1279 436 1466 479 eorum
1518 421 1687 479 Judas
1755 432 1908 491 erat,
1938 423 2448 496 Ajugabat,donec
2467 442 2653 483 rursus
2671 428 3621 501 ptenitentiapopulimitigatuslibtk

321 508 492 567 Judaei
539 520 666 567 sunt
710 512 1001 584 appellati,
1056 521 1112 570 et
1156 525 1336 581 terra,
1382 529 1543 586 quam
1600 515 1908 582 incoluere,

319 604 523 662 Judtea.
558 606 622 662 Et
648 606 825 679 primo
874 608 1109 681 quidem,
1140 625 1247 666 non
1280 610 1525 667 dominio
1554 626 1741 682 regum
1785 612 1912 668 sub-

315 699 441 771 jecti
495 699 715 757 l'uernut
749 718 763 755 :
803 701 898 758 sed
946 703 1149 774 populo
1198 718 1263 760 ac
1313 704 1415 776 legi
1469 705 1655 762 civiles
1689 705 1910 762 Judices

318 792 713 864 praesidebant;
767 809 874 850 non
902 803 1083 853 tamen
1106 796 1381 852 inannnm
1410 797 1688 853 constituti
1739 804 1867 852 sunt
1891 837 1907 865 ,

317 887 455 942 sicut
486 887 697 943 romani
723 888 999 953 consules,
1051 889 1147 945 sed
1197 899 1455 961 perpetua
1507 888 1904 961 iurisdictione,

317 979 547 1035 subnixi.
597 980 734 1036 Tum
793 982 1007 1039 sublato
1058 981 1304 1039 Judicum
1358 984 1616 1049 nomine,
1667 991 1908 1055 potestas

316 1072 509 1142 regalis
539 1072 754 1129 inducta
783 1083 885 1129 est.
913 1074 1112 1131 Verum
1136 1074 1418 1132 Judicibus
1445 1075 1689 1148 regimen
1716 1090 1906 1131 eorum

319 1164 656 1231 tenentibus,
714 1182 908 1237 pravas
968 1167 1261 1239 religiones
1318 1183 1465 1241 saepe
1519 1176 1903 1239 susceperant;

318 1267 478 1330 atque
502 1258 741 1316 oll'ensus
762 1261 830 1317 ab
852 1260 935 1316 his
963 1261 1124 1329 Deus,
1148 1261 1309 1319 toties
1328 1276 1424 1320 eos
1444 1262 1763 1335 alienigenis
1777 1262 1905 1318 sub-

2015 526 2161 574 raret
2176 532 2272 574 eos
2288 519 2567 576 servitute.
2585 520 2720 577 Item
2741 522 2841 579 sub
2856 521 3072 594 regibus
3088 521 3438 579 ﬁnitimorum
3463 523 3619 581 bellis

2015 610 2086 666 ob
2138 610 2333 667 delicta
2382 614 2579 679 vexati,
2624 623 2896 684 postremo
2937 614 3103 686 capti,
3147 613 3469 685 abductique
3517 614 3621 670 Ba-

2014 703 2301 776 bylonem,
2333 720 2521 774 ptenas
2565 706 2854 777 impietatis
2904 723 3018 764 suae
3070 709 3223 781 gravi
3268 708 3490 764 servitio
3515 722 3620 781 pe-

2015 795 2346 867 penderunt;
2364 797 2539 855 donec
2554 797 2725 872 Cyrus
2754 800 2964 858 veniret
2984 801 3038 857 in
3061 816 3303 873 regnum,
3325 801 3416 873 qui
3438 801 3619 859 statim

2013 888 2231 946 Judteos
2255 892 2489 947 restituit
2506 893 2704 949 edicto.
2731 894 2938 951 Exinde
2964 895 3287 952 Tetrarchas
3314 894 3621 952 habuerunt

2014 997 2184 1054 usque
2230 983 2297 1039 ad
2338 984 2640 1053 Herodem,
2681 988 2770 1058 qui
2830 987 2928 1043 fuit
2986 988 3086 1044 sub
3139 988 3367 1057 imperio
3417 987 3621 1045 Tiberii

2010 1074 2270 1143 Caesaris;
2322 1077 2476 1147 cujus
2533 1092 2676 1132 anno
2695 1079 2884 1148 quinto
2911 1079 3142 1144 decimo,
3175 1078 3229 1134 id
3256 1087 3340 1134 est
3364 1120 3379 1145 ,
3411 1078 3620 1136 duobus

2012 1167 2256 1226 Geminis
2308 1167 2670 1236 Consulibus,
2727 1181 2853 1227 aute
2901 1170 3044 1226 diem
3113 1171 3373 1227 decimam
3432 1171 3620 1228 calen-

2011 1260 2199 1316 darum
2254 1261 2500 1333 aprilium
2569 1260 2740 1319 Judaei
2797 1260 3072 1320 Christum
3121 1263 3268 1320 cruci
3310 1261 3617 1321 alﬁxeruut.

1673 1400 2032 1460 VARIORUM
2068 1400 2295 1459 NOTAE.

316 1536 613 1612 alrlleber,
645 1538 737 1609 qui
767 1554 1041 1612 pronepos
1070 1539 1168 1596 luit
1196 1539 1348 1608 Noae,
1375 1556 1472 1612 per
1495 1541 1623 1598 Sem
1655 1558 1668 1594 :
1700 1541 1747 1596 is
1777 1539 1919 1595 ﬁlius

317 1608 459 1683 §elm
485 1650 501 1683 ε
553 1618 609 1664 et
655 1608 825 1683 nepos
857 1608 1167 1682 Arphaxadi
1190 1653 1206 1679 ,
1232 1612 1302 1668 de
1326 1608 1433 1683 quo
1461 1614 1577 1681 lege
1604 1612 1802 1669 Cenes.
1837 1626 1914 1676 x;

314 1678 617 1756 .losephum
665 1678 763 1756 liii.
810 1698 847 1750 ι,
874 1678 1028 1756 __cap.
1051 1685 1155 1756 14,
1189 1678 1913 1756 Antiq:uit.;llierouymum

2093 1538 2257 1610 Cujus
2278 1555 2413 1594 anno
2458 1541 2634 1611 quinto
2656 1541 2873 1608 decimo,
2903 1552 3009 1598 etc.
3045 1541 3351 1598 Nascuntur
3380 1541 3469 1598 hic
3496 1541 3619 1600 dute

2021 1625 2176 1667 novae
2203 1612 2791 1685 quaestiones:_Neu'tpe
2813 1629 2919 1684 quo
2957 1629 3098 1669 anno
3126 1613 3374 1669 Christus
3403 1614 3473 1669 sit
3496 1629 3620 1685 pas-

2020 1697 2114 1756 sus
2134 1724 2148 1746 ,
2182 1692 2237 1756 et
2262 1698 2373 1756 quo
2401 1684 2507 1756 die.
2542 1682 2805 1756 Utrinque
2832 1682 3109 1756 'allegatur
3139 1685 3402 1756 Lactantii
3428 1682 3619 1743 aucto-

314 1752 369 1826 in
427 1748 1150 1826 qumstionibtts'llebraicis
1221 1756 1274 1810 in
1333 1748 1567 1821 Cenes;
1626 1748 1911 1826 Augustin.
1946 1748 1995 1808 B
2021 1755 2174 1809 ritas.
2211 1748 2411 1809 Paulus
2440 1754 2509 1810 de
2537 1748 2912 1826 Middelburgo
2941 1748 2995 1810 i'u
3026 1756 3199 1811 altera
3224 1770 3339 1810 sure
3369 1754 3616 1811 Paulinze

313 1821 411 1877 lib.
442 1821 554 1889 ivi,
583 1838 702 1896 cap.
730 1825 816 1879 11.
836 1825 1011 1892 Quem
1036 1840 1163 1881 vero
1185 1826 1378 1881 ludam
1400 1827 1590 1882 ducem
1617 1821 1739 1896 post
1754 1825 1916 1881 Mosis

313 1902 563 1963 tempora
592 1894 901 1952 Lactantius
944 1897 1032 1952 hic
1079 1896 1336 1963 somniet,
1383 1915 1488 1952 non
1516 1894 1675 1953 video
1701 1915 1712 1950 :
1742 1898 1845 1951 nisi
1872 1897 1917 1951 is

310 1964 407 2031 sit,
440 1966 552 2039 qui,
581 1975 638 2039 ut_
662 1977 741 2022 est
775 1967 827 2022 in
849 1969 1026 2039 capite
1073 1969 1247 2039 primo
1278 1968 1401 2024 Jud.
1431 2012 1445 2035 ,
1506 1970 1657 2039 jussu
1706 1968 1917 2023 Domini

310 2051 340 2090 a
377 2036 584 2107 populo
608 2037 717 2092 dux
744 2036 1048 2095 declaratus
1075 2036 1179 2093 luit
1221 2040 1483 2096 adversus
1507 2036 1877 2096 Chananmum
1899 2080 1915 2105 ,

308 2122 428 2178 quo
465 2123 633 2182 cmso,
665 2108 1007 2182 Hierusalem
1049 2111 1299 2165 incendio
1328 2112 1648 2182 absumpsit.
1677 2112 1807 2182 llic,
1837 2112 1919 2165 in-

307 2193 504 2252 quam,
536 2179 702 2235 .ludas
722 2196 750 2234 a
780 2180 1101 2252 quihusdam
1129 2182 1295 2238 veluti
1321 2179 1559 2239 interrex
1592 2185 1733 2239 inter
1750 2181 1919 2238 duces

308 2250 606 2323 gtjudices
636 2250 850 2309 habitus
881 2253 999 2308 fuit.
1044 2254 1205 2323 Atqui
1254 2255 1558 2309 communis
1604 2270 1711 2309 non
1757 2254 1919 2309 modo

305 2320 620 2377 Bibliorum
647 2365 663 2394 ,
712 2324 807 2379 sed
834 2326 999 2380 etiam
1053 2320 1379 2394 scriptorum
1427 2325 1919 2381 ecelesiasticorum

309 2406 622 2448 consensus
647 2393 832 2463 habet,
861 2395 1102 2451 Judaeum
1130 2393 1185 2450 et
1214 2396 1411 2451 tribum
1455 2396 1590 2452 .lnda
1617 2439 1633 2462 ,
1676 2412 1741 2451 ex
1782 2396 1920 2453 Juda

309 2464 543 2538 Israelis
573 2465 705 2538 lilio,
737 2465 1063 2536 l‘amilimque
1090 2465 1330 2522 Judaica:
1371 2467 1685 2524 Patriarcha
1711 2477 1766 2524 et
1796 2482 1922 2538 pro-

307 2535 571 2608 genitore
596 2536 767 2592 dictas
797 2553 919 2594 esse
939 2579 954 2605 ,
979 2535 1075 2607 qui
1103 2539 1239 2608 patri
1262 2554 1361 2594 suo
1393 2538 1597 2595 Jacobo
1626 2556 1695 2597 ex
1728 2535 1919 2594 ancilla

306 2605 412 2683 Lia
446 2608 499 2661 in
527 2607 913 2683 Mesopotamia
965 2605 1161 2683 natus,
1205 2612 1647 2683 constantiorqne
1698 2611 1922 2682 Josephi

307 2680 595 2734 adversus
661 2680 996 2750 iniquitatem
1052 2680 1280 2737 fratrum
1332 2680 1589 2739 defensor
1641 2683 1742 2738 fuit
1789 2680 1920 2738 :Vex

306 2750 481 2825 cujus
531 2750 671 2825 linea
728 2761 787 2825 et
838 2752 1009 2823 prolis
1060 2752 1202 2825 serie
1238 2769 1491 2825 Aregnum
1554 2755 1919 2811 lsraelitarum

308 2821 531 2876 diutius
583 2820 798 2885 ﬂoruit,
841 2820 894 2879 et
952 2838 1114 2879 verus
1150 2820 1459 2880 Judaeu'rum
1516 2842 1630 2891 rex,
1673 2825 1922 2881 Christus

308 2893 582 2958 scilicet,
648 2902 808 2949 natus
885 2904 989 2953 est.
1048 2896 1119 2949 At
1184 2896 1487 2950 Judaaorunt
1550 2912 1746 2952 nomen
1814 2913 1919 2952 non

309 2962 635 3038 habuerunt
677 2964 890 3038 Hebraei
921 2966 1020 3021 nisi
1056 2976 1177 3034 post
1206 2966 1572 3036 Salomonem,
1607 2978 1730 3022 ante
1761 2983 1920 3038 quem

310 3036 348 3108 ii
416 3036 756 3108 vocabantur
812 3035 1103 3103 Israelitat,
1165 3038 1251 3091 vel
1305 3039 1402 3108 ﬁlii
1457 3039 1645 3094 Israel.
1686 3035 1923 3095 -Ἠεο

308 3106 470 3162 brrzi.
517 3105 670 3182 Quod
740 3122 959 3182 nomen
996 3105 1314 3182 deducitur:
1336 3110 1421 3164 vel
1458 3112 1525 3165 ab
1572 3111 1748 3166 Helter
1796 3125 1921 3182 pro-

309 3188 528 3250 nepote
551 3176 702 3243 Nom,
734 3178 820 3234 vel
852 3179 1030 3250 potius
1053 3180 1121 3234 ab
1144 3179 1458 3236 Abrahatuo
1485 3199 1643 3248 quem
1672 3176 1925 3237 dixerunt

312 3249 641 3321 “t'bl‘aﬂllll,
689 3250 742 3304 id
793 3249 878 3305 est
930 3260 1078 3305 trans
1112 3250 1311 3305 llumeu
1374 3252 1742 3316 habitantem,
1772 3252 1925 3321 'quia

311 3320 601 3376 Abraham
632 3336 697 3375 ex
730 3322 979 3379 orientali
1011 3321 1299 3389 Euphratis
1326 3323 1439 3391 ripa
1466 3325 1515 3378 in
1537 3320 1922 3380 occidentalem

310 3406 453 3448 sese
491 3392 800 3465 contulerat
852 3394 1005 3463 jussu
1055 3395 1292 3465 supremi
1322 3394 1607 3465 Numinis.
1653 3397 1730 3451 Ex
1761 3395 1925 3465 priori

315 3463 613 3589 mansitque
655 3478 754 3519 sua
800 3478 994 3521 nomen
1052 3464 1263 3519 Hebraei
1317 3464 1504 3521 habuit
1550 3463 1771 3523 sanctus
1819 3466 1924 3521 Pa-

318 3543 495 3589 triarc
541 3550 592 3587 a.

318 3537 592 3589 triarcha.

396 3626 695 3703 Examinis.
730 3629 872 3685 Nihil
916 3642 1113 3703 inuto;
1147 3648 1359 3686 examen
1417 3631 1511 3703 hic
1560 3632 1775 3703 ponitur
1830 3648 1926 3703 pro

322 3700 848 3772 exercitn,_grege.
914 3701 1099 3757 Horat.
1151 3719 1166 3757 ι
1231 3703 1399 3771 Epist.
1460 3700 1569 3758 19.
1609 3702 1730 3758 Dum
1798 3700 1927 3772 regit

324 3787 567 3844 (sumen.
609 3770 885 3844 Clare’hic
916 3773 1156 3844 imitatur
1197 3770 1425 3828 Tertull.
1462 3774 1691 3844 Apulug.
1726 3791 1773 3831 c.
1809 3770 1879 3831 59
1906 3793 1927 3831 :

333 3841 584 3896 Nondum
621 3842 864 3899 .ltttlteum
899 3844 964 3898 ab
992 3842 1225 3917 [Egypto
1255 3845 1495 3900 Exatnen
1515 3841 1813 3900 'Pulti'stina
1841 3864 1928 3902 stt-

337 3924 587 3984 superat.

406 4006 581 4081 λιιάωί
617 4019 736 4063 sunt
779 4009 1050 4079 appellati.
1079 4008 1348 4080 Josephus
1377 4025 1407 4065 a
1439 4019 1680 4081 tempore
1724 4011 1929 4067 reditus

343 4092 373 4133 e
395 4080 701 4149 captivitate
734 4082 1057 4149 Babylonica
1103 4081 1224 4135 illus
1269 4081 1485 4136 Juda‘os
1514 4092 1732 4137 vocatos
1761 4083 1929 4140 fuisse

345 4156 567 4207 testatur
599 4152 691 4207 lib.
736 4168 810 4215 χι,
846 4152 902 4208 5.
934 4153 1570 4207 [laruatus—Primis
1616 4156 1758 4208 enim
1795 4165 1929 4208 tem-

346 4222 585 4295 poribus,
602 4223 686 4277 vel
711 4222 943 4287 llebrrei,
974 4224 1055 4278 vel
1084 4223 1361 4286 Israelitte,
1385 4225 1470 4279 vel
1497 4224 1926 4295 pupuluslsrael,

343 4301 398 4346 ut
417 4291 526 4363 jam
557 4294 795 4349 diximus
815 4337 828 4359 ,
852 4295 1396 4365 cognominahantur.

406 4385 473 4441 In
499 4404 718 4441 annunt.
754 4387 824 4441 Ita
856 4402 1047 4441 omnes
1069 4401 1200 4440 mss.
1221 4396 1275 4441 et
1301 4387 1480 4442 cuncti
1514 4385 1628 4442 fere
1656 4386 1925 4457 impressi.

338 4454 621 4513 Nonnullis
648 4459 806 4513 editis
838 4468 922 4513 est
948 4459 1000 4511 in
1026 4473 1274 4512 annuum.

405 4510 915 4600 Potestas'reqali‘s:
945 4510 1089 4583 Non,
1109 4510 1575 4600 continuoanam
1623 4528 1925 4584 hierarchia
1951 4510 2005 4571 D

338 4601 646 4656 interceSsit
672 4598 1055 4656 80'anuurnnt.
1093 4600 1208 4655 Heli
1241 4601 1383 4655 enim
1412 4598 1697 4667 Sacerdos,
1728 4609 1782 4655 et
1829 4601 1928 4655 Sa-

336 4675 475 4728 nmel
533 4672 655 4740 ejus
703 4686 1021 4732 successor.
1069 4681 1294 4741 uterque
1319 4671 1570 4726 loannis
1622 4670 1928 4727 Israelitica:

332 4744 510 4813 gentis
534 4745 820 4813 imperium
851 4744 1042 4798 tenuit.
1070 4742 1357 4796 Historiam
1383 4741 1650 4797 Samuelis
1667 4759 1768 4799 nos
1791 4744 1928 4799 liber

335 4812 486 4884 prior
514 4815 700 4869 docet.
732 4812 997 4869 Cceterum
1028 4814 1097 4869 de
1124 4814 1313 4868 horum
1332 4815 1488 4868 annis
1506 4815 1812 4884 Scriptores
1842 4816 1927 4870 in-

332 4895 414 4942 ter
438 4902 501 4942 se
531 4884 806 4940 tlill'erunt.

402 4958 776 5025 Susceperunt.
813 4956 912 5012 Ms.
942 4956 965 5010 1
994 4955 1204 5011 Bonon.
1241 4954 1511 5027 antiquior
1536 4998 1552 5021 ,
1574 4968 1927 5027 susceperunt.

403 5028 758 5099 Subjugabat.
778 5027 880 5083 Per
894 5028 1198 5099 servitutes.
1215 5026 1415 5092 Judic.,
1438 5043 1514 5089 ιιι,
1537 5043 1701 5093 lV,Vl,
1724 5026 1773 5090 it,
1803 5044 1921 5083 xm.

406 5100 618 5156 Exinde
648 5098 955 5154 Tetrarcltas
980 5098 1287 5162 habuerunt,
1340 5107 1445 5154 etc.
1488 5099 1618 5153 Post
1658 5099 1923 5162 reditum,

330 5173 441 5228 imo
474 5174 532 5227 in
565 5172 681 5235 ipso
714 5171 917 5234 reditur,
968 5184 1056 5224 res
1098 5168 1407 5225 iud-.eorum
1453 5169 1521 5224 ad
1564 5168 1925 5225 hierarrhiam

330 5244 562 5300 redacta
582 5241 701 5309 fuit,
720 5240 1058 5296 Zorohahele
1078 5250 1321 5309 auctore,
1341 5241 1536 5296 deinde
1553 5241 1674 5312 aliis
1693 5257 1926 5312 sequen-

331 5315 498 5381 tibus,
535 5313 606 5367 de
646 5315 840 5384 quibus
870 5312 990 5367 vide
1036 5312 1230 5384 Euseb.
1257 5324 1325 5384 et
1357 5312 1575 5367 Bedam.
1599 5311 1926 5369 ΤιίιὩΙὊΙιῘίη

332 5382 679 5457 coeperunt,’
707 5394 986 5454 postquam
1034 5398 1121 5438 res
1168 5382 1407 5457 .ludaica:
1455 5384 1505 5437 in
1548 5384 1925 5457 Romanorum

334 5454 665 5529 potestatem
697 5464 1143 5529 venerunt_:_uon
1179 5454 1410 5529 quidem
1434 5456 1614 5529 statim
1645 5455 1712 5529 ab
1738 5455 1925 5529 initio;

338 5524 462 5585 nam
506 5526 728 5583 Hircaui
761 5524 1060 5596 hierarchia
1092 5525 1441 5596 degeneravit
1481 5527 1532 5580 in
1568 5527 1751 5581 nescio
1781 5527 1925 5596 quod

337 5614 575 5671 regnum
598 5597 849 5671 Hergdis.
878 5595 1044 5671 Cttjns
1072 5596 1347 5671 minuendi
1376 5613 1538 5671 causa
1570 5608 1800 5671 quatuor
1827 5596 1928 5671 lle-

339 5667 492 5727 roilis
548 5669 644 5724 lilii
695 5668 1007 5724 Tetrarchae
1059 5668 1340 5724 constituti
1384 5667 1602 5724 fuerunt;
1644 5668 1927 5725 :llerodes

342 5744 598 5797 nimirum
623 5783 638 5806 ,
670 5742 969 5811 Antipater,
1003 5740 1191 5812 Lysias
1220 5749 1273 5794 et
1314 5738 1610 5812 Philippus.
1645 5740 1711 5796 Et
1754 5739 1807 5796 id
1831 5740 1925 5797 be-

345 5815 540 5871 nelicio
568 5812 793 5883 Augusti
821 5810 1067 5868 Caesaris.
1098 5810 1418 5867 BETULEIUS.

2019 1836 2192 1894 parte,
2219 1840 2338 1894 qnte
2380 1835 2462 1897 est
2507 1826 2574 1881 de
2611 1828 2859 1894 passione
2887 1827 3188 1886 Duminica,
3217 1841 3338 1897 capt
3373 1827 3458 1883 10.
3486 1826 3617 1897 Ejus

2022 1911 2252 1966 namque
2276 1896 2498 1950 Paulina
2524 1941 2538 1962 ,
2573 1912 2692 1966 qum
2720 1898 2921 1968 prodiit
2949 1911 3090 1952 anno
3123 1898 3284 1963 1515,
3315 1895 3455 1952 forte
3486 1895 3615 1954 nixa

2019 1978 2138 2020 erat
2181 1968 2411 2037 quadam
2459 1968 2633 2021 minus
2672 1968 2881 2023 sincera
2934 1968 3197 2023 Lactantii
3231 1968 3506 2035 editione;
3541 1968 3617 2024 ibi

2022 2037 2219 2093 Paulus
2252 2038 2353 2093 istc
2381 2037 2558 2103 ducet,
2593 2039 2927 2095 Lactantium
2962 2040 3013 2093 in
3041 2038 3146 2094 hoc
3169 2038 3490 2094 Tertulliani
3529 2054 3617 2097 se-

2021 2119 2202 2165 cntum
2265 2123 2386 2164 esse
2432 2111 2849 2179 auctoritatem,
2904 2110 3139 2180 Juliique
3177 2110 3451 2176 Africani,
3506 2112 3611 2167 Ec-

2021 2181 2203 2235 clesiae
2235 2180 2475 2235 doctoris
2515 2181 2854 2237 celeberrimi
2881 2198 2896 2245 ;
2929 2191 2983 2237 et
3014 2195 3136 2236 cum
3171 2181 3254 2237 his
3307 2181 3616 2238 consentire

2021 2250 2271 2306 Orosium
2306 2252 2637 2307 historicum.
2676 2252 2959 2319 Eusebius,
2989 2252 3130 2308 Beda
3173 2262 3227 2308 et
3257 2252 3476 2324 quidam
3522 2252 3615 2324 alii

2024 2323 2600 2395 passioneuyDomini
2658 2324 2708 2377 in
2756 2324 3026 2379 decimum
3080 2322 3331 2379 octavum
3394 2322 3616 2395 Tyherii

2022 2409 2221 2448 annum
2273 2392 2523 2461 rejiciunt
2552 2412 2566 2447 :
2595 2396 2688 2449 sed
2718 2396 2795 2450 illi
2823 2396 3143 2451 auctoritate
3173 2395 3331 2449 Lucae
3358 2392 3490 2460 nixi,
3524 2410 3618 2451 ve-

2023 2466 2166 2520 riora
2217 2464 2436 2521 tradere
2466 2465 2735 2520 videntur.
2766 2465 2901 2521 Nam
2952 2481 3072 2536 cap.
3102 2482 3181 2532 tu,
3224 2466 3367 2534 apud
3414 2466 3617 2523 Lucam

2023 2535 2253 2606 legimus
2297 2545 2599 2608 temporum
2647 2538 2912 2592 rationem
2968 2535 3381 2608 diligentissime
3416 2538 3615 2608 pbser—

2023 2619 2238 2679 vatum:
2272 2606 2421 2679 Anno
2445 2650 2460 2672 ,
2493 2608 2711 2679 scribit,
2762 2606 3160 2679 decintoquinlo
3182 2608 3382 2677 imperii
3408 2606 3617 2679 Tybert'i

2023 2676 2262 2745 Caesaris,
2291 2677 2477 2734 Pontio
2499 2678 2669 2733 Pilato
2694 2680 2911 2747 praeside
2934 2676 3159 2745 Judww,
3190 2676 3471 2733 Tetrarcha'
3495 2695 3615 2734 vero

2026 2748 2257 2822 Caliltete
2282 2748 2510 2822 Herode,
2542 2749 2791 2822 Philippo
2817 2759 2987 2806 autem
3008 2754 3169 2822 fratre
3194 2750 3307 2822 eius
3336 2748 3616 2822 Tetrarcha

2024 2819 2218 2893 I_tureaa
2239 2831 2286 2876 et
2310 2819 2699 2893 Traehonitt'dis
2724 2819 2947 2893 regionis
2971 2862 2986 2887 ,
3008 2819 3017 2822 ’
3038 2831 3083 2876 et
3110 2820 3337 2893 Lgsania
3365 2820 3615 2893 Abylenes

2024 2891 2330 2959 Tetrarclta,
2360 2892 2450 2945 sub
2485 2891 2819 2962 Pontiﬁcibus
2846 2893 2997 2946 Anna
3050 2903 3096 2946 et
3146 2891 3365 2960 Caiplta,
3420 2891 3615 2962 factum

2026 2974 2098 3017 est
2148 2965 2355 3018 verbum
2400 2962 2610 3016 Domini
2635 2980 2789 3033 super
2834 2962 3088 3018 Joannem
3115 2962 3385 3018 Zachariae
3410 2963 3609 3032 (ilium,

2026 3044 2131 3089 etc.
2162 3034 2388 3105 Constat
2416 3045 2619 3099 autem,
2651 3036 2820 3091 tribus
2841 3035 3001 3089 armis
3028 3046 3083 3089 et
3108 3036 3311 3105 aliquot
3338 3035 3616 3090 mensibus

2026 3107 2259 3177 amplius
2300 3103 2574 3161 Christum
2638 3119 2757 3177 pusr
2808 3107 3129 3176 baptismum
3197 3103 3320 3162 esse
3374 3120 3612 3175 passum.

2030 3176 2087 3232 In
2120 3194 2211 3232 vnt
2246 3177 2602 3232 Calendarum
2646 3178 2906 3248 Aprilium
2958 3178 3223 3247 passionis
3276 3176 3418 3232 diem
3460 3187 3614 3232 retu-

2031 3248 2209 3321 l_erunt
2262 3248 2669 3321 Tertullianus,
2716 3249 3175 3321 Chrysostomus,
3219 3248 3612 3320 Hieronymus,

2028 3317 2283 3392 Cyrillus,
2318 3317 2672 3392 Augustinus,
2702 3329 2757 3375 et
2779 3317 2938 3392 Beda.

2103 3390 2314 3445 Duobus
2359 3390 2586 3446 Geminis
2630 3389 2774 3446 Coss.
2827 3391 3186 3446 Tertullianus
3240 3389 3336 3445 lib.
3393 3389 3607 3445 advers.

2029 3461 2281 3527 Judteos,
2351 3478 2471 3532 cap.
2532 3464 2565 3518 8
2620 3480 2631 3515 :
2692 3461 2873 3515 Passio
2926 3462 3081 3532 hujus
3133 3460 3420 3515 exterminii
3477 3462 3615 3532 intra

2030 3543 2258 3604 tempora
2307 3530 2630 3604 septuaginta
2677 3530 3049 3586 .‘tebdontadum
3091 3537 3352 3604 petfecla,
3389 3530 3615 3604 ,διώνΤὶ-

2032 3600 2169 3659 berio
2185 3600 2406 3668 Cwsare,
2423 3600 2566 3660 Cass.
2591 3603 2828 3658 Rubellio
2855 3600 3097 3667 Gemino,
3119 3613 3166 3658 et
3181 3600 3237 3657 Ρ
3240 3604 3348 3659 usio
3375 3600 3611 3668 Gemino,

2030 3691 2199 3730 mense
2221 3674 2434 3742 Martio,
2456 3677 2763 3745 temporibus
2792 3675 3026 3741 Pass/ue,
3046 3676 3129 3729 die
3166 3690 3258 3729 vnt
3289 3673 3415 3730 Kal.
3440 3673 3612 3742 April.

2110 3748 2239 3801 Ante
2259 3748 2422 3801 diem.
2445 3789 2459 3803 .
2484 3788 2496 3800 .
2524 3788 2536 3800 .
2560 3744 2575 3800 ζ
2608 3747 2756 3801 Cruci
2785 3748 3093 3818 afﬁxerunt.
3124 3746 3214 3802 Sic
3243 3744 3457 3818 quidem
3515 3745 3614 3818 ha-

2032 3819 2160 3873 hent
2187 3834 2316 3873 mss.
2348 3820 2538 3888 optimi
2582 3827 2635 3873 et
2675 3814 3023 3882 vetustiores,
3073 3817 3106 3872 9
3136 3814 3291 3888 Reg,
3338 3816 3371 3869 8
3411 3814 3609 3888 Viatic.,

2030 3890 2263 3953 Bunon.,
2319 3886 2464 3955 ϐαι..
2520 3891 2731 3953 Marm.,
2788 3889 2948 3955 Tax.,
3004 3889 3161 3953 Pen.,
3209 3886 3393 3952 Canc.,
3450 3886 3611 3953 Nav.,

2035 3962 2198 4026 Vict.,
2231 3962 2383 4028 Jun.,
2432 3962 2594 4027 Ultr.,
2649 3960 2903 4025 Tornes.,
2954 3960 2992 4015 2
3041 3960 3232 4021 Brun.,
3278 3958 3614 4029 Cantabrig.,

2033 4033 2153 4087 Ειιι.
2186 4049 2213 4085 a
2238 4033 2473 4088 secunda
2495 4032 2786 4103 etquidem
2814 4031 3003 4087 eadem
3021 4047 3205 4103 manu,
3235 4029 3556 4103 64Coibert.,
3582 4031 3611 4086 1

2033 4105 2293 4169 Sttl'bun.,
2319 4105 2355 4158 2
2384 4100 2645 4166 Claroni..
2677 4103 2803 4158 edd.
2847 4102 3007 4158 Rom.
3058 4101 3223 4166 1468,
3257 4100 3420 4163 1470,
3463 4100 3610 4154 Crat.

2033 4175 2084 4229 in
2119 4191 2314 4245 marg,
2345 4176 2546 4240 Betul.,
2574 4175 2712 4229 lsari.
2746 4174 3151 4245 Nonnttlliimss.
3185 4182 3239 4245 ei
3265 4171 3393 4225 editi
3434 4171 3616 4245 legunt

2032 4247 2164 4299 Ante
2199 4241 2331 4301 diem
2362 4247 2630 4311 septimum
2659 4244 2785 4298 Kal.
2816 4245 2983 4314 April.
3014 4244 3163 4297 Hunc
3218 4241 3481 4296 Lactantii
3535 4241 3615 4314 lo-

2032 4332 2156 4371 cum
2201 4319 2357 4387 longa
2412 4326 2466 4371 et
2511 4313 2869 4387 pulcherrima
2924 4315 3287 4387 disputatione
3343 4313 3615 4387 enarravit

2032 4382 2320 4443 Marcellus
2344 4382 2696 4443 Francolinus
2724 4387 2776 4441 in
2809 4382 3044 4441 Tractat.
3086 4384 3154 4439 de
3178 4383 3368 4453 Temp.
3420 4382 3611 4437 Horar.

2033 4457 2351 4513 Canonicar.
2406 4473 2523 4528 cap.
2573 4460 2644 4514 7‘5
2686 4467 2742 4512 et
2791 4457 2882 4523 74,
2928 4471 3087 4526 quem
3114 4453 3617 4528 compendiurel'e-

2033 4545 2234 4585 remus.
2267 4526 2521 4593 Perilla,
2566 4529 2696 4583 Ante
2743 4529 2876 4582 diem
2930 4527 3177 4581 decimam
3218 4526 3612 4591 Kalendarum,

2035 4601 2342 4655 Lactantius
2392 4600 2640 4670 intelligit
2693 4614 2798 4655 non
2845 4598 2988 4654 diem
3035 4597 3375 4670 undecimum
3420 4596 3616 4670 Kalen-

2031 4673 2251 4737 darum,
2294 4681 2351 4726 ut
2378 4671 2528 4726 Paul.
2571 4667 2921 4737 Middelburg.
2958 4671 3148 4738 quinto
3174 4668 3382 4723 Pauliu.
3406 4682 3528 4738 pag.
3556 4667 3613 4732 2,

2032 4757 2151 4812 eap.
2184 4744 2236 4806 4,
2266 4752 2320 4798 et
2342 4742 2664 4797 Thomasius
2693 4744 2747 4796 in
2770 4741 2922 4797 Notis
2951 4741 3015 4795 ad
3041 4742 3180 4795 hunc
3206 4748 3481 4812 auctorem
3515 4754 3615 4812 pu-

2033 4808 2311 4879 taverunt,
2341 4814 2437 4869 sed
2492 4813 2633 4869 diem
2688 4814 2858 4879 ipsam
2903 4812 3150 4867 decimam
3190 4821 3308 4866 ante
3347 4808 3615 4863 Kalendas

2032 4884 2256 4954 Aprilis,
2316 4886 2368 4939 in
2427 4901 2529 4954 qua
2573 4886 2846 4941 locutione
2894 4882 3211 4954 computati
3245 4882 3617 4954 intelliguntur

2033 4952 2244 5032 utrique
2269 4955 2391 5032 dies
2421 4952 2672 5032 extremi,
2708 4955 2759 5011 id
2800 4963 2881 5011 est
2916 4952 3034 5010 dies
3069 4954 3158 5025 qui
3188 4952 3530 5032 describitur,
3562 4959 3617 5003 et

2032 5027 2147 5102 ipse
2185 5026 2545 5102 Kalendarum
2576 5026 2692 5082 dies
2715 5069 2729 5093 ,
2757 5036 2837 5102 ut
2874 5037 3023 5081 recte
3076 5024 3199 5102 cum
3240 5024 3452 5102 Alciato
3499 5024 3615 5102 ipse

2032 5091 2281 5173 blarcell._
2317 5108 2468 5173 notat
2504 5097 2558 5152 d.
2607 5091 2724 5173 cap.
2756 5099 2846 5173 75,
2878 5096 3159 5173 _nnm.‘l8_,
3206 5091 3616 5173 relutataphje-

2030 5172 2208 5243 ctione
2251 5169 2318 5225 de
2352 5169 2380 5241 §
2429 5170 2576 5243 Ante
2602 5165 2735 5225 diem
2794 5170 2845 5243 in
2878 5165 3295 5243 leg.‘Attnicul_tts
3345 5165 3611 5243 amittitur.

2032 5241 2094 5295 Ι).
2130 5241 2198 5296 de
2225 5232 2379 5296 verb:
2409 5238 2592 5308 signif.
2636 5249 2690 5295 et
2740 5232 2956 5296 eodem'
2990 5237 3018 5309 §
3066 5236 3281 5309 egregie
3318 5232 3613 5309 eXplicato.

2032 5312 2126 5367 His
2159 5311 2321 5383 igitur
2361 5304 2541 5367 verbis
2572 5311 2895 5383 Lactantius
2937 5304 3173 5383 putavit,
3205 5304 3479 5383 Christum
3509 5304 3617 5383 Do-

2030 5376 2237 5438 minum
2288 5397 2505 5453 passum
2561 5382 2727 5437 fuisse
2778 5376 3369 5453 dieuv‘igeﬁiu‘iatertia
3416 5376 3620 5453 mensis

2032 5453 2227 5510 Martii.
2262 5448 2406 5509 ldcm
2446 5454 2615 5509 sensit
2638 5448 2985 5520 TheOphilus'
3015 5448 3363 5520 Caesariensis
3413 5448 3624 5520 vicinus

2033 5525 2420 5595 Apostolorum
2467 5519 2804 5595 temporibus
2840 5523 2892 5575 in
2944 5522 3115 5595 Epist.
3140 5519 3396 5592 Syumlic.
3428 5520 3499 5595 de
3518 5519 3624 5595 Pa-

2033 5590 2239 5661 sc'hate,
2311 5611 2432 5668 quae
2487 5590 2748 5668 impressa
2790 5590 3000 5663 legitur
3044 5590 3195 5668 inter:
3237 5595 3410 5668 Opera
3454 5590 3627 5668 ‘Bedae

2035 5662 2343 5742 ῑοιηηιινίιὶ
2378 5670 2505 5742 line.
2532 5662 2918 5742 ldenrquuque
2948 5665 3117 5742 sensit
3157 5664 3421 5742 Eusebius
3446 5662 3628 5714 Caesa-

2034 5733 2310 5796 riensis'in
2342 5739 2640 5795 omnimod.
2676 5733 2910 5794 Ilistoi‘ia
2959 5738 3166 5794 Cauon.
3197 5733 3585 5789 Cltronicormn
3609 5770 3627 5793 ,

2035 5809 2189 5880 cujus
2233 5820 2379 5867 extat
2421 5813 2779 5882 fragmentum
2811 5810 2953 5878 apud
2995 5806 3341 5866 Anastasium
3371 5798 3629 5855 Antioch.
