4154 6196
559 376 668 439 479

1656 381 1845 439 FIRM.
1884 378 2255 438 LACTAN'I‘II
2294 375 2497 436 DlVlN.
2539 379 2781 439 lNS'l‘lT.

3753 369 3861 434 £80

560 503 743 568 putet,
776 510 898 552 cum
927 494 1121 568 spiritu
1147 496 1278 566 Dei,
1305 498 1393 554 cui
1420 496 1578 554 facile
1604 507 1688 555 est
1712 496 1968 570 quidquid
1995 496 2145 565 velit,
2176 506 2228 565 Α
2254 503 2299 549 et
2326 496 2753 553 exacerbaverunt
2778 498 3015 570 spiritum
3037 506 3302 565 sanctum,
3327 507 3372 553 et
3398 513 3667 554 conversus
3694 507 3766 553 est
3788 498 3864 553 eis

558 596 835 661 gravatam
872 602 994 645 esse
1022 588 1298 662 Virginem
1327 591 1600 647 dicimus?
1627 590 1781 661 Quod
1819 606 1951 647 sane
1976 591 2153 647 incre-

557 680 726 740 dibile
751 691 940 756 posset
964 683 1165 749 videri,
1193 686 1298 741 nisi
1328 685 1430 741 hoc
1454 685 1691 741 futurum
1715 694 1839 741 ante
1862 685 2025 741 multa
2048 699 2152 739 sm-

557 773 679 831 cula
710 775 994 848 Pr0phette
1023 778 1366 834 cecinissent.
1403 779 1657 835 Salomon
1690 779 1762 834 ita
1792 777 1951 834 dicit:
1988 777 2153 847 Inﬁr-

557 878 729 926 matus
770 879 845 926 est
875 880 1049 927 uterus
1068 872 1300 944 virginis,
1349 882 1393 926 et
1421 874 1613 943 accepit
1636 876 1842 944 ﬂetum,
1871 883 1919 927 et
1943 881 2156 944 gravata

557 972 652 1032 est,
682 972 730 1019 et
756 965 896 1035 facta
920 975 993 1022 est
1016 967 1071 1021 in
1098 967 1260 1021 multa
1287 967 1607 1022 miseratione
1631 976 1792 1021 mater
1825 966 1998 1037 Virgo.
2021 963 2155 1022 item

560 1056 821 1128 propheta
852 1057 1061 1125 Esaias,
1093 1060 1246 1130 cujus
1276 1061 1439 1116 verba
1470 1069 1595 1116 sunt
1624 1060 1741 1116 haec
1768 1080 1780 1114 :
1812 1057 2037 1130 Propter
2063 1059 2158 1115 hoc

559 1148 701 1205 dabit
739 1148 880 1205 Deus
914 1149 1025 1223 ipse
1062 1151 1201 1207 vobis
1241 1153 1484 1223 signant;
1516 1150 1645 1206 Ecce
1679 1149 1833 1224 Virgo
1862 1151 2074 1222 accipiet
2100 1150 2157 1206 in

558 1250 735 1309 utero,
770 1250 819 1298 et
848 1243 1012 1314 pariet
1039 1243 1235 1313 ﬁlium,
1268 1253 1315 1299 et
1342 1244 1581 1300 vat-abitis
1610 1261 1793 1300 nomen
1821 1246 1933 1316 ejus
1963 1243 2159 1299 Hemo-

560 1336 701 1390 nuel.
732 1335 871 1404 Quid
899 1338 1003 1391 hoc
1027 1336 1363 1393 manifestius
1388 1336 1493 1394 dici
1523 1336 1735 1408 potest?
1759 1336 2035 1407 Legebant
2061 1336 2160 1391 ista

559 1429 766 1498 Judaei,
795 1431 886 1500 qui
915 1446 1037 1485 eum
1066 1437 1415 1500 negaverunt.
1450 1429 1506 1485 Si
1538 1430 1656 1499 quis
1687 1444 1787 1485 nos
1813 1428 1931 1485 haec
1962 1427 2163 1499 ﬁngere

562 1521 876 1589 arbitratur,
901 1521 969 1577 ab
990 1520 1076 1577 his
1101 1522 1374 1592 requirat,
1397 1520 1466 1576 ab
1487 1520 1573 1577 his
1599 1520 1937 1592 potissimum
1961 1528 2161 1575 sumat.

564 1616 710 1676 Satis
741 1617 955 1673 ﬁrmum
989 1616 1356 1674 testimonium
1386 1626 1471 1674 est
1496 1618 1564 1673 ad
1605 1616 1935 1688 probandam
1963 1616 2162 1670 verita-

564 1719 706 1776 tem,
739 1709 882 1781 quod
922 1709 991 1765 ab
1028 1708 1163 1781 ipsis
1203 1708 1517 1779 perhibetur
1560 1710 1815 1765 inimicis.
1868 1706 2166 1784 Hemanuel

562 1810 741 1857 autem
774 1817 1046 1873 nunquam
1079 1802 1345 1858 vocitatus
1373 1810 1487 1870 est,
1517 1802 1610 1858 sed
1651 1802 1838 1866 Jesus,
1868 1804 1959 1873 qui
2002 1800 2166 1858 latine

2256 587 2324 641 ad
2350 589 2695 645 inimicitiam.
2741 589 2809 645 Et
2846 591 2955 663 ipse
2993 593 3337 664 expugnavit,
3373 600 3422 645 et
3461 591 3760 647 recordatus
3788 598 3861 646 est

2256 681 2454 737 dierum
2480 684 2656 738 δωρηιὶ
2674 726 2689 751 ,
2714 685 2800 754 qui
2822 685 3081 740 suscitavit
3103 685 3167 740 de
3188 694 3326 740 terra
3352 693 3609 756 pastorem
3634 685 3822 740 ovium.

2330 774 2463 843 Quis
2483 784 2665 831 autem
2691 775 2901 832 futurus
2922 785 3069 835 esset
3095 777 3185 833 ille
3210 785 3416 849 pastor,
3437 776 3735 834 declaravit
3756 777 3866 833 alio

2261 867 2403 936 loco,
2437 868 2659 926 dicens:
2696 870 2943 927 Exultant
2968 872 3085 926 caeli
3114 872 3355 944 desuper,
3386 880 3433 925 et
3462 870 3621 926 nubes
3646 871 3867 926 induant

2252 962 2543 1033 justitiam:
2569 965 2832 1034 aperiatur
2858 975 2995 1019 terra
3014 1006 3027 1030 ,
3056 975 3105 1020 et
3133 964 3355 1035 pullulet
3381 963 3723 1022 Salvatorem.
3754 964 3867 1036 Ego

2262 1056 2396 1111 enim
2439 1056 2693 1112 Dominus
2712 1056 2852 1112 Deus
2879 1058 3046 1113 creavi
3076 1074 3209 1112 eum.
3232 1058 3484 1114 Salvator
3508 1071 3639 1112 vero
3668 1064 3773 1123 est,
3808 1063 3868 1112 ut

2262 1163 2423 1217 supra
2450 1147 2685 1205 diximus
2706 1190 2721 1215 ,
2745 1148 2922 1205 Jesus.
2951 1149 3058 1205 Sed
3081 1149 3260 1205 etalio
3287 1148 3408 1204 loco
3434 1148 3575 1203 idem
3602 1148 3868 1220 propheta

2263 1239 2342 1294 sic
2374 1239 2711 1309 prmdicavit:
2745 1241 2877 1296 Ecce
2903 1252 3059 1297 natus
3087 1250 3161 1296 est
3191 1239 3337 1296 nobis
3360 1258 3508 1313 puer,
3540 1251 3590 1296 et
3620 1240 3771 1294 datus
3790 1248 3866 1297 est

2264 1334 2408 1390 nobis
2430 1336 2606 1405 ﬁlius:
2631 1337 2778 1402 cuius
2802 1337 3073 1408 imperium
3099 1354 3251 1410 super
3276 1338 3512 1392 humeros
3535 1337 3683 1407 ejus;
3708 1344 3755 1391 et
3776 1350 3866 1391 vo-

2265 1438 2437 1484 catum
2466 1440 2540 1485 est
2570 1447 2755 1486 nomen
2784 1432 2930 1503 ejus,
2964 1432 3141 1504 magni
3169 1431 3372 1486 consilii
3399 1431 3629 1487 nuntius.
3661 1428 3866 1486 Idcirco

2266 1525 2410 1580 enim
2440 1526 2634 1581 missus
2663 1535 2747 1582 est
2773 1541 2803 1581 a
2832 1526 2942 1582 Deo
2972 1526 3164 1594 Patre,
3196 1538 3254 1582 ut
3283 1525 3551 1582 universis
3578 1524 3829 1596 gentibus
3847 1566 3866 1593 ,

2267 1632 2387 1688 qute
2418 1616 2519 1673 sub
2543 1618 2685 1673 ctelo
2712 1629 2871 1685 sunt,
2908 1618 3197 1690 singularis
3236 1627 3291 1675 et
3332 1619 3445 1674 veri
3485 1617 3580 1673 Dei
3619 1625 3867 1673 sanctum

2270 1710 2587 1781 mysterium
2627 1711 2926 1776 revelaret,
2968 1710 3205 1767 ablatum
3249 1709 3455 1782 perfido
3501 1709 3737 1780 populo,
3778 1708 3875 1780 qui

2270 1801 2531 1857 adversus
2563 1802 2729 1857 Deum
2757 1817 2903 1872 sirpe
2934 1802 3181 1873 deliquit.
3214 1801 3402 1857 Daniel
3432 1814 3647 1873 quoque
3673 1800 3876 1857 similia

561 1892 761 1949 dicitur
786 1894 1072 1964 salutaris,
1099 1894 1215 1950 sive
1238 1894 1505 1961 salvator;
1531 1894 1652 1964 quia
1675 1894 1885 1949 cunctis
1909 1895 2161 1965 gentibus
2189 1908 2239 1969 Β
2268 1895 2591 1964 prmlocutus
2630 1902 2729 1949 est.
2774 1893 3050 1962 Videbam,
3094 1894 3297 1964 inquit,
3340 1896 3393 1948 in
3434 1896 3544 1949 visu
3588 1895 3783 1959 noctis;
3825 1902 3875 1948 et

561 1986 810 2042 salutifer
841 1986 1006 2042 venit.
1032 1984 1141 2042 Sed
1172 1986 1433 2057 propheta
1455 1986 1747 2042 declaravit
1777 1986 1879 2042 hoc
1909 1986 2127 2042 nomine
2147 2029 2161 2054 ,

561 2078 706 2150 quod
736 2079 881 2136 Deus
906 2079 976 2135 ad
1006 2078 1253 2135 homines
1284 2080 1336 2135 in
1365 2094 1529 2135 carne
1558 2090 1819 2135 venturus
1846 2086 2009 2135 esset.
2051 2079 2161 2135 He-

563 2170 781 2228 manuel
807 2171 950 2227 enim
974 2170 1269 2243 significat,
1300 2170 1579 2227 nobiscum
1606 2171 1782 2238 Deus;
1811 2172 2017 2228 scilicet
2040 2171 2164 2241 quia

564 2264 660 2321 illo
688 2280 785 2335 per
812 2264 1076 2336 virginem
1113 2273 1271 2328 nato,
1300 2264 1551 2320 conﬁteri
1593 2264 1837 2320 homines
1880 2264 2166 2335 oportebat

563 2356 733 2413 Deum
762 2371 947 2413 secum
977 2371 1099 2413 esse
1118 2398 1134 2423 ,
1165 2356 1216 2412 id
1244 2365 1327 2413 est
1346 2398 1360 2423 ,
1389 2356 1440 2412 in
1472 2368 1610 2413 terra
1630 2399 1643 2424 ,
1675 2366 1731 2413 et
1757 2358 1808 2411 in
1833 2372 1996 2413 carne
2021 2371 2167 2411 mor-

565 2450 679 2506 tali.
710 2449 866 2507 Unde
893 2450 1057 2507 David
1086 2450 1140 2506 in
1172 2450 1380 2521 psalmo
1409 2466 1648 2506 Lustv.
1685 2450 1924 2517 Veritas,
1956 2449 2163 2519 inquit,

562 2543 631 2600 de
659 2554 799 2600 terra
827 2553 944 2599 orta
972 2552 1091 2612 est;
1120 2545 1245 2615 quia
1272 2544 1413 2600 Deus
1436 2586 1450 2609 ,
1480 2545 1530 2598 in
1560 2559 1664 2615 quo
1685 2544 1884 2599 veritas
1910 2552 1993 2599 est
2012 2585 2026 2609 ,
2058 2553 2168 2599 ter-

562 2653 753 2695 renum
794 2653 990 2709 corpus
1020 2639 1263 2709 accepit,
1298 2647 1356 2693 ut
1384 2639 1614 2695 terrenis
1643 2640 1782 2694 viam
1815 2639 2005 2694 salutis
2034 2652 2165 2708 ape-

562 2732 713 2789 riret.
755 2732 887 2789 Item
919 2731 1106 2789 Esaias
1137 2733 1286 2803 ipse:
1318 2731 1434 2803 Ipsi
1462 2743 1635 2787 autem
1664 2749 1766 2787 non
1797 2732 2160 2796 crediderunt,

2271 2003 2386 2042 ecce
2409 1986 2463 2040 in
2489 1986 2705 2041 nubibus
2731 1987 2843 2041 caeli
2870 1996 2926 2040 ut
2957 1986 3096 2055 ﬁlius
3125 1986 3347 2042 hominis
3372 1986 3574 2041 veniens
3594 2028 3610 2054 ,
3640 1994 3688 2041 et
3715 2001 3877 2052 usque

2272 2080 2342 2134 ad
2370 2088 2620 2133 vetustum
2648 2080 2845 2134 dierum
2875 2080 3119 2151 pervenit.
3152 2077 3220 2133 Et
3247 2081 3335 2150 qui
3366 2078 3694 2147 assistebant,
3727 2079 3881 2133 obtu-

2273 2176 2440 2230 lerunt
2466 2191 2578 2229 eum
2596 2218 2609 2240 ,
2642 2185 2687 2229 et
2710 2174 2888 2228 datum
2909 2182 2984 2229 est
3010 2174 3056 2229 ei
3081 2190 3292 2245 regnum
3310 2215 3325 2238 ,
3350 2183 3398 2228 et
3424 2173 3612 2241 honor,
3640 2182 3687 2227 et
3711 2173 3881 2242 impe-

2270 2271 2438 2338 rium,
2467 2280 2511 2323 et
2542 2285 2713 2325 omnes
2754 2269 2962 2339 populi,
3004 2269 3196 2333 tribus,
3246 2269 3439 2340 linguae
3465 2267 3682 2323 servient
3711 2265 3761 2322 ei
3776 2282 3795 2332 ;
3824 2275 3881 2321 et

2274 2372 2495 2433 potestas
2539 2362 2648 2433 ejus
2690 2371 2914 2429 wterna,
2957 2377 3071 2433 qua:
3106 2378 3367 2432 nunquam
3406 2360 3679 2427 transibit,
3721 2367 3769 2413 et
3793 2375 3884 2413 re-

2273 2472 2430 2528 gnum
2461 2458 2608 2526 ejus,
2652 2456 2789 2527 quod
2827 2472 2929 2511 non
2971 2467 3346 2527 corrumpetur.
3391 2452 3675 2522 Quomodo
3714 2452 3883 2523 igitur

2273 2547 2444 2605 Judaei
2471 2559 2523 2605 et
2547 2550 2893 2614 conﬁtentur,
2936 2558 2992 2604 et
3031 2558 3255 2619 sperant
3292 2548 3568 2604 Christum
3611 2546 3741 2602 Dei?
3778 2546 3882 2617 qui

2273 2640 2415 2697 hunc
2453 2641 2655 2698 idcirco
2694 2642 3147 2714 reprobaverunt,
3189 2642 3314 2714 quia
3354 2658 3419 2699 ex
3461 2640 3678 2697 homine
3714 2647 3884 2695 natus

2271 2742 2375 2789 est.
2416 2732 2551 2790 Nam
2598 2748 2720 2790 cum
2760 2734 2832 2791 ita
2871 2736 2944 2792 sit
2981 2750 3012 2790 a
3056 2736 3165 2792 Deo
3206 2736 3588 2802 constitutum,
3630 2742 3689 2790 ut
3727 2733 3885 2801 idem

1913 2867 2275 2926 VARIORUM
2318 2868 2547 2926 NOT/E.

561 3026 680 3084 cap.
723 3011 961 3084 22,,lib.
987 3027 1112 3076 vtn,
1153 3025 1272 3084 cap.
1314 3009 1386 3084 12
1405 3051 1427 3084 ,_
1466 3009 1705 3084 lib._xvr,
1750 3022 1869 3084 cap.
1896 3007 1988 3063 24.
2030 3007 2158 3063 Haec

561 3080 897 3153 comparatio
935 3094 1020 3139 est
1058 3098 1087 3137 a
1129 3083 1323 3138 minori
1364 3081 1429 3136 ad
1472 3081 1676 3150 majus:
1722 3080 1827 3153 sed
1857 3094 2051 3153 vereor
2091 3094 2158 3135 ne

564 3150 703 3210 tuue'
719 3155 978 3223 temporis
1005 3155 1381 3209 auctoritatem
1412 3166 1657 3221 magnam
1687 3166 1792 3205 non
1820 3150 2084 3205 habuerit.

636 3224 911 3280 Gravatam
932 3241 1039 3280 esse
1065 3223 1341 3294 Virginem.
1363 3223 1438 3279 lta
1455 3238 1645 3278 omnes
1668 3223 1797 3294 editi
1814 3231 1867 3277 et
1884 3236 2011 3276 mss.
2037 3237 2171 3292 prie-

566 3307 649 3354 ter
675 3298 709 3351 4
737 3312 847 3353 rec.
878 3297 932 3351 in
971 3291 1173 3365 quibus
1196 3305 1282 3350 est
1320 3294 1663 3365 gravidatam.
1695 3294 1722 3348 1
1750 3291 1974 3349 Colbert
2022 3291 2051 3346 a
2082 3307 2170 3348 se-

563 3367 737 3425 cunda
782 3383 940 3422 manu
981 3364 1269 3439 gravidam.
1312 3367 1379 3421 Et
1412 3364 1547 3421 infra
1577 3376 1791 3437 gravata
1822 3374 1893 3419 est
1922 3365 2082 3420 etiam
2115 3365 2167 3418 in

562 3455 696 3496 mss.
723 3439 1022 3495 codicibus.

638 3509 889 3567 Salomon
930 3511 1004 3565 ita
1042 3510 1183 3565 dicit.
1216 3508 1305 3565 Sic
1332 3507 1511 3565 ferunt
1538 3508 1694 3563 multi
1724 3522 1855 3563 mss.
1890 3507 2037 3563 Inter
2064 3520 2172 3561 cae-

568 3592 713 3640 teros
739 3582 828 3637 alii
856 3582 1058 3637 addunt
1086 3583 1140 3635 in
1172 3580 1283 3652 Ode
1309 3581 1721 3652 undevigesimo;
1748 3579 1838 3633 alii
1879 3580 1932 3634 in
1956 3577 2170 3652 Psalmo

562 3654 976 3725 undevigesimo;
1024 3653 1089 3723 2,
1144 3654 1198 3725 in
1246 3651 1460 3707 Psalmo
1501 3651 1946 3725 vigesimo_:_qua:
1990 3651 2169 3704 omnia

563 3727 695 3782 mihi
725 3721 974 3780 videntur
999 3721 1120 3779 esse
1150 3724 1496 3794 glossemata.
1529 3721 1696 3794 Alteri
1738 3723 1773 3774 2
1802 3721 1936 3791 Reg.
1968 3736 2078 3794 rec.
2114 3728 2171 3794 et

565 3798 695 3852 editi
736 3806 893 3861 octo,
927 3792 1182 3850 Salomon
1210 3795 1283 3848 sic
1313 3795 1404 3848 ait.
1437 3793 1566 3849 Hzec
1590 3792 1895 3849 Salomonis
1926 3793 2086 3848 verba
2117 3792 2169 3845 in

564 3868 683 3937 ejus
714 3867 863 3937 libris
892 3881 998 3921 non
1041 3867 1315 3937 leguntur.

636 3937 773 3992 Ecce
809 3936 967 4008 Virgo
994 3933 1207 4008 accipiet
1232 3936 1286 4008 in
1318 3945 1481 4008 utero.
1514 3935 1587 4008 Ita
1622 3949 1726 4008 ms.
1759 3933 2171 4008 antiquissimus

566 4005 1070 4079 Regio-Puteanus,
1106 4005 1125 4060 l
1152 4006 1304 4079 Colb.
1337 4007 1456 4079 [ξω.
1480 4017 1539 4079 et
1571 4006 1593 4059 1
1622 4006 1859 4079 Clarum.
1891 4018 1989 4059 nec
2014 4005 2173 4079 aliter

568 4075 699 4150 legit
726 4080 783 4135 S.
816 4079 1121 4150 Cyprianus
1151 4077 1245 4150 lib.
1276 4093 1311 4130 ιι
1343 4076 1735 4150 Testimonior.
1781 4075 2050 4150 adversus
2077 4075 2172 4150 Ju-

567 4145 748 4218 dzﬁos,
778 4145 977 4220 cap.78.
1008 4149 1063 4203 ln
1091 4149 1127 4203 2
1153 4148 1282 4220 Reg.
1310 4158 1366 4202 et
1394 4148 1458 4220 12
1483 4147 1749 4220 editisest
1773 4148 1826 4200 in
1853 4156 2087 4220 uterum;
2117 4145 2170 4220 in

569 4223 638 4279 19
667 4217 885 4286 scriptis
916 4217 1305 4277 recentissiuiis
1334 4231 1387 4275 et
1414 4218 1449 4274 8
1474 4219 1689 4274 excusis
1715 4232 1818 4282 εει,
1844 4218 2092 4286 concipiet
2119 4217 2173 4271 iu

564 4306 727 4350 utero.
762 4291 858 4349 Ed.
890 4292 1104 4347 Sublac.
1140 4292 1298 4346 habet
1326 4291 1595 4359 concipiet.

652 4365 922 4420 Vocabitis.
945 4363 1020 4418 ita
1049 4378 1178 4418 mss.
1203 4363 1237 4419 9
1266 4362 1437 4433 Regii,
1469 4357 1610 4415 inter
1630 4375 1766 4430 quos
1791 4368 1917 4433 sunt
1940 4357 2047 4413 duo
2071 4373 2171 4413 an-

570 4437 893 4508 tiquissimi,
936 4436 1286 4508 aliiqttecum
1315 4432 1363 4489 9’
1381 4433 1560 4508 editis.
1607 4432 1804 4508 scripti
1835 4432 1868 4485 6
1899 4444 2007 4485 rec.
2051 4445 2172 4508 cum

2266 3010 2522 3079 protulit:
2554 3008 2693 3065 Deus
2714 3050 2728 3064 .
2753 3052 2766 3064 .
2794 3048 2807 3063 .
2837 3010 2924 3081 qui
2953 3010 3129 3066 eduxit
3154 3011 3219 3067 de
3245 3013 3452 3068 mortuis
3477 3021 3732 3083 pastorem
3759 3029 3887 3067 ma-

2266 3098 2421 3164 gnum
2450 3083 2651 3148 ovium,
2685 3084 2710 3137 ὁ
2736 3085 2995 3157 ἀναγάγων
3024 3090 3077 3138 ἐκ
3105 3092 3311 3158 νεκρῶν.
3360 3084 3495 3140 Vide
3531 3084 3726 3139 Isaiam
3773 3099 3885 3139 ca-

2272 3163 2379 3223 pite
2408 3170 2533 3208 ani
2558 3163 2668 3223 atq.
2699 3169 2823 3208 xcv.

2345 3222 2455 3297 Ego
2486 3226 2620 3278 enim
2649 3224 2886 3279 dominus
2919 3223 3057 3280 Deus
3086 3225 3250 3297 creavi
3272 3268 3286 3284 .
3319 3235 3426 3281 etc.
3470 3226 3585 3297 Non
3617 3234 3703 3282 est
3731 3227 3888 3297 quoil

2270 3296 2507 3350 somnies
2548 3297 2641 3349 tibi
2684 3305 2922 3368 creatum
2969 3296 3256 3368 quemdam
3306 3297 3400 3351 Dei
3444 3296 3673 3353 Filium:
3721 3296 3893 3368 cujus

2270 3369 2470 3440 erroris
2518 3367 2737 3440 arcendi
2777 3382 2939 3440 causa
2967 3366 3200 3440 ‘Nicteua
3245 3371 3485 3440 synodus
3524 3366 3892 3432 curavit,'ut

2270 3436 2528 3510 deinceps
2571 3439 2621 3491 in
2672 3438 2919 3510 symbolo
2949 3436 3221 3510 diceretur
3246 3436 3605 3506 ,'I‘swn0évra,
3630 3444 3684 3495 σὺ
3722 3461 3888 3501 ποιη-

2270 3510 2432 3565 θέντα.
2466 3509 2541 3563 De
2564 3524 2671 3578 quo
2702 3509 2813 3577 lege
2842 3509 3023 3564 Basilii
3055 3511 3337 3579 epistolam
3385 3513 3449 3566 ad
3484 3512 3892 3567 Antiochenses

2273 3579 2550 3648 scriptam,
2577 3590 2630 3634 et
2662 3582 2819 3634 aliam
2848 3581 3081 3644 Eusebii,
3108 3597 3266 3651 quam
3289 3581 3668 3639 Theodoretus
3696 3583 3890 3637 eccle-

2273 3652 2504 3706 siastica:
2533 3650 2770 3723 historim
2798 3652 3025 3705 inseruit
3054 3650 3148 3707 lib.
3184 3668 3381 3723 t,cap.
3414 3654 3503 3709 l2.
3553 3653 3689 3709 Vide
3731 3655 3891 3722 apud

2277 3723 2657 3791 Epiphaniam,
2694 3722 2964 3795 haeretica:
2998 3722 3280 3792 pravitatis
3313 3722 3688 3795 inquisitorem
3721 3740 3890 3780 acer-

2276 3797 2513 3860 rimuin,
2564 3794 3002 3863 propheticarum
3049 3810 3241 3848 vocum
3288 3794 3700 3851 conciliatorem
3746 3795 3889 3851 dili-

2274 3866 2685 3939 geiitissimum,
2729 3865 2869 3920 libro
2910 3880 2989 3930 ιιι,
3013 3881 3132 3936 quie
3169 3866 3238 3921 sit
3279 3866 3419 3922 inter
3446 3866 3620 3923 creari
3652 3875 3707 3923 et
3734 3868 3894 3939 gigni

2274 3935 2599 3991 diﬁ‘erentia.
2624 3937 2948 3991 BETULEIUS.

2352 4005 2482 4060 Ecce
2502 4048 2516 4069 ,
2547 4018 2652 4062 etc.
2686 4008 2808 4062 l52li.
2840 4024 2913 4062 Ix.
2943 4006 3047 4062 Sed
3075 4006 3190 4061 lucc
3217 4024 3324 4061 nou
3352 4018 3478 4063 sunt
3504 4008 3728 4064 totidem
3753 4025 3893 4065 ver-

2278 4077 2359 4132 his
2400 4079 2451 4131 in
2494 4078 2801 4147 Scriptura:
2846 4077 2987 4133 unde
3025 4080 3296 4147 conjicere
3338 4079 3496 4141 licet,
3542 4080 3898 4138 Laclantium

2278 4151 2591 4204 memoriter
2617 4151 2883 4217 allegasse
2907 4148 3218 4217 Scripturas
3246 4164 3448 4205 sacras.

2348 4219 2664 4289 Singularis.
2697 4219 2811 4275 Vox
2843 4220 3143 4289 theologica
3165 4263 3178 4286 ,
3233 4222 3405 4291 inquit
3438 4222 3713 4278 Bctuleius
3739 4239 3754 4288 ;
3785 4225 3895 4280 sed

2278 4304 2385 4344 non
2417 4292 2585 4373 magis
2610 4306 2769 4373 quam
2800 4307 2955 4373 unus,
2989 4293 3188 4373 unicus,
3212 4307 3324 4373 pro
3358 4308 3466 4364 quo
3496 4309 3641 4373 saepe
3671 4295 3898 4373 elegan-

2277 4361 2666 4436 ter_singularis
2693 4361 3081 4436 ponit._NoIa_vi
3099 4362 3178 4436 ad
3212 4361 3313 4436 lib.
3338 4361 3391 4430 ιζ
3427 4379 3477 4419 c.
3511 4366 3545 4419 4
3576 4367 3670 4436 lin.
3707 4361 3896 4436 Eque

2278 4447 2342 4487 ac
2365 4432 2452 4504 hic
2474 4432 2567 4488 lib.
2595 4449 2642 4499 ι,
2670 4449 2791 4501 cap.
2818 4434 2915 4488 1‘5:
2942 4432 3038 4486 Dei
3064 4434 3340 4504 singularis
3363 4451 3420 4488 ac
3448 4436 3551 4490 veri
3570 4435 3727 4491 dixit.
3756 4432 3893 4494 Bon.

572 4501 793 4578 toiidem
823 4501 1264 4578 excusis—habent
1294 4505 1588 4578 vocabitur;
1616 4504 1772 4558 alteri
1806 4517 1915 4578 rec.
1948 4501 2168 4555 vocabis.
2200 4509 2255 4571 ι)
2351 4503 2589 4578 ᾼὺιιιιιιηι
2629 4504 2828 4578 per/ida
2869 4501 3285 4578 populozcoth.
3316 4523 3328 4558 ε
3362 4506 3533 4578 ablato
3562 4507 3765 4578 perﬁdo
3792 4525 3897 4577 po-

568 4577 866 4704 ;lgeciqipud
892 4576 1086 4634 Isaiam
1115 4593 1234 4648 cap.
1263 4592 1355 4632 vn.
1378 4575 1509 4631 Vide
1526 4575 1789 4631 [renatum
1820 4574 1913 4629 lib.
1940 4588 2021 4639 tn,
2051 4587 2169 4641 cap.

611 4651 795 4716 4,16.

647 4720 747 4786 Qui
771 4735 884 4774 eum
901 4728 1227 4787 negaverunt.
1255 4718 1331 4773 Ita
1352 4732 1541 4775 omnes
1565 4718 1693 4774 editi
1723 4731 1845 4772 cum
1876 4730 2006 4769 mss.
2039 4729 2177 4787 pra:-

573 4800 656 4846 ter
680 4793 717 4845 2
745 4790 879 4860 Reg.
898 4833 912 4857 ,
944 4786 1170 4843 Torncs.
1194 4832 1208 4852 ,
1239 4788 1276 4842 2
1305 4790 1542 4844 tiolbei-t.
1562 4830 1578 4853 ,
1613 4792 1635 4843 1
1672 4788 1905 4860 Clarom.
1925 4825 1941 4851 ,
1976 4786 2178 4860 inqui-

573 4862 675 4917 bus
704 4855 1176 4924 estfnécaveruut.
1216 4860 1345 4913 Vide
1374 4861 1623 4915 eamdem
1665 4858 1994 4913 locutionem
2036 4855 2176 4910 infra

572 4948 692 4989 can.
730 4933 815 4989 18.

641 4950 939 5061 Ἦεῖιῗαηιιει
959 5012 1125 5057 autem
1153 5017 1413 5071 nunquam
1436 5002 1685 5056 vocitatus
1711 5009 1813 5064 est,
1842 5008 1945 5055 ctc.
1973 4998 2173 5071 verum

572 5088 657 5132 est
677 5090 950 5146 nunquam
975 5073 1139 5130 fuisse
1162 5075 1231 5146 ita
1257 5067 1549 5146 vocitatum
1575 5067 2178 5146 nomiuepropriozsed

573 5159 782 5204 certum
811 5140 991 5202 tamen
1022 5158 1136 5208 est.
1172 5144 1320 5199 illum
1354 5143 1519 5199 fuisse
1546 5160 1731 5199 verum
1765 5140 2176 5197 Emmanuelcm

576 5233 854 5287 nostrum,
890 5233 999 5273 non
1039 5215 1216 5287 quoad
1259 5215 1675 5287 appellationem
1704 5212 1951 5287 nominis
1993 5219 2176 5287 exter-

576 5234 854 5287 nosu'um,
890 5234 999 5273 non
1078 5234 1216 5272 “030
1259 5234 1675 5287 appellationem
1717 5234 1951 5269 llOﬂlllllS
1993 5234 2174 5265 euer-

576 5307 737 5356 nam,
769 5291 864 5346 sed
894 5290 977 5345 vel
1006 5234 1070 5344 a3
1101 5287 1480 5353 efﬁcientiam,
1522 5287 1607 5341 vel
1649 5286 1713 5341 ad
1758 5283 2174 5355 applicationein

577 5364 687 5425 rei,
715 5376 837 5431 quae
867 5376 963 5432 per
991 5375 1187 5432 nomen
1216 5358 1343 5432 illud
1376 5359 1707 5432 designatur.

653 5428 755 5498 Qui
780 5428 1059 5487 suscitavit.
1091 5431 1190 5486 Ms.
1224 5432 1247 5486 1
1281 5428 1687 5499 Βοηοιιζιιηιίίι.
1717 5428 1854 5497 quia.

652 5496 928 5557 Suscitavit
953 5507 1017 5556 de
1041 5513 1174 5573 terra
1198 5511 1452 5573 pastorem
1477 5496 1664 5556 ovium.
1688 5496 1886 5573 Prode
1911 5509 2064 5564 terra,
2095 5496 2176 5551 le-

576 5573 725 5645 gitur
750 5573 887 5642 apud
913 5589 1045 5645 1.x},
1075 5571 1251 5645 eduxit
1278 5574 1341 5645 de
1369 5574 1518 5638 mari,
1551 5574 1603 5627 ἐκ
1626 5581 1719 5645 τῆς
1737 5571 2020 5645 ρᾳλάσσιης,
2054 5585 2173 5645 pas-

578 5640 739 5701 torem
765 5640 952 5698 ovium.
985 5642 1059 5697 lta
1088 5644 1248 5698 etiam
1281 5644 1539 5699 Hebrazus
1567 5654 1623 5699 et
1648 5644 1705 5699 S.
1736 5642 2094 5701 llicroaymus
2122 5640 2176 5694 iu

576 5734 674 5775 sua
710 5731 853 5773 vers.
885 5714 942 5770 lu
976 5716 1222 5787 cagteris,
1266 5716 1324 5769 ἐκ
1348 5725 1440 5776 τῆς
1463 5725 1590 5787 γῆς,
1632 5724 1686 5787 et
1725 5713 1867 5784 apud
1909 5713 2176 5787 [lierony-

576 5806 722 5847 mutu
750 5789 813 5843 de
832 5798 985 5843 terra.
1010 5786 1164 5842 Hunc
1191 5786 1366 5842 locum
1388 5827 1403 5853 ,
1430 5783 1589 5858 quem
1612 5785 1677 5841 ad
1698 5786 1898 5841 calcem
1923 5783 2177 5858 Epistulae

582 5863 649 5917 ad
691 5862 949 5919 Hebrazns
988 5858 1189 5915 Paulus
1227 5854 1531 5930 respexisse
1569 5859 1782 5916 videtur
1820 5854 1984 5929 paulo
2019 5854 2178 5911 aliter

2280 4575 2435 4645 pulo,
2467 4574 2648 4641 prave.
2674 4575 2794 4631 Lib.
2826 4591 2899 4640 tv,
2938 4574 3061 4643 cap.
3093 4574 3162 4629 2:
3198 4576 3461 4633 Stutuerat
3495 4574 3630 4632 Deus
3656 4574 3672 4631 ζ
3702 4617 3717 4631 .
3746 4619 3760 4632 .
3789 4574 3897 4634 du-

2279 4662 2388 4699 cem
2428 4647 2660 4709 mittere,
2704 4648 2795 4716 qui
2835 4663 2947 4701 eam
2977 4646 3241 4713 justitiam
3287 4647 3306 4716 (
3326 4648 3429 4703 hoc
3457 4650 3607 4715 loco,
3645 4660 3893 4705 sanctum

2279 4719 2615 4789 mysterium)
2647 4717 2846 4788 perﬁdo
2874 4717 3176 4788 ingrataque
3205 4718 3397 4789 populo
3426 4720 3655 4774 ablatam
3686 4723 3895 4778 caeteris

2279 4787 2571 4841 nationibus
2602 4787 2865 4842 reuelaret.
2896 4790 3032 4843 BUN.

2357 4857 2537 4931 Daniel
2565 4875 2762 4929 quoque
2790 4860 2978 4913 similia
3006 4859 3313 4929 prwlocutus
3340 4869 3432 4915 est.
3479 4861 3609 4931 Cap.
3649 4878 3745 4919 vtt.
3792 4864 3894 4919 lle-

2279 4928 2409 5007 brtei
2451 4944 2573 4984 eum
2606 4928 2882 5007 prophetis
2909 4928 3015 5007 non
3046 4941 3370 5007 accensent;
3400 4928 3716 5007 causaest,
3748 4934 3890 5007 quod

2279 4999 2445 5074 uitam
2473 4999 2646 5074 egerit
2677 5018 2784 5057 non
2829 5003 3231 5073 prOpheticaui.
3279 5003 3372 5058 sed
3419 4999 3798 5074 Satrapica’m',
3839 5015 3895 5059 ut

2284 5070 2445 5147 David
2476 5070 2729 5147 regalem.
2755 5070 3218 5147 Qu’are'eos_aiun_t
3241 5070 3773 5147 scripsissequidein
3800 5090 3894 5147 per

2281 5141 2871 5215 Spiritum'Sanctum,
2911 5146 3004 5200 sed
3045 5141 3491 5215 Prophetas’uon
3524 5141 3721 5202 fuisse:
3758 5141 3894 5202 atta-

2281 5228 2408 5286 men
2443 5225 2498 5286 et
2527 5214 2802 5281 Christus,
2832 5225 2881 5270 et
2912 5215 3179 5286 Iosephus
3199 5256 3214 5279 ,
3243 5225 3299 5272 et
3338 5215 3605 5272 catholica
3649 5218 3893 5275 Ecclesia

2284 5285 2555 5355 Danielem
2587 5295 2777 5341 vocant
2806 5285 3142 5355 prophetam.
3182 5286 3262 5341 Ea:
3291 5288 3555 5343 Panemo.

2355 5354 2505 5426 Quod
2552 5373 2654 5410 non
2702 5354 3076 5426 corrumpetur.
3129 5358 3340 5413 Amittit
3401 5359 3537 5425 quod
3589 5358 3890 5415 Buneman.

2288 5424 2532 5502 «Antea,
2556 5427 2749 5502 inquit,
2782 5424 2953 5481 fuerat
2975 5429 3177 5483 editum
3204 5430 3271 5483 ab
3300 5424 3566 5502 omnibus,
3603 5439 3652 5484 et
3679 5446 3896 5502 regnum

2280 5498 2413 5571 ejus,
2448 5499 2587 5571 quod
2619 5516 2720 5571 non
2748 5509 3120 5568 corrumpetur.
3147 5503 3316 5568 Atque
3332 5500 3531 5557 habent
3549 5502 3689 5571 quod
3719 5498 3895 5557 textus

2282 5566 2852 5641 liebr.,"i'ertulliauus
2872 5566 3084 5641 quoque
3114 5571 3204 5627 lib.
3234 5566 3294 5625 ιιι
3319 5615 3332 5636 ,
3365 5566 3626 5628 adversus
3669 5572 3898 5627 Marcio-

2282 5653 2405 5712 nem
2440 5657 2452 5693 :
2497 5638 2564 5693 Et
2604 5658 2813 5711 regnum
2854 5638 3011 5705 eius,-
3036 5642 3173 5712 quod
3212 5659 3315 5696 non
3360 5644 3642 5699 vitiabitur.
3690 5643 3899 5699 Nihili)-

2282 5710 2460 5783 miuus
2484 5710 2671 5783 omisi
2712 5713 2815 5768 fide
2839 5710 3324 5778 codicis'Gothani,
3355 5717 3444 5783 qui
3476 5715 3677 5783 pariter
3701 5729 3763 5769 ac
3788 5727 3897 5766 au-

2284 5781 2622 5851 tiquissimus
2651 5785 2998 5840 tauriniensis
3040 5785 3093 5839 in
3122 5784 3264 5854 Epit.
3296 5799 3348 5840 c.
3374 5781 3446 5840 l7
3474 5781 3623 5843 clare
3667 5786 3842 5855 legunt
3868 5800 3891 5838 :

2287 5864 2332 5908 et
2358 5869 2572 5925 regnum
2613 5858 2723 5925 ejus
2765 5872 2867 5912 non
2904 5865 3278 5928 corrumpetur.
3309 5856 3443 5913 Buu.
3472 5875 3492 5909 ι
