4154 6196
259 234 349 294 681

1113 237 1320 295 LIBER
1360 233 1451 296 IV.
1494 232 1582 295 DE
1626 237 1809 296 VERA
1852 234 2222 296 SAPIENTIA
2257 236 2346 294 ET
2384 234 2613 295 RELIG.

3454 232 3560 296 482

256 352 503 409 Christus
548 351 634 410 bis
674 351 925 409 adveniat
969 354 1022 409 in
1068 362 1290 423 terram,
1323 355 1513 423 semel,
1573 366 1630 410 ut
1679 371 1843 411 unum
1872 358 1921 418 A
1950 355 2140 423 sibiles,
2166 363 2222 408 ut
2250 355 2385 410 scias
2412 356 2536 424 quia
2556 371 2649 426 ego
2675 370 2789 410 sum
2820 352 3073 411 Dominus
3115 351 3282 424 Deus,
3319 355 3408 427 qui
3436 369 3559 409 voco

255 445 425 502 Deum
466 446 718 517 gentibus
757 446 1001 515 nuntiet,
1040 447 1237 505 deinde
1279 463 1497 516 rursus,
1531 458 1587 504 ut
1629 458 1853 520 regnet:

252 538 527 608 quomodo
556 539 610 593 in
640 539 938 594 secundum
967 539 1086 610 ejus
1126 539 1414 596 adventum
1458 539 1722 609 credunt,
1765 539 1857 611 qui

252 631 304 686 in
331 631 568 700 primum
596 647 702 687 non
734 631 1155 688 crediderunt?‘

326 723 493 796 Atqui
519 724 780 796 propheta
810 734 1068 797 utrosque
1087 725 1351 782 adventus
1381 726 1500 797 ejus
1524 725 1709 796 paucis
1730 741 1858 781 ver-

249 818 334 875 bis
375 818 812 891 comprehendit.
844 820 1007 886 Ecce,
1039 820 1236 891 inquit,
1274 820 1328 875 in
1370 820 1607 875 nubibus
1647 820 1773 877 coeli
1800 827 1859 875 ut

248 910 391 967 ﬁlius
420 911 658 968 hominis
704 911 953 968 veniens.
983 911 1102 967 Non
1146 912 1303 977 dixit,
1341 921 1397 967 ut
1444 911 1583 968 [ilius
1612 913 1727 978 Dei,
1760 911 1858 969 sed

192 1007 196 1015 '
249 1002 396 1059 ﬁlius
421 1002 680 1073 hominis,
711 1012 768 1058 ut
792 1006 1131 1072 ostenderet,
1161 1004 1304 1076 quod
1320 1019 1489 1061 carne
1513 1005 1662 1060 indui
1686 1005 1858 1061 habe-

248 1107 332 1153 ret
358 1097 414 1152 in
439 1105 609 1164 terra,
630 1106 689 1152 ut
717 1105 971 1167 suscepta
991 1095 1228 1152 hominis
1259 1096 1451 1168 ﬁgura,
1478 1097 1860 1154 etconditione

246 1188 488 1256 mortali,
516 1188 737 1245 doceret
777 1188 1026 1245 homines
1053 1189 1348 1261 justitiam;
1399 1199 1454 1246 et
1480 1204 1602 1245 cum
1634 1189 1861 1245 manda-

246 1284 319 1340 tis
352 1283 454 1339 Dei
481 1284 712 1349 lunctus,
747 1285 1030 1340 veritatem
1062 1284 1313 1353 gentibus
1342 1284 1679 1349 revelasset,
1717 1283 1858 1339 mul-

244 1384 468 1433 taretur
492 1376 651 1432 etiam
704 1386 900 1441 morte,
935 1384 993 1430 ut
1032 1375 1239 1432 inferos
1282 1390 1499 1447 quoque
1529 1378 1771 1432 vinceret
1798 1390 1861 1431 ac

245 1468 579 1539 resignaret,
594 1476 756 1538 atque
776 1468 844 1521 ita
864 1467 1082 1523 demum
1101 1466 1482 1537 resurgens,ad
1503 1467 1715 1523 Patrem
1734 1482 1859 1535 pro-

245 1560 593 1616 ﬁcisceretur
620 1560 675 1615 in
706 1561 1130 1631 nubeisublatus.
1161 1559 1543 1630 Adjecitenim
1574 1562 1857 1631 propheta,

244 1651 677 1723 etait:Etusque
690 1654 756 1709 ad
772 1654 1053 1725 antiquum
1071 1652 1281 1708 dierum
1300 1653 1563 1724 pervenit,
1583 1663 1635 1709 et
1649 1653 1862 1709 oblatus

1959 464 2142 502 nomen
2185 456 2351 517 tuum,
2393 446 2534 503 Deus
2582 447 2770 504 Israel.
2819 448 3061 519 Denique
3099 448 3170 504 ob
3199 447 3458 503 virtutem
3495 462 3559 502 ac

1957 540 2143 609 ﬁdem,
2173 556 2335 612 quam
2369 541 2478 597 Deo
2500 541 2750 598 exhibuit
2782 542 2835 598 in
2866 552 3030 609 terra,
3064 541 3250 598 datum
3282 548 3366 597 est
3393 540 3446 596 ei
3470 554 3560 598 re-

1956 649 2140 705 gnum,
2173 644 2227 689 et
2254 632 2449 701 honor,
2481 642 2536 690 et
2561 634 2891 706 imperium';
2922 645 2977 691 et
3005 647 3197 690 omnes
3216 632 3431 705 populi,
3456 632 3560 687 tri-

1957 723 2099 793 bus,
2140 724 2338 797 lingua:
2360 766 2374 791 ,
2408 726 2651 783 servient
2678 727 2762 793 ei;
2813 734 2870 782 et
2893 733 3133 798 potestas
3170 724 3288 796 ejus
3319 738 3554 790 aeterna,

1960 831 2084 887 qum
2111 832 2389 888 nunquam
2412 818 2680 887 transibit,
2701 827 2756 874 et
2785 833 3013 890 regnum
3033 818 3153 886 ejus
3179 831 3285 872 non
3312 830 3561 872 corrum-

1958 919 2136 980 petur.
2168 909 2322 978 Quod
2350 910 2570 982 quidem
2594 910 2804 967 duobus
2838 912 3015 968 modis
3040 911 3400 982 intelligitur:
3433 908 3559 980 quia

1960 1011 2015 1058 et
2047 1019 2190 1059 nunc
2217 1003 2387 1061 habet
2434 1014 2751 1077 perpetuam
2800 1010 3163 1076 potestatem‘,
3217 1021 3342 1064 cum
3370 1020 3561 1063 omnes

1960 1105 2171 1167 gentes,
2191 1107 2246 1152 et
2273 1112 2465 1154 omnes
2485 1098 2682 1170 linguae
2703 1114 2900 1155 nomen
2932 1100 3049 1170 ejus
3064 1109 3416 1166 venerantur,
3441 1113 3562 1153 ma-

1956 1189 2211 1259 jestatem
2239 1191 2589 1261 conﬁtentur,
2620 1193 2920 1248 doctrinam
2950 1202 3272 1265 sequuntur,
3302 1194 3560 1249 virtutem

1963 1284 2271 1353 imitantur;
2336 1287 2500 1343 habet
2539 1287 2824 1358 imperium
2868 1296 3030 1358 atque
3081 1288 3343 1344 honorem
3374 1329 3390 1354 ,
3434 1302 3557 1343 cum

1964 1393 2157 1434 omnes
2187 1378 2355 1434 tribus
2396 1391 2557 1435 terra:
2601 1380 2885 1451 praeceptis
2911 1380 3030 1450 ejus
3056 1380 3475 1450 obtemperant:
3506 1389 3564 1436 et

1965 1471 2107 1527 idem
2157 1481 2341 1541 postea
2393 1488 2516 1528 cum
2566 1488 2755 1529 rursus
2784 1473 3067 1530 advenerit
3098 1475 3150 1528 in
3200 1482 3472 1544 potestate
3500 1488 3566 1531 ac

1964 1564 2229 1627 claritate,
2259 1575 2317 1619 ut
2345 1580 2560 1621 omnem
2593 1565 3077 1635 animamjudicet,
3105 1574 3160 1620 et
3178 1564 3358 1636 justos
3399 1566 3564 1622 resti-

1967 1666 2081 1710 tuat
2103 1657 2167 1711 ad
2200 1657 2383 1720 vitam,
2415 1666 2539 1713 tunc
2571 1673 2699 1713 vere
2730 1658 2895 1712 totius
2943 1666 3102 1713 terrae
3141 1656 3386 1729 regimen
3419 1657 3562 1713 obti-

243 1753 327 1800 est
362 1743 440 1800 ei.
468 1743 764 1816 Antiquum
793 1744 1004 1802 dierum
1025 1745 1320 1816 appellavit
1349 1746 1515 1801 Deum
1538 1761 1808 1801 summum
1837 1789 1851 1814 ,
1885 1749 1935 1809 Β
1962 1748 2141 1814 nebit;
2190 1758 2316 1804 tunc
2363 1750 2577 1805 sublato
2604 1749 2672 1806 de
2704 1749 2866 1805 rebus
2896 1750 3144 1805 humanis
3188 1750 3339 1804 omni
3372 1731 3558 1817 malo:

242 1835 405 1905 cujus
434 1843 588 1903 mtas,
620 1844 676 1892 et
704 1836 861 1908 origo
905 1851 1009 1892 non
1060 1845 1240 1907 potest
1267 1838 1694 1908 comprehendi;
1725 1839 1854 1909 quia

241 1929 401 1984 solus
429 1943 460 1982 a
480 1927 697 1984 saeculis
718 1927 838 1996 fuit,
865 1938 921 1985 et
947 1929 1054 1985 erit
1079 1944 1297 1999 semper
1328 1928 1381 1984 in
1414 1929 1633 1985 saecula.
1665 1929 1855 1985 Chris-

242 2030 364 2079 tum
391 2031 572 2077 autem
604 2031 728 2092 post
758 2024 1062 2093 passionem
1080 2037 1144 2077 ac
1176 2023 1628 2078 resurrectionem
1659 2037 1854 2078 ascen-

239 2130 439 2173 surum
457 2129 579 2172 esse
618 2115 689 2172 ad
716 2116 888 2173 Deum
920 2125 1151 2187 patrem,
1189 2116 1357 2173 David
1386 2117 1440 2173 in
1485 2118 1695 2188 psalmo
1723 2132 1858 2174 cen—

241 2207 452 2265 tesimo
476 2223 622 2265 nono
649 2216 985 2265 contestatus
1011 2216 1096 2265 est
1123 2207 1210 2263 his
1238 2208 1422 2265 verbis
1448 2227 1462 2264 :
1495 2207 1643 2264 Dixit
1675 2207 1858 2265 Domi-

240 2319 345 2358 nus
380 2300 606 2356 Domino
636 2317 766 2366 meo,
801 2303 922 2357 sede
942 2318 972 2355 a
998 2302 1194 2357 dextris
1210 2303 1372 2365 meis;
1404 2303 1735 2374 quoadusque
1756 2321 1851 2375 po-

239 2409 372 2448 nam
406 2391 640 2447 inimicos
670 2400 783 2448 tuos
808 2393 1196 2465 suppedaneunt
1243 2393 1434 2463 pedum
1478 2403 1710 2448 tuorunt.
1757 2395 1858 2462 Qui

239 2488 545 2561 propheta,
594 2503 719 2544 cum
746 2504 841 2544 rex
872 2497 1038 2556 esset,
1074 2503 1233 2560 quem
1279 2487 1554 2558 appellare
1581 2488 1860 2543 dominum

238 2596 417 2639 suum
441 2590 645 2652 posset,
669 2580 761 2653 qui
783 2580 998 2638 sederet
1026 2581 1092 2635 ad
1120 2580 1399 2636 dexteram
1422 2580 1534 2647 Dei,
1566 2581 1666 2635 nisi
1686 2580 1865 2637 Chris-

241 2687 365 2734 tum
398 2675 599 2732 F’ilinm
634 2676 749 2741 Dei,
784 2675 874 2745 qui
903 2681 987 2730 est
1019 2688 1110 2729 rex
1141 2686 1349 2744 regum,
1383 2682 1436 2728 et
1463 2671 1717 2728 dominus
1765 2672 1863 2728 do—

239 2768 575 2826 minorum?
599 2767 755 2836 Quod
779 2768 965 2822 Esaias
994 2766 1234 2838 apertius
1256 2764 1496 2821 ostendit
1519 2764 1706 2821 dicens
1732 2781 1746 2818 :
1774 2764 1865 2819 Sic

239 2864 381 2918 dicit
432 2860 686 2916 Dominus
712 2859 853 2915 Deus
896 2857 1099 2914 Christo
1126 2858 1333 2913 domino
1382 2874 1516 2925 meo,
1547 2859 1699 2928 cujus
1723 2859 1865 2913 tenui

241 2956 562 3019 dexteram;
616 2952 864 3008 obaudire
889 2960 1010 3006 ante
1034 2967 1150 3005 eunt
1180 2958 1353 3021 gentes
1391 2950 1601 3021 faciam,
1637 2959 1683 3004 et
1712 2951 1864 3022 forti.

239 3048 496 3104 tudinem
515 3062 689 3119 regum
711 3046 1055 3115 disrumpunt.
1074 3044 1317 3116 Aperiam
1342 3052 1460 3098 ante
1486 3044 1638 3098 illum
1665 3051 1860 3114 portas,

1962 1856 2191 1896 aureum
2211 1842 2470 1896 saeculum
2500 1846 2582 1914 (ut
2603 1851 2779 1912 poetae
2806 1841 3048 1915 vocant),
3082 1841 3137 1897 id
3168 1850 3251 1897 est
3261 1840 3469 1912 justum
3497 1856 3562 1899 ac

1963 1932 2243 2003 paciﬁcum
2275 1943 2488 2005 tempus
2514 1936 2738 1990 orietur.
2764 1934 2870 1992 Sed
2899 1935 3017 1991 hzec
3039 1935 3261 1992 uberius
3288 1936 3341 1990 in
3367 1935 3560 1992 ultimo

1963 2027 2101 2084 libro
2131 2028 2482 2097 disseremus,
2523 2044 2646 2085 cum
2698 2029 2767 2086 de
2804 2030 3045 2087 secundo
3087 2030 3322 2085 adventu
3367 2029 3557 2103 loque-

1964 2136 2084 2176 mur
2115 2138 2127 2174 :
2155 2136 2298 2177 nunc
2326 2120 2395 2178 de
2429 2123 2627 2193 primo,
2659 2131 2718 2179 ut
2746 2124 3035 2194 capimus,
3062 2124 3417 2195 explicemus.

2558 2258 2790 2316 CAPUT
2815 2258 2958 2317 XIII.

2037 2371 2116 2428 De
2144 2372 2271 2428 .Iesu
2292 2371 2404 2428 Deo
2428 2383 2473 2428 et
2497 2374 2740 2440 homine;
2771 2383 2922 2445 atque
2948 2374 3012 2430 de
3039 2391 3099 2430 eo
3126 2373 3495 2449 praphetarum

2607 2466 2915 2522 testimonia.

2041 2578 2296 2635 Summus
2321 2578 2481 2650 igitur
2510 2579 2649 2635 Deus
2675 2593 2739 2635 ac
2771 2594 2972 2650 parens
2992 2579 3258 2648 omnium,
3284 2594 3406 2636 cum
3435 2581 3565 2636 reli-

1965 2671 2179 2743 gionem
2207 2687 2361 2727 suam
2388 2671 2686 2728 transferre
2714 2672 3005 2741 voluisset],
3039 2673 3316 2729 doctorem
3341 2672 3565 2744 justitite

1966 2763 2164 2819 misite
2187 2763 2348 2831 caelo,
2373 2772 2431 2818 ut
2452 2763 2607 2818 novis
2632 2762 2934 2819 cultoribus
2965 2779 3163 2820 novam
3199 2764 3374 2835 legem
3406 2764 3458 2819 in
3498 2778 3567 2820 eo

1966 2854 2053 2910 vel
2081 2870 2181 2926 per
2201 2870 2324 2910 eum
2343 2855 2497 2911 daret
2524 2872 2539 2910 :
2568 2870 2676 2910 non
2699 2855 2843 2911 sicut
2867 2866 2994 2912 ante
3018 2857 3219 2913 iecerat
3250 2872 3344 2927 per
3383 2856 3565 2912 homi-

1967 2963 2123 3005 nem:
2147 2947 2244 3004 sed
2260 2957 2438 3004 tamen
2463 2949 2611 3005 nasci
2633 2965 2756 3004 eum
2781 2950 2950 3005 voluit
2971 2958 3244 3022 tamquam
3267 2950 3564 3018 hominem,

1968 3052 2025 3097 ut
2073 3055 2172 3114 per
2212 3041 2392 3096 omnia
2439 3056 2653 3097 summo
2700 3040 2847 3096 Patri
2878 3041 3075 3098 similis
3117 3042 3396 3098 existeret.
3449 3041 3569 3113 Ipse

240 3155 286 3201 et
309 3142 564 3200 civitates
589 3158 693 3196 non
718 3140 1042 3195 claudentur.
1075 3136 1191 3209 Ego
1212 3148 1332 3192 ante
1362 3148 1409 3193 te
1447 3137 1552 3207 ibo,
1594 3147 1641 3192 et
1671 3147 1864 3194 montes
1889 3140 1935 3204 C
1967 3139 2112 3193 enim
2142 3146 2296 3208 pater
2320 3136 2482 3198 Deus,
2514 3143 2570 3191 et
2588 3135 2759 3207 origo,
2785 3145 2841 3190 et
2870 3135 3189 3208 principium
3214 3152 3417 3203 rerum,
3444 3151 3572 3207 quo-

239 3234 587 3309 deplanabo,
620 3245 668 3289 et
709 3234 849 3304 fores
895 3248 1056 3287 cereas
1085 3240 1366 3298 conteram,
1409 3240 1457 3286 et
1487 3248 1627 3286 seras
1668 3235 1862 3303 ferreas

238 3328 618 3402 confringant;
648 3335 696 3382 et
736 3325 869 3380 dabo
899 3326 987 3379 tibi
1019 3324 1284 3379 thesauros
1309 3325 1632 3379 absconditos
1661 3334 1708 3379 et
1732 3324 1863 3380 invi-

1965 3232 2109 3287 niam
2140 3230 2453 3300 parentibus
2477 3237 2647 3293 caret,
2680 3230 2892 3305 ἀπάτωρ
2920 3240 3083 3300 atque
3113 3233 3331 3306 ἀμήτωρ
3362 3244 3391 3283 a
3414 3229 3571 3285 Tris-

1969 3324 2198 3395 megisto
2218 3321 2500 3378 verissime
2527 3320 2864 3388 nominatur,
2895 3321 3039 3392 quod
3068 3336 3137 3378 ex
3168 3321 3320 3378 nullo
3348 3323 3417 3377 sit
3438 3336 3570 3392 pro-

1607 3463 1974 3523 VARIORUM.
2010 3461 2242 3520 NOTAE.

317 3607 412 3668 Ut
448 3606 683 3665 Christus
712 3605 787 3660 bis
817 3606 1050 3661 adveniat
1081 3605 1134 3660 in
1165 3613 1373 3668 terram,
1394 3612 1499 3661 etc.
1527 3604 1745 3660 Falsum
1771 3604 1873 3661 hoc

240 3693 357 3740 est.
398 3680 480 3736 Ita
506 3693 727 3735 sensere
752 3678 828 3734 illi
853 3692 989 3748 quos
1023 3676 1355 3748 Millenarios
1376 3686 1609 3741 vocant,
1642 3692 1872 3745 quorum

240 3766 510 3811 errorem
535 3760 719 3820 postea
760 3747 1112 3804 refutabimus
1135 3747 1224 3820 ubi
1255 3747 1605 3817 quaestionem
1628 3747 1775 3803 illam
1803 3763 1868 3804 ex

241 3824 519 3899 profesSO
538 3817 794 3877 iractabit
820 3819 1147 3875 Lactantius.
1180 3817 1464 3874 Sumus.

315 3916 509 3974 Carne
537 3912 684 3967 indui
706 3911 911 3965 [ruberet
940 3911 992 3962 in
1033 3921 1191 3965 terra.
1222 3910 1348 3964 Mss.
1380 3909 1530 3975 .Iun.,
1563 3911 1585 3965 1
1623 3907 1804 3977 Colb.,
1838 3912 1861 3966 i

242 3988 508 4045 Clarom.
538 3994 594 4039 et
618 3984 749 4039 edit.
778 3982 926 4045 Ald.,
960 3981 1189 4051 Graph.,
1217 3980 1390 4040 Crat.,
1417 3997 1568 4035 carne
1594 3982 1745 4035 indui
1772 3985 1866 4037 de—

247 4062 401 4115 beret
433 4059 489 4112 in
515 4064 673 4110 terra.
700 4053 804 4110 Sed
835 4053 1041 4107 haberet
1084 4068 1208 4107 vera
1261 4053 1440 4119 lectin,
1475 4069 1594 4123 qua:
1625 4053 1864 4109 omnium

243 4133 500 4186 aliorum
523 4126 769 4183 codicum
801 4126 1153 4179 conﬁrmatur
1180 4125 1522 4191 auctoritate,
1552 4132 1607 4178 et
1636 4123 1867 4181 Lactan-

248 4204 310 4259 tii
346 4197 505 4257 infra
531 4213 649 4268 cap.
672 4198 764 4264 '50,
785 4195 1105 4268 paulopost
1127 4195 1360 4268 initium,
1390 4205 1445 4268 et
1476 4196 1568 4251 lib.
1601 4211 1707 4268 Avn,
1743 4211 1861 4267 cap.

246 4274 308 4345 6,
340 4280 485 4345 ante
504 4265 1372 4345 Iiném.——_lndu_ihaberehdaega,
1402 4265 1575 4336 inquit
1596 4265 1867 4345 Heuman-

247 4338 390 4409 nbs,
427 4342 651 4406 deberet,
676 4349 736 4393 ut
762 4339 812 4392 in
852 4338 988 4394 l5l5
1015 4347 1069 4392 et
1097 4339 1257 4393 1515.
1288 4338 1387 4409 llic
1415 4348 1498 4409 est
1527 4341 1699 4409 stylus
1733 4338 1867 4394 Lac—

250 4407 429 4471 tantii
466 4421 522 4468 et
568 4410 903 4476 Scriptorum
936 4422 1233 4463 sacrorum.
1281 4408 1433 4463 Lact.
1466 4407 1503 4461 l.
1555 4407 1629 4474 iv,
1665 4424 1713 4463 c.
1743 4411 1814 4467 20
1848 4427 1861 4464 :

1980 3603 2135 3672 Reg,
2181 3602 2216 3656 2
2244 3600 2495 3672 Colbert.
2538 3615 2649 3656 rec.
2692 3610 2748 3656 et
2789 3600 2856 3657 I2
2896 3600 3141 3672 vulgatis.
3189 3602 3280 3658 Est
3318 3603 3371 3659 in
3421 3613 3570 3662 textu

1978 3670 2143 3746 Hebr.
2194 3681 2250 3728 et
2293 3673 2433 3746 apud
2464 3670 2849 3746 Septuaginta;
2888 3681 2950 3746 et
2980 3670 3113 3746 mss.
3170 3673 3566 3746 Lipsiensibus,

1975 3745 2088 3817 Ego
2104 3753 2222 3830 ante
2241 3744 2470 3869 etgntibo.
2493 3745 2560 3799 Et
2586 3759 2710 3799 mox
2739 3754 2859 3814 post
2878 3744 3173 3811 invisibiles,
3201 3761 3311 3802 Lxx
3340 3744 3565 3816 addunt,

1975 3833 2203 3869 avertant
2233 3827 2269 3869 Ιι
2303 3832 2341 3869 ι.

1974 3816 2203 3871 aperiant
2233 3816 2341 3870 tibi.

2008 3836 2503 3961 pghab'ztiir‘iperium
2541 3895 2696 3961 atque
2722 3887 3006 3961 honorenta
3027 3887 3103 3943 Ita
3132 3903 3265 3945 mss.
3300 3873 3568 3961 antiquis-

1976 3960 2100 4033 simi
2132 3969 2187 4033 et
2216 3959 2245 4013 7
2278 3958 2418 4033 typis
2445 3960 2741 4033 excusi.th
2768 3959 3051 4033 scripti”
3080 3975 3191 4033 rec.
3234 3967 3290 4033 et
3318 3958 3516 4033 vulgati
3539 3962 3572 4015 7

1972 4031 2120 4086 habet
2146 4028 2441 4101 imperium,
2472 4028 2620 4085 habet
2644 4031 2907 4085 honorem.
2931 4029 3057 4087 Hice
3071 4032 3257 4086 ultima
3278 4028 3438 4088 lectio
3464 4048 3570 4089 non

1970 4111 2122 4158 caret
2149 4101 2438 4173 elegantia,
2470 4115 2640 4173 eaque
2672 4100 3047 4173 Lactantiana.

2041 4172 2538 4229 Rursusadvenerit.
2560 4172 2766 4227 Rursus
2793 4172 2859 4244 ad
2882 4173 3156 4244 ingenium
3181 4174 3320 4229 redit
3341 4174 3574 4230 Lactan-

1971 4244 2112 4311 tius;
2137 4253 2298 4316 atque
2320 4243 2514 4316 iterum
2538 4245 2773 4316 somniat
2800 4243 2869 4299 de
2895 4243 3065 4315 regno
3087 4244 3240 4300 mille
3277 4260 3569 4315 annorum,

1971 4316 2113 4386 quod
2133 4315 2184 4369 in
2219 4325 2397 4370 mente
2418 4315 2672 4369 habebat.

2046 4408 2259 4465 Summo
2316 4406 2469 4461 Patri
2505 4407 2709 4479 similis.
2748 4407 2877 4479 Mss.
2933 4407 3267 4476 Lipsienses,
3318 4409 3343 4464 1
3385 4408 3569 4479 Colb.,

252 4452 431 4555 διῗὲΞὶ
453 4452 1629 4555 5e}Einiiifrifalirihlﬁéii"iniiElissa?
1647 4452 1867 4555 ῤ’ξιοξιῇῼ
1897 4452 1948 4512 1)
1976 4452 2710 4555 Ea.:aa...::.7.;m13"15;3j
2737 4452 2905 4532 ea};
2933 4452 3574 4555 aag'tajgarn".aa‘at‘at

251 4549 496 4614 Hienses
519 4554 756 4608 haberent
786 4552 1019 4606 existere.
1046 4550 1408 4605 Tcrtulliunus
1422 4549 1490 4605 de
1511 4550 1872 4606 VclandaVir-

248 4632 393 4700 gine
408 4641 463 4681 c.
482 4625 538 4681 5:
556 4624 638 4700 De
651 4642 751 4700 qua
768 4622 1004 4700 Christus
1023 4623 1166 4700 nasci
1191 4623 1424 4700 hqbebat,
1444 4636 1495 4677 c.
1519 4621 1580 4700 ll
1604 4639 1617 4676 :
1633 4620 1874 4700 λζεερρη-

251 4691 379 4757 Heri
410 4712 477 4752 ea:
496 4691 707 4750 adverso
729 4695 962 4748 habebat.
979 4691 1205 4747 Advers.
1231 4693 1449 4748 Judaeos
1474 4712 1487 4747 :
1515 4691 1645 4747 Dari
1663 4693 1875 4748 habebat

245 4768 640 4833 circumcisio;
668 4783 717 4821 c.
744 4766 809 4821 8:
839 4763 1192 4820 Exlerminari
1221 4764 1421 4817 haberet
1445 4781 1464 4829 ;
1486 4779 1606 4833 cap.
1641 4765 1738 4820 II:
1767 4765 1875 4818 Ha-

250 4843 426 4898 bebat
452 4840 715 4908 expungi;
746 4851 865 4906 cap.
899 4837 964 4890 ts
998 4854 1011 4890 :
1042 4836 1261 4908 Agnosci
1283 4836 1465 4899 habet;
1496 4836 1562 4890 de
1604 4835 1878 4908 Baptismo

248 4929 394 4986 cap.
447 4906 576 4986 16':_
594 4906 761 4963 Habet
789 4908 938 4986 tingi.
974 4907 1047 4962 De
1070 4906 1246 4986 Ca_r_ne
1274 4908 1415 4986 .tjltr.
1451 4908 1634 4986 cap.__7
1669 4906 1881 4986 :'_Nt_tsci

251 4977 521 5047 haberet;
546 4981 765 5037 Resurr.
788 4977 948 5036 Cara.
975 4993 1092 5048 cap.
1128 4978 1227 5033 14:
1265 4977 1463 5031 Habent
1484 4978 1730 5046 iudicari.
1769 4979 1878 5034 BU-

250 5069 489 5113 NEIA‘N.

347 5146 536 5216 Usque
556 5145 627 5216 ad
639 5146 935 5216 antiquum.
962 5142 1184 5216 Sublac.
1209 5141 1448 5216 et_V_en;
1480 5140 1617 5196 Mil
1649 5161 1661 5197 :
1711 5141 1884 5216 Usque

253 5212 576 5287 antiquum.
608 5215 675 5272 Ut
700 5212 881 5287 notavi
909 5214 973 5269 ad
999 5214 1090 5269 lib.
1125 5231 1162 5279 ι,
1191 5213 1366 5287 c.72’2,
1400 5212 1485 5267 hic
1516 5227 1623 5287 non
1669 5212 1878 5287 probo;

252 5282 490 5349 habent
511 5288 653 5342 enim
684 5286 875 5357 reliqui
891 5300 1081 5357 oznnes
1112 5304 1123 5338 :
1152 5286 1322 5339 variat
1354 5294 1531 5357 tamen
1555 5282 1641 5357 hic
1670 5285 1723 5357 in
1757 5299 1880 5340 ver-

254 5364 388 5421 bis.
423 5358 546 5414 Vid.
564 5373 747 5428 supra,
764 5353 922 5425 usque
946 5356 1014 5428 ad
1035 5366 1283 5411 vetustum
1302 5356 1539 5428 dierum.
1556 5353 1879 5425 Cyprianus,

256 5436 309 5492 l.
353 5448 395 5488 ll
430 5429 581 5485 Test.
612 5426 706 5496 26,
734 5445 895 5499 usque
917 5427 987 5482 ad
1013 5437 1230 5482 veterum
1275 5426 1490 5499 dierum.
1526 5426 1655 5481 Dum.

352 5501 569 5559 Esaias.
601 5502 787 5570 Capite
805 5497 1144 5556 sciliccthv.
1171 5500 1238 5553 At
1254 5498 1498 5567 quamvis
1515 5499 1628 5570 haec
1653 5497 1884 5567 prophe-

258 5577 355 5635 tia
390 5574 538 5645 Cyro
562 5568 886 5645 nominatim
906 5570 1225 5645 conveniat,
1266 5577 1502 5624 attamen
1543 5568 1883 5638 aliquatenus

258 5660 411 5705 eam
438 5640 660 5699 Christo
686 5642 919 5711 theologi
949 5640 1275 5710 adjudic-ant.

359 5715 481 5787 Ego
504 5725 624 5787 ante
643 5724 689 5770 te
715 5714 818 5787 ibo.
853 5712 1179 5787 Siereposui
1211 5726 1282 5787 es
1309 5711 1558 5787 amnibus
1604 5711 1716 5767 fere
1746 5725 1878 5787 mss:

262 5805 354 5854 ac
386 5781 503 5845 vct.
539 5785 671 5843 edit.
714 5784 897 5853 Rom.,
937 5781 1162 5852 Cellar.,
1213 5781 1426 5840 Walclt.
1482 5783 1644 5841 Deest
1686 5793 1735 5839 te
1763 5782 1820 5840 in
1847 5782 1883 5840 3

1978 4549 2321 4620 intelligenda
2335 4558 2540 4622 estnon
2561 4549 3267 4622 consistensaecidentibus,
3288 4568 3407 4622 quae
3430 4554 3573 4609 nulla

1979 4623 2032 4677 in
2067 4623 2231 4676 Deum
2258 4620 2478 4684 cadunt,
2507 4620 2601 4676 sed
2626 4621 2884 4676 essentia.
2916 4620 3146 4676 Videtur
3173 4620 3321 4677 enini
3350 4626 3573 4681 omnino

1979 4694 2037 4750 τὸ
2061 4694 2323 4766 aueo-betas
2346 4691 2486 4747 velle
2506 4690 2869 4766 constituere,
2891 4691 3035 4764 quod
3065 4702 3253 4762 postea
3270 4694 3324 4749 in
3356 4695 3572 4752 Nicaena

1981 4763 2191 4833 synodo
2222 4764 2321 4818 fuit
2345 4763 2695 4818 constitutum
2726 4781 2739 4817 :
2766 4763 2963 4833 nempe
2986 4772 3249 4820 utcontra
3272 4766 3505 4822 Arianos
3520 4777 3576 4823 et
3644 4796 3653 4801 -

1982 4833 2116 4890 alias
2140 4834 2371 4913 haereses
2392 4835 2783 4913 confiterentur
2806 4876 2821 4901 ,
2846 4833 3045 4913 ,Ἰησοῦν
3090 4839 3309 4913 Χριστὸν
3350 4839 3455 4913 stay
3484 4845 3572 4913 τᾳῦ

1982 4912 2132 4973 Θεοῦ,
2162 4906 2455 4981 γεννηθέντα
2477 4907 2529 4960 ἐκ
2554 4912 2661 4981 Δτοῦ
2695 4906 2894 4981 Harpe;
2936 4906 3194 4981 μονογενῆ,
3232 4911 3495 4966 τουτέστιν
3520 4912 3575 4964 ἐκ

1982 4988 2077 5054 τῆς
2101 4978 2377 5054 audias-soi?
2406 4978 2623 5054 Ιξατρὸς,
2652 4979 2775 5054 Θεὸν
2805 4978 2869 5034 ’ἐκ
2894 4978 3157 5054 Θὲο-ιξηνιαί
3184 4987 3287 5053 φῶς
3307 4982 3573 5054 inquiras,

1983 5051 2087 5105 θεὸν
2111 5050 2326 5109 ἀληθινὸν
2352 5050 2407 5104 ix
2427 5048 2537 5105 θεοῧ
2563 5050 2809 5117 ἀληθινοῦ,
2839 5059 2944 5105 etc.
2972 5048 3095 5104 Fuit
3122 5048 3303 5105 autem
3329 5048 3574 5106 Christus

1987 5120 2191 5191 homini
2219 5120 2387 5191 etia_mr
2409 5120 2479 5174 ita
2506 5120 2720 5188 similis,
2745 5130 2803 5176 ut
2820 5128 3071 5191 peccator
3091 5120 3385 5191 videretur.
3412 5120 3569 5174 Rom.

1987 5208 2107 5263 vni:
2135 5189 2273 5245 Deus
2303 5189 2497 5263 Filium
2518 5191 2655 5246 misit
2681 5193 2735 5245 in
2762 5189 3151 5263 similitudinem
3164 5189 3336 5263 carnis
3356 5191 3573 5263 peccati.

1985 5262 2123 5319 Hinc
2152 5263 2312 5317 etiam
2346 5262 2523 5331 capite
2552 5262 2799 5332 sequenti
2820 5277 2888 5318 ex
2917 5260 3189 5316 Zachariae
3218 5260 3428 5317 visione
3450 5276 3573 5318 sor-

1986 5334 2126 5390 didis
2152 5332 2486 5390 vestimentis
2503 5333 2729 5388 amictus
2756 5339 2997 5403 apparet.
3028 5332 3357 5387 BETULEIUS.

2059 5425 2292 5501 Ἀπάτωρ
2309 5434 2460 5501 atque
2474 5427 2708 5501 ἀμῄτωρ.
2726 5423 2839 5501 Hoc
2865 5420 3006 5477 idem
3025 5420 3258 5501 Cyrillus
3281 5424 3579 5501 contraJu-

1986 5496 2187 5553 lianuni
2204 5493 2407 5551 mbnet.
2429 5493 2580 5550 Pauli
2606 5493 2856 5567 epistola,
2880 5509 2999 5561 quae
3016 5493 3082 5549 ad
3100 5493 3358 5567 Hebraeos
3377 5499 3577 5567 scripta

1987 5575 2090 5633 est,
2106 5582 2226 5639 cap.
2244 5583 2343 5635 vn,
2369 5567 2596 5639 multum
2620 5563 2755 5639 lucis
2772 5563 3171 5639 hineaequirit;
3200 5583 3377 5639 neque
3393 5568 3478 5623 hic
3493 5563 3581 5623 lo-

1987 5654 2085 5694 cus
2110 5636 2229 5696 sine
2246 5639 2337 5694 illo
2359 5646 2505 5695 recte
2528 5636 2881 5706 intelligetur.
2903 5636 3231 5708 Docetenim
3252 5636 3325 5694 ibi
3346 5639 3584 5708 Aposto-

1989 5711 2073 5765 lus
2094 5752 2109 5776 ,
2138 5725 2321 5781 regem
2353 5709 2536 5781 salem
2562 5708 2983 5781 Melchisedech,
3020 5707 3113 5779 qui
3143 5710 3288 5768 idem
3329 5707 3583 5781 altissimi

1990 5782 2086 5839 Dei
2106 5778 2355 5840 Pontifex
2384 5780 2506 5851 luit,
2540 5780 2594 5838 in
2623 5795 2689 5839 eo
2712 5779 2914 5838 Christi
2947 5778 3131 5857 typum
3154 5782 3412 5855 gessisse,
3444 5778 3591 5853 quod
