4154 6196
346 243 455 302 489

1271 239 1479 301 LIBER
1506 239 1594 299 IV.
1637 240 1729 298 DE
1769 224 1960 297 VERA
1995 234 2363 298 SAPIENTIA
2400 239 2489 297 ET
2530 238 2760 297 RELIG.

3550 241 3657 299 490

345 360 665 425 arbitretur,
692 354 930 429 quicum
956 354 1073 412 haec
1090 355 1354 429 legerent,
1388 369 1443 415 et
1462 356 1732 424 audirent,
1763 355 1951 412 nefan—
1977 356 2027 418 A
2054 371 2241 411 curum
2269 364 2371 413 est.
2409 356 2551 414 Deus
2573 357 2720 412 enim
2739 368 2863 411 cum
2886 353 3095 410 videret
3123 354 3386 412 malitiam
3410 364 3467 413 et
3491 355 3658 414 falso-

347 455 448 510 das
468 465 664 507 manus
690 450 801 505 Deo
821 463 922 505 suo
947 448 1280 525 intulerunt?
1308 450 1469 521 Atqui
1491 450 1559 505 ab
1588 464 1655 506 eo
1674 456 1944 518 tempore,

347 560 456 617 quo
476 541 768 599 Zacharias
782 539 905 607 fuit,
928 555 1099 611 usque
1115 540 1181 597 ad
1197 556 1397 596 annum
1416 540 1662 612 quintum
1675 539 1947 596 decimum

346 639 564 709 imperii
592 635 797 692 Tiberii
826 633 1081 702 Caesaris,
1110 649 1218 706 quo
1249 634 1493 690 Christus
1518 633 1812 690 crucifixus
1838 642 1946 700 est,

348 745 521 805 prOpe
545 728 829 802 quingenti
881 729 1008 784 anni
1054 734 1441 791 numerantur;
1494 725 1759 797 siquidem
1802 725 1949 780 Darii

348 834 405 881 et
430 821 727 880 Alexandri
754 819 993 876 adolevit
1020 827 1201 888 aetate,
1251 818 1344 890 qui
1372 818 1593 874 fuerunt
1639 833 1748 874 non
1778 817 1951 873 multo

350 917 664 990 priusquam
689 913 1021 985 Tarquinius
1042 912 1319 984 Superbus
1341 921 1566 969 exactus
1593 919 1694 968 est.
1730 910 1840 969 Sed
1872 910 1951 966 illi

349 1024 539 1067 rursus
559 1006 751 1064 eodem
784 1007 950 1062 modo
981 1005 1099 1062 falsi
1129 1005 1449 1077 deceptique
1492 1012 1619 1062 sunt
1640 1048 1655 1072 ,
1702 1012 1952 1075 putantes

352 1101 471 1157 iure
495 1101 563 1157 de
588 1098 715 1156 Jesu
739 1114 864 1155 esse
889 1098 1032 1155 dicta
1072 1098 1184 1155 lilio
1229 1098 1397 1163 Nave,
1424 1097 1519 1168 qui
1546 1111 1832 1153 successor
1855 1096 1955 1151 fuit

350 1191 558 1265 Moysi,
580 1201 671 1247 aut
696 1191 766 1248 de
792 1190 1079 1248 sacerdote
1098 1189 1228 1247 Jesu
1256 1189 1371 1246 lilio
1395 1189 1663 1246 Josedech
1697 1208 1710 1242 :
1736 1189 1791 1245 in
1818 1203 1954 1259 quos

350 1287 491 1342 nihil
535 1285 783 1358 congruit
837 1299 1025 1341 eorum
1052 1326 1068 1350 ,
1097 1299 1217 1355 quae
1250 1283 1518 1354 Propheta
1545 1282 1804 1337 narravit.
1833 1281 1951 1337 Non

350 1382 499 1439 enim
521 1379 777 1437 sordidati
805 1378 881 1434 illi
905 1392 1159 1449 umquam
1181 1375 1422 1443 fuerunt,
1445 1391 1568 1431 cum
1599 1375 1737 1431 alter
1763 1390 1953 1431 eorum

349 1473 610 1545 princeps
655 1469 1065 1541 potentissimus
1092 1467 1251 1523 fuerit
1279 1507 1295 1534 ,
1346 1467 1488 1522 alter
1529 1465 1784 1522 sacerdos
1818 1484 1831 1518 :
1863 1474 1958 1521 aut

347 1565 593 1640 perpessi
638 1572 764 1620 sunt
787 1562 989 1635 aliquid
1041 1562 1275 1630 adversi,
1301 1570 1361 1617 ut
1391 1571 1659 1632 tamquam
1694 1560 1810 1615 titio
1839 1560 1955 1631 eje-

350 1667 474 1716 ctus
503 1674 570 1716 ex
601 1659 724 1729 igne
754 1666 1095 1729 putarentur.
1128 1654 1234 1711 Aul
1258 1652 1552 1726 aliquando
1582 1653 1635 1708 in
1664 1661 1956 1724 conspectu

2051 462 2167 502 rum
2198 447 2427 504 deorum
2458 449 2640 506 cultus
2679 463 2775 519 per
2802 447 2991 503 orbem
3030 454 3190 503 terra:
3223 448 3294 503 ita
3335 450 3658 517 invaluisse,

2049 554 2110 601 ut
2127 546 2239 616 jam
2257 561 2454 602 nomen
2475 546 2593 615 ejus
2610 561 2679 601 ex
2701 544 2981 600 hominum
3012 545 3274 601 memoria
3304 544 3496 601 fuisset
3517 561 3657 617 pene

2049 639 2319 695 sublatum
2355 638 2658 712 (siquidem
2684 639 2857 696 Jndzei
2897 654 3133 710 quoque,
3165 639 3358 709 quibus
3397 641 3529 698 solis
3565 656 3654 697 ar-

2050 743 2247 785 canum
2284 731 2378 786 Dei
2396 730 2663 786 creditum
2693 732 2891 795 fuerat,
2924 730 3117 785 relicto
3148 729 3258 785 Deo
3288 730 3432 797 vivo,
3464 731 3533 787 ad
3561 748 3658 788 co-

2053 820 2213 877 lenda
2239 820 2493 892 ﬁgmenta
2520 822 2713 878 irretiti
2740 820 3052 877 daemonum
3084 819 3362 877 fraudibus
3402 822 3659 880 aberras-

2052 924 2204 979 sent,
2239 930 2340 970 nec
2369 914 2612 986 increpiti
2658 929 2755 985 per
2781 914 3105 986 prophetas,
3134 915 3333 971 reverti
3383 915 3450 969 ad
3491 916 3659 972 Deum

2054 1003 2308 1077 vellent),
2335 1005 2534 1061 Filium
2558 1021 2713 1061 suum
2741 1005 3020 1077 legavitad
3048 1006 3318 1071 homines,
3343 1014 3402 1061 ut
3420 1021 3516 1065 eos
3532 1023 3664 1064 con-

2054 1108 2294 1157 verteret
2315 1101 2384 1155 ah
2415 1100 2592 1171 impiis
2613 1108 2669 1155 et
2687 1099 2837 1154 vanis
2861 1099 3114 1166 cultibus,
3140 1099 3205 1155 ad
3228 1102 3661 1172 cognoscendum

2055 1202 2111 1247 et
2152 1192 2438 1248 colendum
2489 1192 2656 1247 Deum
2678 1191 3063 1247 verumzitem
3106 1199 3165 1245 ut
3215 1207 3403 1246 eorum
3452 1204 3664 1249 mentes

2056 1300 2085 1338 a
2145 1284 2375 1339 stultitia
2421 1283 2489 1339 ad
2518 1283 2837 1353 sapientiam
2859 1322 2876 1349 ,
2906 1282 2973 1337 ah
3020 1282 3305 1352 iniquitate
3331 1282 3398 1339 ad
3437 1284 3665 1354 justitite

2057 1392 2223 1447 opera
2255 1376 2580 1433 traduceret.
2611 1376 2707 1431 Hae
2736 1385 2863 1431 sunt
2886 1375 2988 1431 vite
3022 1375 3138 1443 Dei,
3171 1377 3226 1430 in
3253 1375 3449 1446 quibus
3476 1377 3665 1433 ambu-

2064 1471 2178 1526 lare
2202 1487 2322 1527 eum
2346 1471 2623 1542 praecepit.
2650 1469 2778 1524 llaec
2795 1477 3063 1540 praecepta
3083 1485 3204 1540 quas
3223 1472 3488 1527 servanda
3511 1487 3665 1529 mau-

2060 1563 2226 1620 davit.
2254 1564 2350 1620 llle
2376 1578 2507 1620 vero
2529 1562 2776 1619 exhibuit
2802 1563 2914 1619 Deo
2943 1561 3124 1619 fidem.
3146 1563 3336 1620 Docuit
3354 1566 3497 1621 enim
3520 1571 3665 1639 quod

2062 1660 2206 1716 Deus
2237 1672 2376 1714 unus
2389 1658 2483 1725 sit,
2507 1673 2738 1728 eumque
2768 1657 2942 1713 solum
2973 1657 3078 1713 coli
3095 1667 3377 1728 oportere;
3411 1674 3512 1717 nec
3543 1677 3663 1717 um-

348 1751 447 1808 Dei
473 1760 528 1807 et
555 1750 887 1821 Angelorum
930 1755 1217 1815 steterunt,
1242 1754 1337 1802 aut
1356 1745 1622 1823 Propheta
1653 1744 1723 1800 de
1749 1753 1948 1815 priete-
1982 1752 2032 1812 Β
2057 1766 2217 1823 quam
2245 1765 2304 1806 se
2334 1751 2452 1820 ipse
2485 1749 2656 1805 Deum
2684 1748 2849 1813 dixit,
2882 1749 3006 1819 quia
3038 1764 3146 1804 non
3173 1761 3450 1806 servasset
3473 1750 3658 1818 ﬁdem,

346 1844 470 1901 ritis
499 1843 817 1916 loquebatur
847 1842 1046 1914 potius,
1071 1856 1230 1912 quam
1258 1840 1326 1896 de
1352 1837 1567 1895 futuris.
1608 1838 1845 1895 Locutus
1869 1846 1953 1893 est

346 1935 511 2006 igitur
534 1933 603 1989 de
628 1933 757 1990 Jesu
783 1931 922 1987 Filio
962 1931 1079 1996 Dei,
1114 1942 1171 1987 ut
1193 1931 1506 1987 ostenderet
1532 1946 1655 1987 eum
1687 1930 1865 2000 primo
1894 1928 1950 1985 in

347 2026 648 2084 humilitate
673 2034 729 2082 et
756 2041 918 2083 carne
940 2039 1060 2081 esse
1085 2033 1396 2080 venturum.
1426 2023 1554 2080 Haec
1577 2024 1720 2078 enim
1750 2033 1835 2079 est
1860 2037 1951 2079 ve-

345 2124 448 2180 st?s
476 2124 716 2192 sordida,
761 2133 819 2179 ut
848 2132 1063 2195 pararet
1108 2122 1368 2192 templum
1422 2121 1556 2188 Deo,
1588 2119 1805 2176 etsicut
1834 2120 1952 2176 titio

344 2215 459 2288 igni
489 2215 898 2283 ambureretur;
931 2215 980 2272 id
1008 2223 1113 2279 est,
1142 2214 1211 2269 ab
1242 2212 1553 2268 hominibus
1581 2214 1950 2268 cruciamenta

345 2308 647 2381 perferret,
679 2319 733 2365 et
781 2307 848 2364 ad
899 2308 1148 2363 ultimum
1195 2307 1620 2377 extingueretur.
1680 2306 1950 2362 Titionem

345 2404 497 2459 enim
527 2401 714 2474 vulgus
744 2400 978 2472 appellat
1007 2408 1307 2458 extractum
1341 2399 1461 2457 foco
1492 2408 1693 2456 torrem
1744 2401 1951 2457 semiu-

344 2504 520 2562 stum,
543 2495 869 2551 extinctum.

419 2586 708 2657 Quomodo
745 2596 950 2653 autem,
992 2596 1193 2645 etcum
1220 2587 1416 2672 quibus
1449 2586 1717 2643 mandatis
1765 2602 1796 2643 a
1842 2587 1955 2645 Deo

343 2682 636 2740 miteretur
663 2680 717 2736 in
751 2689 971 2747 terram,
1003 2679 1299 2737 declaravit
1321 2679 1555 2750 Spiritus
1583 2678 1677 2736 Dei
1708 2694 1804 2750 per
1828 2678 1955 2735 Pro-

344 2776 592 2849 phetam,
617 2774 822 2832 docens
849 2775 1112 2842 futurum,
1141 2783 1200 2830 ut
1219 2788 1347 2830 cum
1368 2773 1703 2831 voluntatem
1752 2776 1953 2832 summi

346 2870 528 2927 Patris
553 2869 786 2926 fideliter
811 2878 867 2926 et
891 2876 1211 2924 constanter
1236 2868 1535 2937 implesset,
1566 2867 1841 2939 acciperet
1864 2867 1955 2939 ju-

345 2961 580 3028 dicium,
611 2970 777 3033 atque
831 2959 1118 3032 imperium
1169 2960 1584 3030 sempiternum.
1635 2959 1692 3016 Si
1744 2960 1797 3016 in
1850 2960 1954 3016 viis

344 3055 489 3112 meis
512 3095 528 3121 ,
557 3054 750 3124 inquit,
785 3054 1169 3119 ambularetis,
1202 3062 1258 3109 et
1304 3062 1573 3124 praecepta
1603 3068 1721 3110 mea
1766 3069 1955 3111 serva-

300 3137 304 3141 ’
343 3149 525 3212 veris,
569 3156 624 3203 tu
646 3146 915 3218 judicahis
936 3146 1159 3204 domum
1208 3162 1407 3202 meam.
1436 3145 1569 3214 Quae
1618 3146 1823 3203 fuerint
1850 3147 1951 3204 vias

2059 1844 2103 1899 si
2132 1841 2331 1898 missus
2383 1851 2441 1896 ut
2473 1841 2605 1896 deos
2635 1840 2873 1907 tolleret,
2906 1849 2961 1895 et
2986 1855 3153 1895 unum
3182 1850 3477 1909 assereret,
3508 1843 3664 1900 indu-

2057 1945 2208 1993 ceret
2231 1935 2421 2002 alium,
2448 1942 2643 2004 praeter
2678 1948 2867 1988 unum.
2903 1932 3015 1988 Hoc
3030 1942 3166 2002 erat,
3199 1948 3306 1989 non
3332 1933 3401 1991 de
3429 1951 3537 1990 uno
3551 1936 3663 1993 Deo

2058 2028 2237 2084 facere
2288 2026 2641 2097 praeconium,
2689 2039 2790 2080 nec
2810 2024 2930 2094 ejus
2955 2025 3045 2095 qui
3076 2025 3318 2093 miserat,
3352 2025 3447 2082 sed
3502 2042 3661 2084 suum

2058 2119 2337 2192 proprium
2366 2118 2639 2190 negotium
2682 2131 2894 2188 gerere,
2919 2132 2981 2172 ac
3017 2132 3077 2173 se
3105 2118 3176 2173 ab
3203 2134 3272 2176 eo
3300 2137 3461 2193 quem
3504 2124 3662 2181 illus~

2062 2222 2299 2268 Iraturus
2321 2219 2566 2280 venerat,
2595 2224 2864 2280 separare.
2888 2208 3181 2280 Propterea
3202 2213 3326 2283 quia
3352 2224 3457 2271 tam
3488 2216 3665 2275 fidelis

2057 2303 2256 2370 extitit,
2285 2304 2412 2375 quia
2441 2303 2544 2360 sibi
2573 2301 2708 2358 nihil
2732 2317 2959 2373 prorsus
2985 2306 3299 2375 assumpsit,
3326 2318 3381 2363 ut
3413 2311 3665 2368 mandata

2059 2396 2323 2452 mittentis
2346 2395 2617 2466 impleret,
2640 2402 2696 2450 et
2733 2393 3036 2451 sacerdotis
3056 2397 3299 2467 perpetui
3326 2398 3664 2472 dignitatem,

2056 2497 2114 2545 et
2153 2489 2295 2560 regis
2339 2488 2536 2544 summi
2563 2487 2852 2557 honorem,
2884 2497 2941 2545 et
2970 2488 3170 2559 judicis
3214 2500 3558 2566 potestatem,
3610 2505 3666 2553 et

2061 2583 2157 2641 Dei
2179 2597 2376 2641 nomen
2405 2582 2633 2654 accepit.

2665 2741 2893 2800 CAPUT
2937 2702 3069 2800 xv.’

2129 2905 2207 2961 De
2232 2903 2359 2961 Jesu
2384 2905 2488 2960 vita
2515 2912 2563 2960 et
2588 2903 2888 2968 miraculis;
2914 2912 3068 2975 atque
3111 2904 3175 2959 de
3202 2905 3265 2962 iis
3293 2906 3595 2964 testimonia.

2136 3056 2403 3127 Quoniam
2420 3057 2489 3115 de
2513 3057 2752 3115 secunda
2774 3057 3056 3114 nativitate
3073 3058 3327 3127 diximus,
3344 3079 3449 3135 qua
3479 3078 3538 3122 se
3564 3065 3663 3123 bo-

2065 3152 2304 3209 minihus
2335 3152 2388 3208 in
2414 3167 2579 3209 carne
2603 3152 2953 3219 monstravit,
2988 3154 3268 3211 veniamus
3294 3157 3360 3212 ad
3385 3174 3545 3230 opera
3574 3161 3664 3218 illa

346 3243 467 3311 Dei,
496 3251 551 3299 et
580 3256 700 3313 quae
727 3250 995 3314 praecepta
1018 3241 1167 3313 ejus,
1198 3256 1298 3297 nec
1321 3241 1656 3313 ambiguum,
1682 3256 1784 3298 nec
1818 3243 1944 3299 obs-
1978 3235 2025 3300 C
2055 3244 2324 3313 miranda,
2352 3259 2471 3317 quae
2505 3259 2626 3301 cum
2669 3255 2854 3302 essent
2884 3245 3123 3302 caelestis
3175 3247 3369 3305 indicia
3424 3252 3660 3322 virtutis,

1678 3379 2038 3438 VARIORUM
2090 3381 2323 3440 NOTAE.

427 3495 719 3570 Nefandasr
743 3511 945 3570 manus.
988 3493 1119 3570 _Mss.
1149 3493 1313 3551 Cauc.
1346 3504 1398 3550 et
1441 3492 1476 3550 8
1517 3509 1628 3551 rec.
1657 3508 1782 3551 cum
1812 3493 1945 3551 edit.

343 3566 579 3627 Tornés.
607 3577 662 3623 et
690 3568 887 3623 Soubr.
913 3566 1158 3636 nefarias.

421 3639 712 3708 Cruciﬁxus
737 3649 829 3694 est.
859 3638 1115 3694 Francius
1135 3635 1458 3693 emendabat
1481 3637 1621 3691 cruci
1644 3638 1825 3708 a/Iixus
1850 3647 1944 3693 est.

341 3712 441 3768 Sic
465 3712 638 3838 Legini
660 3712 955 3782 etipsemet
981 3709 1289 3766 Lactantius
1303 3720 1384 3764 ter
1402 3707 1536 3763 infra
1560 3707 1750 3765 eodem
1783 3709 1944 3775 lthro,

342 3796 472 3838 can.
576 3823 590 3836 .

458 3826 472 3839 .
504 3799 529 3836 1
576 3823 590 3836 .

342 3799 599 3922 fagi-age
633 3853 895 3925 quingenti
935 3852 1058 3907 anni
1086 3859 1434 3925 numerantur.
1471 3849 1547 3925 Ita
1578 3866 1709 3906 mss.
1753 3865 1944 3925 omnes

341 3935 404 3981 ct
430 3941 525 3981 sex
553 3921 702 3980 editi.
731 3921 791 3979 In
818 3923 853 3979 9
883 3922 1251 3996 vulgatisdest
1273 3939 1449 3996 prape.
1475 3921 1604 3996 Quae
1627 3923 1944 3996 voxqadmo-ﬁ

343 3998 480 4054 dum
512 4006 633 4066 apta
662 3993 945 4052 retinenda
975 3993 1078 4050 est.
1104 3994 1389 4066 Siquidem,
1414 3994 1636 4061 praecise
1664 3994 1945 4066 quingenti

342 4085 457 4124 non
478 4063 825 4124 numerantur
837 4069 984 4121 anni.
1004 4063 1270 4121 Eusebius
1286 4064 1621 4120 iuCltronico
1642 4063 1743 4121 sub
1763 4063 1946 4137 Olym-

342 4141 510 4211 piade
553 4155 657 4196 CCII
683 4146 961 4211 computat
999 4152 1170 4193 annos
1198 4138 1521 4210 quingentos
1563 4137 1945 4208 quinquaginta

340 4210 496 4268 octo.
529 4211 663 4266 Vide
689 4210 1073 4280 chronologos.

425 4281 576 4337 Darii
605 4291 651 4337 et
696 4278 997 4336 Alexandri.
1047 4278 1189 4334 Darii
1236 4278 1410 4349 quarti
1455 4278 1740 4335 Persarum
1779 4279 1941 4347 regis.

342 4355 455 4412 llic
478 4364 655 4411 autem
679 4352 986 4408 Alexander
1016 4367 1121 4405 non
1149 4361 1231 4406 est
1275 4351 1365 4405 ille
1407 4364 1633 4420 magnus
1674 4363 1900 4405 vocatus
1923 4392 1938 4416 ,

2052 3496 2382 3572 _Walchium,
2414 3494 3072 3572 nostro‘eolrequeutior,
3102 3513 3153 3553 e.
3178 3514 3232 3569 g.
3278 3500 3313 3553 l.
3347 3517 3423 3568 tv,
3453 3520 3501 3560 c.
3545 3507 3656 3572 50;

2050 3568 2090 3647 ξ.
2124 3585 2180 3635 v,
2232 3569 2367 3647 (3.3,
2401 3582 2451 3647 c.
2479 3566 2573 3632 2‘2,
2606 3566 2681 3647 De
2698 3566 2862 3647 Ilion.
2894 3582 3125 3647 p_e_rsec.,
3155 3566 3206 3625 cI
3238 3566 3655 3647 49._A¥ruohius,

2052 3639 2093 3694 l.
2122 3655 2163 3710 ι,
2201 3656 2254 3709 p.
2284 3638 2389 3704 26;
2419 3639 2587 3710 immo
2615 3645 2670 3692 et
2693 3638 2884 3693 Cicero
2914 3639 3104 3710 Philip.
3132 3656 3207 3701 ιχ.
3238 3656 3287 3695 c.
3315 3643 3510 3701 4.80m.

2052 3720 2097 3786 ξ-
2123 3709 2378 3786 Titionem
2403 3709 2552 3786 enirn
2570 3710 2754 3779 vulgus
2783 3709 3032 3786 appellat,
3056 3709 3167 3786 etc.
3196 3712 3264 3766 Et
3295 3716 3364 3769 ita
3398 3719 3656 3786 Apuleius

2048 3781 2471 3862 Metaprprphos.
2499 3779 2592 3834 lib.
2619 3778 2690 3834 vit
2710 3778 3041 3862 tnProcurrit
3063 3783 3346 3862 adponat,
3368 3778 3654 3847 ardentem?

2048 3870 2144 3979 (cie
2174 3849 2402 3907 titionem
2432 3866 2610 3923 gerens
2629 3865 2649 3914 ,'
2670 3860 2724 3905 et
2741 3849 3102 3916 Quintilianus
3123 3849 3217 3908 lib.
3250 3870 3281 3909 x
3315 3856 3608 3916 Declamat.
3638 3882 3652 3919 :

2106 3925 2209 3979 elut
2239 3924 2500 3978 mentitam
2556 3930 2706 3979 atque
2760 3932 2944 3975 cuncta
2974 3922 3270 3979 ﬁnaentem.
3323 3928 3502 3979 titione
3521 3948 3652 3979 mn.

2106 3925 2209 3979 elut
2239 3922 2500 3993 mentitam
2556 3930 2706 3991 atque
2760 3932 2944 3993 cuncta
2973 3922 3270 3993 ﬁngentem,
3323 3928 3502 3984 titione
3521 3948 3653 3989 can-

2052 3994 2188 4050 denti
2215 3996 2347 4049 inter
2376 3992 2544 4047 media
2574 3994 2764 4063 femina
2798 3992 3021 4058 detruso,
3056 3992 3411 4053 crudelissime
3438 4006 3653 4061 necavit.

2127 4065 2174 4120 F
2177 4066 2321 4120 ilium
2344 4080 2492 4120 suum
2516 4064 2703 4135 legavit
2724 4063 2792 4117 ad
2814 4065 3062 4135 homines.
3094 4065 3245 4120 Haud
3270 4084 3427 4125 secus
3458 4071 3652 4132 habent

2052 4137 2410 4206 antiquissimi
2439 4134 2575 4206 mss.
2605 4150 2622 4187 ι
2653 4134 2880 4206 Bou.~et
2920 4134 3245 4206 Regio-Pal.
3283 4155 3491 4195 necnon
3523 4146 3657 4202 editi

2053 4203 2336 4275 Thomas,
2387 4206 2478 4274 ls.,
2534 4204 2737 4277 Thys._.
2789 4203 2951 4269 Gall.,
3002 4203 3195 4275 Spark.
3254 4209 3379 4264 Mss.
3409 4228 3536 4267 vero
3584 4217 3650 4271 51

2055 4288 2112 4352 et
2140 4281 2224 4352 10,
2260 4277 2510 4348 impressi
2539 4275 2658 4352 post
2685 4275 2733 4329 F
2736 4276 2880 4330 ilium
2933 4292 3105 4352 suum,
3136 4277 3337 4352 addunt
3370 4283 3653 4352 principem

2053 4346 2362 4421 Angelorum
2388 4364 2414 4421 _:
2442 4364 2560 4421 quae
2600 4347 2724 4421 _dute
2767 4361 2927 4421 voces
2957 4346 3248 4421 Thomasio
3283 4346 3655 4421 vitientur-ad-

340 4425 583 4502 Philippi
612 4425 787 4502 lil_iu_s__,
821 4422 1167 4502 Macedonum
1194 4437 1290 4477 rex
1315 4436 1468 4502 _xxut,
1494 4415 1596 4502 qui
1616 4420 1946 4502 ah‘liusehio
1973 4442 2026 4502 Ι)
2052 4415 2178 4502 dita}
2204 4435 2232 4474 a
2253 4419 2493 4502 quodam
2523 4418 2741 4502 Ariano.
2771 4415 2888 4471 Nisi
2933 4431 2996 4502 ea
3029 4417 3264 4502 dictione
3290 4419 3535 4502 Christus
3579 4428 3654 4502 si-

342 4489 572 4570 ponitu'r
594 4497 695 4552 sub
717 4489 1037 4570 Olympiade
1056 4507 1203 4570 cxt_v,
1236 4491 1332 4570 sed
1359 4489 1664 4570 Alexander
1681 4490 1951 4570 _X,_Mace—
1976 4489 2021 4502 ⁵⁷
2053 4489 2584 4570 gniﬁceturprimus
2605 4489 2904 4570 legatorum
2944 4489 3397 4570 sepnttuntiorum,
3423 4503 3489 4570 _ut
3515 4497 3653 4570 infra

342 4560 557 4626 donum
580 4583 698 4634 rex,
716 4560 806 4636 qui
824 4560 897 4623 ali
916 4566 1107 4622 eodem
1137 4564 1336 4621 Euseb.
1360 4563 1460 4618 sub
1481 4560 1943 4634 Ulympiadauux,

342 4647 624 4698 censetur.
653 4639 843 4696 lateas.

430 4710 554 4766 Non
583 4712 743 4781 multo
781 4711 1102 4781 priusquam,
1124 4716 1230 4781 etc.
1265 4706 1354 4764 Sic
1374 4705 1590 4781 lcgoex
1615 4719 1756 4781 mss.
1770 4705 1802 4781 ξ
1828 4702 1951 4781 Cul-

342 4785 497 4841 bert.
522 4793 574 4839 et
603 4774 820 4838 Cotton.
848 4774 969 4837 curii
1012 4779 1254 4835 Betuleio
1278 4788 1334 4833 et
1370 4774 1618 4847 Sparkio.
1647 4776 1703 4832 In
1734 4777 1801 4833 17
1831 4774 1951 4830 aliis

342 4863 412 4911 et
441 4855 494 4909 in
524 4854 683 4909 editis
712 4862 795 4908 est
815 4862 1105 4923 postquam.
1129 4850 1299 4923 Itnuto
1314 4859 1599 4919 antequam
1627 4848 1951 4923 Tarquinius

345 4925 636 4995 Superbus
660 4919 882 4981 exactus
909 4919 991 4978 est
1009 4964 1025 4989 ,
1046 4922 1178 4995 plus
1207 4922 1386 4976 minus
1407 4929 1611 4995 septem
1639 4923 1816 4995 annis.
1840 4919 1949 4995 _Po_-

344 4988 495 5053 nuut
535 4996 960 5066 proﬂigationem
996 4988 1182 5066 regunt
1225 5007 1366 5066 anno
1407 4988 1596 5066 ultimo
1642 4988 1948 5066 Olytnpiad.

344 5060 834 5137 um."l‘emplutn
865 5060 1084 5137 autem,
1114 5063 1374 5137 Zacharia
1397 5060 1949 5137 etiamnumpmphe-

349 5149 509 5195 tante
530 5179 546 5203 ,
571 5130 874 5195 abstilutum
906 5145 990 5191 est
1029 5135 1369 5208 Olympiade‘
1394 5149 1542 5208 vat,
1584 5148 1669 5208 ex
1692 5130 1947 5187 Eusebio.

345 5202 680 5267 Bsruustus.
695 5208 808 5264 Nisi
822 5202 1131 5265 Lactantius
1149 5202 1330 5276 lapsus
1347 5202 1526 5272 fuerit,
1545 5202 1629 5259 vel
1645 5205 1776 5257 Ama
1785 5216 1951 5257 nuen~

345 5283 438 5338 sis
458 5322 472 5343 ,
500 5281 784 5336 scribendo
816 5289 1116 5351 postquam,
1146 5293 1245 5349 pro
1272 5277 1587 5351 priusquam.

434 5342 921 5407 AmburcreturIlta
942 5342 1164 5406 restitui
1186 5366 1251 5404 ex
1273 5342 1485 5403 'mss.'9
1516 5344 1699 5417 Regiis
1719 5386 1733 5409 ,
1761 5344 1797 5398 2
1827 5342 1949 5401 Col-

348 5424 525 5490 bert.,
551 5421 739 5479 Gotb..
788 5424 812 5477 1
849 5422 1105 5488 Sorbon.,
1134 5422 1162 5476 1
1199 5421 1388 5482 Brun.,
1415 5417 1564 5489 Lips.
1610 5417 1868 5490 aliisque,
1895 5424 1953 5490 et

348 5487 523 5552 editis
547 5495 583 5549 5
610 5505 719 5551 vet.
751 5494 907 5550 Rom.
932 5507 995 5547 ac
1016 5487 1214 5560 Betul.,
1240 5487 1497 5556 Tornes.,
1514 5490 1808 5560 Soubrnm,
1830 5487 1953 5541 Cel-

347 5567 462 5623 lar.
488 5566 545 5622 lu
577 5566 611 5623 6
640 5565 857 5635 scriptis
880 5578 1011 5635 rec,
1035 5574 1091 5619 et
1135 5563 1170 5620 9
1222 5563 1501 5635 impressis
1526 5559 1953 5635 estcomburere-

351 5647 469 5771 iter.
488 5636 729 5763 tvsebam
753 5631 967 5691 amburo
993 5634 1270 5691 Lactantio
1301 5631 1562 5690 familiare
1583 5631 1675 5687 lib.
1704 5645 1797 5696 vtt,
1827 5643 1947 5700 cap.

454 5724 482 5761 e
610 5748 621 5759 .

454 5710 621 5763 et2l.

436 5777 814 5840 Cruciamenta.
863 5776 985 5833 Vox
1012 5791 1119 5834 non
1148 5776 1287 5833 adeo
1330 5773 1583 5849 frequens
1605 5808 1632 5846 ,-
1654 5771 1948 5832 secundum

805 5872 1082 5936 Pauor”
1129 5869 1238 5933 VI.

2054 4557 2275 4618 vocatur
2294 4578 2322 4613 a
2346 4559 2647 4625 Lactantio,
2667 4557 2795 4631 'cap.
2821 4557 2894 4613 25
2920 4566 2975 4631 et
3000 4557 3093 4624 29,
3129 4568 3183 4614 et
3211 4560 3304 4616 lib.
3333 4557 3401 4618 de
3423 4565 3502 4621 Ira
3536 4569 3649 4631 Dei.

2051 4649 2169 4703 cap.
2200 4632 2258 4700 2,
2289 4632 2371 4686 vel
2415 4639 2566 4704 caput
2596 4630 2928 4700 Angelorum,
2952 4628 3103 4704 juxta
3131 4631 3257 4704 illud
3306 4636 3550 4704 Apostoli
3582 4628 3649 4696 ad

2050 4700 2260 4781 Coloss.
2288 4718 2325 4759 tt
2362 4719 2375 4755 :
2423 4700 2524 4769 Qui
2561 4710 2633 4756 est
2659 4710 2813 4772 caput
2855 4703 3020 4755 omnis
3060 4700 3377 4775 principatus
3406 4718 3453 4761 et
3481 4721 3652 4781 potes-

2051 4776 2194 4831 tatis.

2130 4846 2241 4901 Nec
2264 4858 2505 4911 umquam
2528 4858 2581 4897 se
2596 4844 2706 4911 ipse
2725 4840 2889 4896 Deum
2906 4843 3058 4900 dixit.
3077 4844 3295 4901 Frustra
3316 4847 3650 4909 Lactantium

2052 4917 2172 4992 falsi
2204 4914 2474 4992 insimulat
2522 4913 2790 4977 Gallicus,
2835 4928 2902 4969 eo
2908 4915 3070 4992 _quod
3100 4931 3137 4992 _x
3166 4915 3405 4992 Joannis
3432 4921 3647 4992 legitur,

2052 4988 2165 5059 Ego
2201 4997 2247 5043 et
2290 4985 2446 5042 Pater
2489 5002 2647 5059 unum
2676 5000 2871 5059 sumus.
2897 4984 2982 5059 _Ea
3023 4987 3221 5059 quippe
3260 4999 3343 5043 est
3388 4984 3651 5049 Lactantii

2052 5002 2165 5059 Ego
2201 5002 2247 5043 et
2290 5002 2446 5042 Fater
2489 5002 2647 5039 unum
2676 5002 2871 5039 sumus.
2909 5002 2982 5040 na
3064 5003 3221 5056 utppe
3260 5002 3343 5043 est
3388 5002 3649 5049 Lactantii

2051 5075 2226 5122 meus,
2261 5071 2525 5128 nusquam
2568 5054 2754 5128 illudis
2780 5054 3001 5110 Christo
3023 5002 3226 5112 dictum
3262 5059 3446 5126 fuisse,
3477 5078 3537 5118 se
3562 5066 3649 5118 di-

2052 5132 2326 5186 vinitatem
2355 5127 2664 5201 habuissea
2691 5127 2884 5201 Patris
2905 5139 3105 5201 natura
3123 5129 3426 5201 distinctam
3461 5149 3473 5184 :
3505 5134 3649 5201 quod

2052 5203 2328 5275 sequentia
2353 5200 2483 5275 satis
2514 5199 2740 5268 probant
2764 5214 2783 5275 _;
2814 5197 2998 5252 fuisset
3020 5198 3163 5275 enim
3185 5200 3280 5252 hoc
3301 5215 3402 5252 non
3424 5197 3536 5271 ejus
3561 5207 3652 5275 qui

2053 5268 2276 5337 miserat,
2307 5271 2395 5326 sed
2420 5286 2565 5324 suum
2600 5270 2864 5340 proprium
2903 5268 3156 5339 negotium
3184 5285 3387 5338 gerere,
3415 5268 3476 5325 ac
3511 5268 3652 5331 se'ab

2052 5361 2132 5410 eo,
2156 5360 2301 5413 quem
2328 5343 2676 5413 illustraturus
2706 5347 2930 5402 uenerat,
2957 5354 3213 5413 separare.
3243 5340 3448 5413 _Spanx.

2128 5407 2290 5482 Quem
2326 5412 2679 5468 illustraturus
2727 5407 3081 5482 verterat.‘_Sic
3125 5410 3333 5465 restitui
3361 5427 3427 5468 ex
3457 5430 3592 5476 mss.
3619 5422 3652 5476 7

2053 5478 2213 5557 Reg.,
2237 5486 2274 5541 2
2292 5485 2524 5557 Bongon.,
2549 5483 2793 5542 50xon.,
2817 5479 2851 5533 4
2871 5478 3187 5557 Οᾳιῦετςζρι
3203 5482 3269 5557 15
3291 5482 3410 5537 aliis
3432 5495 3594 5556 atque
3620 5493 3655 5548 8

2054 5550 2352 5628 impressis.
2386 5550 2697 5611 Sexmanu
2737 5550 3036 5628 exaratiet
3053 5551 3131 5628 _12
3162 5555 3302 5628 typis
3341 5550 3526 5628 excusi
3554 5562 3651 5616 ha-

2056 5621 2185 5685 bent
2219 5629 2529 5697 illustratum
2558 5638 2578 5697 ε
2606 5632 2830 5697 utraque
2853 5621 3012 5697 lectio
3053 5621 3376 5697 boum—Mss.
3405 5627 3569 5687 Cattc.
3595 5674 3608 5697 ,
3638 5650 3656 5689 ι

2055 5700 2218 5770 Beg.,
2250 5717 2265 5755 ι
2296 5698 2470 5768 Lips.,
2490 5696 2632 5762 PaL,
2656 5696 2723 5770 ad
2746 5710 2897 5770 _quem
2923 5694 3289 5770 illustrandum
3316 5709 3537 5755 venerat.

2134 5766 2268 5839 Quia
2288 5766 2402 5828 sibi.
2437 5770 2628 5827 chm.
2657 5766 2807 5838 legit,
2838 5776 2885 5823 et
2910 5767 3030 5838 quia
3063 5767 3179 5822 sibi.

3176 5859 3252 5924 16
