4154 6196
359 280 470 342 497

1258 282 1462 340 LIBER
1495 281 1582 339 IV.
1626 282 1724 339 DE
1755 281 1946 339 VERA
1978 281 2341 341 SAPIENTIA
2379 285 2467 342 ET
2507 284 2764 353 RELIG.‘

3559 282 3668 340 498

358 400 647 458 consilium
695 399 763 456 de
813 414 880 456 eo
921 398 1158 456 tollendo
1203 400 1600 472 cruciandoque
1643 412 1904 474 ceperunt
1935 423 1950 460 :
1978 403 2034 464 Α
2059 403 2162 458 illis
2191 414 2405 474 peccata
2436 413 2490 460 et
2519 403 2826 472 injustitias,
2875 410 2929 456 et
2968 415 2995 454 a
3031 400 3227 471 populo
3267 415 3402 471 pene
3432 400 3657 465 deserti,

360 493 508 566 quod
530 493 807 564 propheta:
838 493 1012 548 multo
1039 503 1166 548 ante
1193 493 1616 566 descripserant.

435 585 569 642 Nam
585 596 641 642 et
658 585 850 651 David,
870 587 924 641 in
947 586 1209 658 principio
1225 587 1562 644 Psalmorum
1587 589 1606 660 (
1617 589 1754 647 Psal.
1779 594 1821 664 ι)
1839 609 1966 650 suo—

360 697 508 749 rum,
537 682 826 752 providens
853 683 906 736 in
935 681 1122 752 spiritu
1152 692 1408 752 quantum
1436 682 1643 740 facinus
1671 685 1963 744 admissuri

359 783 568 839 essent,
601 772 817 829 Beatum
842 790 950 828 esse
978 774 1072 842 ait,
1104 775 1190 846 qui
1218 791 1319 830 non
1340 777 1520 831 abierit
1545 778 1599 832 in
1628 780 1843 835 consilio
1863 783 1966 836 im-

363 869 586 939 piorum.
622 867 690 923 Et
717 866 974 924 Salomon
1000 869 1053 924 in
1082 868 1220 924 libro
1260 869 1552 940 Sapientiae
1578 873 1720 945 (cap.
1765 876 1849 947 ιι),
1879 876 1963 934 his

359 960 539 1016 verbis
572 975 697 1016 usus
720 969 806 1016 est
830 979 844 1016 :
868 958 1336 1016 Circumveniamus
1356 963 1579 1032 justum,
1609 968 1852 1036 quoniam
1877 970 1961 1023 in-

357 1054 534 1108 suavis
559 1062 632 1108 est
657 1053 824 1120 nobis,
857 1063 905 1108 et
933 1054 1204 1125 exprobrat
1229 1055 1374 1110 nobis
1405 1067 1616 1126 peccata
1645 1059 1769 1130 legis
1795 1075 1814 1113 :
1839 1077 1964 1131 pro—

361 1143 514 1199 mittit
538 1161 593 1199 se
611 1144 873 1199 scientiam
896 1143 992 1198 Dei
1013 1145 1214 1211 habere,
1243 1155 1291 1200 et
1311 1146 1479 1215 ﬁlium
1506 1146 1601 1201 Dei
1622 1165 1676 1203 se
1696 1150 1926 1205 nominat
1948 1170 1962 1208 :

361 1241 528 1310 factus
557 1248 631 1293 est
670 1237 894 1293 nobisin
936 1238 1308 1293 traductionem
1346 1240 1714 1310 cogitationum
1757 1252 1964 1297 nostra-

359 1348 474 1387 rum
502 1350 520 1386 :
549 1331 714 1404 gravis
739 1340 813 1385 est
829 1331 971 1385 nobis
997 1332 1150 1385 etiam
1169 1331 1239 1385 ad
1259 1331 1532 1386 videndum
1547 1351 1567 1399 ;
1590 1334 1833 1401 quoniam
1857 1335 1965 1390 dis-

359 1424 548 1480 similis
576 1432 645 1478 est
672 1424 791 1478 aliis
812 1425 914 1478 vita
942 1423 1102 1490 illius,
1140 1432 1186 1478 et
1210 1425 1489 1479 immutata
1518 1435 1635 1480 sunt
1660 1426 1756 1482 vita
1775 1428 1915 1483 illius
1945 1445 1964 1482 :

359 1529 625 1589 tamquam
650 1533 872 1589 nugaces
897 1517 1137 1573 testimati
1166 1534 1338 1572 sumus
1366 1519 1432 1572 ab
1471 1535 1528 1573 eo
1560 1537 1572 1572 :
1607 1521 1829 1576 continet
1855 1538 1908 1576 se
1930 1539 1964 1576 a

355 1612 455 1667 riis
487 1612 696 1674 nostris,
724 1611 872 1682 quasi
896 1611 959 1664 ab
986 1611 1346 1678 immunditiis,
1379 1621 1426 1666 et
1452 1615 1661 1684 prafert
1688 1614 1963 1668 novissima

342 1705 627 1775 justomm,
659 1711 708 1758 et
735 1703 990 1775 gloriatur
1015 1713 1211 1773 patrem
1239 1720 1293 1758 se
1321 1703 1507 1758 habere
1547 1703 1732 1767 Deum.
1775 1704 1960 1761 Videa—

2068 496 2319 551 concitati
2349 505 2472 551 sunt
2493 495 2561 550 ad
2587 510 2706 550 eum
2736 494 3055 549 necandum.

2137 587 2302 656 Cujus
2332 588 2408 642 rei
2441 586 2718 642 audaciam
2747 584 2894 640 dedit
2921 584 3029 639 illis
3057 584 3326 639 humilitas
3355 584 3491 654 ejus.
3524 583 3660 639 Nam

2070 695 2189 736 cum
2218 681 2477 750 legerent,
2509 695 2631 734 cum
2657 688 2853 750 quanta
2882 678 3076 731 virtute
3121 687 3174 732 et
3203 676 3446 732 claritate
3497 676 3665 731 Filius

2073 773 2166 828 Dei
2204 785 2460 828 venturus
2488 781 2632 828 esset
2661 788 2691 826 e
2736 771 2897 836 caelo,
2940 769 3123 826 Jesum
3169 781 3348 825 autem
3377 777 3667 824 cernerent

2071 868 2349 934 humilem,
2381 868 2640 938 quietum,
2671 866 2970 930 sordidum,
3004 865 3306 930 informem,
3344 878 3451 917 non
3478 861 3667 917 crede-

2072 958 2203 1014 bant
2228 959 2396 1013 lilium
2428 959 2521 1013 Dei
2548 973 2690 1024 esse,
2743 957 3055 1027 ignorantes
3097 956 3233 1011 duos
3257 955 3374 1025 ejus
3401 955 3665 1009 adventus

2068 1068 2096 1106 a
2138 1053 2415 1122 prophetis
2459 1067 2580 1108 esse
2626 1052 2954 1122 praedictos:
2987 1052 3217 1121 primum
3266 1051 3317 1105 in
3364 1050 3666 1106 humilitate

2067 1146 2244 1199 carnis
2274 1145 2582 1211 obscurum,
2618 1144 2909 1200 secundum
2942 1144 2995 1198 in
3027 1143 3338 1199 fortitudine
3366 1144 3664 1214 majestatis

2069 1240 2430 1295 manifestum.
2464 1239 2538 1294 De
2571 1239 2744 1308 primo
2769 1237 2932 1292 David
2956 1238 3006 1292 in
3033 1237 3237 1306 psalmo
3264 1237 3663 1307 septuagesimo

2068 1335 2242 1404 primo
2271 1334 2349 1389 sic
2388 1335 2499 1389 ait:
2531 1332 2814 1388 Descendet
2835 1334 2962 1388 sicut
2984 1333 3156 1403 pluvia
3177 1334 3230 1386 in
3257 1332 3441 1397 vellus,
3465 1341 3510 1386 et
3533 1332 3666 1385 orie-

2068 1437 2151 1481 tur
2171 1429 2224 1482 in
2250 1428 2426 1482 diebus
2465 1429 2576 1497 ejus
2594 1427 2820 1499 justitia,
2861 1438 2910 1480 et
2939 1426 3255 1481 abundantia
3297 1428 3459 1498 pacis,
3503 1426 3665 1480 donec

2066 1521 2342 1576 extollatur
2380 1521 2523 1576 luna.
2554 1519 2704 1576 Sicut
2750 1521 2891 1576 enim
2942 1521 3142 1591 pluvia,
3189 1522 3230 1575 si
3271 1519 3563 1576 descendat
3611 1521 3666 1574 in

2066 1615 2257 1678 vellus,
2290 1615 2645 1670 animadverti
2678 1630 2784 1670 non
2832 1625 3027 1685 potest,
3072 1617 3191 1684 quia
3224 1618 3507 1686 strepitum
3557 1631 3666 1669 non

2065 1705 2228 1762 facit:
2255 1708 2325 1761 ita
2355 1705 2627 1762 Christum
2655 1707 2707 1762 in
2750 1717 2945 1762 terram
2976 1708 3092 1763 sine
3132 1709 3449 1778 cujusquam
3481 1708 3662 1777 suspi-

351 1813 466 1851 mus
496 1812 618 1868 ergo
645 1796 692 1852 si
732 1811 990 1851 sermones
1019 1795 1156 1850 illius
1182 1797 1287 1850 veri
1321 1797 1455 1862 sint;
1489 1805 1536 1850 et
1565 1806 1812 1852 tentemus
1841 1815 1957 1868 qua:
1986 1800 2034 1859 B
2059 1799 2214 1854 cione
2247 1809 2535 1854 venturum
2560 1815 2682 1855 esse
2701 1799 2854 1864 dixit,
2885 1800 3220 1868 utjustitiam
3249 1799 3470 1854 doceret
3491 1808 3545 1854 et
3572 1813 3666 1867 pa—

348 1899 566 1943 ventum
585 1897 705 1943 sunt
731 1888 830 1942 illi.
858 1887 1190 1942 Contumeliis
1219 1897 1266 1941 et
1297 1889 1559 1942 tormentis
1585 1888 1955 1960 interrogemus

347 1997 466 2036 eum
490 1997 510 2036 :
532 1989 586 2035 ut
611 1983 833 2036 sciamus
857 1980 1186 2034 reverentiam
1205 1980 1367 2046 illius,
1395 1989 1443 2034 et
1469 1979 1737 2048 probemus
1757 1985 1954 2050 patien-

346 2074 476 2127 tiam
503 2071 666 2136 illius,
710 2081 872 2126 morte
899 2070 1196 2141 turpissima
1236 2071 1626 2124 condemnemus
1655 2087 1788 2124 eum.
1828 2070 1954 2126 Hazc

343 2171 718 2240 cogitaverunt,
747 2175 793 2221 et
822 2175 1140 2222 erraverunt.
1175 2163 1465 2220 Excwcavit
1506 2166 1638 2219 enim
1666 2165 1785 2219 illos
1821 2166 1953 2220 stul-

343 2262 460 2317 titia
485 2262 747 2332 ipsorum;
776 2271 823 2316 et
849 2261 1136 2315 nescierunt
1173 2267 1490 2314 sacramenta
1513 2256 1630 2311 Dei.
1659 2256 1849 2313 Nonne
1879 2258 1950 2312 ita

344 2356 639 2426 descripsit
668 2354 931 2411 nefarium
965 2353 1092 2409 illud
1120 2353 1404 2409 consilium
1434 2353 1502 2409 ab
1545 2353 1723 2423 impiis
1754 2353 1945 2408 initum

341 2459 533 2506 contra
562 2448 754 2515 Deum,
794 2456 853 2503 ut
880 2447 1035 2518 plane
1063 2447 1371 2503 interfuisse
1399 2446 1685 2503 videatur?
1728 2449 1891 2519 Atqui
1918 2463 1948 2504 a

344 2544 664 2612 Salomone,
696 2548 789 2616 qui
812 2543 926 2599 haec
951 2542 1163 2608 cecinit,
1199 2559 1368 2612 usque
1398 2541 1465 2597 ad
1497 2542 1549 2597 id
1572 2551 1806 2613 tempus,
1840 2559 1948 2613 quo

338 2648 495 2712 gesta
525 2654 610 2695 res
640 2646 744 2706 est,
776 2637 924 2693 mille
954 2653 1017 2693 ac
1042 2636 1228 2693 decem
1260 2637 1385 2692 anni
1415 2637 1648 2692 luerunt.
1679 2637 1819 2692 Nihil
1850 2653 1949 2694 nos

340 2732 671 2803 attingimus,
715 2729 849 2786 nihil
881 2729 1150 2785 addimus.
1179 2729 1460 2786 Habebam
1491 2729 1627 2796 lucc,
1670 2731 1758 2800 qui
1801 2730 1946 2786 lece-

339 2835 508 2882 runt:
535 2825 805 2897 legebant,
836 2824 888 2879 in
917 2839 1053 2895 quos
1079 2824 1195 2879 haec
1225 2823 1368 2878 dicta
1399 2833 1544 2878 sunt.
1575 2823 1680 2879 Sed
1727 2834 1781 2880 et
1806 2841 1950 2882 nunc

340 2919 590 2976 barredes
622 2918 854 2973 nominis
879 2931 941 2972 ac
979 2916 1203 2973 sceleris
1231 2916 1444 2971 illorum
1487 2915 1605 2971 haec
1634 2926 1688 2971 et
1727 2917 1945 2982 habent,

341 3023 398 3069 et
427 3012 828 3067 damnationem
876 3027 1026 3066 suam
1058 3013 1440 3082 prophetarum
1473 3023 1607 3065 voce
1636 3010 1946 3080 praedictam

341 3105 671 3179 quotidiauis
715 3103 1033 3159 lectionibus
1076 3115 1402 3174 personant;
1448 3117 1548 3158 nec
1577 3103 1868 3174 aliquando
1895 3105 1946 3158 in

2056 1907 2196 1947 cem.
2228 1892 2414 1946 Esaias
2443 1907 2658 1962 qucque
2689 1892 2760 1946 ita
2794 1892 3012 1945 tradidit
3056 1893 3194 1960 (cap.
3228 1889 3342 1961 Lm)
3377 1911 3388 1944 :
3422 1889 3662 1957 Domine,

2055 1988 2168 2057 quis
2198 1986 2413 2041 credidit
2454 1986 2651 2040 auditui
2697 1995 2890 2049 nostro,
2933 1995 2978 2039 et
3023 1986 3286 2040 brachium
3329 1983 3540 2038 Domini
3579 1984 3664 2036 cui

2053 2079 2329 2134 revelatum
2363 2079 2472 2133 est?
2498 2077 2925 2132 Annuntiavimus
2954 2094 3125 2132 coram
3169 2078 3282 2146 ipso
3320 2077 3452 2130 sicut
3492 2077 3664 2147 pueri,

2053 2180 2100 2225 et
2129 2171 2256 2224 sicut
2279 2169 2432 2223 radiat
2456 2170 2507 2222 in
2534 2178 2670 2222 terra
2694 2169 2884 2223 sitienti
2911 2185 2929 2223 :
2958 2185 3060 2223 non
3090 2177 3161 2222 est
3189 2168 3358 2238 ﬁgura
3399 2167 3533 2238 ejus,
3566 2183 3658 2220 ne-

2052 2280 2148 2336 que
2173 2263 2414 2327 claritas;
2459 2273 2504 2316 et
2531 2263 2750 2316 vidimus
2779 2263 2946 2328 illum,
2989 2273 3035 2317 et
3066 2279 3168 2316 non
3209 2262 3381 2315 habuit
3415 2263 3660 2332 ﬁguram,

2052 2375 2212 2430 neque
2236 2366 2500 2414 decorem:
2527 2357 2612 2412 sed
2639 2358 2805 2429 ﬁgura
2827 2359 2937 2427 ejus
2961 2358 3068 2411 sine
3091 2357 3299 2422 honore,
3331 2366 3379 2409 et
3405 2353 3649 2421 deﬁciens

2053 2461 2236 2522 prwter
2272 2460 2479 2505 caeteros
2509 2451 2755 2504 homines.
2809 2448 2975 2503 Homo
3020 2450 3073 2502 in
3113 2448 3268 2520 plaga
3316 2447 3510 2517 positus
3553 2455 3652 2512 est,

2052 2548 2215 2601 sciens
2247 2549 2379 2618 ferre
2407 2544 2828 2609 imbecillitatem,
2858 2544 2977 2613 quia
3017 2558 3224 2597 aversus
3253 2549 3348 2605 est,
3379 2549 3428 2593 et
3456 2556 3558 2593 non
3585 2549 3656 2592 est

2050 2649 2391 2709 computatus.
2421 2636 2523 2691 Hic
2545 2648 2754 2707 peccata
2783 2646 2958 2690 nostra
2986 2644 3175 2706 portat,
3205 2645 3253 2688 et
3275 2649 3366 2700 pro
3396 2631 3540 2686 nobis
3576 2632 3661 2684 hic

2052 2733 2226 2799 dolet;
2253 2742 2298 2785 et
2330 2749 2421 2786 nos
2447 2732 2737 2803 putavimus
2757 2731 2927 2802 ipsum
2955 2745 3062 2783 esse
3085 2729 3136 2782 in
3165 2727 3357 2793 dolore,
3387 2735 3431 2780 et
3459 2726 3511 2778 in
3544 2725 3660 2793 pla-

2052 2844 2140 2900 ga,
2167 2837 2214 2881 et
2243 2829 2296 2881 in
2322 2829 2604 2882 vexatione.
2642 2825 2763 2897 Ipse
2804 2835 2973 2880 autem
3014 2825 3308 2876 uulneratus
3349 2829 3422 2875 est
3448 2828 3661 2891 propter

2053 2921 2286 2992 facinora
2303 2931 2498 2985 nostra,
2523 2929 2570 2973 et
2595 2918 2886 2987 inﬁrmatus
2908 2926 2979 2972 est
3001 2925 3207 2985 propter
3231 2923 3437 2983 peccata
3454 2919 3626 2964 nostra
3643 2923 3664 2962 :

2053 3014 2284 3068 doctrina
2308 3015 2447 3082 pacis
2479 3023 2666 3066 nostra
2685 3027 2838 3081 super
2858 3010 3004 3064 illum
3027 3025 3045 3072 ;
3072 3010 3226 3063 liuore
3246 3008 3354 3079 ejus
3379 3021 3469 3058 nos
3489 3003 3662 3056 sanati

2053 3124 2250 3162 sumus.
2274 3107 2462 3162 Omnes
2478 3108 2604 3161 sicut
2621 3122 2736 3161 oves
2753 3105 3053 3169 erravimus,
3073 3113 3116 3157 et
3140 3101 3273 3155 Deus
3288 3099 3499 3156 tradidit
3514 3099 3656 3152 illum

341 3214 440 3256 cor
464 3213 641 3263 suum,
669 3213 791 3268 quae
820 3211 944 3267 pars
970 3208 1052 3253 est
1082 3205 1136 3252 et
1164 3196 1278 3266 ipsa
1309 3195 1704 3261 damnationis,
1747 3196 1944 3251 admit-
1977 3182 2021 3244 C
2054 3219 2147 3272 pro
2173 3203 2600 3274 peccatisnoslris.
2621 3201 2692 3256 Et
2713 3200 2916 3273 Sibylla
2934 3198 3124 3255 eodem
3145 3197 3306 3252 modo
3331 3197 3510 3250 locuta
3533 3201 3617 3248 est
3643 3209 3656 3245 :

345 3300 486 3348 tunt.
512 3289 758 3361 Increpiti
779 3304 908 3360 ergo
935 3304 965 3344 a
991 3287 1206 3344 Christo
1227 3302 1372 3358 stt-pe
1392 3286 1563 3342 Judaei
1586 3287 1951 3358 exprobrante

2306 3320 2474 3370 Οὶχτρὸς,
2495 3314 2641 3368 ἄτιμος,
2661 3314 2837 3368 ἄμορφος,
2865 3318 2902 3355 ιν
2926 3319 3082 3368 cinaedis
3108 3309 3240 3354 ιλπὶδα
3261 3308 3387 3351 δῶσιι.

1688 3409 2054 3468 VARIORUM
2089 3411 2322 3469 NOTAE.

347 3533 582 3605 magistri
611 3547 786 3605 eorum
811 3546 870 3584 ac
899 3530 1218 3605 primores...
1248 3526 1610 3605 tradiderunt-5
1639 3535 1694 3605 _et
1721 3524 1951 3605 Cypria-

347 3594 460 3662 ιιιιξ
496 3594 969 3660 Tertullianum'in
998 3599 1224 3668 Apolog.
1251 3613 1371 3669 cap.
1397 3598 1459 3652 “2i
1506 3615 1517 3649 :
1557 3594 1818 3652 Primores
1846 3595 1946 3650 Ju-

348 3679 603 3742 dieorum,
629 3675 854 3745 reliqua.
880 3673 1160 3728 Bassum.

423 3769 732 3824 Cruciando.
765 3766 918 3821 (Ioni.
949 3781 1067 3837 cap.
1103 3764 1347 3837 l8;4cnp_.
1378 3761 1480 3826 22;
1504 3761 1644 3831 Epit.
1675 3775 1795 3837 cap.
1851 3759 1951 3837 16,

349 3841 444 3898 48.
478 3842 713 3896 Illustrat
759 3839 968 3908 Lipsius
1004 3831 1094 3892 lib.
1126 3835 1262 3908 ittle
1304 3833 1501 3897 Cruce,
1531 3849 1650 3908 cap.
1673 3833 1736 3908 ξ,
1766 3839 1820 3886 et
1849 3831 1953 3885 Co-

349 3915 567 3970 lumbus
611 3912 676 3966 ad
724 3903 922 3964 libfdc
973 3908 1126 3962 Mart.
1161 3906 1376 3961 Persec.
1409 3920 1529 3973 cap.
1573 3904 1628 3957 2.
1673 3903 1952 3957 BUNEHAN.

425 3984 494 4039 Et
520 3983 768 4038 Salomon
799 3982 849 4034 in
875 3979 1001 4033 libro
1040 3979 1339 4046 Sapientiae.
1375 3975 1730 4046 Hieronymus
1756 3973 1954 4046 corda-

352 4058 462 4112 tior
486 4056 797 4128 prmlatione
816 4053 887 4128 _it_t_
907 4045 1189 4128 proverbia
1225 4047 1526 4128 Salomonis
1557 4045 1638 4101 est
1662 4049 1677 4115 (
1700 4062 1817 4127 qua;
1839 4045 1956 4128 epi-

352 4117 503 4185 stola.
518 4137 600 4180 est
627 4123 774 4194 115).
807 4117 975 4188 Liber,
1007 4123 1197 4194 inqtttt,
1245 4118 1677 4194 ψευδεπίγρᾳφρς,
1729 4117 1814 4186 qui
1857 4117 1959 4172 Sa—

354 4199 548 4271 pientia
581 4191 876 4271 Salomonis
916 4193 1226 4271 inscribitur,
1259 4191 1360 4261 qui
1401 4191 1538 4271 apud
1568 4191 1958 4271 Hebrteos‘nus-

355 4258 508 4343 quam
540 4277 726 4343 est,_iet
766 4267 876 4343 ipse
918 4265 1080 4335 stglus
1122 4258 1340 4343 graecam
1381 4258 1959 4343 eloquentiam-redolet,

356 4327 406 4396 ct
436 4327 672 4394 nonnulli
701 4327 1003 4407 scriptorum
1029 4327 1251 4389 veterum
1279 4333 1410 4386 hunc
1439 4327 1548 4386 esse
1574 4329 1745 4384 Judtei
1773 4327 1958 4384 Philo-

356 4416 439 4468 nis
469 4411 743 4483 aﬁirmant.
818 4409 947 4464 BUN.

433 4483 691 4557 lnsuauis.
726 4481 834 4536 l'lac
864 4494 993 4533 voce
1010 4477 1227 4557 passim
1251 4472 1700 4557 utitttr_Lactantit

359 4573 483 4627 cap.
509 4556 561 4619 1,
589 4556 820 4627 Epitotn.
854 4566 972 4621 cap.
998 4543 1144 4627 {Suet
1166 4548 1257 4627 61,
1283 4545 1474 4627 lih._de
1501 4545 1577 4597 Ira
1601 4543 1701 4627 Dei
1728 4543 1961 4627 cap.

463 4613 730 4694 Quasi-ab
779 4613 1136 4694 immunditiis.
1167 4618 1308 4694 _Non
1359 4616 1613 4694 abhorret
1659 4613 1968 4694 Lactantius

359 4714 389 4754 a
419 4685 572 4753 νῶτα.
606 4698 667 4751 ι..
696 4712 771 4760 ιν,
800 4710 917 4763 Cap.
951 4691 1132 4763 17,41;
1159 4689 1514 4763 ίηιηιηηιιιιιίε.
1535 4685 1747 4763 Lipsius
1772 4686 1969 4763 δᾷδε-

363 4786 484 4826 nec.
516 4771 551 4824 1.
584 4785 640 4824 ιιι
665 4769 732 4823 de
754 4757 933 4831 lra,'c.
964 4765 1055 4827 54,
1083 4761 1466 4826 lmmunditias,
1498 4773 1561 4813 ex
1587 4759 1808 4829 antiquo
1831 4757 1970 4812 libro

360 4843 617 4898 malebat.
677 4840 810 4894 BUN.

443 4932 506 4988 Et
527 4933 776 5003 gloriatur
805 4939 1000 5003 patrem
1033 4926 1218 5003 Deum.
1251 4922 1544 5003 Ediderant
1574 4932 1765 5003 antea;
1796 4931 1844 4975 et
1869 4920 1973 4991 glo-

363 4995 751 5074 riaturvpatrem
777 4995 1044 5074 sei/rabere
1085 4997 1272 5074 Deum.
1316 4997 1386 5050 At
1429 4995 1971 5074 antiquissimusnco-

363 5079 474 5132 (lex
495 5064 742 5140 Taurin.,
765 5090 814 5128 c.
838 5073 929 5127 45.
959 5071 1021 5124 Et
1043 5069 1295 5142 gloriatur
1312 5077 1508 5138 patrem
1537 5065 1808 5118 Dominum
1841 5064 1975 5132 (legs

366 5147 584 5219 Deum).
617 5148 816 5217 Atque,
849 5153 907 5198 ut
935 5139 1184 5212 ego‘edo.
1222 5139 1355 5194 BUN.

451 5239 598 5294 Mille
617 5255 675 5292 ac
703 5238 873 5292 decem
902 5236 1043 5289 anni.
1085 5233 1180 5289 Sat
1208 5239 1356 5287 recte
1385 5227 1449 5283 ad
1475 5237 1709 5282 mentem
1739 5224 1976 5281 chrono-

371 5311 535 5383 logize
562 5325 746 5383 sacrm.
783 5308 1039 5383 Salomon
1087 5307 1232 5359 enim
1277 5301 1596 5383 obiit'anluo
1640 5306 1764 5352 ante
1813 5311 1975 5383 teram

372 5367 650 5454 vulgarem
679 5381 806 5454 980.
835 5377 1082 5454 Christus
1121 5390 1249 5454 vero
1275 5373 1430 5454 cruci
1463 5371 1656 5454 allixus
1684 5378 1765 5422 est
1789 5367 1978 5454 ,‘juxta

373 5439 590 5510 vetere;
609 5453 861 5508 Ecclesize
877 5451 1148 5510 doctores,
1162 5446 1370 5500 duobus
1387 5442 1628 5498 Geminis
1643 5439 1978 5503 conSttlibus,

374 5527 431 5583 id
460 5535 540 5579 cst
573 5539 714 5578 anno
738 5521 1056 5578 Christiana:
1084 5535 1204 5572 .‘L‘l‘il’.
1229 5516 1320 5571 29.
1353 5515 1497 5568 lianc
1524 5527 1789 5569 summam
1815 5510 1859 5562 si
1888 5511 1982 5563 ad-

375 5599 478 5654 das
503 5597 568 5649 ad
599 5611 718 5649 eam
743 5594 871 5656 980,
900 5591 1100 5646 ellicies
1129 5586 1481 5661 annos_1009.
1538 5654 1624 5661 ____
1646 5655 1678 5661 __
1889 5651 1899 5661 .
1927 5649 1956 5661 η

458 5649 607 5720 Nihil
636 5649 892 5719 addimus.
919 5663 1045 5718 Mss.
1081 5661 1196 5716 Em.
1229 5668 1284 5714 et
1309 5658 1501 5722 Brttn.,
1528 5654 1678 5709 Nihil
1701 5669 1790 5707 nos
1832 5649 1982 5705 addi-

379 5756 656 5864 m'flsrsmn.
693 5807 764 5864 lta
794 5804 1170 5880 quamplurimi
1187 5811 1242 5857 et
1260 5797 1616 5872 antiquissimi
1640 5811 1768 5853 mss.
1796 5802 1850 5852 et
1868 5808 1983 5853 om-

2054 3543 2152 3584 nes
2181 3530 2331 3584 editi.
2361 3530 2416 3584 ln
2450 3530 2482 3582 '7
2513 3543 2646 3583 mss.
2682 3542 2793 3583 rec.
2824 3534 2907 3582 est
2929 3527 3120 3597 ipsum.

2130 3599 2388 3666 Quietum.
2421 3601 2590 3655 Abest
2615 3617 2644 3654 a
2675 3599 2706 3653 7
2736 3613 2867 3653 mss.
2898 3613 3011 3652 rec.

2132 3671 2433 3726 Sordidum.
2470 3673 2533 3725 ll.
2561 3671 2596 3724 1.
2632 3687 2738 3725 non
2769 3669 3034 3739 signiﬁcat
3060 3668 3405 3733 immundum,
3428 3681 3670 3739 necave-

2057 3759 2194 3804 runt,
2226 3757 2392 3814 parco
2418 3743 2747 3813 oppositum,
2775 3738 2906 3814 ulc.
2935 3741 2983 3804 1,
3012 3740 3048 3793 l.
3077 3756 3151 3803 vr,
3176 3754 3226 3814 ᾳ.
3257 3739 3343 3802 14,
3372 3738 3464 3792 sed
3489 3738 3666 3814 obscu-

2059 3831 2195 3878 rum,
2225 3809 2590 3884 contemptum,
2617 3813 2754 3866 haud
2792 3812 2991 3866 clarum
3021 3811 3201 3884 :quod
3233 3819 3376 3884 patet
3409 3825 3472 3863 cx
3504 3809 3668 3863 citato

2064 3886 2211 3939 dicto
2241 3881 2435 3951 Esaiae,
2467 3903 2520 3939 ιι.
2554 3886 2646 3950 l5;
2679 3893 2734 3938 et
2760 3884 2908 3938 Lact.
2944 3898 3016 3949 vr,
3045 3897 3094 3936 c.
3128 3883 3215 3936 14.
3243 3881 3375 3934 Bon.

2141 3955 2206 4010 In
2248 3958 2534 4011 humilitate
2564 3958 2754 4010 carnis.
2805 3954 3111 4009 Secundum
3153 3951 3381 4007 Tertull.
3435 3951 3664 4020 Apolog.

2067 4044 2186 4098 cap.
2237 4029 2350 4083 2|:
2401 4026 2466 4082 In
2516 4026 2804 4080 humilitate
2851 4025 3154 4098 conditionis
3203 4024 3474 4098 humanm.
3514 4021 3664 4098 Lact.

2071 4094 2163 4154 lib.
2195 4117 2266 4164 tv,
2305 4117 2423 4168 cap.
2457 4101 2558 4164 M;
2589 4099 2743 4153 Cunl'.
2773 4114 2822 4150 c.
2854 4098 2959 4168 22":
2980 4097 3083 4149 (.‘ur
3103 4112 3156 4150 se
3186 4105 3288 4168 tam
3313 4094 3552 4146 humilem
3575 4094 3672 4168 int-

2071 4166 2404 4242 becillumque
2430 4171 2583 4240 fecit;
2609 4185 2727 4238 cap.
2761 4168 2831 4222 26
2859 4186 2870 4222 :
2910 4166 3137 4242 Humilis
3160 4166 3452 4242 advenerat,
3501 4173 3551 4216 ut
3576 4167 3673 4242 hu-

2071 4244 2273 4297 milibus
2301 4235 2347 4295 et
2378 4235 2568 4311 inﬁmis
2599 4235 2746 4310 opem
2770 4245 2946 4311 ferret,
2967 4249 3071 4311 etc.
3090 4235 3350 4311 _Conl'.,__l_.
3379 4251 3436 4298 ιι,
3458 4249 3578 4311 cap.
3615 4235 3669 4296 1,

2071 4329 2120 4368 c.
2150 4314 2208 4379 ‘2,
2239 4330 2287 4369 c.
2319 4315 2352 4368 5
2378 4304 2510 4369 etc.
2538 4313 2602 4378 4,
2633 4304 2679 4365 Ἰ.
2721 4304 2778 4375 v,
2807 4325 2856 4365 c.
2892 4310 2956 4363 14
2993 4327 3004 4362 ;
3035 4308 3109 4361 Ab
3151 4306 3425 4360 humilibus
3469 4304 3536 4359 ad
3580 4320 3672 4373 po-

2074 4394 2255 4440 tentes.
2327 4386 2457 4439 BUN.

1056 4477 1216 4532 assim
1251 4475 1417 4529 utitur
1439 4472 1750 4528 Lactantius
1777 4472 1872 4526 lib.
1903 4486 1959 4538 v,

2142 4456 2586 4538 annuntiavimus,
2617 4461 2722 4508 etc.
2765 4451 3232 4538 llcbra‘ri‘legunt:
3266 4457 3312 4538 et
3352 4447 3579 4538 ascendit
3605 4446 3675 4500 si-

2071 4535 2155 4581 cut
2179 4527 2450 4597 virgultum
2477 4517 2649 4579 coram
2679 4540 2753 4577 eo.
2775 4532 2952 4597 exuet
2969 4517 3224 4597 August;
3250 4517 3676 4597 Annuntiabimus

2071 4590 2397 4658 coram'illo,
2438 4607 2490 4650 ut
2527 4597 2718 4664 infans.
2763 4594 2901 4664 Quid
2938 4592 3158 4647 multis?
3190 4591 3346 4664 Apud
3379 4590 3672 4664 humanum

2069 4669 2329 4746 judicium
2360 4661 2649 4746 παράδεξον
2671 4661 3071 4746 θξιίε-ιιιιιιιιθιη
3097 4661 3388 4744 potentiam
3415 4663 3466 4715 in
3495 4661 3674 4714 humi-

2073 4733 2222 4795 litate
2247 4733 2510 4808 quterci'e.
2539 4738 2785 4793 Carnalis
2814 4737 3124 4808 Judzuorum
3139 4733 3410 4808 sapientia
3446 4742 3550 4808 tam
3581 4746 3671 4784 sa-

2073 4827 2173 4882 gax
2220 4804 2324 4866 non
2377 4821 2511 4877 erat,
2561 4808 2982 4882 utintelligeret
3027 4805 3278 4875 quidnam
3318 4804 3476 4882 illud
3510 4811 3674 4864 esset,

2075 4875 2215 4952 quod
2240 4883 2468 4940 Zacltar.
2499 4875 2867 4951 praedixerat}
2901 4878 3016 4934 Rex
3049 4887 3170 4931 tuus
3210 4875 3357 4929 venit
3386 4875 3479 4930 tibi
3523 4888 3676 4928 man-

2075 4965 2279 5009 suetus.
2450 4954 2770 5008 Bmuu-zws.

2152 5025 2258 5079 Pro
2282 5025 2426 5080 nobis
2465 5025 2622 5080 dolet.
2658 5025 2900 5079 liestituo
2923 5035 3104 5077 veram
3126 5020 3410 5074 lectionem
3435 5030 3498 5069 ex
3525 5014 3673 5078 Lips.

2078 5107 2228 5159 tert.,
2261 5095 2450 5161 Goth.,
2485 5097 2742 5158 Reimuu,
2774 5095 2953 5158 Rost.,
2989 5091 3121 5146 Ven.
3151 5091 3309 5161 M771,
3335 5095 3558 5161 utraque
3583 5085 3676 5161 '_78,

2079 5171 2168 5235 93,
2199 5154 2293 5234 97,
2323 5154 2490 5222 Paris.
2515 5167 2681 5221 'l‘oru.
2715 5154 2876 5230 1587,
2910 5154 3079 5235 1615.
3101 5154 3676 5235 _conforn_tenthllebr.

2079 5251 2132 5296 et
2157 5225 2292 5301 txx:
2322 5240 2447 5292 item
2475 5239 2754 5311 Cypriane
2779 5238 2813 5290 Ι.
2941 5234 3062 5311 ad_v.
3091 5232 3215 5286 Jud.
3246 5245 3296 5282 c.
3323 5229 3430 5311 15.
3467 5225 3678 5309 Recen-

2081 5313 2245 5366 tiores
2275 5311 2490 5370 Parrli..
2521 5301 2666 5374 Ald,
2716 5306 2949 5378 Gryph,
2983 5303 3236 5378 Thomas.
3285 5308 3527 5378 et‘seqq.
3561 5301 3680 5355 sine

2082 5383 2406 5439 necessitate
2435 5397 2526 5451 pro
2558 5370 2810 5451 nobis/lic:
2831 5370 3298 5451 dolet-ediderant.
3333 5370 3464 5426 Bos.

2153 5456 2391 5531 Οἰκτρὸς,
2419 5444 2525 5508 etc.
2554 5450 2740 5522 Sibyll.
2775 5449 2949 5502 Serm.
2975 5445 3028 5498 8.
3051 5444 3167 5498 Lat.
3203 5462 3215 5497 :

2084 5591 2401 5650 Miserabilis,
2447 5590 2799 5645 inhonoratus,
2849 5585 2956 5634 sine
2996 5583 3183 5650 specie,
3235 5583 3283 5650 in
3321 5582 3689 5650 miserabilibus

3243 5645 3403 5711 (spem
3421 5645 3684 5706 praebebit.

2087 5846 2094 5852 ,
2158 5791 2362 5846 maris“
2411 5786 2582 5845 δώσει.
2612 5784 2690 5842 Ita
2720 5796 2870 5858 _IDSS.
2903 5781 3328 5859 Reg.Put.et5
3358 5775 3694 5850 aLl‘xogwl
