4154 6196
360 308 465 371 £01

1274 304 1476 369 LIBER
1512 309 1604 373 ιν.
1646 308 1735 371 DE
1766 308 1956 373 VEﬁA
1997 307 2360 376 BAPIEN'I'IA
2389 310 2479 373 ET
2518 311 2746 377 RELIG.

3564 313 3673 379 502

358 431 440 487 dit
458 429 729 499 Christus,
752 430 845 501 qui
868 440 1029 486 verus
1050 428 1209 487 Jesus
1230 427 1350 487 fuit.
1381 428 1498 487 Non
1524 428 1669 487 enim
1687 427 1963 499 Propheta
1986 430 2040 499 Α
2065 429 2354 491 siluerunt.
2403 429 2504 493 Est
2544 431 2689 489 enim
2732 431 3057 492 lutulentum
3088 432 3191 495 hoc
3228 432 3452 501 animal,
3481 443 3539 492 et
3566 435 3673 492 im-

361 524 442 579 sic
469 523 549 578 ait
573 541 588 577 :
619 520 689 576 Et
717 522 848 577 din't
877 520 1130 576 Dominus
1158 520 1227 577 ad
1253 536 1352 586 me,
1398 519 1517 590 sed,
1558 520 1627 575 ad
1653 519 1875 587 Iesum;
1905 528 1968 579 ut.

361 614 679 673 ostenderet
694 613 837 684 quod
864 628 971 668 non
994 611 1063 668 de
1083 627 1142 667 se
1161 612 1490 681 loqueretur,
1516 611 1611 668 sed
1634 612 1701 667 de
1724 611 1958 681 Christo,

358 709 428 765 ad
451 724 612 780 quem
638 720 765 769 tunc
791 708 935 765 Deus
964 707 1305 778 loquebatur.
1337 706 1539 765 Christi
1561 709 1706 767 enim
1734 706 1961 778 ﬁguram

359 804 585 874 gerebat
623 803 714 858 ille
743 802 902 859 Iesus
934 820 948 857 :
979 800 1071 871 qui
1099 816 1223 857 cum
1254 801 1489 871 primum
1530 801 1705 858 Auses
1732 815 1959 857 voeare-

359 904 469 963 tur,
497 895 679 953 Moses
705 893 883 951 futura
911 895 1291 965 praesentiens,
1318 894 1477 966 jussit
1502 908 1626 951 eum
1656 893 1841 951 Iesum
1867 907 1964 950 vo-

357 989 505 1055 cari;
536 997 599 1044 ut
616 988 870 1059 quoniam
902 987 1010 1045 dux
1034 986 1238 1051 militia:
1261 987 1504 1045 delectus
1527 996 1675 1045 esset
1694 987 1962 1047 adversus

356 1081 640 1149 Amalech,
673 1081 764 1151 qui
808 1080 1154 1151 oppugnabat
1197 1080 1336 1136 ﬁlios
1382 1080 1573 1145 Israel,
1604 1090 1659 1137 et
1699 1081 1959 1137 adversa-

356 1176 498 1231 rium
522 1174 827 1233 debellaret
852 1189 949 1244 per
976 1173 1214 1231 nominis
1242 1173 1495 1245 ﬁguram,
1528 1183 1584 1229 et
1614 1173 1870 1246 populum
1903 1174 1957 1229 in

351 1276 560 1326 terram
593 1269 962 1339 promissionis
984 1267 1284 1329 induceret.
1312 1268 1382 1324 Et
1406 1268 1612 1325 ideirco
1635 1269 1797 1329 etiam
1824 1266 1959 1325 Mosi

354 1361 655 1428 successit,
684 1371 740 1417 ut
775 1360 1092 1417 ostenderet
1128 1376 1325 1419 novam
1354 1361 1527 1432 legem
1557 1376 1655 1438 per
1682 1361 1955 1421 Christum

351 1451 542 1511 Iesum
572 1453 748 1509 datam
776 1453 946 1509 veteri
972 1453 1075 1524 legi
1100 1467 1501 1520 successuram,
1532 1468 1655 1524 quite
1695 1453 1819 1512 data
1859 1467 1956 1522 per

350 1547 539 1603 Mosen
566 1545 683 1600 fuit.
713 1545 844 1601 Nam
876 1546 964 1601 illa
993 1546 1172 1601 carnis
1198 1547 1543 1602 circumcisio
1581 1556 1731 1602 caret
1768 1545 1954 1617 utique

350 1641 598 1704 ratione;
629 1640 755 1711 quia
798 1639 844 1695 si
894 1640 1039 1696 Dens
1070 1640 1121 1695 id
1154 1639 1335 1708 vellet,
1369 1642 1446 1697 sic
1481 1655 1510 1694 a
1542 1640 1806 1711 principio
1839 1639 1951 1694 for-

349 1741 554 1789 masset
601 1731 897 1797 hominem,
947 1740 1003 1791 ut
1041 1732 1362 1805 praeputium
1414 1749 1520 1801 non
1566 1731 1808 1799 haberet.
1845 1732 1949 1793 Sed

2067 522 2357 592 mundum;
2392 538 2778 595 necantquam
2820 524 3018 591 coelum
3045 524 3237 595 aspicit
3265 543 3279 580 :
3312 525 3409 593 sed
3438 526 3492 583 in
3526 537 3671 587 terra

2068 622 2181 669 toto
2228 623 2282 679 et
2319 628 2551 685 corpore
2588 626 2642 679 et
2684 629 2778 673 ore
2812 616 3135 687 projectum,
3166 618 3343 677 ventri
3373 632 3589 688 semper
3614 627 3673 675 et

2066 706 2264 776 pabulo
2294 706 2503 775 servit;
2534 723 2635 764 nec
2676 708 2842 765 ullum
2882 708 3048 765 alium
3079 707 3206 771 dum
3234 710 3369 771 vivit
3408 723 3670 781 praestare

2066 814 2223 861 usum
2264 809 2469 870 potest,
2502 800 2638 857 sicut
2668 811 2880 857 caetera:
2921 802 3247 875 animantes,
3279 819 3399 874 quae
3441 805 3527 871 vel
3576 822 3665 865 se—

2064 891 2226 953 dendi
2257 892 2556 949 vehiculum
2601 895 2868 966 praebent,
2898 896 2984 951 vel
3032 896 3087 953 in
3131 897 3365 957 cultibus
3406 913 3661 968 agrorum

2059 985 2268 1057 juvant,
2305 987 2389 1043 vel
2433 988 2669 1056 plaustra
2715 988 2857 1045 collo
2887 987 3140 1057 trahunt,
3172 988 3258 1051 vel
3301 1004 3467 1055 onera
3508 999 3665 1062 tergo

2062 1089 2298 1151 gestant,
2328 1079 2411 1137 vel
2456 1080 2830 1141 indumentum
2861 1083 3076 1141 exuviis
3121 1082 3235 1145 suis
3263 1081 3544 1151 exhibent,
3578 1088 3663 1141 vel

2062 1173 2213 1242 copia
2240 1173 2398 1231 lactis
2435 1174 2758 1239 exuberant,
2788 1174 2875 1230 vel
2901 1174 3273 1239 custodiendis
3299 1175 3555 1239 domibus
3580 1176 3665 1235 in-

2062 1265 2300 1334 vigilant.
2326 1264 2609 1327 lnterdhtit
2636 1281 2767 1337 ergo
2815 1280 2884 1324 ne
2915 1268 3133 1336 porcina
3163 1280 3328 1327 enrne
3357 1276 3661 1334 uterentur,

2061 1357 2114 1415 id
2144 1368 2248 1423 est,
2279 1374 2347 1415 ne
2370 1360 2534 1413 vitam
2562 1374 2847 1429 porcorum
2876 1359 3238 1425 imitarentur.
3264 1362 3357 1430 qui
3395 1360 3463 1419 ad
3490 1361 3662 1419 solam

2061 1461 2292 1510 mortem
2322 1453 2662 1518 nutriuntur;
2698 1469 2768 1509 ne
2807 1453 2984 1511 ventri
3010 1495 3026 1520 ,
3059 1468 3123 1509 ac
3149 1453 3520 1523 voluptatibus
3547 1467 3665 1516 ser-

2059 1546 2289 1613 vientes,
2321 1546 2388 1600 ad
2418 1545 2722 1602 faciendam
2761 1547 3027 1624 justitiam
3075 1548 3293 1602 inutiles
3341 1558 3557 1617 essent,
3600 1562 3663 1601 ac

2059 1647 2235 1698 morte
2265 1639 2631 1695 afﬁcerentur.
2662 1639 2792 1694 item
2827 1656 2894 1695 ne
2925 1655 2984 1695 se
3029 1640 3185 1695 Redis
3215 1640 3530 1696 libidinibus
3563 1642 3663 1696 im-

2057 1741 2388 1807 inergerent,
2432 1733 2574 1789 sicut
2617 1748 2730 1798 sus,
2763 1748 2882 1805 qua:
2931 1747 2991 1791 se
3037 1734 3324 1805 ingurgitat
3353 1747 3545 1800 cceno;
3578 1733 3663 1791 vel

352 1826 514 1895 hujus
543 1825 800 1881 secundm
827 1826 1254 1887 circumcisionis
1281 1826 1448 1901 ﬁgura
1475 1836 1613 1894 erat,
1642 1827 1953 1898 signiﬁcans
1983 1832 2032 1892 B
2060 1841 2129 1882 ne
2160 1826 2392 1881 terrenis
2419 1827 2661 1883 serviant
2682 1824 3008 1890 simulacris,
3035 1839 3099 1879 ac
3127 1838 3187 1881 se
3213 1824 3327 1885 luto
3354 1825 3657 1894 inquinent.

348 1919 660 1979 nudantium
705 1932 828 1979 esse
878 1928 1103 1989 peetus,
1136 1919 1189 1979 id
1232 1929 1335 1985 est,
1380 1929 1573 1991 aperto
1617 1928 1675 1979 et
1721 1920 1955 1989 simplici

347 2012 515 2069 corde
543 2021 799 2083 oportere
826 2027 928 2068 nos
950 2013 1169 2078 vivere;
1200 2014 1456 2083 quoniam
1489 2027 1614 2083 pars
1644 2013 1734 2068 illa
1762 2027 1956 2082 corpo-

345 2109 448 2174 ris,
480 2122 599 2179 qua:
631 2105 1059 2173 circumciditur,
1092 2106 1256 2163 habet
1304 2106 1593 2178 quamdam
1639 2106 1951 2161 similitudi-

346 2216 474 2265 nem
504 2199 710 2265 cordis,
741 2207 799 2256 et
828 2212 912 2256 est
942 2199 1216 2271 pudenda.
1262 2198 1345 2261 Ob
1374 2198 1514 2255 hanc
1542 2213 1761 2263 causam
1811 2198 1954 2263 Deus

347 2291 542 2346 nudari
569 2306 693 2346 eam
718 2289 898 2361 jussit,
928 2300 987 2351 ut
1014 2291 1120 2349 hoc
1137 2299 1463 2361 argumento
1507 2305 1605 2345 nos
1635 2289 1956 2346 admoneret

348 2397 419 2439 ne
449 2382 749 2437 involutum
776 2388 967 2452 pectus
996 2382 1344 2449 haberemus,
1374 2382 1426 2437 id
1452 2390 1557 2451 est,
1593 2397 1661 2438 ne
1688 2380 1833 2455 quod
1854 2396 1954 2455 pu-

345 2473 589 2531 dendum
625 2474 830 2531 [acinus
871 2474 1013 2531 intra
1051 2476 1404 2532 conscientia:
1447 2484 1653 2535 secreta
1686 2474 1951 2539 velemus.

348 2567 481 2624 ﬂare
503 2574 590 2622 est
608 2567 789 2623 cordis
813 2565 1175 2634 circumcisio,
1200 2567 1270 2622 de
1292 2581 1400 2638 qua
1426 2566 1702 2637 propheta:
1723 2566 1954 2637 loquun-

350 2667 461 2723 tur,
489 2672 655 2728 ,quam
689 2656 832 2712 Deus
861 2672 890 2711 a
912 2671 1078 2712 carne
1118 2657 1333 2713 mortali
1361 2656 1428 2711 ad
1455 2658 1687 2712 animam
1719 2665 1954 2712 transtu-

345 2750 437 2816 lit,
470 2765 591 2820 quaa
621 2748 733 2805 sola
779 2765 1030 2805 mansura
1057 2761 1159 2809 est.
1199 2750 1400 2806 Volens
1424 2750 1567 2806 enim
1601 2750 1723 2806 vitae
1763 2765 1827 2805 ac
1868 2764 1955 2806 sa-

352 2841 453 2896 luti
486 2848 683 2896 nostrm
718 2856 816 2912 pro
846 2852 1047 2898 aeterna
1086 2858 1181 2899 sua
1213 2844 1412 2915 pietate
1440 2843 1743 2911 consulere,
1779 2844 1953 2915 paeni-

348 2935 577 2990 tentiam
607 2934 763 2989 nobis
792 2936 846 2989 in
891 2934 987 2990 illa
1025 2935 1443 2992 circumcisione
1488 2938 1789 3006 proposuit,
1823 2935 1954 2991 utsi

347 3025 448 3082 eor
478 3026 882 3095 nudaverimus,
914 3027 966 3084 id
995 3037 1117 3093 est,
1148 3030 1192 3083 si
1224 3038 1448 3099 peccata
1491 3037 1675 3084 nostra
1718 3028 1953 3083 confessi

348 3121 487 3174 satis
514 3119 625 3175 Deo
652 3120 962 3191 fecerimus,
989 3123 1200 3179 veniam
1228 3138 1654 3196 consequamur;
1683 3140 1802 3196 qua:
1825 3138 1953 3181 con-

2059 1917 2198 1973 Luto
2228 1918 2371 1972 enim
2402 1932 2462 1972 se
2490 1917 2760 1983 oblinunt,
2792 1917 2881 1987 qtti
2912 1917 3066 1983 deos,
3110 1916 3163 1971 id
3204 1927 3308 1983 est,
3354 1918 3444 1987 qui
3486 1917 3658 1973 lutum

2060 2022 2368 2082 terramque
2390 2020 2735 2065 venerantur.
2762 2008 2850 2065 Sic
2869 2009 3119 2066 universa
3144 2019 3409 2081 prmeepta
3432 2009 3660 2083 judaicaa

2058 2101 2194 2173 legis
2213 2102 2280 2157 ad
2310 2101 2668 2159 exhibendam
2692 2101 2959 2172 justitiam
2991 2111 3260 2174 spectant,
3283 2105 3539 2175 quoniam
3564 2119 3662 2175 per

2057 2195 2339 2264 ambagum
2366 2192 2489 2251 data
2519 2202 2681 2261 sunt;
2710 2202 2769 2249 ut
2800 2208 2894 2265 per
2919 2194 3217 2250 carnalium
3245 2194 3471 2266 ﬁguram
3499 2195 3660 2267 spiri-

2059 2289 2222 2349 tualia
2250 2299 2628 2357 noscerentur.

2632 2411 2862 2469 CAPUT
2894 2409 3081 2467 XVIII.

2060 2526 2136 2583 De
2176 2527 2415 2599 passione
2442 2525 2736 2596 Dominica,
2772 2535 2818 2583 et
2843 2524 2979 2597 quod
3004 2542 3065 2583 ea
3092 2526 3443 2597 prwnuntiata
3481 2525 3652 2597 fuerit.

2127 2664 2262 2723 Cum
2312 2664 2472 2736 igitur
2512 2679 2577 2719 ea
2618 2678 2739 2734 qute
2766 2661 2911 2719 Deus
2942 2659 3059 2719 ﬁeri
3089 2659 3280 2725 voluit,
3308 2672 3538 2732 qumque
3563 2672 3660 2730 per

2058 2756 2352 2827 prophetas
2374 2769 2503 2809 suos
2529 2754 2714 2809 multis
2743 2752 2958 2809 sweulis
2979 2761 3104 2809 ante
3127 2749 3392 2822 praedixit,
3410 2748 3659 2807 Christus

2058 2849 2328 2921 impleret,
2351 2849 2420 2903 ob
2447 2862 2511 2903 ea
2539 2847 2767 2912 incitati,
2785 2854 2840 2901 et
2862 2845 3073 2900 divinas
3094 2845 3300 2899 litteras
3326 2843 3659 2907 nescientes,

2055 2941 2305 3007 coierunt
2349 2956 2408 2996 ut
2464 2940 2629 2997 Deum
2672 2954 2828 3001 suum
2860 2935 3305 2993 condemnarent.
3338 2933 3490 3004 Quod
3533 2949 3656 2991 cum

2057 3037 2220 3093 sciret
2246 3034 2508 3101 futurum,
2538 3048 2601 3088 ac
2625 3033 2854 3089 subinde
2880 3032 3089 3088 diceret
3127 3037 3379 3101 oportere
3406 3046 3465 3087 se
3506 3029 3613 3100 pati
3636 3070 3652 3091 ,

2057 3146 2120 3187 ac
2140 3129 2369 3191 interﬁci
2402 3143 2498 3199 pro
2526 3128 2701 3183 salute
2728 3127 3047 3194 multorum,
3076 3124 3304 3180 secessit
3331 3133 3507 3177 tamen
3536 3135 3660 3176 cum

349 3211 656 3267 tumacibns
703 3223 757 3267 et
802 3212 1038 3268 admissa
1087 3230 1182 3268 sua
1219 3215 1522 3271 celantibus
1550 3216 1846 3287 denegatur
1884 3216 1953 3277 ab
1979 3226 2024 3290 C
2058 3221 2337 3295 discipulis
2361 3221 2475 3276 suis
2512 3218 2715 3292 (Marc.
2754 3233 2813 3275 lli
2840 3216 2881 3289 ),
2915 3233 3020 3272 non
3065 3225 3122 3271 ut
3152 3215 3342 3271 vitaret
3380 3212 3523 3285 quod
3563 3227 3660 3267 ne-

346 3319 418 3358 eo
443 3304 535 3376 qui
564 3320 671 3360 non
698 3302 911 3371 faciem,
942 3306 1082 3363 sicut
1109 3305 1296 3375 homo,
1338 3306 1433 3365 sed
1466 3307 1651 3369 intima
1675 3316 1731 3364 et
1755 3322 1951 3364 arcana

345 3397 592 3467 pectoris
621 3398 882 3453 intuetur.

424 3487 629 3545 Eodem
673 3499 879 3563 spectat
913 3491 1075 3546 etiam
1104 3491 1285 3548 carnis
1330 3492 1504 3547 suillae
1551 3492 1891 3565 interdictio;
1923 3509 1954 3551 a

342 3596 451 3653 qua
479 3598 603 3639 cum
650 3598 746 3638 eos
792 3584 1068 3641 abstinere
1102 3586 1242 3641 Deus
1283 3586 1466 3657 jussit,
1513 3586 1564 3643 id
1613 3588 1952 3658 potissimum

340 3673 522 3730 voluit
550 3675 799 3748 intelligi,
825 3684 880 3733 ut
906 3692 969 3734 se
988 3692 1018 3732 a
1043 3677 1277 3748 peccatis
1302 3686 1466 3749 atque
1489 3679 1846 3735 immunditiis
1863 3680 1957 3735 ab-

2056 3329 2211 3373 cesso
2240 3322 2356 3368 erat
2407 3312 2611 3382 perpeti
2654 3326 2719 3367 ac
2765 3310 3057 3376 sustinere,
3103 3306 3198 3372 sed
3244 3316 3301 3363 ut
3345 3302 3660 3362 ostenderet

2055 3407 2199 3477 quod
2226 3406 2295 3459 ita
2329 3405 2443 3459 fieri
2489 3410 2767 3473 oporteret
2804 3403 2855 3456 in
2879 3401 3025 3456 omni
3051 3399 3448 3471 persecutione,
3473 3412 3540 3452 ne
3560 3411 3657 3451 sua

2056 3500 2178 3571 quis
2203 3500 2357 3568 culpa
2391 3496 2642 3551 incidisse
2668 3495 2943 3559 videatur;
2967 3509 3030 3548 ac
3064 3491 3399 3548 denuntiavit
3432 3488 3547 3544 fore
3598 3497 3658 3542 ut

2057 3589 2126 3647 ab
2147 3605 2251 3645 uno
2278 3604 2464 3644 eorum
2490 3586 2825 3658 proderetur.
2846 3585 3027 3655 itaque
3054 3582 3237 3651 ludas,
3262 3580 3481 3653 praemio
3502 3579 3654 3635 illec-

2060 3690 2166 3749 tus,
2218 3680 2438 3737 tradidit
2466 3680 2661 3735 Filium
2694 3679 2787 3735 Dei
2841 3680 3063 3735 Judaeis.
3097 3678 3166 3733 At
3191 3676 3268 3733 illi
3295 3672 3657 3746 comprehcn-

1675 3816 2036 3875 VARIOBUM
2071 3818 2298 3875 NOT/E.

422 3961 491 4017 Et
518 3961 648 4017 dixit
674 3959 929 4017 Dominus
970 3960 1039 4014 ad
1078 3976 1179 4014 me.
1211 3959 1300 4017 Sic
1329 3974 1360 4013 a
1387 3972 1474 4017 me
1513 3957 1856 4017 emendatum
1886 3974 1951 4013 ex

337 4048 483 4091 mss.
511 4034 543 4086 7
575 4033 706 4102 Reg.
737 4032 1138 4099 vetustioribus,
1169 4047 1231 4085 ac
1256 4031 1510 4094 Tornes.,
1540 4029 1735 4094 Betnl.,
1760 4029 1952 4095 60th.,

338 4107 498 4170 Em,
529 4104 560 4158 6
591 4104 854 4169 Colhert.,
890 4104 910 4159 vi
947 4104 1202 4167 Sorhon.,
1244 4104 1280 4156 9
1318 4103 1576 4166 (llarom.,
1611 4102 1776 4157 Bruti.
1806 4112 1861 4155 et
1888 4118 1953 4157 ex

340 4179 587 4247 ipsemet
620 4176 900 4247 Lactantio
938 4174 1315 4247 paulosupra.
1348 4173 1403 4231 in
1455 4174 1697 4244 pluribus
1728 4188 1856 4229 mss.
1900 4182 1956 4228 et

340 4244 515 4304 editis
541 4248 732 4316 legitur
760 4244 935 4309 Iesus.
965 4246 1243 4301 mendose.

431 4338 582 4406 Quod
607 4355 707 4393 non
732 4340 796 4394 de
823 4356 877 4393 se
901 4339 1207 4408 loqueretur.
1239 4338 1317 4393 Ex
1342 4353 1472 4394 mss.
1497 4348 1552 4392 et
1579 4337 1765 4395 decem
1795 4337 1955 4394 editis

342 4414 597 4467 restituta
626 4412 822 4466 lectio:
857 4411 908 4463 in
938 4410 972 4464 8
1002 4411 1279 4479 impressis
1304 4418 1387 4465 est
1417 4410 1480 4462 de
1508 4426 1585 4463 eo.

429 4482 694 4560 Quintum
745 4482 990 4560 primum_
1019 4483 1179 4535 Aures
1212 4480 1780 4560 _tto_caretur."Numcr.
1811 4494 1949 4560 _xu_t.
1978 4498 2033 4560 Β

343 4554 512 4608 Prius
541 4553 712 4608 linsea
748 4551 1164 4607 nominabatur:
1195 4553 1391 4606 dicitur
1428 4561 1481 4604 et
1519 4551 1684 4618 Hose,
1716 4551 1858 4605 unde
1896 4553 1948 4607 in

341 4624 590 4679 editione
619 4639 793 4696 gratae
821 4624 987 4684 Ause,
1010 4624 1152 4694 quod
1181 4621 1546 4696 aspirandtim,
1579 4634 1634 4676 ut
1659 4623 1727 4677 sit
1751 4622 1947 4696 Hause.

342 4696 569 4750 Patrem
598 4693 780 4751 habuit
809 4695 951 4758 Nuu,
980 4693 1066 4763 qui
1097 4693 1347 4765 corrupte
1374 4694 1518 4749 Nave
1545 4704 1785 4751 vocatur.
1808 4693 1951 4747 Diiu—

342 4766 739 4823 sius.-—Vide
778 4766 835 4821 S.
872 4768 1153 4835 Aiigwtin.
1200 4764 1273 4820 de
1315 4764 1471 4820 Civit.
1526 4766 1637 4831 Dei,
1695 4766 1783 4819 lib.
1835 4779 1948 4835 xvr,

340 4855 400 4893 c.
434 4839 523 4892 45.
556 4837 687 4893 Vide
718 4838 879 4892 etiam
906 4836 1295 4892 Tertulliauum
1322 4837 1577 4891 adversus
1604 4837 1844 4892 Judmos.

430 4908 632 4963 Novam
684 4910 863 4981 legem.
907 4907 1155 4964 Christus
1196 4922 1302 4962 non
1351 4907 1521 4978 legem
1572 4923 1765 4963 novam
1811 4906 1952 4974 tulit,

342 4981 453 5036 sed
478 4992 710 5036 veterem
734 4979 989 5051 perfecit.

433 5051 725 5106 lnoolutum
747 5048 941 5120 pectus.
974 5050 1040 5108 Ut
1068 5050 1293 5115 Seneca,
1321 5048 1411 5105 lib.
1436 5065 1453 5104 ι
1479 5050 1580 5116 Qu.
1609 5049 1754 5115 Νίιι.9
1778 5048 1954 5120 print:

349 5123 485 5179 Non
508 5135 579 5177 est
600 5124 689 5178 tibi
713 5129 856 5195 {rans
878 5123 1019 5192 ﬁcta,
1040 5140 1131 5177 nec
1156 5124 1208 5176 in
1230 5121 1448 5195 alienam
1468 5121 1774 5192 uoluptatem
1794 5136 1960 5175 sermo

347 5196 686 5260 compositus,
714 5191 816 5249 nec
851 5191 938 5247 cur
966 5195 1265 5248 involutum.
1310 5191 1440 5246 BUN.

445 5264 696 5322 valemus.
736 5266 924 5321 Dicere
964 5265 1238 5321 debuisset
1266 5273 1473 5325 auctor,
1510 5263 1823 5318 Velaremus.
1871 5262 1962 5319 Sic

354 5352 539 5407 usque
563 5338 629 5392 ad
658 5338 816 5394 linem
847 5337 1036 5406 capitis
1067 5337 1291 5393 mutatio
1313 5345 1613 5406 temporum
1645 5336 1832 5390 vitiosa
1856 5350 1960 5390 non

348 5409 552 5464 semel.

440 5478 632 5533 Eodem
670 5488 863 5549 spectat
890 5479 1041 5533 etiam
1068 5481 1236 5534 carnis
1278 5477 1465 5544 suillae,
1508 5486 1613 5534 etc.
1654 5477 1784 5544 Quae
1827 5477 1962 5532 facta

353 5560 450 5608 est
497 5550 670 5606 Levit.
720 5569 804 5618 ix,
865 5550 1153 5606 Deuteron.
1188 5565 1300 5605 xiv.
1354 5552 1525 5619 Supra
1582 5549 1806 5604 iudicavi
1841 5564 1964 5621 por-

353 5622 502 5679 cinre
539 5623 713 5678 carnis
758 5622 1186 5679 interdictionem
1234 5636 1494 5691 nusquam
1537 5620 1879 5690 nuncupatim
1911 5620 1962 5675 in

358 5694 682 5763 Evangelica
718 5694 887 5749 taxari
929 5693 1171 5749 historia.
1217 5692 1273 5747 In
1305 5707 1505 5763 genere
1535 5707 1664 5747 sane
1704 5692 1965 5763 superstio

361 5762 568 5821 tionem
596 5778 810 5821 omnem
843 5775 1013 5827 notat,
1039 5762 1348 5838 signiﬁcans
1388 5778 1448 5818 ea
1483 5764 1764 5838 inquinare
1788 5762 1963 5838 homi-

364 5846 495 5891 nem
545 5846 662 5905 qua:
705 5842 921 5899 exeunt,
954 5848 1057 5891 non
1088 5827 1219 5907 quin
1266 5834 1485 5889 intrant.
1517 5827 1674 5893 certe
1702 5827 1964 5892 creditum

2061 3959 2511 4027 observatumque
2553 3965 2655 4025 est,
2701 3954 2948 4011 homines
2992 3967 3175 4009 eorum
3218 3949 3527 4030 animalium
3575 3947 3662 4030 iii.-

2061 4032 2228 4087 duere
2272 4018 2480 4096 mores,
2524 4018 3127 4101 quorumvesccrentur
3167 4023 3436 4101 carnibus.
3479 4018 3664 4101 Qualis

2063 4113 2241 4159 autem
2276 4091 2477 4156 natura
2508 4091 2693 4172 suibus
2735 4099 2827 4161 sit,
2876 4096 3077 4172 indicat
3123 4093 3327 4172 optimo
3373 4091 3565 4172 Petrus
3607 4091 3662 4172 in

2062 4189 2158 4228 sua
2191 4172 2489 4243 posteriore
2517 4170 2808 4233 Canoniea,
2836 4183 2886 4222 c.
2915 4167 2971 4230 2,
3011 4166 3104 4229 22,
3132 4167 3219 4219 ubi
3250 4166 3664 4243 eos,_qui_po.~t-

2063 4234 2221 4315 quam
2249 4244 2489 4299 veritatis
2519 4243 2659 4297 viain
2702 4249 3093 4315 cognoverunt,
3117 4249 3302 4315 rursus
3330 4234 3660 4315 ad'priorem

2065 4305 2453 4373 iinnnmditiem
2478 4305 2844 4379 revolvuntur,
2870 4318 3020 4369 notat
3044 4307 3126 4369 his
3152 4306 3332 4367 verbis
3357 4321 3370 4357 :
3404 4305 3505 4358 Sus
3531 4305 3659 4366 tota,

2063 4388 2116 4443 in
2150 4387 2413 4457 volutabra
2437 4384 2555 4438 luti.
2584 4383 2789 4457 Berct.
2817 4452 2842 4457 _
3022 4449 3034 4457 _
3290 4444 3302 4457 ,
3376 4453 3387 4457 _
3491 4444 3502 4455 ,

2136 4455 2204 4511 In
2235 4466 2464 4510 terram.
2492 4455 2795 4524 projectum.
2817 4449 3136 4524 Legendum‘
3157 4449 3470 4524 suspicatus
3484 4449 3538 4499 in
3563 4454 3663 4499 tero

2057 4544 2189 4594 ram,
2223 4526 2419 4582 offendi
2453 4514 2507 4579 ni
2534 4514 2617 4579 ed.
2649 4514 3068 4587 Ttirnes.]587,
3116 4514 3275 4594 iﬁlli,
3304 4514 3512 4594 \_Valch.
3544 4530 3662 4572 recc

2054 4588 2279 4655 tissiine.
2310 4595 2479 4665 Opil.,
2510 4611 2560 4649 e.
2592 4596 2664 4652 8:
2702 4594 2838 4650 Ut...
2867 4603 2970 4649 toto
2989 4606 3203 4665 cgrpore
3231 4590 3282 4643 in
3308 4588 3521 4653 [nimum
3548 4603 3663 4659 pro-

2045 4671 2184 4742 jectq
2209 4663 2372 4742 uentri
2393 4667 2676 4742 pabuloque
2704 4667 2964 4742 seruirent.
3006 4663 3139 4742 BDN.

2137 4738 2311 4813 Ventri
2337 4734 2551 4813 semper.
2585 4734 2681 4794 Ms.
2714 4737 2879 4792 Torn.
2910 4734 3111 4813 veneri;
3152 4804 3163 4813 _
3226 4801 3283 4813 ,ι
3429 4811 3435 4813 Α
3471 4800 3485 4813 _
3559 4801 3591 4813 ,,

2129 4810 2212 4867 Ne
2232 4800 2616 4881 porcina'carne
2631 4817 2913 4881 uterentur.
2931 4804 3212 4881 Mss._Pai.,
3226 4801 3373 4872 Lips.
3389 4811 3441 4857 et
3458 4800 3663 4881 dediti,

2055 4872 2394 4939 vescerentur.
2441 4882 2517 4937 De
2563 4879 2719 4936 suilla
2754 4894 2933 4953 _carne
2981 4877 3104 4953 vide
3149 4873 3550 4953 Var_ron_e_mnde
3580 4872 3662 4953 Re

2058 4956 2276 5019 rustica,
2311 4954 2403 5009 lib.
2437 4969 2496 5018 ll,
2546 4968 2595 5008 c.
2640 4954 2695 5006 4.
2742 4949 2943 5017 Cicer.,
2989 4948 3082 5005 lib.
3130 4962 3186 5013 v,
3227 4945 3296 5001 de
3339 4944 3578 5010 Finibus,
3607 4951 3665 4999 et

2058 5025 2174 5099 Plin
2206 5067 2220 5090 ,
2252 5026 2342 5099 libi.
2378 5041 2490 5089 vni,
2521 5039 2571 5099 ρ.
2604 5024 2692 5099 5i.
3126 5088 3140 5099 ,
3177 5087 3209 5099 υ

2134 5083 2488 5154 δέοὺιίηυηιξ
2512 5093 2670 5151 Cont‘.
2707 5103 2861 5166 notas
2889 5106 3034 5149 meas
3076 5087 3272 5166 ad_lib.
3300 5101 3354 5150 v,
3382 5099 3449 5166 c._
3476 5084 3538 5143 i..
3556 5083 3663 5141 lte-

2062 5185 2180 5227 rum
2207 5168 2381 5233 Laet.,
2416 5183 2489 5232 Vl,
2529 5181 2578 5223 c.
2605 5166 2717 5222 25:
2749 5165 2851 5233 Qui
2879 5179 2933 5219 se
2971 5177 3111 5219 creua
3149 5162 3481 5221 immerserit,
3518 5170 3660 5210 caeno

2062 5241 2127 5294 sit
2154 5241 2372 5300 oblitus.
2408 5255 2605 5294 necesse
2636 5248 2727 5293 est.
2758 5237 2886 5291 BDN.

2139 5295 2407 5381 Opor'tere.
2460 5308 2593 5366 Vide
2639 5308 2825 5365 Matth.
2869 5322 2961 5370 xx,
3010 5302 3171 5359 Marc.
3217 5314 3274 5364 ι,
3321 5295 3452 5354 Luc.
3503 5311 3664 5366 xviii,

2062 5382 2216 5439 Joan.
2247 5397 2318 5436 vn
2343 5390 2398 5437 et
2422 5396 2511 5438 vm
2537 5388 2593 5436 et
2618 5396 2691 5435 xu.

2140 5473 2290 5540 Quod
2316 5473 2389 5526 ita
2428 5473 2539 5541 ﬁeri
2584 5477 2853 5543 oporteret.
2899 5465 2978 5520 Ex
3022 5461 3232 5543 cunctis
3253 5460 3441 5543 “ferme
3469 5476 3666 5543 manu-

2065 5532 2279 5615 scriptis
2315 5553 2367 5599 et
2397 5532 2441 5615 7'7
2468 5553 2573 5598 vet.
2605 5532 2765 5615 editis
2794 5539 2861 5592 ita
2901 5535 3137 5615 reposui.
3167 5532 3227 5589 ln
3252 5533 3288 5588 2
3329 5532 3486 5607 Reg,
3517 5535 3665 5601 Em.,

2067 5610 2399 5683 Caniahrig.,
2433 5614 2618 5679 Brnn.,
2649 5621 2703 5665 et
2732 5612 2765 5666 9
2794 5610 3022 5683 excusis
3036 5616 3118 5664 est
3148 5616 3397 5683 oporteat.

2142 5676 2709 5757 Proderetur.__biattli.
2755 5696 2921 5749 xxvn,
2952 5680 3141 5754 iniure.
3181 5676 3485 5750 'xtmeuc.
3527 5689 3662 5742 xxii,

2066 5759 2621 5883 .Fllium
2669 5824 2768 5885 Dei
2792 5823 3012 5882 Iudicio.
3043 5823 3134 5881 Sic
3175 5818 3385 5879 restitui
3410 5830 3493 5891 ex
3535 5827 3674 5872 msst
