4154 6196
402 298 510 358 505

1363 297 1568 355 LIBER
1594 296 1683 354 IV.
1721 294 1813 352 DE
1852 291 2041 351 VERA
2066 290 2428 350 SAPIENTIA
2460 290 2549 348 ET
2579 289 2809 348 RELIG.

3597 287 3703 346 506

402 413 541 483 haec,
572 420 942 485 conspuerunt
969 410 1159 469 faciem
1187 412 1326 483 ejus,
1356 421 1411 469 et
1436 412 1631 483 palmis
1653 409 1986 467 ceciderunt.
2016 410 2072 472 Α
2096 405 2312 462 Esaiam
2346 406 2486 479 (cap.
2524 403 2615 478 50)
2664 407 2738 462 ita
2780 406 3037 478 scriptum
3087 406 3397 462 invenitur:
3427 403 3553 461 Non
3588 418 3705 460 sunt

400 508 645 580 Cumque
671 508 772 579 ipsi
796 506 1078 563 carniﬁces
1104 507 1173 564 de
1200 506 1536 563 vestimentis
1554 506 1671 577 ejus
1692 504 1992 561 contende—

399 610 547 666 rent,
574 600 748 656 sortiti
778 609 904 655 sunt
934 599 1076 656 inter
1107 613 1167 655 se
1194 599 1263 655 de
1290 600 1471 654 tunica
1494 608 1549 653 et
1573 597 1757 668 pallio.
1784 597 1993 652 Etcum

398 692 516 750 haec
537 693 719 749 omnia
747 693 959 761 tierent,
975 693 1173 747 nullam
1192 706 1379 747 vocem
1401 707 1470 747 ex
1492 706 1587 746 ore
1604 705 1705 746 suo
1723 698 1992 759 tamquam

397 785 455 842 si-
476 794 653 841 mutus
677 794 846 853 esset,
880 785 1081 840 emisit.
1110 784 1246 840 Tum
1274 783 1679 855 suspenderunt
1703 798 1827 839 eum
1856 784 1995 837 inter

395 877 535 934 duos
557 878 751 933 noxios
772 876 1035 945 medium,
1050 877 1139 947 qui
1164 876 1234 931 ob
1256 876 1533 932 latrocinia
1554 875 1794 932 damnati
1817 882 1990 941 erant,

395 970 652 1040 crocique
682 968 993 1024 aflixernnt.
1042 967 1180 1035 Quid
1222 982 1323 1039 ego
1365 969 1451 1023 hic
1483 968 1541 1023 in
1579 976 1728 1023 tanto
1757 967 1995 1023 facinore

392 1059 709 1131 deplorem?
735 1059 1036 1131 autquibus
1059 1058 1236 1114 verbis
1260 1068 1464 1115 tantum
1493 1059 1643 1115 nefas
1667 1058 1994 1129 conquerar?

391 1153 509 1209 Non
537 1155 681 1210 enim
711 1151 1007 1209 Gavianam
1028 1167 1244 1209 crucem
1270 1154 1650 1222 describimus,
1672 1168 1832 1225 quam
1854 1152 1994 1207 Mar-

390 1262 490 1303 cus
517 1246 727 1302 Tullius
758 1246 1027 1303 universis
1058 1247 1384 1319 eloquentiac
1409 1263 1521 1304 suae
1550 1249 1731 1304 nervis
1766 1263 1832 1305 ac
1867 1247 1995 1303 viri-

391 1338 517 1405 bus,
545 1340 689 1396 velut
717 1338 902 1396 ell'usis
934 1340 1099 1397 totius
1127 1342 1327 1413 ingenii
1361 1342 1630 1409 fontibus,
1672 1348 1992 1412 prosecutus

387 1442 497 1502 est,
525 1432 731 1490 facinus
757 1433 1036 1507 indignum
1084 1451 1208 1493 esse
1258 1437 1625 1508 proclamans,
1657 1436 1837 1491 civem
1883 1433 1993 1490 Ro-

387 1544 609 1586 manum
636 1538 824 1585 contra
849 1544 1038 1586 omnes
1064 1530 1213 1603 leges
1243 1531 1295 1586 in
1317 1546 1534 1587 crucem
1554 1545 1674 1586 esse
1695 1529 1987 1585 sublatum.

386 1624 491 1694 Qui
518 1624 768 1696 quamvis
808 1624 1068 1680 innocens
1110 1624 1307 1690 fuerit,
1339 1635 1395 1681 et
1438 1625 1530 1680 illo
1554 1623 1818 1695 supplicio
1847 1621 1988 1677 indi-

387 1732 558 1789 gnus,
600 1716 844 1773 mortalis
875 1727 1077 1783 tamen,
1110 1727 1167 1774 et
1205 1718 1274 1772 ab
1319 1717 1540 1774 homine
1587 1717 1852 1784 scelesto,
1897 1714 1988 1786 qui

2097 508 2391 566 contumax,
2434 514 2595 568 neque
2636 498 2932 554 contradico
2957 514 2976 553 :
3002 498 3213 553 dorsum
3243 514 3409 553 meum
3447 498 3596 570 posui
3634 497 3703 552 ad

2095 590 2327 661 ﬂagella,
2375 600 2422 645 et
2454 591 2695 646 maxillas
2745 609 2883 647 meas
2925 593 2994 646 ad
3040 592 3280 683 palmas:
3308 592 3488 659 faciem
3532 601 3704 647 autem

2097 698 2261 737 meam
2287 698 2389 737 non
2420 684 2577 737 averti
2604 700 2635 737 a
2660 684 2891 755 fwditate
2916 692 3203 755 sputorum.
3234 683 3498 741 Similiter
3533 684 3702 741 David

2100 774 2156 829 in
2191 775 2399 846 psalmo
2432 791 2605 830 xxxrv
2636 794 2649 831 :
2681 774 2999 849 Congregata
3025 788 3143 832 sunt
3170 792 3324 847 super
3349 793 3429 831 me
3469 776 3700 848 ﬂagella,

2097 876 2146 921 et
2188 866 2545 937 ignoraverunt
2569 884 2587 921 :
2614 866 2853 922 dissoluti
2894 876 3007 922 sunt
3033 910 3048 933 ,
3089 884 3181 922 nec
3216 869 3502 939 compuncti
3538 876 3703 923 sunt:

2098 970 2418 1016 laniaverant
2447 977 2545 1026 me,
2578 970 2624 1015 et
2654 960 2941 1016 deriserunt
2984 962 3193 1028 derisu;
3225 970 3273 1016 et
3302 960 3583 1016 striderunt
3607 977 3700 1016 su-

2099 1070 2189 1124 per
2215 1071 2295 1109 me
2322 1055 2558 1111 dentibus
2604 1057 2728 1112 suis.
2776 1057 2978 1129 Sibylla
3025 1072 3239 1129 quoque
3286 1057 3475 1114 eadem
3521 1057 3697 1113 futura

2097 1148 2416 1203 monstravit
2437 1166 2451 1203 :

2344 1484 2459 1520 Δώσιι
2482 1477 2519 1522 δ’
2542 1484 2592 1528 sit;
2616 1484 2799 1533 μάστιγας
2822 1482 2944 1529 ἁπλῶς
2966 1482 3074 1534 ἁγνὸν
3092 1485 3179 1523 τότε,
3200 1490 3325 1522 νῶτον.

2092 1594 2227 1652 item
2264 1595 2332 1653 de
2361 1596 2578 1653 silentio
2606 1596 2758 1668 ejus,
2803 1597 2945 1667 quod
2974 1612 3143 1670 usque
3169 1597 3237 1653 ad
3267 1607 3498 1655 mortem
3527 1597 3697 1671 perti-

2093 1689 2498 1755 nacitertenuit,
2517 1690 2908 1746 Esaiasiterum
2931 1692 3009 1746 sic
3025 1691 3233 1746 locutus
3266 1699 3350 1747 est
3380 1692 3520 1764 (cap.
3540 1689 3693 1763 LIII):

383 1780 649 1884 iustitiam
677 1811 969 1883 ignoraret,
998 1780 1224 1868 adactus
1252 1822 1355 1869 es"
1401 1812 1539 1882 Quid
1569 1811 1639 1867 de
1676 1780 1983 1881 huius'cgw
2013 1817 2063 1879 Β
2094 1780 2242 1838 Sicut
2272 1784 2377 1838 ovis
2415 1783 2483 1884 ad
2510 1784 2877 1884 immolandum
2923 1785 3105 1838 ductus
3132 1794 3228 1884 est,
3277 1794 3323 1838 et
3365 1785 3496 1838 sicut
3531 1799 3699 1884 agnus

386 1905 465 1961 cis
511 1906 830 1976 indignitate
880 1906 1163 1972 dicemus,
1217 1907 1270 1962 in
1319 1923 1423 1978 qua
1467 1907 1605 1963 Deus
1636 1923 1664 1961 a
1693 1905 1987 1961 cultoribus

386 1997 483 2053 Dei
510 2012 810 2069 suspensus
836 2008 920 2054 est
942 2008 1102 2070 atque
1123 1999 1384 2055 sufﬁxus?
1411 1999 1542 2068 Quis
1565 2009 1670 2055 tam
1701 1999 1983 2063 facundus,

385 2100 442 2146 et
465 2098 611 2146 tanta
634 2106 815 2146 rerum
836 2090 1234 2162 verborumque
1262 2093 1416 2161 c0pia
1446 2093 1740 2147 instructus
1767 2090 1986 2146 existet?

388 2198 506 2253 qua:
536 2183 713 2238 oratio
751 2190 914 2239 tanta:
944 2182 1236 2239 afﬂuentia:
1280 2184 1525 2241 ubertate
1567 2185 1898 2252 decurrens,
1926 2190 1987 2238 ut

388 2275 532 2329 illam
577 2291 796 2332 crucem
846 2277 1042 2333 merito
1081 2278 1363 2349 deploret,
1396 2293 1556 2349 quam
1595 2277 1828 2333 mundus
1866 2277 1984 2348 ipse

388 2379 443 2426 et
473 2378 582 2426 tota
612 2373 796 2428 mundi
825 2374 1091 2429 elementa
1122 2373 1413 2429 luxerunt?

458 2465 586 2523 llzec
611 2478 793 2522 autem
822 2468 902 2523 sic
931 2469 1108 2524 futura
1136 2468 1302 2523 fuisse
1321 2510 1335 2535 ,
1368 2477 1423 2524 et
1465 2467 1851 2539 prophetarum
1888 2482 1985 2524 vo-

389 2558 560 2630 cibus,
588 2568 646 2616 et
670 2559 950 2633 Sibyllinis
962 2561 1293 2618 carminibus
1312 2561 1685 2617 denuntiatum
1708 2572 1809 2618 est.
1826 2561 1983 2632 Apud

2089 1890 2264 1929 coram
2312 1874 2633 1929 tondentibus
2687 1892 2741 1929 se
2786 1876 2894 1930 sine
2944 1891 3082 1943 voce,
3124 1875 3198 1930 sic
3238 1892 3339 1931 non
3392 1875 3590 1946 aperuit
3640 1892 3698 1931 os

2086 1983 2257 2023 suum.
2284 1967 2352 2022 Et
2382 1968 2581 2039 Sibylla
2611 1982 2770 2039 supra
2790 1968 2929 2023 dicta
2957 1986 2969 2022 :

2340 2120 2415 2157 Καὶ
2438 2117 2723 2169 χολαφιζόμινος
2748 2118 2905 2169 σιγήσει,
2931 2120 2980 2168 μή
2997 2133 3053 2165 τις
3072 2120 3200 2168 ἔπιτνῶ

2335 2175 2404 2228 Τις
2440 2181 2547 2232 λόγθς
2565 2210 2577 2227 ,
2607 2180 2631 2230 ἦ
2668 2182 2776 2220 πόοιν
2808 2176 2914 2229 ἦλθαν
2949 2182 3011 2221 ἵνα
3046 2182 3245 2232 9Ιῳίνοισι.
3267 2182 3442 2234 Ialm;

2338 2244 2414 2283 Καὶ
2447 2247 2624 2295 στέφανον
2649 2247 2792 2297 eopiosi.
2815 2246 2880 2293 τὴν
2900 2244 3109 2283 ἀκάνθινον.

2090 2378 2166 2434 De
2187 2379 2310 2434 cibo
2330 2395 2464 2435 vero
2493 2392 2547 2436 et
2578 2389 2727 2451 potu,
2761 2395 2940 2451 quem,
2970 2388 3258 2451 antequam
3289 2395 3412 2435 eum
3447 2380 3695 2453 ligerent,

2089 2470 2165 2526 illi
2188 2472 2523 2540 obtulerunt,
2550 2473 2717 2528 David
2745 2473 2797 2527 in
2830 2472 3040 2542 psalmo
3070 2489 3237 2528 txvnt
3267 2474 3343 2528 sic
3373 2474 3446 2527 ait
3473 2492 3487 2530 :
3520 2473 3588 2529 Et
3609 2475 3698 2529 de-

2091 2562 2274 2618 derunt
2308 2565 2364 2619 in
2398 2581 2563 2619 escam
2593 2582 2755 2620 meam
2784 2566 2887 2637 fel;
2914 2576 2959 2621 et
3002 2573 3055 2619 in
3097 2566 3182 2620 siti
3212 2582 3323 2621 mea
3353 2576 3526 2637 potant
3571 2566 3697 2622 mihi

1708 2677 1795 2731 VA
1805 2675 2071 2734 RIORUM
2100 2677 2333 2735 NOTAE.

458 2794 813 2864 Conspuerunt
843 2793 1023 2865 facient
1053 2795 1180 2866 ejus.
1231 2792 1395 2866 Hanc
1421 2792 1616 2848 retinui
1664 2793 1948 2866 lectionem
1972 2836 1986 2857 ,

2170 2794 2236 2849 Et
2262 2796 2546 2852 deriserunt
2574 2798 2762 2854 derisu.
2803 2800 2950 2871 Lips.
2988 2810 3113 2858 tert.
3143 2812 3198 2857 et
3228 2802 3456 2858 lieimm.
3488 2819 3501 2856 :
3545 2802 3695 2858 Deri-

387 2881 506 2947 qute
530 2868 566 2921 5
586 2863 1085 2947 autiqtiissimurum
1109 2879 1239 2919 mss.
1267 2863 1564 2947 Regiorum
1591 2872 1677 2946 est
1703 2874 1757 2919 et
1784 2864 1852 2920 10
1876 2864 1993 2947 ed_i-
2090 2877 2267 2947 serunt
2296 2884 2375 2922 me
2399 2879 2444 2923 et
2475 2871 2770 2947 striderunt.
2805 2863 3141 2947 Augustinus
3165 2883 3244 2947 _ct
3288 2875 3647 2947 Hieronymus
3677 2894 3689 2929 :

387 2935 585 2992 torum.
618 2937 682 2992 Et
708 2948 886 3004 potest
911 2937 1103 2991 abesse
1128 2937 1437 3006 praepositio
1457 2936 1508 2989 in
1537 2935 1721 3006 [aciem
1743 2978 1756 2998 ,
1786 2952 1903 3005 quae
1933 2938 1984 2991 in

383 3010 599 3079 scriptis
651 3006 1041 3065 recentioribus
1087 3023 1151 3062 ac
1188 3008 1230 3079 77
1260 3007 1512 3079 vulgatis
1561 3008 1846 3079 reperitur.
1896 3008 1985 3064 Sic

380 3077 520 3150 apud
551 3081 812 3136 Senecam
832 3121 846 3144 ,
876 3094 996 3148 cap.
1024 3079 1111 3145 15,
1136 3078 1200 3133 ad
1236 3078 1382 3132 Helv.
1415 3098 1428 3133 :
1457 3077 1742 3150 Ducebatur
1775 3080 1982 3134 Athenis

380 3148 449 3205 ad
476 3152 791 3222 supplicium
815 3151 1079 3213 Aristides,
1108 3152 1189 3204 cui
1217 3150 1441 3221 quisquis
1489 3148 1801 3218 occurrebat,
1850 3152 1981 3222 deji-

379 3224 539 3279 ciebat
591 3222 880 3277 oculos.....
912 3223 1144 3277 inventus
1192 3232 1265 3277 est
1309 3232 1475 3276 tamen
1515 3222 1601 3291 qui
1637 3222 1819 3290 facient
1871 3226 1981 3292 eius

377 3296 653 3363 inspueret.

450 3365 576 3421 Non
621 3366 757 3421 enim
789 3363 1075 3420 Gavianam
1118 3382 1319 3420 crttcem
1364 3365 1713 3419 describimus.
1765 3363 1978 3435 Optima

376 3436 562 3502 lectio,
594 3446 820 3508 quaeest
839 3439 874 3493 5
898 3437 1055 3508 Reg.,
1084 3438 1109 3491 1
1135 3436 1370 3492 Sorbon.
1397 3446 1448 3491 et
1479 3436 1544 3491 19
1567 3437 1695 3491 edit.
1720 3451 1782 3492 ac
1799 3437 1975 3492 Cicer.

374 3508 430 3563 in
460 3509 704 3564 Verrem.
724 3507 876 3563 Orat.
908 3507 976 3563 10
999 3507 1302 3563 faventibus
1327 3523 1459 3563 mss.
1484 3507 1827 3573 Regio-PM,
1848 3509 1882 3564 ὅ
1902 3510 1973 3563 al.

373 3578 536 3652 Reg.,
568 3581 600 3635 4
626 3579 893 3652 Colbert..
926 3576 1116 3644 Brun.,
1146 3580 1342 3652 quibus
1372 3589 1453 3652 est
1481 3578 1792 3652 ﬂabianam,
1828 3596 1977 3636 men-

374 3649 530 3722 dose,
562 3666 658 3720 pro
686 3649 990 3722 Gavianam,
1024 3652 1075 3717 b,
1100 3649 1272 3722 prope.
1295 3650 1390 3704 Ms.
1419 3651 1442 3705 1
1467 3650 1734 3712 Colbert..
1769 3652 1969 3707 etedit.

372 3721 536 3777 Rom.
566 3722 726 3785 1468.
762 3720 1068 3787 Gabiniam;
1102 3720 1146 3778 '1
1202 3721 1362 3792 Reg,
1405 3722 1493 3776 ed.
1540 3723 1723 3788 liom.,
1755 3722 1893 3777 1170
1923 3733 1977 3779 ct

373 3793 641 3860 Florent.,
679 3791 1055 3857 Gabinianam;
1100 3801 1123 3848 1
1163 3791 1543 3864 lleg.’veterr.,
1598 3792 1975 3859 Gavininnam;

372 3867 399 3921 1
431 3864 608 3932 Clar.,
637 3864 951 3930 Ganianam,
984 3864 1246 3920 mendose
1271 3881 1367 3934 pro
1399 3863 1719 3930 Gaviunam;
1750 3865 1774 3918 1
1815 3865 1971 3935 lteg.,

369 3936 404 3991 2
432 3934 673 3992 Colbert.
692 3979 707 4000 ,
740 3936 1089 4003 Gravianatn;
1136 3951 1238 3990 ms.
1289 3936 1543 4000 'l‘nrnes.,
1572 3934 1973 4003 Graviniannm;

367 4009 520 4076 dum,
548 4007 896 4073 Grabianam;
922 4009 955 4063 5
976 4008 1134 4074 edil.,
1163 4005 1505 4072 Canniunam,
1535 4017 1810 4075 corrupte.
1837 4008 1973 4064 Vide

368 4078 687 4135 Ciceronem
716 4081 767 4135 in
804 4078 1048 4144 Verrem,
1076 4090 1179 4134 act.
1227 4095 1283 4143 v,
1330 4095 1381 4133 vt
1426 4089 1483 4134 et
1529 4094 1626 4135 vn.
1656 4079 1858 4133 Alltnlit
1904 4081 1969 4136 ad

367 4149 427 4205 P.
449 4151 673 4207 Gavium
697 4152 1031 4217 Consannm,
1054 4152 1223 4205 civem
1244 4151 1568 4218 Romanum,
1594 4165 1753 4219 quem
1776 4150 1973 4206 Verres

365 4233 556 4277 contra
583 4224 671 4291 jus
699 4232 754 4277 et
785 4224 932 4292 leges
953 4222 1116 4292 virgis
1142 4237 1341 4277 carsum
1383 4224 1527 4277 cruci
1564 4222 1973 4285 aflixerat,'ltoc

366 4304 449 4349 est
476 4293 729 4350 all'ecerat
756 4294 938 4348 servili
967 4293 1257 4363 supplicio.

440 4363 723 4421 Universis.
756 4365 845 4420 Sic
876 4367 1090 4434 repasni
1121 4380 1190 4419 ex
1227 4380 1355 4434 mss.
1383 4364 1417 4418 8
1445 4365 1572 4433 lleg.
1608 4378 1834 4432 quorum
1863 4365 1969 4418 duo

362 4449 488 4491 sunt
518 4437 888 4501 vetustissimi,
922 4437 955 4490 ti
985 4437 1139 4489 Cttlll.
1160 4479 1175 4500 ,
1217 4436 1252 4489 2
1292 4433 1532 4489 Clarom.
1563 4435 1812 4505 aliisque.
1862 4437 1966 4492 Sed

361 4509 555 4573 scripti
584 4510 619 4562 ’2
645 4523 754 4562 rec.
787 4521 839 4563 ct
877 4508 932 4561 ll
970 4507 1120 4573 editi,
1156 4508 1425 4560 universae.

498 4580 649 4634 eruis.
682 4578 810 4634 Mss.
844 4578 910 4633 10
937 4588 990 4633 et
1017 4579 1050 4633 5
1077 4579 1232 4644 edit.,
1262 4578 1444 4640 verbis,
1473 4575 1568 4630 sed
1600 4575 1776 4631 minus
1806 4578 1961 4634 bene.

438 4649 619 4706 Tanta:
665 4650 934 4721 afﬂuentia:
981 4649 1227 4706 ubertate.
1278 4649 1404 4704 Mss.
1456 4648 1523 4703 10
1562 4648 1959 4717 recentissimi,

357 4730 523 4777 tanta.

434 4794 503 4847 Et
531 4802 636 4848 tota
662 4793 842 4848 mundi
870 4792 1116 4847 elementa
1142 4793 1399 4847 luxerunt.
1427 4793 1493 4847 Τὸ
1515 4790 1693 4845 mundi
1722 4790 1874 4846 deest
1906 4792 1958 4846 in

360 4867 517 4921 ms.1
555 4864 707 4921 tlolb.
742 4875 797 4919 et
831 4865 862 4917 7
901 4864 1079 4918 editis.
1114 4862 1489 4919 Grammaticac
1518 4863 1743 4917 studiosi
1774 4872 1961 4918 notent

358 4936 414 4994 in
446 4951 674 4991 numero
701 4935 891 5005 plurali
920 4936 1011 4990 toti
1038 4934 1178 5006 apud
1209 4943 1485 4989 auctorem
1519 4945 1781 4996 nosn'nm.
1817 4935 1909 4989 lib.
1942 4951 1957 4988 ι

359 5006 482 5061 Div.
508 5008 741 5062 lnstitut.
768 5022 888 5077 cap.
917 5008 1002 5070 11,
1035 5016 1089 5062 et
1113 5006 1253 5075 apud
1297 5007 1648 5075 Augustinum
1680 5007 1731 5059 in
1757 5010 1948 5074 psaltn.

356 5092 592 5144 cnvm;
621 5089 741 5134 tota:
767 5078 907 5148 apud
940 5078 1204 5148 Plautum,
1236 5092 1441 5132 necnon
1472 5077 1521 5129 in
1546 5077 1802 5147 Symbolo
1827 5078 1954 5143 Qui-

358 5166 576 5219 cumque
602 5147 819 5206 nomine
842 5147 1137 5216 Athanasii,
1165 5160 1216 5203 et
1247 5158 1351 5201 tota
1381 5148 1434 5202 in
1462 5157 1609 5219 rectu
1640 5162 1765 5201 casu
1790 5158 1950 5219 etiam

356 5217 554 5348 Plurali
584 5222 722 5292 apud
755 5222 1112 5302 Lactantium,
1165 5221 1256 5275 lib.
1310 5235 1380 5283 ll,
1423 5234 1541 5288 cap.
1583 5217 1637 5283 9,
1681 5219 1747 5273 ad
1777 5217 1870 5272 ﬁn.
1899 5228 1954 5274 et

381 5294 452 5348 ib.
476 5309 553 5348 iv.
576 5310 695 5348 can.
723 5295 810 5348 18.
848 5293 976 5347 Vide
1002 5307 1234 5348 sequens
1260 5300 1440 5348 caput.

381 5294 452 5348 ib.
476 5309 553 5357 iv,
576 5310 695 5364 cap.
723 5295 810 5349 18.
848 5293 976 5347 Vide
1002 5307 1234 5362 sequens
1260 5300 1440 5361 caput.

432 5363 500 5419 Et
530 5359 908 5435 ignoraret-unt.
942 5364 1031 5419 Sic
1060 5359 1178 5435 lego
1206 5359 1337 5417 cum
1357 5359 1745 5435 antiquioribus
1774 5373 1828 5418 et
1852 5378 1950 5433 po-

359 5431 590 5506 tioribus
617 5453 745 5493 mss.
781 5437 812 5492 7
852 5436 1010 5506 Reg.,
1034 5436 1070 5490 4
1094 5431 1272 5501 Colb.,
1305 5436 1329 5488 1
1356 5431 1593 5506 Clarum.
1619 5444 1673 5506 et
1703 5431 1950 5489 omnibus

358 5505 473 5579 fere
501 5509 729 5579 vulgatis
753 5526 765 5562 :
790 5523 892 5565 nec
919 5503 1075 5562 aliter
1099 5508 1230 5573 legit
1253 5505 1581 5579 Augustinus
1603 5503 1870 5579 ΔΕιιίιιιιειι.
1918 5521 1952 5560 ιι

359 5576 413 5632 in
444 5576 800 5646 psalfxxxrv.
830 5579 1028 5649 Scripti
1059 5579 1092 5634 9
1128 5587 1319 5649 reegct
1348 5578 1384 5630 2
1422 5588 1526 5632 vet.
1548 5576 1700 5642 edd.,
1736 5589 1783 5633 et
1810 5580 1956 5647 igno-

357 5662 485 5704 ταυιι
493 5690 505 5703 .

436 5720 792 5779 Tentaverunt.
866 5722 942 5778 Ex
995 5738 1125 5779 mss.
1180 5720 1391 5793 reposui
1442 5737 1454 5773 :

356 5800 638 5850 tentarunt.

1502 5721 1554 5776 in
1602 5722 1828 5793 vulgatis
1872 5731 1957 5777 est

2092 2937 2557 3017 Subsannaverunt
2577 2958 2655 3017 me
2678 2937 3091 3017 subsunnatione.
3142 2945 3272 3013 Qua:
3305 2947 3453 3011 prior
3477 2937 3693 3017 egregie

2088 3010 2321 3085 applicat
2348 3012 2412 3067 ad
2443 3011 2790 3085 christianos.
2815 3015 2869 3069 In
2898 3010 3246 3085 Epitotne,'c.
3275 3010 3366 3079 £6,
3392 3010 3549 3072 verba
3581 3010 3692 3072 z'Et

2007 3116 2052 3178 C
2086 3079 2641 3178 fflEe-ruglmderisu,
2692 3079 3109 3153 desiderantur;
3153 3079 3210 3141 at
3270 3088 3470 3144 habent
3522 3088 3687 3144 Hebr.

2085 3161 2139 3207 et
2168 3168 2289 3207 ιιι.
2320 3153 2449 3209 Bon.

2155 3227 2240 3287 Εἰς
2270 3227 2466 3299 ἀνόμων
2508 3236 2714 3306 χεῖρας.
2742 3229 3005 3286 Sermone
3036 3230 3069 3287 8
3097 3230 3289 3303 Sibyll.
3319 3232 3445 3288 llaec
3476 3232 3642 3288 latine
3674 3250 3686 3285 :

2177 3338 2234 3411 in
2255 3354 2430 3411 manus
2446 3344 2722 3411 iniquorum
2741 3354 2793 3411 et
2814 3346 3080 3397 inﬁdelium
3106 3355 3275 3410 postea
3302 3348 3498 3411 veniet;

2176 3401 2381 3471 Dabunt
2392 3401 2566 3471 autem
2586 3405 2694 3456 Deo
2716 3406 2878 3468 alapas
2900 3401 3128 3471 manibus
3152 3411 3372 3471 incestis,

2176 3464 2238 3531 Εἰ
2253 3463 2480 3531 faucibus
2502 3468 2762 3519 immundis
2785 3463 2926 3531 sputa
2953 3470 3214 3520 virulentia
3236 3487 3248 3531 ;

2173 3524 2324 3578 Dabit
2346 3537 2511 3578 autem
2530 3531 2578 3578 in
2600 3524 2823 3582 verbera
2833 3532 3123 3596 simpliciter
3147 3524 3322 3596 purum
3335 3541 3448 3584 tunc
3464 3535 3682 3585 dorsum.

2080 3628 2206 3706 εἰωο
2227 3641 2280 3686 et
2307 3635 2583 3706 sequentia
2616 3636 2868 3706 leguntur
2884 3636 3073 3691 eodem
3098 3637 3258 3692 modo
3286 3638 3336 3692 in
3360 3654 3461 3692 ms.
3490 3639 3685 3706 Regio-

2079 3700 2227 3784 ξιιμ,
2260 3720 2315 3759 ιι.
2347 3705 2508 3767 5736.
2545 3700 3235 3784 tit_etapud_AttguSIinttm
3278 3710 3342 3764 dc
3369 3709 3529 3765 Civil.
3563 3700 3678 3779 Dei,

2080 3772 2172 3850 lib.
2223 3790 2382 3850 xviii.
2432 3792 2549 3850 cap.
2594 3778 2718 3850 23,
2744 3772 2800 3832 ii.
2842 3778 2911 3844 2,
2945 3772 3034 3850 qui
3075 3795 3137 3835 ea
3168 3796 3231 3836 ex
3255 3792 3475 3836 auctore
3496 3772 3683 3837 nostro

2078 3842 2386 3915 decerpsit;
2414 3842 2513 3903 nisi
2535 3849 2675 3920 quod
2707 3842 2905 3904 habent
2925 3891 2940 3917 ,
2964 3842 3146 3906 'manus
3174 3853 3404 3921 iniquas,
3534 3870 3681 3908 vene-

2077 3926 2225 3969 natos
2270 3928 2466 3995 sputus.
2498 3961 2508 3973 .
2539 3961 2551 3973 .
2601 3932 2851 3995 sanctum
2888 3923 3114 3976 dorsum.
3161 3922 3217 3978 In
3259 3923 3420 3978 Brtnt.
3454 3924 3682 3995 aliisque

2077 4000 2206 4060 mss.
2242 4000 2294 4042 et
2329 3990 2488 4045 editis
2527 3992 2804 4047 codicibus
2843 3994 3126 4060 interpret.
3162 3994 3251 4048 lat.
3289 3995 3531 4051 innocens
3561 3990 3681 4051 tunc

2075 4056 2323 4131 dorsum;
2351 4061 2401 4115 in
2432 4063 2699 4118 nonnullis
2719 4105 2734 4126 ,
2770 4081 2953 4131 purum
2981 4056 3101 4117 tunc
3122 4065 3350 4119 dorsum.

2146 4128 2376 4207 ’Auépow.
2422 4134 2553 4207 Sic;
2578 4128 2787 4189 resumi
2836 4150 2903 4190 ex
2949 4145 3062 4204 opt.
3107 4151 3236 4190 mss.
3271 4136 3593 4207 Regio-Pot.
3626 4149 3681 4195 et

2076 4198 2344 4280 B_etnl.:_ac
2371 4204 2698 4280 edit._Pai-is.
2725 4198 3076 4280 1525,1561,
3104 4207 3260 4280 1565,
3294 4198 3440 4261 Crat.
3468 4252 3481 4272 ,
3508 4210 3677 4280 Gym-

2073 4273 2179 4349 uic.
2204 4316 2216 4335 ,
2244 4273 2473 4349 Graplt.,
2504 4276 2754 4343 'l‘ornes.,
2786 4278 3051 4349 Souhron.
3097 4287 3153 4332 et
3183 4277 3439 4349 Versione
3460 4273 3673 4349 gallica.

2073 4341 2166 4416 Sic
2195 4341 2670 4416 etianflegendutn
2718 4341 2839 4404 esse
2869 4348 3165 4402 censebant
3198 4341 3488 4416 Mnsm-us:
3513 4351 3672 4405 Betu-

2075 4412 2211 4490 leius
2233 4458 2247 4481 ,
2281 4428 2340 4490 et_
2377 4412 2672 4488 sparkius;
2702 4430 2754 4474 et
2782 4420 3024 4490 syntaxis
3048 4421 3315 4473 constabit
3344 4419 3443 4475 hac
3464 4412 3674 4478 ratione

2075 4486 2284 4539 melius.
2321 4487 2396 4542 Ita
2418 4486 2580 4543 etiam
2605 4486 2912 4545 emendavit
2935 4489 3154 4544 (ilariSs.
3190 4490 3556 4548 Henmannus.
3602 4493 3672 4549 At

2070 4557 2257 4637 scripti
2293 4559 2398 4637 11.,
2431 4560 2521 4612 alii
2554 4563 2659 4637 et]
2688 4561 2815 4637 editi
2846 4561 3044 4637 habent
3073 4562 3288 4637 ἀνόμους

2138 4629 2212 4703 Te?
2270 4628 2571 4703 πτύσμριτα.
2615 4632 2739 4685 Haec
2786 4631 2946 4686 lectio
2974 4640 3055 4686 est
3102 4628 3231 4687 mss.
3265 4633 3605 4703 Regio-PM,
3637 4636 3672 4690 5

2065 4697 2137 4771 al.
2176 4699 2306 4771 Reg.
2336 4743 2351 4766 ,
2377 4697 2588 4757 S'CoIb.
2618 4743 2632 4767 ,
2661 4702 2682 4757 1
2721 4703 2953 4757 Sorbon.
3000 4712 3056 4757 et
3094 4697 3665 4761 omnium'editorttm.

2064 4767 2121 4850 [ιι
2175 4767 2305 4850 mss.
2359 4770 2522 4850 caue.
2570 4773 2684 4828 812
2730 4774 2994 4850 Ιῖθξκ-Θξι
3038 4775 3430 4850 νέμπτύσματα;
3479 4778 3529 4831 in
3564 4793 3664 4833 ms.

2064 4838 2237 4895 Bctul.
2266 4843 2600 4914 ἐκπτῦσματα
2626 4886 2638 4907 ,
2666 4861 2787 4914 pag.
2813 4838 2917 4900 961
2944 4845 2995 4899 in
3028 4838 3430 4903 commentario
3453 4863 3570 4902 suo.

2132 4917 2222 4969 Καὶ
2250 4916 2640 4989 κολαφιζόμενος.
2673 4916 2896 4989 Sibylla,
2930 4932 3095 4972 serm.
3129 4918 3182 4972 8.
3219 4920 3342 4973 Hmc
3370 4920 3533 4974 latine
3562 4937 3575 4974 :

2149 5024 2211 5093 Et
2233 5027 2461 5093 colaphos
2483 5028 2731 5093 accipiens
2754 5029 2957 5088 tacebit,
2988 5042 3053 5079 ne
3077 5030 3189 5093 quis
3212 5038 3473 5093 agnoscat.

2152 5088 2292 5155 Quod
2314 5088 2536 5145 verbum.
2560 5088 2640 5141 vel
2662 5092 2793 5141 unde
2820 5093 2958 5142 venit
2978 5097 3030 5141 ut
3054 5088 3337 5141 mortalibus
3353 5092 3604 5155 loquatur;

2151 5149 2213 5200 Et
2229 5163 2457 5201 coronam
2484 5155 2700 5216 portabit
2721 5156 2962 5218 Spineam.

2055 5231 2386 5308 Augustinus
2411 5236 2535 5308 loco
2564 5252 2725 5307 supra
2752 5242 2915 5292 citato
2942 5238 3091 5308 legit,
3122 5246 3175 5308 ut
3196 5237 3372 5306 inferis
3397 5238 3659 5308 loquatur.

2056 5303 2304 5360 Mnsurus
2326 5314 2381 5360 et
2408 5303 2730 5364 Thomasins
2757 5324 2877 5363 cum
2909 5303 3037 5361 mss.
3062 5309 3096 5360 2
3117 5303 3267 5361 Colit.
3302 5317 3355 5360 et
3383 5303 3471 5362 ed:
3498 5309 3655 5367 Rom.

2058 5374 2496 5500 3470,1Tornesq
2529 5380 2565 5434 ἓ
2596 5380 2790 5444 Paris.,
2829 5380 3099 5434 Souhron.
3131 5377 3332 5450 legunt,
3365 5394 3415 5434 ut
3443 5386 3660 5439 mortuis

2083 5463 2213 5500 oaua
2239 5464 2318 5500 ur.

2083 5458 2318 5502 oaualur.

2150 5464 2318 5502 uatur.

2114 5464 2220 5596 q'ljl;
2238 5520 2377 5596 λόγφς
2402 5520 2432 5596 ἦ
2463 5519 2793 5596 nauseam“.
2821 5519 2893 5573 Ita
2925 5519 2959 5575 5
2996 5519 3124 5596 Reg.
3151 5538 3378 5596 quorum
3407 5524 3514 5579 duo
3538 5535 3660 5580 sunt

2064 5592 2442 5660 antitttiiSSittii,
2467 5596 2501 5648 5
2526 5592 2675 5647 Colb.
2707 5604 2759 5645 et
2791 5607 2977 5645 omnes
3006 5593 3130 5647 cdd.
3160 5593 3228 5649 At
3257 5612 3357 5649 nis.
3388 5597 3556 5650 codex
3576 5597 3658 5652 Si.

2062 5658 2298 5732 bylliittts
2329 5662 2487 5717 habet
2514 5666 2600 5725 Τίς
2626 5685 2747 5725 mo;
2780 5660 2845 5718 ὢν
2879 5664 3018 5720 πόθεν
3046 5663 3205 5733 ἦλθεν,
3239 5683 3340 5721 m~.
3371 5667 3540 5721 Belul.
3571 5670 3659 5726 Τίς-

2063 5754 2188 5795 mo;
2215 5734 2285 5809 (In
2304 5733 2408 5791 Sed
2439 5734 2700 5809 Lactantii
2728 5737 3009 5809 lectionem
3038 5741 3279 5809 sequitur
3310 5737 3654 5808 Augustinus,

2066 5813 2119 5858 et
2150 5806 2316 5876 magis
2347 5806 2602 5875 probatur
2629 5807 2789 5863 etiam
2824 5807 3085 5863 Betnleio.
