4154 6196
396 259 499 316 507
1479 268 1664 325 FIRII.
1699 268 2065 330 LACTANTII
2096 273 2299 332 DlVIN.
2339 276 2584 365 INSTIT.
3580 285 3686 341 508

392 384 639 442 dederunt
663 394 880 443 acetum.
906 387 1049 444 Idem
1073 389 1175 446 hoc
1202 390 1434 449 futurum
1459 394 1619 450 etiam
1639 395 1840 469 Sibylla
1864 411 1987 454 con-
2012 404 2065 465 Α
2088 401 2345 456 enarrabit
2369 403 2395 455 .’
2426 405 2666 472 quoniam
2690 408 2954 475 auferetur
2977 421 3011 459 a
3036 413 3171 459 terra
3197 406 3299 459 uita
3326 406 3461 473 ejus;
3496 420 3526 456 α
3549 405 3686 476 faci-

393 478 603 535 cionata
629 488 712 536 est
739 496 754 535 :

637 611 700 657 Εἰς
723 605 766 648 8t
788 608 832 649 τὸ
856 615 982 663 βρῶμα
1002 612 1127 665 χολὴν,
1150 613 1213 652 καὶ
1235 616 1283 661 ιις
1307 609 1415 667 δίψαν
1441 614 1522 664 ὅξος
1544 611 1683 655 ’ἔδωκαν
1704 645 1715 663 ,

635 667 713 719 Τῆς
735 671 958 724 ἀφιλοεσνιης
991 676 1127 724 ταύτην
1151 672 1313 720 διὶεουσι
1332 676 1537 729 τράπεζαν.

394 766 463 823 Et
482 767 586 824 alia
610 768 813 840 Sibylla
841 769 1079 827 Indicam
1111 780 1307 829 terram
1331 773 1413 829 his
1438 774 1681 831 versibus
1709 773 1987 847 increpat:

637 895 737 945 Αὒτῆ
757 897 825 948 γὰρ
848 894 1026 951 δύσφρωι,
1046 899 1108 937 τὸν
1133 900 1198 937 σὸν
1223 900 1301 939 θεὸν
1326 900 1390 938 οὒκ
1409 901 1563 949 ινόησας

638 956 827 1005 “alleva
848 959 1013 1008 θνητοῖσι
1034 962 1222 1009 νοήμασιν
1244 961 1340 1001 ἀλλὰ
1362 963 1423 1001 καὶ
1444 964 1617 1009 ἀκάνθαις

640 1009 807 1073 intuba;
832 1025 1010 1075 στεφάνῳ.
1028 1024 1185 1076 ’σειρὴν
1205 1037 1247 1063 τι
1267 1025 1378 1076 χολήν
1403 1027 1593 1077 ὺιάρασις.

400 1110 541 1167 Fore
568 1121 747 1168 autem
777 1123 832 1167 ut
855 1113 1026 1169 Juda-i
1050 1130 1241 1169 manus
1271 1115 1532 1171 inferrent
1557 1118 1663 1173 Deo
1692 1131 1811 1184 suo,
1840 1133 1993 1174 eum-

397 1220 501 1276 que
529 1206 915 1275 interlicerent,
946 1206 1249 1271 testimonia
1284 1207 1661 1278 prophetarum
1699 1209 1813 1264 haec
1842 1220 1991 1265 ante-

397 1307 697 1353 cesserunt.

468 1392 621 1461 Apud
656 1390 877 1446 Esdram
907 1391 978 1446 ita
1008 1392 1269 1463 scriptum
1298 1402 1380 1450 est
1414 1412 1426 1447 :
1460 1394 1528 1449 Et
1557 1396 1686 1451 dixit
1711 1395 1906 1451 Esdras
1926 1397 1995 1451 ad

394 1484 641 1553 populum
666 1499 684 1537 :
715 1481 828 1538 Hoc
864 1485 1057 1553 pascha
1096 1485 1337 1541 Salvator
1361 1497 1528 1543 noster
1556 1498 1649 1555 est,
1677 1500 1722 1543 et
1744 1491 1995 1559 refugium

393 1583 648 1629 nostrum.
676 1574 924 1647 Cogitate,
952 1586 999 1631 et
1027 1578 1273 1633 ascendat
1298 1581 1350 1634 in
1378 1596 1469 1634 cor
1491 1591 1732 1647 vestrum,
1756 1583 1996 1650 quoniam

394 1669 938 1725 habemushumiliare
963 1687 1077 1725 eum
1103 1672 1157 1726 in
1196 1674 1366 1744 signo,
1404 1682 1450 1729 et
1478 1684 1589 1744 post
1620 1676 1729 1729 hwc
1767 1675 1997 1746 sperabi-

393 1775 507 1813 ntus
531 1760 585 1813 in
611 1776 745 1827 eum,
776 1777 838 1814 ne
858 1761 1122 1817 deseratur
1142 1763 1223 1817 hic
1252 1764 1393 1819 locus
1418 1767 1470 1818 iu
1494 1774 1740 1820 attentum
1772 1777 1992 1836 tempus,

2092 494 2298 549 naribus
2337 496 2515 564 populi
2542 498 2642 551 mei
2681 497 2934 551 adductus
2959 506 3034 551 est
3069 496 3139 550 ad
3186 507 3417 552 mortem.
3460 495 3529 550 Et
3555 496 3689 550 dabo

2092 586 2254 639 malos
2277 603 2367 655 pro
2382 588 2644 657 sepultura
2664 590 2794 659 ejus,
2820 598 2869 642 et
2889 589 3067 643 divites
3090 605 3181 658 pro
3203 598 3363 643 morte
3384 590 3497 658 ejus
3524 607 3537 643 :
3565 589 3689 659 quia

2095 676 2297 746 facinus
2339 695 2440 732 non
2468 678 2622 748 fecit,
2668 695 2826 749 neque
2864 672 3081 734 insidiati
3109 696 3196 734 ore
3232 696 3324 735 suo
3362 679 3561 734 locutus
3591 690 3688 734 est.

2101 766 2380 838 Propterea
2404 770 2513 838 ipse
2538 781 2873 838 consequetur
2895 772 3113 837 multos,
3160 782 3206 825 et
3237 772 3452 840 fortium
3492 772 3691 827 dividet

2093 864 2281 935 spolia;
2317 873 2580 937 prapterea
2600 867 2735 937 quod
2771 866 2990 921 traditus
3010 877 3084 921 est
3112 866 3181 920 ad
3201 876 3437 931 mortem,
3467 876 3515 921 et
3554 867 3692 922 inter

2096 959 2410 1023 facinorosos
2439 960 2714 1028 deputatus
2743 968 2815 1013 est
2847 977 2860 1014 τ
2893 970 2938 1013 et
2966 962 3076 1031 ipse
3105 972 3372 1032 peccatum
3410 961 3693 1016 multarunt

2095 1052 2328 1118 pertulit,
2357 1060 2402 1106 et
2427 1061 2636 1122 propter
2665 1055 2899 1124 facinora
2926 1053 3133 1106 illorum
3162 1053 3379 1107 traditus
3402 1063 3494 1106 est.
3524 1052 3694 1108 David

2096 1144 2377 1214 quoquein
2408 1145 2614 1213 psalmo
2643 1160 2765 1201 xcm
2789 1144 3104 1214 :Captabunt
3133 1146 3187 1199 in
3215 1146 3441 1200 animum
3461 1146 3617 1215 justi,
3645 1156 3695 1201 et

2096 1239 2396 1308 sanguinem
2445 1238 2766 1292 innocentem
2812 1238 3250 1303 condemnabam,
3300 1248 3348 1292 et
3398 1244 3567 1308 factus
3618 1247 3695 1294 est

2096 1331 2223 1384 mihi
2255 1329 2502 1385 Dominus
2526 1333 2579 1385 in
2624 1332 2899 1403 refugium.
2932 1330 3229 1386 Hieremias
3260 1330 3403 1404 (cap.
3443 1329 3556 1403 xl):
3583 1330 3698 1386 Do~

2097 1420 2251 1487 utine,
2280 1422 2515 1492 significa
2538 1423 2683 1487 mihi,
2704 1433 2753 1476 et
2779 1436 3114 1493 cognoscam:
3139 1431 3261 1481 tunc
3275 1420 3381 1475 uidi
3407 1423 3698 1477 meditatio~

2099 1532 2188 1570 nes
2229 1532 2437 1583 eorum;
2488 1534 2580 1589 ego
2616 1518 2746 1572 sicut
2792 1534 2956 1589 agnus
3013 1518 3126 1572 sine
3171 1518 3371 1572 malitia
3421 1519 3699 1588 perductus

2099 1625 2212 1663 sum
2241 1611 2309 1663 ad
2330 1611 2585 1665 victimam
2610 1629 2623 1664 π
2652 1612 2705 1665 in
2732 1628 2811 1665 me
2833 1612 3182 1682 cogitaverunt
3203 1612 3583 1682 cogitationem,
3616 1614 3699 1667 di-

2098 1714 2296 1757 centes:
2321 1702 2514 1769 Venite,
2547 1706 2807 1760 mittamus
2832 1705 3026 1776 lignum
3052 1707 3107 1759 in
3135 1722 3319 1777 panem
3341 1708 3473 1773 eius,
3506 1716 3553 1760 et
3580 1723 3702 1761 era-

2023 1816 2070 1876 Β
2101 1794 2283 1847 damus
2312 1810 2340 1849 e
2366 1803 2500 1848 terra
2520 1796 2675 1853 vitam
2701 1796 2840 1865 ejus,
2862 1806 2910 1849 et
2931 1811 3114 1849 nomen
3140 1796 3251 1862 eius
3274 1811 3377 1850 non
3397 1796 3490 1849 erit
3512 1796 3565 1849 in
3595 1812 3703 1851 me-

394 1852 519 1906 dic“
548 1850 964 1955 υ⁰¹²²ιίξ²¹⁸ᾗθ⁶⁸¹⁸
984 1855 1243 1955 νίτηξίυῗηο
1275 1856 1336 1911 Si
1357 1873 1457 1955 ’φη
1478 1858 1792 1955 ετεάίάένίίὴ
1812 1861 1876 1955 ’f’if
1907 1875 1995 1955 ⁷⁸9·
2023 1850 2070 1876 υ
2099 1886 2264 1938 moria
2305 1886 2547 1954 amplius.
2578 1850 2803 1955 Lignum
2828 1850 3020 1939 Iautetn
3058 1850 3275 1940 crucem
3314 1885 3610 1954 signiﬁcat,
3641 1850 3699 1941 et

393 1962 490 2016 que
525 1946 854 2001 exaudieritis
891 1950 1333 2003 annuntiationem
1363 1952 1472 2021 ejus
1494 1992 1508 2017 ,
1552 1952 1695 2006 eritis
1719 1953 1907 2007 derisio
1943 1954 1996 2008 in

393 2037 647 2109 gentibus.
689 2038 843 2096 Unde
888 2050 1112 2113 apparet
1152 2041 1370 2098 Judaeos
1426 2043 1623 2098 nullam
1654 2044 1812 2099 aliam
1845 2060 1993 2115 spem

393 2131 616 2197 habere,
649 2132 752 2189 nisi
783 2148 844 2188 se
877 2134 1148 2191 abluerint
1185 2151 1217 2191 a
1258 2137 1537 2208 sanguine,
1567 2152 1630 2192 ac
1658 2139 1997 2209 speraverint

390 2225 444 2279 in
481 2241 605 2281 eum
656 2227 831 2296 ipsum
886 2242 1046 2298 quem
1092 2239 1445 2299 negaverunt.
1500 2230 1688 2285 Esaias
1717 2229 1856 2301 (cap.
1896 2230 1989 2303 ιν)

390 2334 605 2391 quoque
634 2318 843 2385 facinus
873 2335 1063 2385 eorum
1091 2321 1375 2394 designat,
1403 2332 1458 2379 et
1483 2323 1614 2380 dicit
1639 2342 1651 2379 :
1682 2323 1749 2380 In
1780 2324 1992 2380 humili-

392 2420 494 2469 tate
508 2412 765 2484 judicium
793 2415 905 2486 ejus
931 2415 1188 2473 sublatum
1221 2425 1311 2472 est.
1345 2415 1683 2475 Nativitatem
1723 2418 1834 2487 eius
1872 2419 1989 2489 quis

2100 1976 2251 2047 panis
2271 1991 2470 2046 corpus
2493 1977 2633 2046 ejus,
2666 1979 2789 2047 quia
2814 1978 2927 2047 ipse
2939 1985 3022 2032 est
3042 1977 3215 2041 cibus,
3237 1985 3295 2032 et
3318 1978 3427 2031 vita
3452 1978 3696 2035 ninnium

2096 2067 2188 2139 qui
2217 2068 2445 2123 credunt
2471 2070 2523 2123 in
2549 2083 2766 2124 carnem
2794 2084 2955 2139 quam
3001 2068 3270 2139 portavit,
3299 2078 3355 2124 et
3399 2068 3453 2124 in
3477 2083 3697 2125 crucem

2095 2177 2200 2233 qua
2238 2162 2511 2233 pependit.

2169 2318 2244 2375 De
2285 2335 2388 2392 qua
2433 2328 2610 2375 tamen
2654 2320 2889 2390 apertius
2921 2319 3036 2397 ipse
3067 2319 3241 2376 Moses
3279 2319 3333 2375 in
3366 2319 3700 2377 Deuterono.

2095 2414 2204 2479 mio
2226 2414 2299 2479 ita
2325 2413 2636 2491 pradicavit
2664 2432 2677 2468 :
2703 2412 2771 2467 Et
2798 2414 2894 2468 erit
2926 2413 3153 2486 pendens
3180 2414 3283 2469 vita
3325 2422 3411 2467 tua
3436 2421 3552 2467 ante
3576 2429 3674 2468 acu

1718 2575 2079 2635 VARIORUM
2116 2575 2351 2633 NOTAE.

468 2707 655 2764 Petunt
683 2709 807 2763 mihi
835 2708 1078 2764 dederunt
1103 2718 1316 2764 acetum.
1348 2709 1473 2766 Haec
1502 2710 1663 2767 lectio
1686 2722 1769 2767 est
1796 2728 1925 2768 mss.
1956 2714 1988 2768 6

394 2782 707 2852 Regiorum,
736 2796 801 2835 ex
829 2782 1023 2851 quibus
1052 2781 1160 2835 duo
1187 2794 1311 2836 sunt
1339 2783 1633 2848 veterrimi,
1667 2785 1694 2839 1
1729 2784 1984 2849 Sorbon.,

394 2853 431 2907 2
459 2852 611 2907 Colb.
634 2894 647 2914 ,
680 2852 715 2906 2
743 2853 977 2907 Clarom.
1011 2862 1064 2907 et
1092 2852 1125 2907 6
1151 2853 1281 2908 edit.
1309 2853 1365 2908 In
1398 2855 1465 2908 15
1492 2856 1705 2921 scriptis
1732 2857 1991 2911 recentis-

397 2924 547 2981 simis
573 2933 626 2979 et
652 2923 683 2977 7
714 2923 988 2992 impressis
1018 2934 1135 2980 est:
1173 2922 1487 2979 Potaverunt
1510 2942 1588 2979 me
1612 2936 1771 2981 aceto.

473 2993 616 3067 Idem
654 2996 748 3067 hoc
783 2997 1029 3067 futurum.
1066 2997 1092 3051 1
1138 2995 1269 3067 Reg.
1316 3011 1453 3062 rec.,
1491 2999 1517 3052 1
1547 2998 1784 3051 Clarum.
1815 3006 1869 3052 et
1899 2997 1987 3053 ed.

397 3066 561 3132 Gall.,
590 3064 806 3134 Spark.,
841 3064 992 3121 Item.

468 3140 551 3198 Εἰς
578 3135 632 3192 δέ
661 3138 718 3191 τό
745 3137 948 3212 βρῶμα.
980 3137 1171 3208 Sibyli.
1199 3137 1373 3192 Serm.
1424 3138 1477 3192 8.
1516 3137 1639 3193 llaec
1669 3138 1832 3195 latine
1861 3158 1872 3194 :

492 3269 925 3337 ln_cibu_m_autem_
944 3267 1029 3327 fel,
1058 3277 1109 3321 et
1136 3270 1183 3323 in
1209 3270 1340 3337 sitim
1365 3280 1559 3321 acetum
1582 3272 1848 3337 dederunt,

492 3330 895 3394 Inhospitalitatis
912 3331 1037 3381 hanc
1052 3334 1392 3383 monstrabunt
1408 3347 1644 3387 mensam.

470 3439 602 3514 Αὐεή
628 3438 728 3513 ’γὰρ
767 3435 1136 3514 δύσφρςιίν.-Ιιθ
1178 3438 1403 3514 restitui
1424 3439 1595 3514 ex_2__
1607 3441 1997 3514 antiquissimis

402 3523 501 3561 ms.
536 3509 667 3577 Reg.
699 3508 781 3578 Ἀ(
805 3508 914 3561 τούξ
959 3510 985 3562 1
1030 3508 1185 3578 Reg.,
1226 3510 1261 3564 5
1290 3510 1467 3572 (3011)..
1499 3512 1524 3565 1
1556 3508 1793 3566 Clarum.
1835 3525 1889 3568 et
1930 3515 1991 3568 11

401 3578 530 3655 editi
559 3578 736 3655 ferunt
765 3577 953 3655 ἄφρων.
986 3577 1175 3655 Grteca
1205 3581 1397 3637 desunt
1424 3582 1474 3636 in
1506 3583 1717 3651 caneris
1744 3600 1876 3655 quos
1917 3586 1996 3641 vi-

402 3649 474 3707 tli.
508 3650 693 3706 Latina
725 3649 1092 3724 interpretatio
1124 3670 1137 3708 :

493 3761 605 3829 ipsa
630 3764 759 3811 enim
782 3763 925 3811 noxia
950 3765 1186 3829 cogitans.
1204 3763 1363 3829 Deum
1378 3767 1522 3829 tuum
1540 3778 1639 3814 non
1667 3767 1936 3829 cognovisti

493 3824 771 3892 [uidentem
797 3824 1082 3892 mortalibus
1103 3825 1514 3892 cogitationibus:
1539 3829 1631 3892 sed
1646 3834 1699 3877 et
1721 3824 1874 3892 spinis

493 3885 746 3937 Coronasti
764 3899 963 3951 corona,
990 3895 1043 3937 et
1061 3885 1295 3938 horribile
1318 3888 1384 3938 fel
1401 3889 1655 3941 miscuisti.

403 4009 553 4080 Apud
590 4012 962 4080 AuguStinum,
992 4027 1090 4085 pro
1125 4013 1281 4085 noxia
1308 4015 1571 4085 cogitans,
1604 4023 1687 4070 est
1715 4015 1997 4081 insipiens;

400 4091 456 4154 et
484 4097 641 4137 versu
670 4085 911 4153 sequenti
933 4083 1074 4154 apud
1102 4084 1348 4140 eumdem
1373 4083 1427 4140 et
1457 4086 1507 4140 in
1537 4102 1635 4141 ms.
1668 4088 1690 4141 1
1727 4087 1889 4141 Brun.
1914 4096 1999 4142 est

402 4150 683 4209 Ludentem
722 4150 1011 4209 mortalium
1040 4155 1320 4219 utentibus;
1360 4158 1410 4210 in
1456 4157 1625 4211 altero
1652 4158 1817 4212 Brun.
1859 4157 1997 4212 Illu-

401 4226 599 4353 gentem
630 4227 866 4351 humémis
891 4226 1159 4282 mentibus.
1191 4227 1317 4283 11ωο
1344 4244 1408 4284 ex
1451 4225 1704 4299 Sibyllar.
1731 4229 1997 4285 Carmini-

442 4314 522 4353 us.
553 4314 713 4353 serm.
784 4338 796 4350 .

442 4314 522 4363 us,
553 4314 713 4353 serm.
744 4314 796 4351 υ.

473 4373 717 4436 Παὶζοντα
740 4373 979 4433 θνητοῖσι.
1007 4369 1096 4424 Sic
1125 4369 1331 4442 restitui
1353 4384 1420 4424 ex
1463 4385 1590 4429 mss.
1621 4372 1655 4427 5
1681 4372 1833 4442 Reg.,
1865 4386 1999 4439 qun-

2094 2713 2290 2767 Esdras
2318 2714 2508 2783 populo
2539 2730 2557 2768 :
2587 2713 2699 2769 Hoc
2730 2713 2933 2768 Pascha
2970 2712 3210 2770 Salvator
3239 2723 3426 2777 noster.
3457 2724 3561 2771 etc.
3593 2716 3703 2773 Ne-

2092 2800 2247 2841 cesse
2272 2792 2447 2839 autem
2479 2794 2561 2840 est
2591 2787 2644 2839 in
2673 2787 2734 2840 iis
2768 2787 2919 2841 libris
2947 2785 3132 2853 fuisse,
3156 2801 3291 2858 quos
3316 2786 3488 2841 Judmi
3512 2789 3564 2842 in
3586 2787 3701 2843 Cu-

2095 2871 2233 2910 none
2260 2869 2599 2925 receperunt.

2169 2926 2458 2999 Humiliure
2484 2945 2595 2981 eum
2623 2929 2674 2981 in
2702 2929 2869 2999 signa.
2904 2928 2977 2982 Ita
3009 2944 3129 2983 cum
3154 2943 3285 2984 mss.
3316 2928 3445 2983 editi
3476 2944 3696 2997 novem;

2096 3007 2149 3074 et
2267 2998 2515 3074 Justinus
2542 2998 2761 3074 martyr
2784 3003 3071 3074 oujm‘ueitp
3093 3043 3107 3065 ,
3135 3002 3202 3074 fin,
3243 3001 3409 3072 signo.
3456 3001 3513 3055 In
3561 3016 3696 3059 mss.

2103 3072 2124 3125 1
2169 3070 2297 3140 lleg.
2327 3085 2461 3137 rec.,
2496 3072 2520 3125 1
2551 3070 2812 3139 Colbert.,
2845 3070 3009 3126 Brun.
3040 3070 3094 3127 et
3132 3073 3163 3126 7
3193 3070 3470 3142 impressis
3492 3083 3608 3141 est,
3644 3076 3699 3128 in

2098 3143 2257 3197 lianc.

2138 3160 2332 3277 gzauem
2381 3222 2708 3284 negauerunt.
2735 3212 2824 3269 Sic
2866 3228 2995 3268 mss.
3039 3215 3075 3267 2
3110 3214 3244 3285 Reg.
3293 3213 3695 3285 antiquissimi,

2100 3285 2364 3354 multique
2389 3285 2498 3352 alii,
2535 3295 2589 3340 et
2617 3301 2807 3340 omnes
2836 3286 2986 3339 editi.
3022 3285 3225 3340 Eadem
3256 3288 3536 3341 locutione
3567 3301 3700 3343 usus

2098 3366 2183 3410 est
2212 3370 2393 3423 supra,
2424 3371 2543 3425 cap.
2566 3356 2649 3409 12.
2682 3357 2735 3411 In
2760 3360 3051 3412 veterrima
3073 3357 3401 3411 Bononiensi
3422 3369 3474 3411 et
3495 3359 3698 3414 ibaliis

2099 3441 2209 3481 rec.
2243 3438 2325 3480 ρει
2345 3438 2670 3481 necaverunt.

2176 3497 2241 3552 In
2269 3498 2554 3551 humilitate
2578 3501 2703 3569 ejus,
2739 3509 2845 3555 etc.
2880 3498 3121 3554 Grascam
3154 3516 3257 3555 LX!
3291 3500 3696 3556 translationem

2099 3580 2319 3625 secutus
2342 3572 2453 3624 lere
2479 3571 2672 3639 ubique
2703 3580 2785 3625 est
2813 3572 3138 3633 Lactantius.
3172 3573 3366 3640 quibus
3410 3572 3541 3626 illud
3575 3570 3696 3627 Na-

2100 3642 2344 3714 tivitatem
2369 3643 2478 3712 ejus
2506 3642 2755 3707 debetur,
2792 3643 2840 3696 id
2889 3653 2971 3697 est
2995 3683 3036 3714 ,ί
3063 3646 3265 3714 γενεὰν,
3297 3644 3437 3713 quod
3474 3643 3700 3698 Latinus

2100 3713 2260 3783 etiam
2292 3712 2549 3780 Vulgatus
2577 3724 2658 3767 est
2685 3715 2985 3783 amplexus.
3009 3712 3246 3768 Clausa.

2174 3782 2290 3855 Ego
2338 3801 2502 3854 agnus
2549 3785 2661 3839 sine
2690 3782 2905 3839 malitia.
2939 3784 3015 3839 Ita
3043 3787 3251 3840 restitui
3276 3801 3341 3839 ex
3367 3784 3402 3837 2
3429 3784 3699 3855 antiquis-

2101 3854 2250 3909 simis
2282 3869 2410 3910 mss.
2446 3856 2597 3927 lieg.,
2629 3858 2697 3909 al.
2732 3856 2860 3927 Reg.
2889 3871 2941 3910 et
2971 3858 3006 3910 2
3036 3857 3200 3911 Brun.
3232 3857 3337 3911 Nec
3365 3855 3525 3911 aliter
3551 3854 3697 3927 apud

2101 3929 2426 3997 Cyprianum
2471 3926 2850 3981 Testimonior.
2903 3928 3025 3981 adv.
3057 3927 3295 3992 .indrens,
3329 3927 3423 3982 lib.
3463 3943 3500 3981 ll
3523 3969 3539 3993 ,
3573 3926 3697 3997 cap.

2102 3942 2140 3980 ι.
2185 3942 2426 3991 prtanum
2471 3942 2850 3981 lesttmmuor.
2903 3942 3025 3981 auv.
3057 3942 3295 3992 strumas,
3332 3942 3423 3982 ιιι).
3463 3943 3539 3993 ιι,
3573 3943 3696 3997 cap.

2102 3942 2190 4076 ig,
2220 4008 2274 4053 et
2294 3998 2434 4068 apud
2461 4013 2573 4076 Lxx_
2595 3998 2794 4076 ,ιρι-9η).
2826 4015 2888 4076 xt
2914 4017 2926 4052 :
2958 4001 3081 4076 Ἐγὼ
3102 3997 3155 4076 δέ
3187 4004 3255 4062 ὡς
3280 4002 3454 4076 ἐςρηὶον
3485 3996 3696 4055 ἄκακον.

2100 4069 2155 4124 in
2183 4085 2293 4124 rec.
2322 4084 2451 4124 mss.
2481 4080 2535 4124 et
2564 4071 2613 4124 in
2640 4070 2819 4139 editis,
2846 4073 2956 4126 sine
2980 4069 3525 4141 niacula;inV'ngata,
3550 4089 3703 4126 man-

2098 4153 2284 4197 81181118.

2174 4213 2393 4286 Ltgttum
2424 4222 2594 4286 autem
2636 4229 2836 4268 crucem
2882 4215 3172 4286 signiﬁcat,
3225 4224 3273 4268 et
3326 4214 3475 4284 panis
3512 4231 3702 4285 corpus

2101 4288 2231 4354 ejus.
2268 4285 2359 4340 Sic
2381 4284 2662 4356 emendavi
2695 4301 2765 4340 ex
2798 4284 2990 4341 mssfl
3028 4288 3159 4356 Reg.
3202 4286 3419 4349 optimae
3451 4284 3633 4347 notae.
3669 4289 3694 4342 1

2100 4357 2253 4410 Colb.
2291 4366 2343 4411 et
2373 4354 2408 4408 2
2440 4356 2603 4411 Brun.
2636 4373 2845 4411 necnon
2872 4372 2942 4411 ex
2975 4354 3193 4427 antiqua
3215 4356 3479 4413 Versione
3503 4358 3702 4426 gallica

403 4427 518 4493 rum
551 4427 658 4495 duo
684 4427 819 4495 sunt
848 4440 1240 4511 antiquissimi,
1273 4444 1300 4501 1
1343 4427 1579 4497 Clarom.
1610 4453 1664 4498 et
1699 4447 1732 4505 5
1759 4427 1993 4499 ἶέὀιιὶθινι.

2105 4427 2264 4510 15135,
2296 4442 2416 4497 qua:
2442 4428 2521 4481 sic
2552 4427 2710 4511 habet
2737 4447 2757 4511 :_
2771 4427 3290 4511 _0rle_b‘ois.signiﬁe
3309 4427 3361 4480 la
3389 4430 3550 4491 croix,
3580 4439 3629 4482 et
3656 4429 3705 4484 lc

402 4512 502 4564 nisi
534 4512 674 4580 quod
707 4512 755 4565 in
793 4530 896 4569 uno
926 4524 1006 4567 est
1030 4516 1240 4573 θνητισι.
1269 4525 1321 4568 et
1350 4513 1478 4567 edit.
1514 4513 1667 4573 Rom.
1710 4514 1867 4573 1468.
1898 4513 1992 4568 Ms.

402 4583 570 4660 codex
595 4598 626 4635 a
652 4582 893 4660 Betttleio
922 4584 1067 4647 visus
1094 4586 1254 4649 habet
1278 4589 1550 4660 neuio-ira,
1581 4588 1719 4655 quod
1752 4587 1798 4640 ei
1831 4586 1998 4660 magis

402 4653 669 4725 quadrare
714 4653 957 4719 videtur,
990 4664 1175 4723 utpote
1214 4658 1353 4725 quod
1400 4653 1646 4714 Christus
1692 4653 1996 4711 mortalium

398 4724 600 4792 judicio
632 4728 950 4795 peccaverit.
984 4725 1038 4783 ln
1080 4727 1110 4782 7
1147 4724 1424 4797 impressis
1451 4738 1534 4783 est
1559 4727 1785 4796 πράξαντ’
1813 4729 1862 4781 ἐν
1886 4730 2000 4787 θνη-

402 4812 559 4852 τοῖσι.

473 4864 746 4941 "Ec-124m.
785 4868 861 4943 Ita
895 4868 1180 4943 emendavi
1226 4884 1290 4943 ex
1323 4886 1421 4925 ms.
1459 4871 1489 4925 7
1521 4871 1653 4943 Reg.
1702 4870 1842 4943 inter
1864 4881 2000 4939 quos

401 4938 509 4995 duo
529 4938 652 4995 sunt
674 4941 964 5005 veterrimi,
988 4956 1054 4995 ex
1077 4943 1109 4995 5
1128 4940 1391 5006 Colbert.,
1422 4945 1441 5005 1
1472 4938 1652 5006 Sorbi,
1684 4944 1709 4996 1
1738 4938 1999 5004 Clarum,

404 5012 533 5088 edit.
556 5012 591 5065 ‘2
623 5023 727 5067 vet.
752 5012 909 5067 Rom.
938 5020 991 5067 et
1010 5011 1044 5067 8
1071 5011 1208 5067 aliis.
1240 5014 1293 5067 lu
1315 5028 1412 5068 sex
1433 5015 1660 5085 vulgatis
1684 5024 1766 5068 est
1790 5010 2003 5088 Ἐστρε-

401 5084 525 5157 φας.

475 5156 630 5227 Apud
660 5155 879 5211 Esdram
908 5156 981 5208 ita
1008 5155 1250 5227 scriptum
1276 5164 1374 5227 est,
1402 5167 1505 5211 etc.
1539 5155 1794 5226 Quaedam
1828 5154 2003 5227 locare

405 5226 678 5298 Scriptura
712 5227 970 5283 deseribit
998 5226 1240 5281 Justinus
1270 5226 1485 5299 Martyr,
1516 5244 1636 5299 qua:
1664 5243 1692 5282 a
1726 5226 1926 5282 Judtcis
1951 5226 2000 5287 in

404 5299 584 5353 odium
618 5300 813 5353 Christi
848 5299 1010 5353 fuisse
1042 5299 1211 5352 deleta
1247 5299 1521 5354 contendit
1554 5301 1603 5353 in
1634 5299 1846 5368 dialogo
1881 5310 2002 5351 cum

406 5368 512 5440 Try
521 5370 693 5446 pltnne
710 5370 917 5446 .ltttlico,
934 5371 1021 5426 85.
1036 5375 1200 5446 Τοτξτο
1215 5373 1274 5426 τὸ
1286 5371 1522 5446 πάσχαᾼᾷ
1538 5377 1711 5446 σωτήρ
1726 5374 1883 5444 ἡμῶν.
1899 5376 2001 5446 etc.

407 5439 528 5509 qua:
553 5443 620 5494 ita
651 5441 814 5494 refert
840 5450 894 5494 et
933 5443 1092 5497 vertit
1118 5439 1446 5497 Lactantius.
1481 5444 1605 5497 Haze
1634 5439 1809 5499 tamen
1845 5439 2005 5494 verba

412 5526 517 5582 non
549 5522 862 5582 occurrunt,
889 5528 1063 5579 neque
1094 5515 1143 5565 in
1177 5523 1320 5567 textu
1353 5514 1598 5579 lleltrmn,
1631 5529 1803 5582 neque
1833 5513 1882 5564 in
1913 5524 2006 5582 co-

412 5581 619 5637 dicibus
646 5580 867 5656 Graecis.
894 5598 1064 5656 neque
1088 5582 1304 5638 Latinis.
1331 5586 1584 5656 Queritur
1608 5580 2007 5656 quitlem_.lustl-

412 5669 512 5706 nus
540 5670 600 5706 ca
631 5668 657 5705 a
690 5653 891 5709 Judreis
922 5653 1092 5707 deleta
1116 5666 1277 5721 atque
1306 5657 1519 5709 inducta
1550 5652 1715 5709 fulSSt:
1743 5673 1755 5709 :
1793 5652 1873 5707 Ex
1893 5667 2009 5706 ver-

411 5723 511 5798 bis,
541 5726 729 5794 inquit,
759 5737 873 5791 quat
897 5722 1089 5798 Esdras
1122 5724 1198 5798 de
1219 5724 1326 5798 lege
1350 5736 1395 5787 et
1418 5725 1773 5798 constitutione
1798 5729 2012 5798 pascha-

415 5795 477 5847 tis
521 5796 958 5863 commemoravit,
1011 5796 1143 5853 hunc
1179 5795 1348 5854 locum
1390 5795 1724 5859 abstulerunt.
1770 5799 1835 5858 Et
1883 5796 2012 5856 dixi!

2103 4502 2223 4570 pain
2250 4516 2343 4553 son
2363 4516 2532 4569 corps.
2565 4498 2689 4553 Mss.
2736 4502 2801 4554 17
2830 4510 2885 4553 et
2927 4499 2993 4554 18
3021 4498 3177 4566 editi,
3219 4509 3266 4553 et
3298 4516 3480 4568 panem
3510 4516 3705 4565 corpus

2102 4574 2233 4640 ejus,
2261 4571 2536 4642 mendose.
2559 4570 2866 4642 —Lignum
2893 4583 3083 4636 autem,
3112 4580 3218 4626 etc.
3250 4570 3531 4640 Origenes,
3564 4570 3707 4627 Ter-

2104 4643 2377 4696 tullianus:
2419 4641 2777 4714 Hieronymus
2807 4643 2999 4698 eodem
3044 4644 3205 4696 modo
3240 4654 3554 4711 exponunt,
3606 4658 3709 4711 per

2105 4730 2299 4785 panem
2340 4714 2589 4786 nimirum
2617 4730 2851 4786 corpus,
2886 4730 2980 4784 per
3010 4714 3209 4782 lignum
3253 4728 3466 4769 crucem
3500 4715 3709 4769 intelliv

2102 4796 2290 4856 gentes
2316 4826 2329 4852 ,
2360 4785 2801 4857 ireferentesqne
2865 4787 2931 4839 ad
2989 4796 3385 4840 sacramentum
3451 4788 3711 4856 corporis

2102 4858 2321 4914 Christi.
2356 4856 2679 4912 BETULEIUS.

2180 4930 2315 4995 Quia
2340 4928 2451 4997 ipse
2480 4939 2552 4981 est
2578 4930 2737 4983 cibus.
2771 4927 2823 4983 Id
2852 4938 2933 4982 est
2952 4970 2967 4993 ,
2996 4928 3118 4997 quia
3147 4928 3263 4998 ipse
3290 4935 3377 4985 est
3404 4928 3555 4998 panis
3585 4928 3711 4999 ille,

2105 5003 2198 5074 qui
2220 5002 2290 5074 de
2316 5002 2456 5057 caelo
2478 5001 2757 5074 descendit
2787 4999 2964 5071 (Joan.
2992 5002 3087 5067 vr).

2191 5073 2305 5128 Vita
2349 5072 2594 5126 omnium.
2647 5073 2879 5142 Reposui
2927 5074 3153 5125 omnium
3203 5087 3270 5127 ex
3314 5071 3473 5127 editis
3515 5073 3551 5126 ὅ
3590 5082 3713 5131 vet.

2107 5145 2265 5200 Rom.
2300 5144 2487 5199 Venet.
2520 5144 2680 5209 1490,
2712 5144 2932 5207 Gellar.,
2966 5142 3178 5198 Walch.
3219 5144 3536 5213 cunctisque
3564 5160 3711 5202 mss.

2108 5227 2304 5287 praster
2325 5218 2358 5272 2
2387 5216 2516 5285 lleg.
2539 5229 2672 5279 rec.,
2704 5216 2730 5270 1
2759 5215 3015 5283 Sorbon.,
3050 5215 3075 5269 1
3111 5214 3351 5271 Colbert.
3375 5216 3570 5285 quibus
3598 5228 3711 5285 est,

2107 5290 2208 5342 vita
2236 5290 2517 5342 hominum.
3702 5328 3707 5333 .

2184 5361 2296 5428 Qua
2329 5357 2585 5430 pependit.
2616 5355 2691 5412 Ita
2716 5372 2846 5412 mss.
2873 5357 3285 5430 antiquissimi}
3322 5357 3562 5430 lienem,
3598 5358 3717 5416 Re-

2145 5427 2374 5496 io-Pull,
2402 5437 2434 5485 ti
2460 5427 2637 5492 Colh.,
2657 5430 2843 5493 Brun.,
2859 5427 3172 5495 QCiarom.,
3193 5427 3325 5483 edit.
3346 5428 3383 5482 2
3405 5438 3510 5481 vet.
3536 5428 3710 5487 Rom.

2153 5504 2306 5571 cripti
2341 5518 2468 5557 vero
2498 5502 2519 5553 1
2561 5499 2716 5570 Reg.,
2746 5502 2769 5555 1
2804 5500 3045 5555 Colbert.
3070 5516 3098 5553 a
3132 5501 3299 5571 prima
3331 5515 3514 5569 manu,
3548 5512 3609 5557 et
3644 5503 3712 5559 17

2111 5576 2357 5643 impressi
2382 5572 2599 5643 habent,
2632 5573 2685 5626 in
2714 5589 2813 5643 qua
2842 5573 3097 5641 pependit.

2188 5642 2251 5699 Et
2283 5648 2373 5700 erit
2417 5642 2636 5713 pendens
2667 5647 2767 5698 vita
2799 5654 2903 5696 tua.
2952 5644 3103 5711 Quod
3145 5644 3305 5699 etiam
3335 5642 3710 5701 Tertullianus

2114 5716 2235 5771 adv.
2264 5715 2641 5786 Judtnos,_cup.
2666 5716 2750 5781 11,
2779 5713 3143 5786 etCyprianns
3172 5716 3425 5770 adversos
3452 5718 3701 5786 eosdem,

2115 5786 2210 5844 lib.
2240 5803 2299 5858 u,
2339 5799 2458 5858 cap.
2488 5782 2662 5849 Ξυίρι
2691 5782 3016 5857 Augustinus
3062 5783 3156 5843 lib.
3189 5798 3298 5857 tm,
3330 5793 3517 5843 contra
3559 5782 3707 5841 Feua
