4154 6196
390 252 498 310 515

389 461 485 518 sed
521 461 610 519 die
653 463 812 518 tertio
843 474 1294 532 resurrecturum,
1346 467 1624 537 propheta:
1653 467 1982 522 cecinerant.

391 553 557 608 David
583 553 635 609 in
663 554 872 623 psalmo
899 571 1002 610 xv:
1031 555 1152 610 Non
1197 557 1513 629 derelinques
1559 561 1784 614 animant
1825 575 1984 613 meant

388 647 530 717 apud
553 647 766 717 inferos,
796 665 886 704 nec
915 648 1061 704 dabis
1085 659 1315 706 sanctum
1341 661 1484 706 tuum
1511 653 1680 707 videre
1701 653 1983 708 interitum.

388 741 521 798 Item
545 742 599 797 in
629 741 787 797 tertio
818 759 832 796 :
865 741 977 815 Ego
1005 745 1220 798 dormivi
1249 755 1294 800 et
1318 762 1551 800 somnum
1573 747 1707 816 cepi,
1743 755 1789 800 et
1817 763 1988 800 resur-

386 835 520 903 rexi;
531 836 774 906 quoniam
790 834 1047 891 Dominus
1064 837 1344 893 auxiliatus
1360 847 1432 894 est
1447 840 1591 895 mihi.
1609 839 1848 908 Oseas(c.
1861 839 1986 909 xm)

387 944 603 1002 quoque
623 929 829 999 primus
855 945 930 984 xn
965 929 1343 1001 prophetarum
1363 931 1430 987 de
1455 933 1853 994 resurrectione
1870 933 1988 1002 ejus

389 1022 708 1078 testiﬁcatus
729 1032 813 1077 est
841 1040 856 1079 :
891 1021 992 1077 llic
1010 1023 1149 1092 filius
1171 1041 1310 1079 meus
1333 1025 1538 1094 sapiens
1562 1044 1576 1093 ;
1615 1036 1827 1097 propter
1852 1024 1988 1095 quod

388 1131 524 1169 nunc
550 1131 653 1170 non
683 1115 878 1170 resistet
907 1115 959 1169 in
989 1116 1316 1170 tribulatione
1343 1117 1572 1185 ﬁliorum
1593 1133 1825 1182 suorum,
1848 1127 1894 1172 et
1926 1117 1989 1171 de

387 1225 544 1263 manu
591 1208 873 1278 inferorum
901 1224 1076 1263 eruam
1106 1225 1241 1263 eum.
1289 1207 1388 1264 Ubi
1417 1217 1491 1264 est
1533 1209 1794 1280 judicium
1821 1216 1985 1273 tuum,

387 1318 545 1368 mors,
567 1311 655 1356 aut
683 1301 765 1355 ubi
795 1310 869 1356 est
896 1301 1102 1358 aculeus
1125 1302 1284 1356 tuus?
1307 1301 1456 1357 Idem
1487 1302 1592 1356 alio
1615 1301 1736 1357 loco
1766 1318 1778 1353 :
1805 1299 1988 1368 Viviﬁ-

385 1395 518 1450 cabit
550 1412 640 1450 nos
675 1405 787 1467 post
814 1395 1022 1450 biduum
1053 1396 1135 1451 die
1164 1397 1332 1451 tertio.
1377 1396 1444 1450 Et
1489 1396 1608 1452 ideo
1656 1395 1858 1468 Sibylla
1889 1396 1987 1448 im-

384 1489 685 1562 positurum
737 1505 860 1546 esse
910 1489 1079 1546 morti
1135 1490 1425 1547 terminum
1475 1489 1612 1545 dixit
1659 1499 1781 1561 post
1828 1487 1988 1544 tridui

384 1596 636 1640 somnum
661 1601 675 1637 2

634 1710 710 1750 Καὶ
730 1709 894 1749 θανάτου
909 1713 1038 1761 μοῖραν
1061 1708 1214 1756 ullast,
1229 1709 1351 1760 τρὶτον
1372 1703 1470 1760 ἦμαρ
1489 1707 1654 1756 lumina;
1671 1736 1684 1753 ο

635 1773 711 1812 Καὶ
735 1774 813 1811 τότ’
837 1773 1077 1822 ἆςοᾳοὶμινον
1099 1773 1288 1818 dum“;
1318 1773 1367 1818 ιις
1390 1773 1478 1822 φάος
1502 1771 1579 1819 {Est

637 1838 782 1886 Πρῦτος
803 1836 1054 1882 ἀναστάσιας,
1075 1835 1221 1884 κλητοῖς
1243 1836 1354 1886 ἀρχὴν
1377 1831 1588 1880 ἶνκοδιὶεις.

385 1928 562 1985 Vitam
590 1930 736 1984 enim
787 1929 942 1985 nobis
985 1929 1270 2001 acquisivit
1301 1938 1475 1985 morte
1518 1935 1793 1998 superata.
1825 1924 1986 1981 Nulla

387 2023 550 2093 igitur
583 2037 710 2093 spes
740 2022 843 2076 alia
886 2021 1281 2093 consequendat
1308 2020 1742 2090 immortalitatis
1780 2018 1984 2074 homini

386 2115 568 2182 datur,
611 2116 716 2172 nisi
753 2115 1046 2172 crediderit
1085 2115 1138 2170 in
1169 2130 1319 2176 eum.
1351 2123 1407 2170 et
1449 2114 1595 2169 illam
1617 2126 1833 2168 crucem
1863 2125 1986 2182 por-

387 2208 608 2265 tandam
637 2207 1053 2280 patientiamque
1079 2205 1396 2279 susceperit.

1323 253 1526 314 LIBER
1574 255 1661 314 IV.
1694 257 1779 314 DE
1820 259 2005 316 γειιμι
2038 254 2405 319 5ΑΡΙΕΝῘ1Α
2447 260 2533 318 ΕΤ
2571 259 2799 321 RELIG.
3587 267 3693 326 5H

389 380 533 426 rant.
576 367 729 424 Illum
761 377 940 426 autem
977 367 1118 440 apud
1164 369 1368 428 inferos
1407 389 1515 429 non
1569 389 1942 430 remansurum
1969 417 1983 444 ,
2016 379 2068 438 Α

2693 374 2924 433 CAPUT
2967 375 3086 432 XX.

2089 490 2168 546 De
2190 491 2318 546 Iesu
2345 493 2396 546 in
2428 491 2699 546 Gatilwam
2729 501 2842 559 post
2881 490 3304 544 resurrectionem
3334 491 3692 562 profectione;

2211 597 2366 656 atque
2391 587 2457 641 de
2480 595 2694 656 utroque
2719 583 3064 652 Testamento,
3107 582 3281 638 Vetere
3312 595 3359 639 et
3388 584 3558 643 Novo.

2165 745 2447 801 Profectus
2487 759 2615 815 ergo
2661 743 2713 798 in
2761 741 3038 798 Galilaeam
3071 739 3291 815 (noluit
3332 741 3478 797 enim
3514 757 3572 798 se
3599 741 3694 799 Ju-

2089 836 2224 892 dazis
2248 837 2556 904 ostendere,
2588 851 2658 892 ne
2679 835 2970 890 adduceret
2990 850 3084 890 eos
3113 835 3165 889 in
3191 835 3582 905 paenitentiam,
3607 845 3692 891 at-

2089 947 2194 1000 que
2227 932 2418 1001 impios
2447 940 2728 987 resonaret
2749 937 2789 1001 ),
2819 930 3096 999 discipulis
3122 929 3317 985 iterum
3348 931 3688 1002 congregatis

2093 1022 2389 1092 Scriptura:
2408 1033 2607 1078 sancta:
2632 1023 2860 1087 litteras,
2887 1021 2936 1076 id
2961 1033 3041 1076 est
3066 1021 3448 1092 prophetarum
3469 1039 3691 1093 arcana,

2089 1115 2380 1184 patefecit;
2414 1131 2533 1184 qua:
2577 1125 2864 1186 antequam
2906 1124 3218 1184 pateretur,
3268 1117 3501 1186 perspici
3548 1119 3695 1174 nullo

2090 1206 2252 1262 modo
2283 1218 2551 1277 p0terant,
2597 1207 2720 1278 quia
2750 1208 2922 1276 ipsqu
2970 1205 3386 1278 passionemque
3427 1209 3544 1279 ejus
3592 1225 3692 1264 an-

2089 1299 2426 1354 nuntiabant.
2459 1299 2665 1355 Idcirco
2714 1299 2925 1366 Moses,
2967 1309 3021 1354 et
3061 1299 3223 1355 iidem
3271 1301 3372 1372 ipsi
3410 1303 3691 1373 prophetat

2091 1392 2288 1463 legem,
2318 1409 2438 1464 quae
2469 1393 2670 1449 ludatis
2699 1393 2820 1448 data
2851 1403 2989 1458 erat,
3024 1392 3432 1450 Testamentum
3464 1407 3691 1463 vocant;

2091 1489 2213 1559 quia
2239 1489 2341 1544 nisi
2359 1499 2584 1544 testator
2605 1498 2852 1544 mortuus
2871 1487 3052 1555 fuerit,
3078 1504 3176 1543 nec
3200 1490 3508 1546 confirmari
3532 1501 3698 1548 testa-

2092 1589 2336 1637 mentum
2370 1589 2568 1650 potest,
2598 1595 2698 1636 nec
2736 1579 2862 1635 sciri
2906 1580 3034 1650 quid
3087 1581 3138 1635 in
3187 1595 3254 1637 eo
3299 1583 3559 1654 scriptum
3601 1583 3694 1650 sit,

2092 1675 2215 1745 quia
2249 1675 2493 1730 clausum
2524 1683 2580 1729 et
2605 1675 2945 1744 obsignatum
2973 1683 3077 1729 est.
3109 1674 3293 1744 Itaque
3323 1677 3424 1732 nisi
3451 1675 3696 1734 Christus

2020 1801 2069 1864 Β
2097 1779 2326 1822 mortem
2357 1768 2707 1838 suscepisset,
2738 1768 2935 1838 aperiri
2959 1775 3360 1833 testamentum,
3397 1769 3448 1824 id
3476 1779 3576 1839 est,
3610 1787 3695 1828 re-

2097 1860 2263 1916 velari
2293 1869 2348 1916 et
2378 1859 2602 1930 intelligi
2631 1859 2946 1929 mysterium
2976 1859 3072 1914 Dei
3103 1875 3210 1915 non
3243 1863 3523 1930 potuisset.

2170 1955 2367 2010 Verum
2398 1953 2675 2021 Scriptura
2703 1951 2878 2006 omnis
2931 1952 2986 2006 in
3011 1951 3118 2006 duo
3146 1950 3492 2009 Testamenta
3519 1954 3690 2013 divisa

2094 2057 2196 2104 cst.
2227 2046 2359 2101 lllnd
2386 2044 2527 2116 quod
2555 2043 2844 2099 adventum
2872 2045 3284 2116 passionemque
3313 2046 3516 2104 Christi
3536 2057 3693 2106 ante-

2093 2139 2279 2206 cessit,
2305 2138 2356 2193 id
2380 2147 2464 2193 est
2489 2137 2574 2192 lex
2603 2145 2660 2192 et
2687 2135 2986 2208 prophetat,
3018 2135 3184 2192 Vetus
3207 2136 3438 2207 dicitur;
3470 2156 3533 2197 ea
3564 2157 3695 2199 vero

2091 2248 2212 2304 qua:
2242 2241 2360 2303 post
2403 2230 2858 2286 resurrectionem
2899 2229 3019 2300 ejus
3055 2230 3254 2301 scripta
3290 2241 3437 2301 sunt,
3486 2233 3694 2292 Novum

2089 2329 2503 2385 Testamentum
2521 2326 2890 2382 nominantur.
2909 2323 3084 2382 Judaei
3107 2325 3292 2384 Veteri
3326 2337 3570 2397 utuntur,
3593 2345 3696 2388 nos

1697 2468 2056 2531 VARIORUM
2097 2466 2330 2525 ΝΟΤιΕ.

385 2648 564 2695 torum
593 2653 699 2694 non
730 2637 1039 2695 condidisse
1060 2639 1111 2694 in
1143 2638 1303 2701 arcis.
1336 2646 1427 2694 aut
1455 2637 1688 2703 lectulis,
1713 2636 1827 2692 sive
1864 2648 1974 2690 sar-

386 2712 666 2783 cophagis,
699 2712 792 2767 sed
818 2712 952 2766 solis
984 2710 1140 2766 lineis
1181 2711 1438 2783 taeniatim
1469 2710 1655 2765 scissis
1677 2715 1894 2783 operta
1926 2715 1982 2760 et

385 2777 589 2838 amicta
612 2783 855 2838 intulisse
883 2790 1252 2836 monumento.
1279 2782 1334 2836 In
1359 2779 1692 2836 monumenti
1723 2777 1982 2833 lateribus

386 2854 655 2924 exsculpti
681 2865 835 2909 erant
861 2855 980 2909 cavi
1028 2853 1255 2925 singulis
1285 2853 1603 2925 corporibus
1652 2849 1982 2925 recipiendis

389 2921 597 2990 idonei,
621 2925 814 2994 quibus
845 2940 906 2980 ea
936 2921 1399 2986 immittebantur.“
1427 2926 1566 2979 sicut
1606 2921 1783 2978 erant
1807 2921 1982 2975 tarniis

387 2998 477 3052 vel
504 2997 683 3052 lasciis
704 2997 898 3052 velata.
926 2995 988 3050 Ili
1015 2997 1129 3050 cavi
1154 2999 1204 3048 in
1230 2997 1434 3065 pariete
1465 2995 1796 3050 monumenti
1823 3006 1985 3065 excat-

387 3069 523 3132 vati,
555 3069 604 3122 in
626 3082 761 3139 quos
791 3067 1104 3124 tradebatur
1131 3062 1386 3139 cadaver,
1410 3067 1581 3139 vicem
1606 3065 1869 3120 lectorum
1899 3062 1985 3139 vel

387 3133 696 3195 areularuin
727 3139 1061 3208 prmhebant,
1093 3138 1286 3209 quibus
1319 3133 1378 3193 in
1397 3138 1604 3194 Griecia
1635 3150 1864 3207 corpora
1888 3133 1984 3190 de-

389 3210 701 3267 functorum
730 3211 888 3265 condi
916 3209 1186 3265 solebant.

470 3280 701 3336 Psatmo.
731 3282 941 3352 Citatur
971 3281 1113 3335 idem
1145 3280 1385 3352 psalmus
1419 3295 1448 3336 a
1477 3280 1537 3335 Β.
1563 3278 1732 3334 Paulo
1774 3279 1826 3334 in
1851 3292 1984 3334 con-

392 3354 554 3411 cione
579 3368 698 3424 qua:
716 3363 811 3424 est
839 3351 960 3408 Act.
989 3367 1110 3406 xm.

473 3419 651 3480 Osea's.
706 3423 804 3480 Hic
851 3424 1057 3494 primus
1100 3425 1368 3479 minorum
1419 3422 1823 3494 prophetarum.
1880 3419 1990 3476 Sed

392 3495 516 3555 hate
543 3511 663 3567 quae
691 3511 760 3550 ex
799 3494 1048 3550 versione
1065 3510 1188 3567 ιιι
1216 3495 1590 3566 interpretum,
1639 3494 1858 3567 minime
1883 3501 1989 3567 _ia-

391 3585 522 3627 tneo
551 3563 617 3622 ad
645 3567 869 3622 verbum
911 3566 1168 3621 translata
1199 3563 1486 3632 sunt,_non
1524 3567 1772 3635 leguntur
1798 3564 1850 3635 in
1883 3563 1988 3635 lle-

391 3640 547 3698 hraeo
582 3638 786 3694 codice.
823 3637 949 3692 Haec
989 3636 1154 3692 refert
1181 3639 1343 3692 etiam
1386 3638 1447 3692 Β.
1482 3633 1676 3691 Paulus
1710 3636 1732 3690 Ι
1771 3634 1838 3690 ad
1881 3633 1990 3688 Co-

393 3709 593 3776 rinth.,
638 3725 756 3780 cap.
809 3723 901 3774 xv,
955 3708 1049 3764 sed
1086 3709 1405 3780 quibusdam
1457 3707 1784 3770 immutatis;
1833 3715 1994 3775 atque

394 3781 648 3837 aculeum
673 3780 862 3836 mortis
887 3779 1180 3848 Apostolus
1200 3791 1474 3849 peceatum
1506 3781 1909 3848 interpretatur.

476 3851 631 3906 Nunc
660 3869 761 3906 non
805 3855 1000 3905 resistet
1038 3852 1092 3904 in
1139 3851 1484 3906 tribulatione.
1534 3851 1657 3904 llaac
1705 3850 1864 3904 lectio
1911 3857 1996 3903 est

394 3925 919 3995 quatnplurimornm
953 3937 1083 3995 mss.
1118 3922 1152 3977 9
1190 3924 1477 3995 editorum.
1503 3921 1700 3991 Scripti
1726 3936 1916 3995 novem
1941 3930 1994 3974 et

394 3991 600 4066 vulgati
660 4005 864 4064 septem
919 3994 1118 4048 habent
1166 3993 1606 4061 contribulatione,
1661 3991 1756 4048 sed
1804 3991 1993 4047 horum

395 4071 640 4138 quinque
661 4066 778 4120 sine
803 4068 1107 4138 negatione:

476 4135 594 4192 Atio
623 4138 756 4191 loco.
799 4137 923 4191 llaec
968 4137 1018 4189 in
1067 4135 1221 4190 Osca:
1265 4150 1383 4206 cap.
1418 4151 1508 4203 v1,
1554 4136 1759 4205 integre
1817 4142 1994 4189 tamen

395 4223 510 4267 nan
537 4208 748 4263 citatur.
783 4206 915 4280 Vide
943 4209 1102 4262 etiam
1132 4207 1188 4262 S.
1224 4207 1630 4280 Hieronymum.

479 4281 772 4336 Somnum..
806 4278 862 4333 Id
888 4288 973 4334 est
1001 4288 1253 4346 mortem,
1289 4276 1533 4349 figurate,
1564 4288 1624 4333 ut
1644 4276 1784 4348 apud
1811 4289 1993 4332 sacros

391 4355 718 4421 scriptores.

477 4447 570 4499 Καὶ
595 4445 831 4498 Θανάτου.
862 4441 988 4496 llaec
1027 4455 1095 4496 ex
1135 4440 1387 4512 Sibyllar.
1422 4442 1702 4497 carminih.
1740 4443 1914 4498 Serm.
1949 4441 2002 4506 8,
2033 4414 2087 4476 D

397 4531 528 4588 quae
559 4515 636 4569 sic
669 4515 832 4570 latine
864 4513 1111 4584 leguntur
1143 4530 1156 4568 :

535 4631 596 4682 Et
616 4633 786 4682 mortis
806 4629 954 4680 fatum
980 4628 1138 4692 finiet,
1161 4629 1325 4679 triduo
1360 4629 1432 4692 (a)
1457 4629 1728 4690 dormiens,

531 4694 592 4744 Et
615 4703 731 4744 tunc
750 4699 961 4743 mortem
980 4691 1178 4756 solvens
1202 4691 1272 4756 (ὁ)
1296 4694 1343 4742 in
1368 4691 1530 4742 lucem
1558 4697 1728 4744 veniet

531 4757 728 4808 Primus
746 4755 1142 4813 resurrectionis,
1169 4755 1350 4804 vecatis
1369 4757 1558 4804 initium
1575 4756 1862 4806 ostendens.

479 4881 772 4943 Α’ναλύσας.
799 4880 890 4936 Sic
913 4878 1117 4951 restitui
1143 4893 1202 4951 ex
1231 4894 1359 4934 mss.
1391 4880 1425 4934 2
1459 4881 1589 4951 Reg.
1617 4897 1842 4951 quorum
1867 4898 2004 4938 unus

396 4965 491 5026 est
520 4953 945 5026 antiquissimus,
993 4949 1256 5026 I_Co_lh:,
1285 4958 1342 5004 et
1368 4966 1432 5007 ex
1481 4949 2001 5026 codicegSibyllino.

397 5025 882 5094 Regio-Puteanus
930 5021 1177 5094 etilial.
1215 5020 1344 5091 Reg.
1396 5039 1460 5077 ac
1512 5024 1640 5078 edit.
1675 5020 1831 5078 Ronf.
1863 5026 2005 5081 H70

397 5092 631 5162 habent,
662 5095 938 5158 ἀναδίσαςς
985 5093 1021 5146 2
1071 5092 1201 5161 Reg.
1257 5108 1392 5156 rec.,
1438 5095 1618 5149 Colb..
1668 5097 1691 5150 1
1741 5097 2001 5161 Sorbon.,

397 5168 659 5230 'l‘ornes.,
682 5168 708 5222 1
733 5166 995 5230 Clarom.,
1040 5164 1171 5218 edit.
1218 5163 1373 5217 Ronn.
1420 5165 1582 5232 1468,
1617 5167 1737 5221 Ald.
1769 5177 1823 5222 et
1850 5169 1882 5222 4
1915 5169 2004 5222 alii

397 5238 692 5310 impressi,
720 5236 984 5310 ἀναδιίξας
1029 5235 1195 5310 Cane.
1228 5244 1282 5289 et
1310 5237 1344 5290 4
1369 5242 1574 5310 excusi,
1608 5237 1894 5310 ἀνακύψας.

481 5309 771 5364 Catilinam.
822 5309 972 5364 Sicut
1016 5306 1340 5377 pra-dixerat
1383 5307 1571 5362 Matth.
1599 5325 1725 5365 xxvi
1751 5306 1804 5366 et
1837 5309 2000 5366 Marc.

399 5397 522 5438 XIV.

482 5451 567 5506 Ne
586 5451 857 5506 adduceret
885 5465 969 5503 eos
982 5448 1034 5501 in
1057 5449 1424 5516 paenitentiam.
1452 5449 1521 5504 Et
1549 5451 1624 5506 sic
1642 5451 2006 5508 Tertullianus

403 5523 770 5595 Apologetie.,
802 5537 923 5592 cap.
945 5520 1036 5574 21.
1065 5519 1282 5576 Similes
1307 5521 1418 5577 fere
1441 5524 1742 5579 locutiones
1769 5528 2004 5595 reperies

471 5663 547 5727 (ιι)
580 5661 852 5727 parntiens,
878 5673 940 5710 ex
961 5670 1054 5727 ms.
1081 5655 1279 5727 lBrun.
1301 5667 1457 5727 recte,
1484 5663 1545 5712 al.
1574 5663 1771 5727 sopitus.

469 5719 542 5791 (bi
577 5725 678 5775 Pro
702 5719 903 5791 mortem
923 5719 1454 5791 solvens,_a.lii‘habeut
1473 5739 1505 5774 a
1525 5719 1727 5778 mortuis
1749 5737 1970 5791 egressus
1990 5739 2010 5790 ,-

407 5791 433 5845 1
461 5781 616 5842 Brun.
643 5800 754 5838 cum
777 5785 1076 5850 Augustino,
1100 5785 1160 5840 ab
1184 5781 1354 5849 inferis
1373 5798 1639 5853 regressus.

2085 2628 2140 2684 in
2189 2626 2349 2684 Joan.
2381 2627 2810 2703 rx,_?_>_7,_et_cap.
2839 2641 2935 2703 vii.
2960 2626 3068 2703 57,
3109 2627 3267 2703 Rom:
3289 2643 3328 2694 ι,
3358 2629 3451 2694 24.
3481 2631 3569 2700 26,
3603 2636 3696 2703 28,

2083 2709 2139 2755 et
2161 2714 2282 2769 cap.
2330 2714 2406 2766 ιιι,
2461 2698 2548 2753 15.
2593 2697 2729 2753 Vide
2780 2697 3197 2766 prolixissimam
3240 2699 3358 2756 Iszei
3407 2697 3589 2760 notam
3643 2697 3696 2765 in

2086 2770 2230 2825 hunc
2252 2771 2452 2833 locum,
2472 2769 2539 2823 ad
2563 2770 2766 2824 calcem
2788 2769 3011 2840 hujusce
3031 2771 3350 2839 voluminis;
3376 2774 3464 2829 ubi
3486 2777 3698 2836 videbis

2086 2841 2204 2896 haec
2229 2841 2494 2895 Lactantii
2525 2843 2684 2895 verba
2722 2855 2844 2895 esse
2890 2842 3205 2908 mollienda,
3236 2853 3295 2898 ut
3331 2844 3400 2900 ad
3447 2861 3696 2906 normam

2088 2913 2409 2968 catholicam
2433 2911 2933 2967 accommodentur.

2161 2982 2395 3054 Perspici
2425 2983 2567 3037 nullo
2597 2985 2746 3037 modo
2771 2992 3024 3053 poterant.
3052 2982 3284 3042 Gallmus
3305 2987 3433 3043 dicit
3465 2989 3698 3048 Lactan-

2093 3055 2225 3110 tium
2256 3053 2309 3108 in
2335 3057 2429 3108 hoc
2457 3053 2734 3108 altucinari
2761 3064 2948 3110 contra
2982 3055 3025 3110 lI
3054 3055 3198 3112 Petr.
3232 3073 3271 3123 ι,
3307 3059 3393 3115 19.
3430 3061 3536 3117 Sed
3563 3064 3696 3120 satis

2091 3126 2352 3194 explicari
2387 3134 2562 3195 potest
2592 3142 2658 3180 ex
2704 3125 2824 3180 aliis
2866 3127 3018 3182 locis.
3052 3125 3115 3182 L.
3158 3143 3232 3194 tv,
3295 3144 3346 3184 c.
3382 3132 3448 3187 I5
3480 3151 3492 3185 ε
3535 3132 3698 3189 Illum

2093 3199 2836 3275 prop/tcta:annuntiaverunt,
2869 3213 2966 3253 nec
2992 3197 3101 3275 ullo
3123 3203 3272 3275 modo
3301 3211 3556 3270 poterant.
3585 3222 3702 3275 aute

2090 3269 2172 3324 illi
2213 3268 2547 3340 loquebantur
2567 3269 2806 3339 intelligi,
2835 3285 2920 3323 NB.
2950 3271 3048 3323 nisi
3071 3268 3311 3339 fuissent,
3335 3275 3571 3329 universa
3597 3268 3699 3331 im-

2090 3341 2248 3411 pleta.
2288 3341 2361 3396 De
2389 3341 2544 3394 Mort.
2567 3355 2799 3416 persec.,
2829 3355 2880 3395 c.
2909 3340 2945 3394 2
2969 3359 2980 3393 :
3017 3341 3315 3416 Scriptores
3340 3345 3700 3416 interpretatus

2091 3410 2188 3476 est,
2219 3427 2334 3482 qua:
2354 3427 2523 3484 iisque
2547 3412 2614 3484 ad
2644 3410 2694 3464 id
2727 3419 2936 3484 tempus
2979 3410 3237 3484 obscuris,
3271 3427 3421 3484 atque
3463 3410 3703 3474 inuoluta:

2094 3481 2320 3552 fuerunt.
2354 3481 2538 3554 Vides,
2563 3483 2646 3554 his
2683 3481 2938 3536 omnibus
2978 3483 3112 3554 locis
3146 3486 3229 3554 agi
3257 3481 3615 3545 de'vaticiniis
3644 3501 3703 3547 et

2094 3554 2367 3630 mysteriis
2387 3553 2454 3607 de
2480 3551 2695 3630 Christo
2728 3551 3262 3630 ante‘impletioném
3308 3573 3413 3630 non
3445 3575 3702 3630 perspec-

2097 3621 2188 3689 tis,
2219 3625 2342 3694 quia
2367 3631 2624 3678 utnostro
2654 3623 2773 3678 loco
2800 3621 2934 3677 infra
2971 3621 3222 3694 sequitur
3249 3644 3262 3681 :
3286 3621 3462 3683 clausa
3491 3640 3536 3684 et
3566 3621 3702 3688 obsi-

2095 3705 2370 3764 gnata.....
2401 3695 2471 3746 ad
2495 3703 2685 3747 certum
2715 3704 2930 3762 tempus,
2958 3710 3064 3749 non
3096 3711 3276 3752 omne.
3303 3699 3434 3755 Bon.

2173 3765 2544 3847 Testamentum
2572 3775 2770 3818 vocant.
2806 3769 3066 3829 Διαθήκην,
3106 3783 3225 3847 qua:
3254 3785 3355 3847 v_ox
3384 3772 3536 3847 apud,
3554 3774 3696 3847 Sep-

2097 3839 2336 3914 iitaginta
2370 3846 2772 3914 testamentum,
2827 3849 3039 3914 pactum
3087 3849 3142 3893 et
3187 3840 3362 3895 fmdus
3403 3839 3696 3914 significat.

2096 3908 2174 3962 Ex
2191 3908 2718 3987 Mosetestimonium
2735 3917 2874 3973 esto,
2901 3909 3114 3987 Denter.
3139 3926 3264 3966 xxix
3286 3930 3297 3964 :
3319 3917 3410 3987 Koti
3429 3908 3700 3987 φῦλάξεσθε

2095 3987 2257 4052 ποιεῖν
2287 3981 2488 4052 πάντας
2510 3983 2631 4052 τοὺς
2661 3979 2840 4052 λόγους
2879 3989 2970 4042 τῆς
2996 3978 3234 4044 διαθήκης
3259 3978 3470 4047 ταύτηξ.
3505 3978 3704 4045 Ὲώιιιιε

2099 4055 2200 4121 hoc
2219 4051 2338 4106 loco
2357 4051 2642 4121 significat,
2663 4051 2816 4121 etisic
2840 4053 3177 4119 transfertur,
3209 4057 3416 4112 ratione
3442 4060 3701 4116 nimirum

2098 4120 2170 4174 ita
2201 4120 2524 4191 postulante.
2554 4122 2686 4177 Nam
2716 4120 2891 4196 ftedus
2919 4123 3172 4196 vivi_cum
3199 4128 3332 4182 vivis
3362 4129 3569 4196 ineunt,
3597 4141 3702 4187 tes-

2101 4200 2396 4271 iamentnm
2424 4205 2667 4271 mortuus
2695 4207 2816 4271 cum
2841 4193 2994 4271 vivis.
3020 4194 3310 4271 Illudjuris
3335 4193 3573 4269 gentium
3597 4215 3701 4271 est,

2100 4261 2204 4318 hoc
2229 4264 2365 4333 juris
2395 4265 2588 4318 civilis.
2623 4265 3002 4334 Propheticum
3047 4266 3090 4319 si
3131 4261 3410 4326 desider'as
3455 4261 3702 4328 testimo;

2114 4336 2285 4417 iiinm,
2315 4335 2499 4417 accipe
2528 4335 2799 4417 hialachia:
2825 4352 2890 4417 ex
2919 4336 3094 4417 capite
3140 4340 3375 4417 secundo
3407 4360 3420 4396 :
3452 4342 3585 4417 Δέότι
3605 4345 3704 4417 ἐγὼ

2111 4407 2453 4483 ξξαπέσταλκα
2478 4409 2608 4483 πρὸς
2623 4408 2779 4483 »ὑμᾶς
2802 4412 2892 4466 τήν
2919 4408 3113 4483 ivgalia
3137 4407 3328 4483 τᾳύτην
3347 4420 3434 4467 τοῦ
3458 4411 3580 4469 εἶναι
3599 4407 3707 4472 δία-

2110 4480 2376 4566 ξήξηνλμιοῦ
2398 4479 2671 4566 inpii-robe
2697 4485 2954 4566 ιξευξῖτεις,
2972 4479 3295 4566 λέγξιΚύριος
3320 4486 3702 4566 παντοκράτωρ.

2113 4547 2374 4631 idiom-riuo
2405 4547 2501 4631 ac?
2528 4547 2585 4609 ἦν
2614 4550 2902 4631 ἕλξει-’.αὐτοῦ
2933 4547 3199 4631 τῆς-ζῳῆέ
3228 4558 3313 4608 καὶ
3336 4565 3441 4631 -τῆς
3483 4547 3704 4631 εἶρήνηξ.

2113 4618 2239 4672 Haec
2271 4618 2428 4687 igitur
2467 4618 2622 4689 juxta
2650 4619 2966 4674 Hebraicam
2998 4624 3278 4678 veritatem
3304 4625 3381 4680 sic
3411 4618 3708 4684 redduntur

2112 4690 2340 4765 versu}
2365 4709 2379 4744 :
2401 4689 2580 4745 Nostis
2603 4707 2680 4744 me
2711 4691 2904 4765 misisse
2924 4691 2992 4765 ad
3019 4706 3104 4746 vos
3129 4708 3437 4765 prteceptnm
3458 4701 3616 4762 istud.
3649 4709 3704 4754 ut

2112 4762 2174 4836 sit
2191 4759 2359 4836 foedus
2379 4779 2544 4815 meum
2566 4779 2680 4816 cum
2707 4763 2840 4816 tribu
2871 4759 3339 4836 Levi,iait'Jeltoua
3366 4759 3707 4836 exercituum;

2115 4833 2283 4902 foedus
2315 4849 2481 4886 meum
2479 4837 2668 4961 (fuisse
2693 4850 2808 4887 cum
2863 4833 2956 4888 illa
2985 4835 3100 4890 vita:
3123 4846 3170 4890 et
3196 4841 3356 4908 pacis.
3393 4842 3573 4914 Ibique
3606 4833 3707 4898 fw;

2115 4902 2214 4959 dus
2241 4908 2458 4961 συνθήκη
2529 4920 2680 4960 meets
2697 4915 2799 4961 est.
2830 4905 2968 4960 sicut
2995 4915 3050 4960 et
3070 4909 3413 4961 Svmtnaclto-
3436 4913 3538 4961 Sed
3568 4913 3706 4961 Pau-

2113 4902 2214 4979 dus
2241 4908 2458 4979 σνγβήκη
2479 4902 2680 4961 Graecis
2697 4915 2799 4969 est,
2830 4905 2968 4960 sicut
2995 4915 3050 4960 et
3070 4902 3413 4979 Symmacho.
3436 4902 3538 4969 Séd
3567 4913 3706 4967 Pau-

2111 4973 2193 5028 lus
2221 4976 2286 5029 ad
2302 4975 2580 5052 Hebraeos,
2597 4992 2804 5052 capax,
2835 4991 2938 5031 Lxx
2952 4973 3190 5052 secutus,
3208 4983 3456 5052 utrinque
3471 4985 3707 5043 διαθήκην

2109 5056 2286 5112 vocat,
2321 5057 2472 5102 vetns
2503 5047 2757 5121 nimirum
2788 5063 2909 5104 cum
2942 5047 3211 5121 Abraham
3244 5061 3298 5107 et
3326 5047 3470 5108 Mese
3493 5057 3706 5121 initum,

2109 5125 2163 5170 et
2191 5133 2386 5172 novum
2416 5134 2512 5188 per
2539 5119 2810 5174 Christum
2840 5134 2959 5174 cum
2993 5119 3252 5175 Ecclesia.
3283 5123 3608 5180 Beruuaws.

2187 5190 2320 5254 Quia
2349 5190 2446 5243 nisi
2489 5200 2718 5258 testator,
2751 5201 2856 5246 etc.
2909 5189 3078 5245 Verba
3124 5191 3270 5246 Pauli
3325 5196 3441 5249 hinc
3493 5210 3709 5252 asseve-

2107 5267 2231 5314 rant
2281 5259 2444 5315 Hebr.
2496 5277 2569 5315 ιι.
2623 5261 2883 5331 Ulpianus
2933 5269 3310 5317 testamentum
3360 5266 3549 5320 definit
3602 5267 3709 5324 hoc

2111 5331 2272 5407 modo
2303 5348 2314 5384 :
2346 5331 2862 5407 Testamentumest
2889 5331 3174 5386 voluntatis
3205 5337 3558 5407 nostratjusta
3587 5355 3710 5396 sen-

2113 5401 2398 5475 _t_e_ntia,4de
2425 5418 2491 5458 eo
2517 5405 2658 5475 quod
2682 5405 2800 5474 quis
2831 5412 2950 5475 post
2982 5414 3208 5458 mortem
3237 5421 3388 5461 suam
3416 5401 3535 5466 iieri
3559 5411 3706 5467 velit.

2112 5471 2202 5526 lih.
2231 5488 2270 5540 ι,
2306 5473 2360 5527 ff.
2387 5475 2487 5542 Qui
2516 5471 2894 5530 testamentum
2918 5473 3093 5529 facere
3117 5479 3341 5542 possint.
3379 5479 3706 5540 BETULEIUS.

2187 5565 2335 5620 Ea...
2363 5582 2547 5637 qum...
2592 5565 2782 5635 scripta
2809 5573 2947 5630 sunt,
2995 5583 3178 5621 novum
3217 5580 3572 5630 testamentum
3611 5591 3709 5628 no-

2114 5638 2415 5711 minantur;
2445 5648 2500 5692 at
2521 5637 2735 5692 obstant
2757 5650 2946 5711 omnes
2978 5637 3120 5711 libri.
3154 5641 3278 5698 lla-c
3309 5644 3469 5711 dicta,
3502 5655 3557 5699 nt
3601 5645 3708 5699 Τει-

2114 5721 2252 5765 rent.
2287 5708 2458 5766 Andr.
2489 5715 2609 5764 Act.
2642 5723 2721 5774 ιιι,
2753 5723 2831 5764 sc.
2862 5708 2914 5763 '5.
2949 5709 3244 5767 Amantium
3274 5715 3366 5771 ira;
3407 5708 3594 5771 amoris
3623 5716 3707 5766 in-

2118 5783 2460 5854 tegratio_est.
2487 5781 2707 5839 Sallust.
2732 5779 3016 5852 Jugurtha,
3039 5784 3103 5839 18
3135 5802 3148 5839 :
3177 5783 3422 5842 Numidw
3443 5783 3711 5857 possedere
