4154 6196
517 221 622 277 519

1554 212 1774 271 'FIRM.
1819 205 2186 269 LACTANTII
2230 205 2438 265 DIVIN.
2480 205 2730 265 INSTIT.

3711 203 3821 261 5'20

516 335 686 399 facta;
716 345 875 405 quam
906 329 1230 402 quicumque
1262 326 1583 399 perceperit,
1615 343 1722 383 non
1753 335 1957 381 tantum
2005 327 2108 380 mi-
2137 325 2189 384 Α
2223 323 2458 394 corrigas
2478 364 2493 389 ,
2529 330 2646 376 tuos
2672 318 2905 389 corrige.
2937 317 3068 387 Quis
3098 323 3258 390 neget
3282 315 3485 388 justam
3528 329 3651 374 esse
3681 315 3822 373 hanc

515 427 621 482 rari
650 424 862 480 desinet
893 422 1061 476 Deum
1093 421 1160 476 ab
1189 419 1496 475 hominibus
1524 433 1646 474 esse
1671 419 1993 482 crueiatum,
2023 431 2116 471 ve-

515 534 633 575 rum
657 516 818 571 etiam
841 513 994 569 facile
1018 513 1316 583 pervidebit
1357 527 1424 566 ne
1449 512 1614 566 Deum
1636 509 1850 581 quidem
1875 507 2116 580 potuisse

512 608 681 675 credi,
712 607 758 664 si
786 622 845 663 ea
875 606 990 677 ipsa
1019 620 1140 677 quae
1170 606 1341 676 arguit
1367 603 1505 659 facta
1527 618 1630 660 non
1657 613 1858 660 essent.

1077 719 1306 778 CAPUT
1345 719 1538 776 XXIII.

929 817 1008 872 De
1035 816 1380 888 praecipiendo
1402 825 1450 872 et
1474 814 1694 887 agendo.

579 933 910 1003 Quicumque
967 940 1234 1001 praecepta
1293 928 1384 984 dat
1439 927 1744 984 hominibus
1791 925 1860 981 ad
1908 926 2108 990 vitam,

506 1041 791 1096 tutoresque
819 1023 966 1094 lingit
990 1023 1242 1088 aliorum,
1269 1037 1452 1092 qurero
1479 1020 1744 1075 debeatne
1779 1020 1894 1090 ipse
1933 1018 2111 1074 facere

505 1139 623 1194 quae
655 1121 916 1193 praecipit,
965 1135 1030 1174 an
1079 1135 1184 1174 non
1217 1119 1443 1174 debeat?
1468 1118 1525 1174 Si
1555 1134 1660 1173 non
1695 1117 1902 1184 fecerit,
1935 1118 2109 1171 soluta

505 1225 774 1286 praecepta
813 1224 958 1270 sunt.
995 1212 1051 1269 Si
1078 1213 1222 1268 enim
1263 1212 1401 1266 bona
1442 1220 1568 1266 sunt
1613 1227 1733 1282 qua:
1782 1210 2107 1281 praecipiun-

505 1318 611 1374 tur,
657 1307 703 1362 si
734 1307 895 1360 vitam
946 1305 1220 1360 hominum
1272 1304 1326 1358 in
1367 1303 1571 1374 optimo
1619 1312 1757 1358 statu
1813 1303 2103 1367 collocant,

502 1413 609 1454 non
655 1413 713 1453 se
759 1397 918 1452 debet
981 1397 1097 1468 ipse
1142 1405 1440 1466 praeceptor
1496 1411 1526 1450 a
1573 1411 1800 1451 numero
1858 1404 2111 1465 cestuque

503 1491 782 1547 hominum
827 1505 1111 1562 segregare
1155 1489 1297 1544 inter
1343 1504 1477 1559 quos
1523 1490 1661 1559 agit;
1706 1499 1760 1544 et
1790 1489 1889 1558 ipsi
1916 1487 2108 1543 eodem

500 1585 661 1640 modo
710 1583 1004 1639 vivendum
1048 1593 1150 1648 est,
1193 1597 1300 1652 quo
1339 1582 1494 1638 docet
1535 1597 1655 1638 esse
1687 1582 1996 1647 vivendum,
2042 1596 2109 1636 ne

500 1679 542 1732 si
586 1677 742 1732 aliter
767 1677 978 1743 vixerit,
1006 1675 1121 1746 ipse
1167 1675 1446 1746 praeceptis
1477 1673 1588 1729 suis
1631 1675 1790 1729 fidem
1835 1673 2103 1737 detrahat,
2139 1698 2186 1758 Β
2216 1673 2338 1680 ""‘
2386 1673 2655 1734 ""j"""'
2690 1673 2716 1732 j

500 1769 858 1791 ¹““⁵·““’*-“-·“
885 1767 1177 1791 dudm-m-
1207 1782 1356 1791 ~----~
1385 1766 1535 1791 ν--λεηι
1578 1767 1620 1791 -z
1645 1767 1815 1791 “2..--
1844 1766 2074 1791 MM...“
2213 1720 2355 1790 (μιοᾱ
2409 1719 2716 1791 ρΙιιΙοεορΙιι

499 1769 860 1838 levioremque
881 1767 1179 1823 doctrinam
1207 1782 1359 1822 suam
1384 1766 1624 1831 faciat,si
1645 1767 1820 1837 reipsa
1844 1766 2103 1832 resolvat,

497 1859 640 1930 quod
685 1859 864 1915 verbis
894 1859 1092 1913 nitatur
1139 1859 1499 1929 adstringere.
1531 1857 1910 1929 Unusquisque
1937 1859 2103 1924 enim,

497 1971 617 2011 cum
649 1954 795 2008 audit
822 1954 1245 2025 praecipientem,
1280 1969 1385 2008 non
1415 1953 1528 2007 vult
1555 1953 1757 2023 imponi
1785 1953 1884 2006 sibi
1915 1967 2104 2007 neces-

496 2051 707 2106 sitatem
733 2049 973 2120 parendi,
994 2060 1265 2119 tamquam
1291 2048 1388 2103 sibi
1410 2048 1499 2118 jus
1523 2047 1786 2102 libertatis
1813 2047 2099 2113 adimatur;

499 2141 788 2211 respondet
819 2143 996 2212 itaque
1026 2141 1232 2196 doctori
1269 2141 1369 2195 hoc
1397 2140 1555 2194 modo
1588 2157 1602 2195 :
1635 2138 1748 2194 Non
1780 2155 1993 2210 possum
2024 2139 2102 2194 fa-

495 2251 619 2291 cere
645 2251 764 2306 quae
791 2235 970 2304 jubes,
995 2235 1246 2304 quoniam
1275 2243 1401 2288 sunt
1433 2233 1803 2303 impossibilia.
1829 2232 1993 2288 Vetas
2016 2249 2102 2289 me

495 2331 679 2396 irasci,
709 2339 858 2384 vetas
896 2344 1110 2398 cupere,
1148 2336 1297 2383 vetas
1327 2327 1549 2382 libidine
1574 2325 1924 2392 commoveri,
1953 2335 2098 2382 vetas

495 2422 757 2488 dolorem,
790 2431 940 2476 vetas
971 2431 1198 2476 mortem
1231 2421 1417 2476 timere
1450 2437 1464 2474 :
1492 2419 1587 2474 sed
1620 2420 1720 2474 hoc
1747 2417 1884 2475 adeo
1911 2428 2095 2474 contra

495 2525 739 2571 naturam
769 2522 873 2580 est,
905 2523 960 2569 ut
985 2512 1069 2568 his
1096 2511 1375 2568 aﬂ‘ectibus
1404 2512 1654 2567 animalia
1687 2511 1934 2566 universa
1963 2511 2093 2566 sub-

489 2605 631 2677 jecta
662 2606 803 2673 sint;
832 2605 916 2661 vel
944 2607 987 2661 si
1018 2605 1152 2660 adeo
1180 2615 1332 2676 putas
1359 2604 1645 2676 repugnari
1678 2620 1834 2675 posse
1865 2615 2091 2675 naturae,

493 2710 548 2756 ct
571 2709 624 2755 tu
649 2700 761 2771 ipse
785 2715 903 2771 quae
932 2699 1180 2770 praecipis
1206 2698 1310 2765 fac,
1341 2707 1398 2752 ut
1421 2699 1586 2755 Sciam
1611 2699 1726 2754 fieri
1758 2714 1936 2770 posse.
1959 2698 2092 2756 Cum

492 2803 672 2850 autem
713 2794 828 2865 ipse
855 2809 960 2848 non
992 2792 1174 2862 facias,
1207 2808 1327 2864 qua:
1357 2791 1642 2847 insolentia
1670 2801 1773 2860 εει,
1807 2803 1864 2848 ιιι
1893 2794 2095 2849 homini

493 2888 665 2944 libero
694 2887 972 2957 imponere
1001 2887 1130 2942 velis
1160 2886 1305 2958 leges
1331 2886 1524 2957 quibus
1556 2887 1670 2956 ipse
1724 2903 1832 2942 non
1870 2889 2095 2958 pareas?

2225 415 2668 486 responsionem?
2695 413 2838 481 Quin
2858 411 3019 466 etiam
3047 411 3102 466 in
3122 419 3490 482 contemptum
3514 409 3692 465 veniet
3721 407 3822 463 hu-

2214 508 2451 579 iusmodi
2482 508 2692 574 doctor,
2725 515 2780 563 et
2804 505 3090 563 deludetur
3114 505 3373 573 vicissim,
3402 505 3526 576 quia
3552 503 3823 560 videbitur

2218 609 2272 654 et
2299 601 2413 670 ipse
2442 599 2718 655 deludere.

2289 695 2430 762 Quid
2460 709 2588 764 ergo
2640 693 2800 749 faciet
2846 693 2937 748 ille
2978 703 3298 764 praeceptor,
3329 691 3375 746 si
3402 689 3518 746 haec
3541 690 3590 746 ei
3620 689 3818 746 fuerint

2219 788 2466 857 opposita
2491 787 2514 840 ἲ
2543 785 2813 856 quomodo
2843 785 3045 840 adimet
3093 785 3496 840 excusationem
3539 790 3822 838 contuma-

2218 881 2392 949 cibus,
2423 881 2522 937 nisi
2554 891 2611 936 ut
2640 881 3002 951 praesentibus
3031 880 3184 937 factis
3204 880 3418 945 doceat,
3451 879 3729 950 possibilia
3759 895 3822 937 se

2220 978 2468 1036 docere?
2502 979 2656 1036 Unde
2706 980 2910 1045 evenit,
2957 991 3014 1035 ut
3053 980 3501 1051 philosophorum
3535 982 3821 1052 praeceptis

2219 1072 2398 1126 nullus
2439 1073 2799 1143 obtemperet.
2831 1073 3088 1129 Homines
3125 1074 3270 1129 enim
3315 1075 3522 1129 malunt
3546 1075 3818 1145 exempla,

2216 1178 2376 1233 quam
2411 1165 2570 1220 verba
2599 1181 2612 1229 ;
2646 1164 2767 1235 quia
2797 1164 2942 1235 loqui
2965 1164 3124 1220 facile
3151 1174 3255 1234 est,
3287 1174 3546 1235 pratstare
3573 1165 3814 1224 difficile.

2217 1253 2432 1310 Utinam
2463 1255 2679 1326 quidem
2708 1265 2813 1310 tam
2841 1255 2997 1311 multi
3025 1256 3164 1312 bene
3191 1257 3447 1322 facerent,
3467 1274 3626 1328 quam
3659 1259 3819 1316 multi

2216 1345 2510 1415 loquuntur
2539 1347 2700 1403 bene.
2745 1345 2852 1402 Sed
2905 1347 2994 1418 qui
3045 1348 3382 1418 praecipiunt,
3433 1363 3536 1404 nec
3589 1348 3816 1420 faciunt,

2217 1439 2369 1494 abest
2398 1441 2464 1494 ab
2489 1440 2554 1495 iis
2596 1439 2747 1495 fides.
2776 1439 2844 1494 Et
2872 1441 2917 1494 si
2948 1439 3196 1495 homines
3221 1439 3438 1508 fuerint,
3463 1451 3820 1499 contemnen-

2217 1542 2304 1588 tur
2331 1543 2386 1587 ut
2411 1534 2592 1600 leves;
2617 1534 2660 1587 si
2688 1534 2851 1598 Deus,
2896 1543 3200 1604 opponetur
3221 1534 3269 1591 ei
3293 1536 3571 1590 excusatio
3611 1534 3818 1608 fragili-

2215 1625 2339 1680 tatis
2386 1625 2655 1681 humante.
2689 1626 2951 1696 Superest
3004 1637 3062 1681 ut
3104 1627 3260 1684 factis
3287 1627 3453 1683 verba
3507 1628 3812 1698 firmentur,

2765 1719 2945 1776 facere
2974 1731 3248 1792 nequeunt
3281 1739 3294 1776 :
3337 1723 3518 1792 itaque
3544 1739 3665 1779 cum
3714 1725 3815 1796 ipsi

2213 1823 2579 1884 praeceptores
2630 1814 2918 1868 vincantur
2946 1813 3252 1881 affectibus,
3279 1829 3414 1885 quos
3443 1815 3585 1872 vinci
3618 1816 3816 1886 pracdi-

2212 1916 2338 1961 cant
2377 1915 2650 1976 oporterc,
2685 1905 2953 1961 neminem
2987 1914 3216 1978 possunt
3241 1906 3310 1962 ad
3339 1907 3615 1973 virtutem,
3645 1923 3810 1979 quam

2207 1997 2342 2052 falso
2370 1997 2682 2068 praedicant,
2712 1996 2931 2053 erudire
2957 2015 2970 2064 ;
3003 1997 3074 2053 ob
3104 2013 3334 2068 eamque
3358 2012 3576 2054 causam
3600 2011 3812 2070 putant,

2209 2092 2481 2147 neminem
2503 2092 2679 2146 adhuc
2701 2089 3001 2162 perfectum
3027 2089 3271 2147 extitisse
3284 2091 3605 2162 sapientem,
3626 2090 3680 2146 id
3703 2103 3809 2160 est,

2208 2183 2262 2237 in
2294 2199 2402 2254 quo
2428 2199 2652 2238 summa:
2683 2182 2944 2238 doctrinae
2968 2197 3032 2238 ac
3054 2182 3294 2238 scientia
3325 2198 3532 2240 summa
3563 2183 3731 2239 virtus
3757 2193 3815 2240 et

2206 2277 2448 2348 perfecta
2493 2276 2701 2348 justitia
2741 2275 3103 2344 consenserit,
3161 2276 3306 2348 quod
3355 2277 3575 2349 quidem
3623 2293 3811 2334 verum

2207 2368 2327 2424 fuit.
2355 2368 2530 2425 Nemo
2557 2371 2700 2426 enim
2721 2378 2844 2440 post
2872 2369 3131 2426 mundum
3161 2369 3437 2426 conditum
3463 2371 3585 2426 talis
3610 2370 3804 2439 extitit,

2207 2464 2309 2519 nisi
2335 2463 2604 2526 Christus.
2631 2465 2721 2535 qui
2749 2472 2806 2520 et
2825 2464 2993 2520 verbo
3020 2464 3336 2536 sapientiam
3367 2465 3604 2536 tradidit,
3633 2475 3689 2523 et
3713 2465 3812 2521 doc

2209 2556 2438 2612 ctrinam
2465 2557 2723 2628 praesenti
2754 2557 2953 2612 virtute
2980 2555 3234 2613 firmavit.

2803 2668 3034 2726 CAPUT
3075 2669 3269 2728 XXIV.

2417 2782 2628 2838 Eversio
2655 2794 3073 2856 argumentorum
3097 2803 3258 2856 supra
3286 2786 3622 2853 obiectorum.

2272 2898 2408 2968 Age,
2439 2913 2582 2954 nunc
2598 2897 3031 2965 consideremus,
3058 2915 3126 2954 an
3157 2899 3347 2956 doctor
3375 2915 3406 2957 e
3433 2901 3574 2958 coelo
3604 2901 3809 2958 missus

492 2981 649 3038 Prius
679 2979 854 3046 disce,
884 2979 974 3050 qui
1003 2979 1197 3046 doces,
1235 2989 1290 3034 et
1323 2989 1613 3049 antequam
1659 2983 2088 3039 moresaliorum
2118 2976 2164 3040 C
2198 2989 2369 3062 possit
2390 3007 2497 3046 non
2526 3006 2649 3048 esse
2681 2992 2976 3062 perfectus.
3028 2991 3279 3049 Nondum
3311 2993 3379 3050 de
3435 2993 3540 3050 hoc
3591 2996 3805 3066 loquor,

1865 3098 2219 3161 VARIORUM
2259 3105 2490 3161 NOTE.

491 3198 655 3262 dicat,
685 3195 819 3250 nihil
851 3209 948 3249 nos
972 3192 1362 3249 immutandum
1391 3193 1718 3250 censuimus.
1745 3197 2033 3256 GALLEUS.

565 3264 1182 3343 Quarnquicuinque._Si_c
1205 3265 1415 3343 restitui
1439 3281 1648 3343 eainss.
1673 3268 1708 3320 2
1730 3269 1890 3343 Rom,
1910 3272 2096 3343 Regio-

491 3339 636 3407 Pttt.,
661 3339 694 3394 6
719 3341 788 3393 al.
822 3339 977 3408 Reg.,
1000 3337 1033 3392 6
1058 3336 1211 3392 Colb.
1241 3337 1626 3406 Lipsiensibtts,
1658 3350 1712 3394 et
1740 3341 1806 3397 10
1831 3343 1952 3398 aliis
1980 3336 2089 3398 Fce.

487 3425 550 3467 ac
580 3421 686 3467 vet.
719 3411 849 3466 edit.
877 3412 1058 3472 Rom.,
1084 3409 1281 3475 Cellar.
1316 3417 1369 3463 et
1395 3409 1605 3465 Walch.
1637 3412 1921 3469 referendo
1946 3417 2091 3470 scili-

487 3495 572 3539 cet
599 3483 667 3538 ad
695 3483 976 3537 mirabilem
1015 3481 1286 3544 rationem,
1317 3479 1352 3534 2
1385 3483 1537 3552 Reg.,
1569 3481 1752 3551 Cauc.,
1785 3484 1910 3540 Jun.
1941 3499 1993 3541 et
2026 3488 2090 3543 15

487 3557 735 3622 impressi
770 3554 967 3608 habent
993 3568 1128 3620 quat,
1157 3552 1442 3607 referendo
1469 3555 1534 3607 ad
1559 3553 1714 3621 facta.

561 3626 829 3698 Praecepta
855 3627 942 3679 dat
972 3623 1257 3698 hominibus
1288 3624 1356 3676 ad
1385 3626 1558 3698 vitam.
1590 3624 1720 3698 Itaa
1755 3642 1838 3698 me
1866 3629 2086 3684 restitu-

486 3709 597 3752 ttun
635 3715 701 3753 ex
729 3695 999 3754 veteribus
1023 3696 1154 3750 edit.
1187 3695 1367 3761 Rorn.,
1401 3697 1566 3750 Paris.
1597 3697 1756 3763 1525,
1789 3697 1962 3765 Crat.,
1993 3716 2090 3754 an-

484 3773 633 3842 tiqua
653 3769 910 3842 Versione
930 3767 1142 3842 gallica,
1167 3767 1653 3842 cunctisqueutttss.
1681 3779 1874 3838 praeter
1894 3771 1928 3824 2
1953 3773 2082 3842 Reg.

484 3856 596 3910 rec.
624 3841 675 3894 in
706 3839 902 3910 quibus
932 3849 987 3892 ut
1017 3849 1070 3910 et
1103 3838 1154 3891 in
1186 3838 1414 3906 vulgatis
1447 3838 1752 3910 'l5legitur,
1781 3857 1840 3894 ac
1872 3838 2046 3896 vitam:

556 3909 702 3963 Inter
719 3908 844 3980 quos
873 3908 1252 3981 agit.7Praestat
1271 3924 1344 3981 ex,
1367 3910 1482 3978 ipso
1509 3909 1806 3981 Lactantio,
1837 3928 1995 3981 quam
2019 3929 2087 3968 ex

482 3982 606 4036 aliis
631 3979 974 4046 confirmare,
1007 3980 1097 4033 lib.
1139 3994 1212 4043 tv,
1241 3993 1290 4033 c.
1323 3979 1390 4033 27
1441 3999 1453 4033 :
1503 3979 1671 4044 Quum
1701 3982 1831 4037 inter
1854 3979 2089 4039 homines

481 4067 671 4124 ageret.
703 4053 894 4118 Delra,
919 4067 972 4108 c.
991 4053 1020 4124 1
1051 4070 1063 4104 :
1089 4049 1155 4103 In
1176 4066 1328 4104 carne
1355 4051 1559 4124 mortali
1578 4062 1803 4124 agentes.
1833 4055 1906 4107 De
1931 4055 2085 4110 Mort.

483 4121 659 4192 Fers,
679 4140 727 4179 c.
755 4124 814 4179 l0
832 4139 913 4194 pr.
936 4142 949 4178 :
969 4123 1136 4191 Quum
1154 4131 1322 4192 ageret
1350 4123 1401 4194 in
1431 4121 1658 4189 partibus
1690 4121 1932 4178 Orientis.
1955 4126 2084 4182 BUN.

554 4195 698 4250 Inter
737 4193 864 4266 quos
885 4197 1035 4266 agit;
1065 4203 1123 4266 et
1156 4193 1252 4262 ipsi
1293 4193 1468 4247 eodem
1500 4195 1648 4248 modo
1689 4194 1956 4250 vivendum
1993 4209 2086 4253 est.

2279 3198 2430 3254 Vetas
2457 3201 2706 3265 dolorem,
2739 3208 2876 3254 uetas
2927 3208 3138 3254 mortem
3167 3200 3358 3254 timere.
3405 3199 3533 3256 Mss.
3569 3201 3628 3257 11
3665 3218 3806 3269 rec.,

2197 3270 2425 3324 dolerent
2448 3273 2523 3327 vel
2537 3282 2749 3325 mortem
2773 3273 2839 3335 ,‘6
2863 3281 2970 3325 vet.
2989 3272 3119 3325 edit.
3146 3281 3200 3326 et
3219 3271 3256 3324 2
3278 3271 3438 3341 Reg.,
3461 3273 3534 3326 ait
3550 3286 3759 3329 mortem
3785 3292 3804 3342 ;

2199 3344 2222 3396 I
2260 3342 2394 3413 Reg.
2431 3359 2567 3408 rec.,
2607 3352 2745 3397 vetas
2775 3342 2964 3408 dolere,
2999 3353 3137 3396 vetas
3167 3353 3376 3396 mortem
3395 3344 3588 3413 timere.

2269 3411 2462 3488 Faciet.
2500 3415 2592 3488 Sic
2621 3429 2721 3488 ms.
2779 3413 3062 3488 Sangerm.
3115 3423 3169 3470 et
3222 3415 3352 3469 edit.
3385 3412 3604 3471 Cellarii
3636 3427 3807 3488 atque

2192 3484 2314 3556 alia:
2347 3503 2358 3538 :
2396 3485 2464 3556 in,
2485 3486 2666 3540 multis
2690 3493 2774 3540 est
2801 3485 2981 3556 faciat.

2242 3555 2408 3611 Unde.
2434 3555 2513 3611 Ex
2529 3567 2635 3611 vet.
2657 3554 2842 3612 edit.'8
2857 3554 3171 3628 cunctisque
3186 3571 3314 3628 mss.
3334 3558 3648 3626 repositum,
3665 3573 3811 3628 pra:-

2196 3628 2329 3718 ter‘é
2356 3628 2749 3718 Reg”!
2779 3637 2845 3718 et
2856 3627 3247 3718 1,(14ιιιιι1ξέιιιεζ
3243 3627 3294 3713 in
3318 3629 3638 3718 quibusjest‘,
3657 3627 3807 3686 inde.

2268 3697 2471 3754 Malunt
2501 3697 2756 3773 exempla,
2799 3715 2950 3768 quam
2970 3743 2984 3773 _.
2999 3699 3168 3773 verba.
3207 3701 3282 3753 Τὰ
3320 3697 3444 3773 ἔργα
3481 3700 3544 3773 ad
3571 3700 3808 3759 aliorum

2193 3783 2294 3846 con
2305 3773 2607 3846 versionem
2649 3769 3040 3846 tnajorem‘,vi_m
3053 3769 3282 3846 habent.
3305 3769 3462 3846 quam
3474 3771 3627 3846 abripi
3642 3773 3807 3846 λόγοι,

2193 3841 2366 3913 inquit
2385 3840 3133 3913 Chrysostomus,llomil.l9,
3162 3841 3213 3894 in
3240 3840 3399 3913 epist.
3423 3840 3804 3899 ad'I-lehrar'os.

2195 3911 2475 3981 Efﬁcacior
2500 3911 2572 3967 est
2601 3914 2697 3966 'voa:
2711 3913 2900 3980 aperis,
2914 3929 3067 3982 quam
3083 3913 3349 3978 sermonis,
3382 3912 3552 3981 inquit
3573 3914 3812 3971 Bernar-

2192 3983 2313 4036 dus.
2347 3983 2480 4038 Plus
2526 3984 2656 4037 valet
2688 3983 2885 4054 vivendi
2929 3999 3082 4054 quam
3112 3983 3353 4047 loquendi
3381 3984 3580 4051 modus,
3613 3988 3806 4054 Augu-

2193 4056 2344 4119 stin.,
2389 4070 2476 4121 ep.
2523 4069 2682 4118 cm;
2720 4053 2982 4125 Optimum
3024 4063 3096 4125 est
3142 4054 3374 4125 exemplo
3404 4057 3572 4125 potius
3619 4053 3810 4113 docere

2193 4142 2343 4195 quam
2376 4125 2550 4191 dictis,
2582 4123 2830 4191 llilarius,
2861 4141 2911 4181 c.
2939 4125 2993 4190 5,
3020 4123 3207 4180 Matth.
3239 4123 3812 4182 ,Ιοιιιιζϐειιιιλιωμ-

2194 4195 2404 4252 Addam
2456 4197 2794 4251 Lactantium
2826 4205 3068 4251 nostrum
3126 4197 3297 4251 Divin.
3353 4197 3611 4265 lusritut.,
3643 4201 3678 4254 Ι.
3712 4216 3802 4268 ιιι,

480 4269 608 4324 Mss.
640 4269 698 4323 11
733 4265 841 4322 rec.
873 4265 1073 4340 ferunt,
1103 4265 1296 4340 habitut
1327 4266 1468 4336 ipse;
1497 4268 1529 4320 6
1560 4281 1694 4330 rec.,
1737 4268 1944 4320 habitet.
1979 4267 2091 4322 Ha-
2116 4268 2167 4328 D
2193 4282 2243 4322 c.
2275 4270 2342 4323 16
2375 4286 2388 4322 :
2417 4267 2516 4335 Qui
2558 4269 2736 4322 docent
2767 4276 2984 4340 tantum,
3019 4284 3107 4322 nec
3155 4269 3373 4336 faciunt,
3406 4269 3504 4336 ipsi
3531 4265 3806 4340 prwceptiu

480 4340 603 4396 bitat
636 4355 731 4396 seu
757 4339 942 4393 habitet
982 4338 1192 4392 videtur
1215 4337 1482 4409 glossema
1512 4352 1631 4392 esse
1663 4345 1754 4393 τοῦ
1789 4340 1916 4409 agit,
1943 4342 2085 4407 quod

481 4413 972 4482 antiquissimorum
1017 4425 1148 4482 mss.
1194 4419 1294 4482 est.
1332 4408 1420 4464 Sic
1461 4409 1595 4482 infra
1622 4410 1776 4482 idem
1827 4408 1903 4464 ait
1933 4411 2087 4482 initio

480 4479 670 4552 capitis
685 4483 754 4536 27
779 4482 934 4538 :Cunt
957 4482 1086 4536 inter
1108 4480 1339 4552 homines
1355 4490 1546 4552 ageret.
1568 4479 1657 4534 Ait
1679 4481 1822 4536 enim
1845 4483 1900 4539 S.
1924 4481 2082 4538 Joan.

479 4550 850 4626 Cliry.~o_stom.
882 4575 893 4606 :
918 4554 1018 4626 Qui
1044 4550 1592 4626 aliterjloquiturquant
1619 4554 1764 4626 uixit,
1792 4557 1934 4608 docet
1957 4571 2084 4621 quo-

479 4623 631 4680 modo
658 4624 795 4680 Deus
832 4642 947 4680 eum
979 4625 1154 4678 debeat
1185 4623 1387 4694 punire.
1417 4625 1494 4677 Ae
1523 4624 1606 4677 his
1638 4625 1842 4678 ultimis
1869 4627 2082 4681 saeculis

478 4697 609 4754 dicit
632 4698 826 4754 Comes
851 4696 1271 4762 Mirandulanus,
1296 4704 1496 4748 tantum
1519 4711 1766 4764 quemque
1785 4697 2082 4767 scirequan-

480 4779 586 4824 tum
615 4779 873 4841 operatur.

549 4836 899 4911 Adstringere.
933 4837 1023 4895 Sic
1053 4836 1280 4911 reposui
1296 4851 1366 4911 es
1389 4836 1761 4911 cuncti_s_ms_s.
1787 4846 1841 4891 et
1870 4853 1936 4894 ex
1965 4839 2080 4895 edi-

479 4913 548 4970 tis
597 4916 632 4969 5
661 4906 781 4967 νειῖ
821 4911 979 4966 Rom.
1005 4906 1214 4965 necnon
1242 4907 1440 4963 Cellar.
1472 4916 1526 4963 et
1555 4906 1769 4963 Walch.
1801 4913 2069 4979 apposite,

477 4997 535 5040 ut
558 4983 807 5041 I'CSlllUliS
845 4993 1170 5053 opponatur.
1199 4980 1528 5051 Adstringere
1562 4994 1688 5034 vero
1718 4981 2072 5053 etresolvere,

476 5059 677 5113 rectius
698 5052 1063 5126 opponuntur,
1089 5069 1247 5126 quam
1279 5063 1544 5126 adstruere
1573 5061 1628 5105 et
1653 5052 1920 5126 resoluere,
1952 5068 2074 5122 qua:

475 5140 600 5184 sunt
623 5129 674 5184 in
706 5123 784 5183 13⁷
804 5124 1447 5197 impressis—Exemplo
1468 5123 1643 5179 Cicer.
1671 5139 1769 5197 pro
1797 5124 2070 5197 Cluentio,

475 5216 524 5255 c.
558 5203 664 5258 57:
699 5199 778 5255 Ne
826 5195 933 5271 lege
957 5214 1018 5271 ea
1046 5213 1109 5251 ea:
1151 5197 1429 5268 quastione
1457 5212 1557 5271 qua
1608 5211 1660 5271 se
1690 5195 2072 5271 solut_um_libe-

475 5290 686 5340 rumque
710 5287 818 5327 esse
855 5266 1276 5338 arbitretur,'per
1302 5283 1491 5340 paucos
1527 5266 1732 5340 judices
1773 5266 2073 5336 adstringa-

476 5336 747 5412 turflpse
780 5343 1110 5408 Lactantius,
1142 5336 1279 5408 lftv,
1305 5336 1362 5394 'c.
1407 5337 1479 5393 Ἡ
1513 5336 1626 5412 ;_Ut
1671 5347 1926 5412 prtecepta
1977 5354 2072 5392 sua

476 5415 626 5485 [actis
655 5409 1012 5482 'adimplendo
1063 5422 1272 5467 cwteros
1327 5409 1544 5482 parendi
1597 5411 1894 5464 necessitate
1946 5425 2071 5464 cou-

473 5485 718 5554 stringat.
755 5485 887 5538 Buri.

548 5549 858 5624 Respondet.
907 5553 1234 5608 Restitutum
1281 5568 1321 5624 7a
1349 5568 1461 5624 me
1506 5567 1584 5624 ex,
1608 5566 1738 5606 mss.
1765 5549 2066 5624 vet.‘2Bo-

471 5643 628 5693 non.,
653 5621 683 5682 7
707 5626 866 5696 Reg,
893 5624 1242 5696 57Vaticanis,
1263 5623 1444 5690 Colb.,
1473 5625 1508 5678 5
1530 5623 1674 5696 Lips.
1706 5623 1824 5696 et_6
1848 5621 1988 5676 aliis.
2010 5623 2064 5678 In

473 5699 636 5756 Cauc.
669 5707 725 5755 et
770 5694 901 5754 edit.
937 5695 1109 5752 Betul.
1151 5705 1235 5751 est
1273 5697 1608 5765 respondeat;
1632 5695 1686 5750 in
1711 5694 1878 5749 tribus
1926 5709 2061 5759 rec.,

473 5771 773 5847 respondit;
801 5771 853 5827 in
883 5771 918 5829 ὅ
943 5768 1017 5826 al.
1062 5782 1174 5826 rec.
1206 5775 1261 5824 et
1292 5766 1344 5822 in
1385 5767 1620 5834 excusis,
1652 5765 1986 5838 respondebit.

2193 4340 2299 4394 suis
2339 4341 2614 4393 detrahunt
2645 4338 2917 4408 pondus...
2945 4337 3148 4392 Bonum
3177 4350 3249 4394 est
3276 4351 3441 4393 autem
3467 4337 3606 4395 recta
3631 4353 3675 4396 et
3695 4337 3806 4397 lto-

2195 4421 2336 4464 nesta
2364 4413 2640 4481 praecipere
2668 4426 2686 4464 :
2711 4410 2800 4464 sed
2829 4411 2926 4464 nisi
2955 4419 3000 4463 et
3027 4411 3208 4481 facias,
3238 4411 3557 4466 mendacium
3605 4424 3676 4468 est
3702 4426 3805 4477 νει

2194 4481 2709 4554 incongruensatque
2757 4483 3006 4554 ineptum,
3043 4498 3150 4554 non
3181 4483 3234 4537 in
3261 4495 3478 4551 pectore,
3512 4484 3599 4538 sed
3630 4485 3682 4538 in
3709 4488 3804 4538 la-

2189 4551 2290 4624 bris
2317 4551 2497 4608 habere
2534 4553 2828 4624 bonitatem.
2858 4553 2923 4606 Et
2949 4551 3006 4608 S.
3041 4552 3172 4616 Leo,
3207 4569 3362 4624 papa,
3403 4569 3568 4609 serm.
3599 4554 3667 4610 de
3696 4555 3800 4612 Je-

2181 4623 2357 4698 junio,
2387 4626 2500 4680 ait:
2534 4623 2797 4678 Validiora
2824 4635 2940 4679 sunt
2963 4626 3194 4695 exempla
3211 4623 3364 4696 quam
3390 4626 3538 4681 verba
3561 4644 3581 4693 ;
3601 4637 3647 4681 et
3676 4627 3799 4698 ple-

2187 4696 2304 4766 nius
2332 4712 2482 4763 opere
2503 4698 2712 4750 docetur
2737 4712 2889 4766 quam
2920 4711 3058 4750 voce.

2184 4793 2191 4813 ο
2261 4765 2467 4822 Utinam
2493 4767 2714 4837 quidem.
2749 4765 2825 4821 lta
2854 4768 3064 4821 restitui
3111 4783 3174 4824 ex
3207 4768 3609 4838 quamplurimis
3649 4786 3794 4829 mss.

2183 4847 2234 4892 et
2262 4838 2638 4913 editis,re_cte,
2664 4846 2886 4913 propter
2914 4839 3006 4892 sed
3032 4839 3468 4913 quodsequitur.
3503 4842 3557 4894 lu
3586 4841 3786 4913 5Reg.

2182 4919 2237 4963 et
2260 4911 2492 5033 .téulgatis
2513 4911 2543 4963 7
2577 4918 2660 4965 est
2688 4911 3002 4980 utinamque.
3031 4909 3086 4964 lu
3114 4913 3138 4967 I
3170 4909 3319 4981 Lips.
3349 4909 3788 4981 praetermissan

2183 4995 2270 5033 om
2312 4997 2411 5033 em.

2183 4995 2411 5049 quidem.

2256 5051 2516 5106 Extitisse.
2564 5050 2638 5106 Ex
2686 5066 2816 5106 mss.
2854 5052 3159 5108 veterrimis
3187 5053 3222 5106 2
3271 5053 3710 5121 Bonon.,Cauc.,
3743 5057 3788 5113 8

2182 5121 2340 5196 Reg.,
2367 5124 2738 5196 Jun.,}erolb.
2764 5124 2990 5196 aliisque
3013 5123 3284 5196 undecim,
3309 5135 3364 5180 et
3386 5125 3591 5180 5editis
3616 5143 3783 5196 repo-

2172 5195 2345 5267 situm
2375 5213 2388 5259 ;
2428 5196 2477 5248 in
2506 5195 2540 5248 2
2573 5195 2738 5265 Reg.,
2767 5195 2804 5249 2
2830 5195 2978 5250 Colb.
3015 5205 3069 5250 et
3096 5195 3128 5250 8
3161 5197 3390 5266 vulgatis
3419 5197 3613 5267 legitur
3641 5195 3778 5252 esse.

2252 5266 2481 5321 Samnite
2507 5268 2755 5321 doctrina:
2777 5283 2835 5319 ac
2861 5267 3085 5321 scientia:
3110 5283 3329 5320 summa.
3356 5266 3546 5322 unum
3577 5269 3626 5322 in
3658 5283 3782 5324 mo-

2175 5335 2301 5392 dum
2333 5338 2460 5392 mihi
2488 5339 2659 5406 placet
2688 5338 2910 5392 Betulcii
2940 5338 3099 5392 lectio
3147 5355 3158 5390 :
3189 5355 3389 5392 summa
3423 5339 3655 5393 doctrina
3708 5357 3779 5395 ac

2171 5410 2406 5472 scientia,
2435 5423 2648 5463 summa:
2673 5409 2869 5462 virtutis
2897 5418 2943 5462 et
2966 5413 3189 5476 perfecta
3220 5411 3438 5476 iustitia,
3474 5427 3630 5478 quam
3657 5427 3778 5466 me-

2172 5480 2276 5534 rito
2307 5479 2568 5550 Sparkius
2598 5481 2882 5550 expressit.
2913 5480 3091 5535 Allera
3137 5492 3218 5535 est
3254 5481 3305 5534 in
3345 5480 3596 5536 omnibus
3633 5497 3771 5539 mss.

2172 5560 2228 5607 et
2271 5549 2488 5624 reliquis
2528 5553 2708 5606 editis.
2753 5549 2985 5621 Vestigia
3017 5551 3127 5624 veri
3176 5552 3229 5606 in
3275 5552 3518 5607 Emman.
3554 5551 3620 5606 In
3669 5570 3773 5624 quo

2170 5621 2657 5677 summa’doctrinw
2685 5639 2744 5676 ac
2771 5624 3014 5677 scientiw.
3046 5621 3179 5677 Bas.

2241 5694 2577 5750 Consenserit.
2633 5693 2723 5749 Sic
2775 5694 2972 5762 passim
3025 5694 3170 5764 loqui
3211 5703 3356 5751 amat
3387 5693 3534 5752 Lact.
3567 5710 3699 5752 mss.
3731 5695 3774 5753 2

2167 5781 2280 5823 rec.
2305 5776 2362 5822 et
2388 5765 2519 5822 edit.
2543 5781 2654 5823 ree.
2683 5767 3048 5821 consenserint.
