4154 6196
339 221 438 283 ὃᾶι

1249 224 1458 284 LIBER
1494 221 1584 284 IV.
1628 229 1714 283 DE
1756 226 1943 283 VERA
1983 226 2355 284 SAPIENTIA
2385 223 2476 284 ΕΤ
2515 225 2742 284 RELIG.

3532 229 3640 286 52-2

339 359 497 416 quem
547 344 759 400 venisse
799 359 826 398 a
879 344 992 400 Deo
1023 352 1242 416 negant.
1286 343 1578 416 Fingamus
1607 346 1841 416 aliquem
1867 343 1934 399 de
1960 343 2013 401 A
2041 342 2252 398 ducenti
2286 342 2448 398 homo
2495 343 2573 398 sic
2627 339 3002 411 respondere:
3040 339 3173 396 Volo
3222 341 3474 411 equidem
3523 359 3636 398 non

335 439 475 497 caalo
497 453 622 496 esse
651 437 999 506 mittendum,
1029 440 1120 510 qui
1149 439 1314 494 vitam
1348 439 1625 495 hominum
1657 438 1934 494 rudimen-

342 532 407 586 tis
446 530 665 587 virtutis
689 531 956 600 instituat,
981 539 1036 587 et
1063 532 1129 587 ad
1172 531 1438 601 justitiam
1466 532 1682 587 formet.
1728 530 1936 586 Nemini

339 623 564 680 dubium
594 631 775 694 potest
803 638 947 690 esse,
975 623 1108 694 quin
1140 622 1187 678 is
1214 622 1426 691 doctor,
1459 622 1550 694 qui
1572 622 1788 678 coalitus
1814 621 1937 675 mit-

337 717 490 784 titur,
521 725 631 772 tam
678 716 907 772 scientia
944 717 1014 771 sit
1069 731 1251 772 rerum
1283 716 1523 772 omnium
1552 731 1712 788 quam
1741 716 1938 771 virtute

336 810 611 883 perfectus
638 827 653 877 ;
684 825 755 867 ne
782 809 919 866 nihil
942 810 1084 866 inter
1108 809 1390 866 caelestem
1424 819 1802 878 terrenumque
1831 808 1936 863 dif-

336 901 497 958 ferat.
540 901 674 957 Nam
707 902 760 957 in
809 901 1031 957 homine
1087 902 1298 957 interna
1352 909 1408 957 et
1448 901 1667 972 propria
1692 900 1936 956 doctrina

335 1009 456 1051 esse
487 993 638 1050 nullo
662 1002 821 1065 pacto
852 1002 1054 1065 potest.
1085 992 1197 1050 Nec
1223 993 1369 1049 enim
1419 1008 1576 1049 mens
1605 993 1834 1049 terrenis
1855 992 1935 1049 vi-

334 1085 584 1142 secribus
605 1084 836 1153 inclusa,
860 1095 915 1141 et
945 1085 1066 1141 tabe
1088 1086 1337 1156 corporis
1360 1084 1638 1156 impedita,
1668 1095 1762 1140 aut
1785 1099 1937 1140 com--

335 1179 681 1252 prehendere
711 1196 806 1251 per
837 1195 897 1237 se
925 1189 1122 1252 potest,
1150 1191 1243 1236 aut
1289 1195 1482 1252 capere
1502 1184 1806 1249 veritatem,
1835 1180 1936 1236 nisi

334 1275 554 1332 aliunde
578 1275 853 1332 doceatur.
889 1277 960 1331 Et
997 1275 1040 1331 si
1071 1276 1310 1332 maxime
1340 1276 1531 1348 possit,
1556 1291 1820 1333 summam
1855 1286 1937 1332 ta-

335 1385 460 1426 men
485 1369 738 1426 virtutem
767 1385 965 1442 capere
1007 1378 1263 1442 nequeat,
1294 1379 1348 1426 et
1388 1372 1639 1428 omnibus
1669 1371 1816 1428 vitiis
1846 1385 1936 1427 re-

332 1461 556 1531 sistere,
581 1477 812 1533 quorum
839 1461 1063 1518 materia
1091 1463 1144 1518 in
1176 1462 1476 1520 visceribus
1503 1464 1830 1520 continetur.
1855 1463 1937 1519 Eo

332 1551 411 1619 ﬁt,
436 1560 496 1609 ut
533 1561 784 1610 terrenus
829 1554 1019 1610 doctor
1047 1555 1317 1626 perfectus
1357 1571 1478 1613 esse
1509 1572 1614 1612 non
1643 1557 1830 1627 possit.
1867 1557 1938 1613 At

333 1660 461 1703 vero
491 1647 754 1711 cmlestis,
784 1647 874 1704 cui
902 1648 1184 1704 scientiam
1228 1648 1506 1716 divinitas,
1557 1647 1805 1705 virtutem
1838 1649 1937 1704 im-

2039 451 2263 506 peccare
2296 435 2427 500 ;sed
2458 435 2664 498 vincor;
2693 433 2912 489 indutus
2933 448 3052 487 sum
3081 431 3223 487 enim
3247 447 3409 488 carne
3441 433 3639 505 fragili,

2039 537 2092 584 et
2116 528 2386 584 imbecilla
2421 527 2576 594 ;hacc
2626 536 2730 596 est,
2756 543 2875 597 quae
2924 525 3276 595 concupiscit,
3307 541 3426 595 quae
3455 527 3643 582 irasci-

2041 638 2149 694 tur,
2182 644 2301 699 qute
2325 628 2494 693 dolet,
2517 642 2637 698 qua:
2658 625 2797 681 mori
2824 627 2996 680 timet.
3021 623 3206 694 Itaque
3233 622 3402 677 ducor
3419 623 3636 690 invitus,

2039 733 2095 778 et
2125 737 2314 792 pecco,
2334 738 2441 777 non
2468 721 2590 792 quia
2613 719 2756 788 volo,
2774 718 2868 774 sed
2899 719 3023 789 quia
3049 733 3234 788 cogor.
3266 716 3452 773 Sentio
3479 731 3566 771 me
3585 725 3640 772 ct

2040 815 2158 885 ipse
2187 829 2416 885 peccare
2444 832 2456 869 :
2489 814 2584 870 sed
2614 813 2909 869 necessitas
2937 811 3247 883 fragilitatis
3277 810 3525 882 impellit,
3551 812 3637 866 cui

2039 922 2344 979 repugnare
2389 924 2496 962 non
2546 921 2788 978 possum.
2847 904 2985 974 Quid
3033 904 3102 960 ad
3147 903 3264 959 hazc
3293 902 3640 974 respondebit

2039 1011 2344 1075 praeceptor
2369 1001 2460 1056 ille
2475 999 2732 1071 justitiae?
2749 997 3020 1070 quomodo
3046 996 3345 1052 confutabit
3369 1012 3432 1052 ac
3453 996 3640 1052 redar-

2039 1107 2167 1170 guet
2198 1096 2494 1163 hominem,
2525 1095 2613 1167 qui
2641 1093 2852 1150 delictis
2880 1091 2991 1148 suis
3029 1091 3429 1148 excusationem
3459 1090 3638 1146 carnis

2040 1189 2322 1257 obtendet,
2346 1190 2448 1244 nisi
2477 1198 2532 1245 et
2556 1190 2670 1259 ipse
2697 1203 2861 1244 carne
2906 1186 3067 1241 fuerit
3097 1185 3334 1252 indutus,
3367 1196 3423 1240 ut
3446 1194 3635 1242 osten-

2040 1284 2152 1354 dat,
2183 1285 2344 1340 etiam
2383 1298 2603 1338 carnem
2627 1296 2786 1352 posse
2811 1294 3008 1350 capere
3027 1278 3320 1334 virtutem?
3339 1278 3635 1334 Contumao

2040 1377 2122 1432 cia
2147 1377 2291 1432 enim
2316 1375 2569 1446 redargui
2596 1388 2703 1429 non
2731 1382 2933 1443 potest,
2963 1370 3064 1424 nisi
3084 1370 3358 1440 exemplo.
3385 1369 3518 1426 Nam
3549 1370 3640 1427 ha-

2041 1468 2171 1524 bere
2215 1485 2322 1524 non
2352 1475 2593 1538 possunt,
2637 1481 2755 1536 quae
2809 1464 3026 1527 doceas,
3061 1461 3388 1527 ﬁrmitatem,
3443 1463 3543 1518 nisi
3575 1480 3639 1519 ea

2041 1560 2188 1632 prior
2218 1559 2442 1628 feceris;
2469 1559 2592 1630 quia
2620 1566 2810 1613 natura
2838 1556 3114 1611 hominum
3137 1555 3389 1625 proclivis
3410 1556 3462 1610 in
3486 1557 3634 1623 vitia,

2041 1652 2215 1708 videri
2236 1651 2353 1708 vult
2381 1666 2489 1706 non
2521 1650 2684 1706 modo
2709 1665 2832 1706 cum
2875 1648 3055 1713 venia,
3096 1646 3191 1703 sed
3214 1648 3376 1702 etiam
3409 1663 3530 1704 cum
3553 1665 3640 1703 ra-

332 1739 632 1795 mortalitas
659 1739 863 1806 tribuit,
895 1740 949 1795 in
979 1739 1225 1796 docendo
1267 1756 1499 1813 quoque,
1525 1741 1665 1797 sient
1692 1741 1742 1796 in
1770 1750 1933 1798 cmte-
1965 1729 2016 1790 B
2045 1745 2190 1801 tione
2219 1759 2468 1816 peccare.
2494 1744 2721 1814 Oportet
2769 1743 3086 1813 magistrum
3114 1740 3500 1811 doctoremque
3529 1742 3641 1797 vir-

339 1832 484 1901 teris,
518 1831 790 1904 perfectus
817 1842 872 1890 et
912 1845 1321 1892 consummatus
1355 1837 1424 1891 sit
1455 1851 1678 1893 necesse
1733 1847 1834 1894 est.
1868 1839 1937 1892 At

330 1923 383 1980 id
411 1925 638 1980 omnino
659 1923 778 1982 ﬁeri
827 1941 934 1982 non
963 1935 1158 1997 potest,
1189 1928 1293 1982 nisi
1335 1930 1565 1984 mortale
1595 1929 1694 1984 sibi
1739 1944 1937 2000 corpus

329 2025 589 2073 assumat.
613 2016 722 2073 Cur
748 2026 928 2074 autem
981 2019 1095 2075 ﬁeri
1123 2035 1229 2075 non
1271 2022 1460 2092 possit,
1485 2022 1621 2076 ratio
1646 2022 1792 2078 clara
1831 2033 1934 2078 est.

332 2109 465 2166 Nam
493 2112 538 2166 si
588 2113 770 2168 veniat
819 2112 887 2169 ad
942 2111 1225 2181 homines,
1269 2123 1326 2168 ut
1369 2114 1532 2179 Deus,
1562 2123 1622 2170 ut
1667 2116 1934 2184 omittam,

333 2202 474 2272 quod
518 2203 775 2259 mortales
825 2203 967 2259 oculi
1011 2205 1310 2261 claritatem
1339 2205 1637 2276 majestatis
1663 2207 1780 2276 ejus
1804 2223 1936 2264 con-

335 2294 542 2364 spicere
567 2310 631 2351 ac
653 2295 920 2352 sustinere
947 2311 1052 2351 non
1093 2306 1336 2366 possunt,
1358 2299 1472 2368 ipse
1495 2307 1644 2354 certe
1668 2299 1808 2355 Deus
1832 2303 1940 2356 vir-

337 2395 503 2445 tutem
525 2388 724 2446 docere
739 2405 846 2446 non
871 2389 1088 2460 poterit,
1113 2391 1236 2461 quia
1251 2405 1446 2461 expers
1462 2393 1704 2462 corporis
1732 2411 1838 2451 non
1858 2394 1940 2449 fa-

338 2481 462 2550 ciet,
477 2497 600 2554 qua:
617 2482 851 2551 docebit,
869 2498 932 2540 ac
947 2499 1043 2555 per
1057 2482 1160 2540 hoc
1175 2483 1420 2540 doctrina
1436 2486 1554 2557 ejus
1574 2487 1805 2558 perfecta
1832 2504 1938 2545 non

339 2576 458 2632 erit.
489 2575 705 2648 Alioqui
750 2576 798 2634 si
827 2591 1036 2634 summa
1060 2577 1229 2634 virtus
1256 2589 1359 2646 est,
1393 2579 1638 2638 dolorem
1671 2583 1942 2652 patienter

339 2667 657 2738 projnstitia
695 2667 988 2740 ofﬁcioque
1013 2667 1282 2738 perferre,
1315 2671 1360 2724 si
1389 2671 1560 2728 virtus
1582 2683 1689 2741 est,
1712 2685 1939 2731 mortem

338 2759 510 2830 ipsam
549 2771 604 2816 et
629 2761 948 2818 intentatam
975 2777 1081 2818 non
1113 2771 1378 2831 metuere,
1411 2775 1468 2820 et
1497 2765 1701 2821 illatam
1733 2766 1943 2824 fortiter

339 2855 638 2922 sustinere;
671 2855 834 2912 debet
856 2872 986 2928 ergo
1011 2858 1204 2914 doctor
1231 2858 1322 2916 ille
1350 2859 1644 2930 perfectus,
1669 2872 1726 2918 et
1748 2861 1944 2919 docere

342 2947 439 3004 ista
473 2947 859 3020 prtecipiendo,
876 2958 930 3006 et
954 2950 1276 3007 conﬁrmare
1294 2952 1540 3010 faciendo
1562 2971 1577 3021 ;
1598 2955 1720 3025 quia
1741 2957 1831 3026 qui
1853 2956 1945 3012 dat

350 3054 619 3115 praecepta
664 3043 904 3112 vivendi,
954 3055 1236 3116 amputare
1272 3047 1449 3103 "debet
1475 3049 1716 3104 omnium
1745 3065 1942 3106 excusa

345 3136 544 3194 tionum
576 3139 713 3206 vias,
743 3148 803 3194 ut
847 3137 1091 3211 imponat
1121 3140 1428 3198 hominibus
1451 3142 1675 3214 parendi
1707 3143 1945 3201 necessi-
1971 3114 2018 3179 δ

339 3241 532 3292 tatem.
562 3247 670 3289 non
697 3232 751 3288 vi
796 3233 998 3305 aliqua,
1035 3233 1130 3290 sed
1163 3234 1388 3306 pudore,
1416 3244 1472 3292 et
1497 3245 1675 3293 tamen
1725 3237 1944 3294 liberta-

345 3337 446 3383 tem
475 3327 768 3399 relinquat,
798 3336 858 3384 ut
885 3338 940 3384 et
962 3328 1247 3401 praemium
1278 3329 1350 3384 sit
1369 3331 1721 3386 constitutum
1745 3347 1942 3403 paren-

343 3419 506 3488 tibus,
537 3419 662 3491 quia
716 3429 969 3491 poterant
1010 3435 1118 3476 non
1176 3435 1389 3492 parere,
1417 3422 1460 3476 si
1492 3421 1716 3487 vellent,
1743 3430 1796 3478 et
1836 3437 1942 3478 non

343 3513 656 3584 parentibus
707 3528 889 3585 poena,
923 3515 1047 3585 quia
1093 3521 1342 3584 poterant
1368 3529 1580 3584 parere,
1611 3514 1658 3569 si
1708 3514 1936 3570 vellent.

341 3606 626 3677 Quomodo
654 3623 783 3679 ergo
807 3607 1008 3679 poterit
1032 3606 1301 3678 amputari
1327 3607 1625 3671 excusatio,
1643 3606 1745 3662 nisi
1773 3606 1944 3678 utqui

342 3698 522 3769 docet,
557 3699 716 3757 faciat
742 3715 860 3771 qua:
889 3699 1069 3766 docet,
1100 3709 1155 3755 et
1193 3697 1240 3754 si
1269 3697 1419 3769 quasi
1470 3697 1724 3768 praevius,
1745 3707 1800 3754 et
1827 3713 1946 3752 ma-

344 3808 470 3848 num
504 3791 744 3864 porrigat
793 3792 1091 3850 secuturo?
1145 3789 1601 3862 quemadmodum
1628 3798 1809 3846 autem
1849 3805 1946 3862 po-

345 3894 452 3942 test
476 3885 657 3942 facere
686 3901 807 3957 qua:
834 3886 1018 3954 docet,
1051 3884 1095 3940 si
1119 3900 1226 3940 non
1256 3884 1327 3940 sit
1352 3885 1545 3941 similis
1575 3887 1623 3940 ei
1652 3900 1812 3957 quem
1845 3885 1948 3942 do-

343 3977 639 4037 cet?Nam
693 3979 740 4036 si
793 3979 930 4036 nulli
958 3978 1234 4050 subjectus
1291 3980 1363 4034 sit
1405 3979 1869 4052 passioni,potest
1895 3981 1946 4037 ei

2041 1841 2170 1896 tutis
2191 1839 2395 1895 homini
2424 1838 2754 1894 simillimum
2792 1836 2930 1901 ﬁeri,
2959 1844 3018 1890 ut
3040 1832 3305 1889 vincendo
3337 1841 3638 1904 peccatum,

2039 1931 2233 1988 doceat
2263 1930 2542 1986 hominem
2560 1929 2700 1984 vinci
2725 1928 2792 1983 ab
2817 1943 2884 1983 eo
2904 1941 3064 1998 posse
3094 1934 3392 1996 peccatum.
3427 1925 3485 1980 Si
3513 1940 3640 1982 vero

2039 2025 2111 2080 sit
2141 2023 2462 2079 immortalis
2485 2065 2501 2090 ,
2541 2022 2850 2091 exemplum
2882 2034 3185 2090 proponere
3237 2017 3441 2075 homini
3489 2019 3640 2075 nullo

2039 2117 2203 2174 modo
2229 2126 2424 2187 potest.
2450 2115 2660 2171 Existet
2681 2115 2825 2170 enim
2853 2125 3109 2170 constans
3139 2113 3353 2183 aliquis,
3371 2129 3435 2170 ac
3461 2114 3639 2170 dicet:

2041 2209 2120 2266 Tu
2144 2209 2362 2282 quidem
2387 2224 2493 2265 non
2521 2223 2734 2279 peccas,
2767 2207 2890 2278 quia
2921 2205 3055 2262 liber
3079 2221 3139 2262 es
3166 2206 3234 2261 ab
3257 2207 3361 2262 hoc
3388 2222 3640 2278 corpore;

2042 2322 2149 2362 non
2213 2303 2577 2375 concupiscis,
2629 2302 2750 2374 quia
2809 2301 3095 2356 immortali
3140 2301 3273 2356 nihil
3321 2310 3406 2357 est
3455 2317 3644 2358 neces-

2042 2398 2265 2453 sarium.
2303 2396 2429 2452 Mihi
2479 2411 2610 2452 vero
2655 2393 2838 2450 multis
2890 2393 3054 2449 rebus
3099 2407 3237 2463 opus
3262 2402 3366 2461 est,
3397 2403 3457 2449 ut
3491 2404 3644 2451 tuear

2045 2491 2184 2546 hanc
2213 2490 2400 2546 vitam.
2433 2489 2658 2545 Mortem
2689 2504 2796 2543 non
2820 2486 2997 2554 times,
3021 2486 3144 2556 quia
3161 2487 3344 2544 valere
3368 2488 3424 2543 in
3453 2497 3505 2543 te
3533 2503 3644 2544 non

2045 2591 2244 2656 potest.
2277 2581 2528 2638 Dolorem
2554 2579 2881 2644 contemnis,
2909 2579 3032 2650 quia
3055 2578 3255 2634 nullam
3286 2579 3391 2634 vim
3421 2581 3527 2649 pati
3551 2595 3646 2650 po-

2045 2691 2146 2734 tes.
2173 2677 2244 2734 At
2269 2691 2369 2745 ego
2411 2673 2655 2730 mortalis
2683 2683 2970 2744 utrumque
3002 2673 3185 2739 timeo,
3213 2675 3338 2744 quia
3370 2674 3642 2730 cruciatus

2046 2769 2178 2824 mihi
2205 2767 2556 2840 gravissimos
2587 2765 2865 2829 inferunt,
2909 2781 3046 2836 quos
3074 2765 3312 2822 tolerare
3352 2766 3533 2822 carnis
3558 2767 3642 2822 in-

2049 2859 2275 2915 ﬁrmitas
2303 2874 2410 2914 non
2440 2867 2634 2929 potest.
2660 2857 2858 2914 Doctor
2880 2857 3060 2927 itaque
3085 2856 3300 2913 virtutis
3320 2856 3480 2912 etiam
3506 2857 3646 2913 hanc

2046 2953 2452 3009 excusationem
2505 2951 2692 3006 debuit
2737 2949 3046 3006 hominibus
3093 2950 3444 3017 auferre;ne
3499 2953 3642 3020 quis,

2048 3045 2190 3117 quod
2221 3053 2427 3116 peccat,
2456 3043 2764 3100 necessitati
2791 3043 2967 3113 potius
2987 3042 3276 3104 adscribat.
3297 3059 3455 3113 quam
3473 3045 3647 3114 culpae

2049 3154 2182 3194 suae.
2238 3137 2384 3209 Ergo
2430 3145 2490 3191 ut
2520 3135 2790 3207 perfectus
2844 3150 2966 3191 esse
3012 3137 3200 3205 possit,
3232 3136 3362 3191 nihil
3408 3140 3457 3192 ei
3488 3137 3652 3194 debet

2049 3229 2251 3302 opponi
2276 3230 2346 3286 ab
2374 3245 2440 3286 eo
2469 3228 2562 3300 qui
2607 3227 2884 3284 docendus
2912 3236 2993 3282 est
3023 3244 3038 3292 ;
3074 3237 3130 3282 ut
3154 3227 3198 3281 si
3227 3227 3366 3284 forte
3410 3229 3646 3285 dixerit:

2051 3322 2387 3394 lmposshilia
2421 3321 2669 3391 przecipis
2701 3337 2716 3385 ;
2747 3318 3076 3388 respondeat
3106 3336 3117 3370 :
3151 3318 3293 3374 Ecce
3325 3319 3442 3389 ipse
3489 3321 3650 3375 facio.

2051 3419 2122 3472 At
2175 3430 2278 3487 ego
2320 3428 2484 3470 carne
2537 3410 2757 3467 indutus
2803 3426 2943 3475 sum,
2975 3409 3127 3480 cujus
3157 3418 3240 3465 est
3270 3425 3495 3480 peccare
3523 3427 3649 3481 pro-

2053 3509 2254 3582 prium.
2284 3507 2357 3562 Et
2381 3521 2482 3578 ego
2506 3503 2752 3562 eamdem
2779 3519 2998 3559 carnem
3029 3519 3160 3575 gero
3187 3521 3201 3570 ;
3234 3514 3288 3559 et
3316 3516 3494 3560 tamen
3524 3522 3645 3577 pec-

2046 3614 2223 3663 catum
2252 3601 2304 3656 in
2335 3615 2422 3655 me
2450 3614 2557 3653 non
2596 3596 2924 3653 dominatur.
2949 3595 3080 3651 Mihi
3124 3611 3256 3668 opes
3297 3606 3650 3656 contemnere

2047 3696 2270 3756 difficile
2297 3703 2402 3761 est,
2433 3692 2556 3764 quia
2582 3691 2694 3746 vivi
2741 3691 2897 3746 aliter
2944 3705 3052 3745 non
3103 3699 3283 3760 potest
3312 3691 3366 3745 in
3394 3689 3496 3746 hoc
3521 3705 3648 3747 cors

2047 3807 2200 3865 pore.
2224 3789 2366 3845 Ecce
2385 3796 2439 3843 et
2466 3785 2600 3842 mihi
2627 3799 2826 3854 corpus
2855 3793 2939 3840 est
2963 3800 2978 3850 ;
3010 3793 3065 3838 et
3107 3793 3285 3839 tamen
3318 3800 3496 3855 pugno
3519 3799 3651 3840 con-

2047 3895 2128 3942 tra
2159 3896 2374 3938 omnem
2399 3877 2764 3950 cupiditatem.
2789 3875 2907 3933 Non
2934 3892 3152 3946 possum
3185 3892 3283 3947 pro
3309 3876 3515 3948 justitia
3548 3893 3650 3934 nec

2049 3978 2297 4035 dolorem
2322 3973 2485 4042 ferre,
2511 3987 2614 4029 nec
2656 3979 2910 4039 mortem,
2938 3971 3062 4040 quia
3109 3970 3311 4041 fragilis
3341 3985 3484 4029 sum.
3511 3971 3653 4028 Ecce

1689 4094 2051 4154 VARIORUM
2084 4091 2316 4151 NOTIE.

416 4211 541 4271 Nisi
565 4210 774 4269 aliunde
814 4212 1073 4268 doceatur.
1108 4209 1244 4278 Quia
1279 4225 1409 4283 caro
1436 4219 1492 4266 et
1521 4211 1760 4282 sanguis,
1783 4211 1939 4283 juxta

343 4282 626 4356 Christum
645 4285 840 4356 ipsum,
861 4299 966 4338 non
996 4283 1200 4356 revelat
1217 4282 1381 4356 nobis
1401 4283 1678 4356 mysteria.

2041 4207 2262 4266 scribit:
2290 4205 2413 4261 Non
2457 4205 2593 4261 enim
2620 4202 2758 4269 quod
2805 4201 2919 4256 volo
2960 4202 3168 4265 bonum,
3221 4201 3316 4254 hoc
3353 4202 3488 4325 ίαεὶο
3516 4203 3646 4256 :sed

2043 4279 2180 4325 mmd
2205 4279 2290 4325 ndi
2333 4278 2546 4325 malum.
2579 4275 2674 4325 hoc
2699 4275 2851 4325 racia.
2880 4271 3034 4325 Velle
3054 4271 3270 4325 quidem
3300 4271 3344 4325 si
3387 4273 3403 4325 i
3427 4272 3642 4325 adesse.

2079 4279 2180 4336 nod
2205 4279 2290 4333 odi
2333 4278 2546 4340 malum,
2579 4275 2674 4328 hoc
2695 4275 2851 4346 facio.
2880 4271 3034 4328 Velle
3054 4271 3273 4346 quidem
3300 4271 3403 4346 sibi
3427 4272 3642 4346 adesse,

417 4298 620 4342 trtstum
645 4300 840 4356 Ipsum,
861 4299 966 4338 non
997 4298 1200 4340 revetat
1224 4298 1380 4337 HODIS
1401 4298 1678 4353 myswrta.
1964 4316 2018 4376 D
2043 4298 2180 4352 quoa
2205 4298 2290 4333 oat
2333 4298 2546 4340 malum,
2579 4298 2674 4328 Iwc
2695 4298 2851 4346 lucra.
2893 4298 3034 4328 vctu:
3054 4298 3274 4352 qutucur
3300 4298 3403 4353 sum
3427 4298 3642 4355 il-UUbPlf,

417 4359 552 4414 Sibi.
583 4355 822 4412 Verbum
867 4354 1012 4411 istud
1040 4354 1193 4411 deest
1216 4353 1270 4409 in
1299 4353 1584 4410 editionib.
1619 4369 1746 4409 ann.
1772 4353 1936 4421 1476,
2049 4363 2106 4407 ut
2146 4350 2306 4406 faciat
2332 4348 2556 4421 bonum.
2578 4347 2672 4401 sed
2695 4343 3019 4421 facultatem
3050 4341 3276 4421 faciendi
3308 4358 3359 4396 in
3377 4357 3648 4421 _S_lllSAVll‘I:

345 4428 680 4495 1497,1513
696 4436 751 4483 et
779 4425 939 4482 1515.

416 4500 488 4557 Et
537 4509 708 4555 tamen
754 4499 1067 4561 libertatem,
1120 4506 1224 4554 etc.
1256 4495 1465 4552 Tribuit
1506 4495 1675 4552 libero
1714 4495 1942 4551 arbitrio

342 4573 491 4646 quod
521 4571 778 4641 competit
811 4588 824 4646 ς
852 4578 909 4646 at
960 4569 1079 4624 sine
1106 4568 1291 4624 divino
1336 4566 1535 4646 auxilio
1584 4583 1689 4646 non
1719 4576 1944 4637 possunt

342 4638 598 4701 homines
628 4638 827 4698 mereri
853 4643 1017 4696 vitam
1038 4649 1316 4695 aeternam.
1344 4638 1532 4708 Neque
1558 4639 1702 4693 enim
1727 4647 1946 4706 peccata

337 4719 635 4780 vincimus,
656 4713 777 4784 quia
803 4710 1052 4784 Christus
1081 4711 1382 4781 exemplum
1411 4718 1513 4776 est,
1532 4709 1633 4784 sed
1652 4710 1774 4779 quia
1805 4709 1946 4784 vires

341 4787 554 4858 pnehet
582 4803 596 4839 :
625 4780 726 4840 nisi
748 4783 995 4858 fortassis
1008 4797 1110 4858 per
1121 4780 1824 4858 man’uumporrectionem,
1845 4780 1948 4835 vir-

343 4853 518 4914 iutem
541 4857 762 4927 spiritus
784 4855 982 4911 Christi
1006 4853 1305 4927 intelligere
1322 4853 1473 4907 velis.

423 4928 491 4982 Et
522 4923 625 4984 non
669 4927 964 4999 parentibus
1006 4924 1335 4999 paena,gquia_
1379 4931 1609 4993 poterant
1649 4937 1852 4999 parere,
1903 4923 1949 4999 s_i

342 5000 556 5056 vellent.
586 4993 789 5055 Desunt
837 5000 950 5053 haec
971 4993 1132 5052 verba
1186 4993 1237 5049 in
1272 4993 1342 5050 12
1368 5009 1529 5050 manu
1573 4995 1810 5049 exaratis
1838 5005 1893 5050 et
1914 4993 1949 5049 5

343 5071 630 5140 impressis
663 5088 677 5124 :
709 5069 804 5124 sed
836 5069 1085 5123 videntur
1111 5065 1444 5140 necessaria.

424 5132 555 5208 Quia
589 5142 853 5206 irascitur,
885 5155 998 5211 quia
1043 5139 1199 5211 dolet,
1228 5151 1344 5211 quae
1371 5135 1686 5211 mo_ri_tin_iet.
1716 5132 1842 5211 flare
1869 5134 1949 5190 le-

345 5205 467 5270 ctio
491 5221 576 5268 est
615 5227 745 5267 mss.
779 5205 1014 5276 Benon.,
1056 5205 1404 5282 RegioJPut.,
1433 5209 1466 5264 6
1491 5205 1947 5282 ColbLaliorum-

344 5299 460 5355 que
487 5283 881 5356 plurimorum,
911 5290 966 5356 et
1015 5282 1082 5336 14
1099 5276 1464 5356 vulgatornm.
1497 5277 1611 5356 ln_1
1647 5276 1783 5356 Reg.
1811 5277 1952 5332 anti-

344 5349 636 5426 quissimo,
655 5365 710 5411 et
736 5355 792 5409 in
815 5352 921 5426 alio
945 5353 1075 5426 item
1099 5349 1271 5426 Regio
1286 5359 1392 5426 est,
1417 5364 1532 5420 quae
1554 5349 1826 5426 ir_a_tscilur1
1840 5363 1955 5426 qua:

345 5419 549 5493 dolere,
579 5419 691 5497 quae
715 5425 847 5480 mori
868 5426 1026 5479 timet.
1056 5422 1112 5478 ln
1143 5419 1305 5497 editis
1331 5419 1552 5486 Them.,
1574 5419 1768 5490 Thys.,
1787 5419 1951 5497 Ga_ll.,

343 5491 809 5569 qnwiras'ci,qnw
853 5496 1008 5563 dolet,
1059 5492 1340 5562 mendose,
1377 5499 1710 5563 repugnante
1761 5491 1957 5547 verbo-

344 5584 476 5625 rum
499 5585 660 5625 nexu.

431 5639 612 5710 Itaque
636 5640 796 5694 ducor
839 5639 1048 5704 invitus,
1075 5646 1182 5710 etc.
1211 5636 1375 5710 Atqui
1422 5635 1526 5691 hoc
1570 5633 1734 5710 etiam
1759 5632 1958 5710 Paulus

341 5705 726 5784 conqueritur.
773 5710 864 5768 Sic
907 5710 1051 5766 enim
1100 5708 1167 5766 ad
1219 5705 1504 5765 Romanos
1535 5706 1713 5777 capite
1736 5721 1833 5774 vu,
1865 5705 1952 5773 15,

643 5808 922 5874 PATROL.
951 5804 1058 5868 VI.

2048 4423 2147 4478 bus
2175 4436 2282 4477 non
2323 4417 2644 4488 reperiebat.
2684 4414 2799 4488 Sed
2826 4429 2966 4488 cap._
2997 4412 3265 4488 sequenti,
3294 4429 3348 4468 ν.
3377 4413 3411 4468 5
3443 4431 3456 4466 :
3494 4413 3645 4480 Quod

2044 4491 2358 4562 impossibile
2381 4483 2493 4542 erat
2528 4488 2628 4558 legi
2674 4487 2729 4562 in
2753 4483 3236 4562 quo_in/_irn_t_abat_ur
3264 4501 3354 4555 per
3399 4501 3603 4562 carnem
3625 4525 3640 4550 ,

2048 4555 2187 4619 Deus
2219 4560 2418 4615 Filium
2439 4555 2593 4613 suum
2618 4558 2820 4611 mittens
2847 4557 2898 4609 in
2920 4555 3309 4609 similitudinem
3327 4557 3496 4610 carnis
3519 4571 3640 4626 pec-

2047 4636 2166 4697 cati,
2196 4644 2242 4689 et
2265 4632 2327 4686 de
2349 4638 2554 4701 peccato
2580 4628 2842 4701 damnavit
2867 4635 3129 4698 peccatum
3150 4627 3201 4680 in
3229 4635 3540 4701 carne,__etc.

2122 4698 2944 4772 Confutabit.Manuscriptorunt
2999 4708 3082 4752 est
3132 4709 3185 4753 et
3241 4698 3371 4754 edit.
3407 4699 3638 4755 Torues.

2049 4769 2334 4901 Ilegttabit,
2369 4773 2527 4827 unius
2551 4769 2707 4826 Colb.
2736 4779 2792 4825 et
2821 4770 3106 4825 editorum.

2183 4844 2338 4900 omini
2354 4844 2668 4898 simillimum
2687 4842 2818 4901 ﬁeri.
2838 4841 2964 4896 Mss.
2994 4842 3027 4897 9
3046 4850 3099 4896 et

2183 4844 2338 4900 omini
2354 4844 2668 4898 simillimum
2687 4842 2818 4911 ﬁeri.
2838 4841 2964 4896 Mss.
2994 4842 3027 4897 9
3046 4850 3099 4896 et
3117 4839 3267 4906 editi,
3289 4841 3548 4895 hominum
3569 4841 3641 4894 si-

2051 4919 2341 4973 millimum.
2366 4915 2393 4969 1
2424 4915 2632 4970 Bonan.
2658 4914 2855 4984 antiq.,
2878 4912 3044 4979 Ultr.,
3063 4913 3280 4967 hominis
3299 4913 3636 4967 simillimum.

2051 4990 2198 5055 Jun.,
2235 4987 2428 5042 homini
2455 4983 2694 5040 similem.

2125 5053 2395 5116 Constans.
2427 5057 2484 5113 ld
2515 5065 2617 5120 est,
2650 5056 2896 5126 pertinax
2946 5065 3001 5111 et
3053 5068 3407 5126 perseverans
3461 5053 3512 5106 in
3546 5066 3641 5106 sua

2053 5132 2510 5204 opinione,_q_uam
2542 5135 2928 5204 opposuerat._
3004 5197 3014 5204 _
3119 5182 3128 5196 ,

2131 5203 2266 5271 Quia
2291 5193 2388 5256 vivi
2415 5201 2565 5254 aliter
2580 5193 2700 5271 non
2723 5199 2964 5271 potestgin
2994 5197 3089 5271 hoc
3116 5193 3352 5271 corpge.
3386 5193 3642 5271 Additum

2054 5264 2173 5340 vivi,
2196 5273 2336 5345 quod
2358 5271 2542 5327 deerat
2569 5264 2807 5340 pluribus
2834 5268 3011 5324 editis.
3035 5266 3094 5322 In
3122 5264 3222 5321 ms.
3253 5264 3374 5320 Em.
3401 5275 3505 5332 est,
3527 5268 3646 5338 quia

2055 5347 2217 5401 vivere
2235 5346 2385 5399 aliter
2411 5360 2512 5397 non
2541 5358 2765 5411 possum.

2135 5415 2314 5489 Neque
2338 5407 2592 5489 horninem
2620 5415 2840 5489 perfecta
2867 5407 3099 5489 doctrina
3124 5424 3232 5489 esse
3258 5424 3434 5489 posse._
3452 5409 3581 5489 Mss.
3607 5410 3646 5464 Ξ

2056 5478 2242 5554 Colb.,
2263 5487 2300 5541 Ξ
2337 5485 2509 5555 Lips.,
2540 5483 2576 5537 2
2620 5478 2854 5555 Claram.
2889 5488 2944 5534 et
2987 5478 3117 5555 edit.
3147 5478 3376 5555 Tornes.
3423 5483 3644 5546 habent,

2059 5552 2295 5630 perfecta:
2321 5552 2606 5630 docti-inte;
2659 5552 2845 5630 1Reg.
2889 5552 3068 5630 antiq.
3098 5563 3152 5630 et
3196 5552 3316 5607 Em.
3357 5558 3648 5630 perfectum

2059 5624 2334 5696 doctrina;
2392 5629 2419 5683 1
2473 5625 2710 5682 Colbert.
2762 5624 2956 5696 homini
3005 5628 3282 5696 perfectam
3332 5624 3649 5679 doctrinam.

2136 5702 2296 5777 (Vide
2316 5695 2457 5772 infra
2479 5697 2582 5754 col.
2614 5696 2740 5765 5‘25,
2768 5695 2868 5752 lin.
2905 5695 3023 5766 12.)

3070 5789 3140 5853 1'1
