4154 6196
439 159 543 215 5‘27

1541 153 1728 216 FIRM.
1769 151 2137 217 LACTANTII
2174 154 2382 216 DIVIN.
2423 155 2667 216 lNS'l'lT.

3634 162 3744 219 528

439 277 567 332 nitze
597 276 922 348 cupiditates
935 277 1003 333 ad
1047 278 1273 342 scelera,
1300 276 1387 333 vel
1423 275 1754 334 insatiabiles
1788 276 2033 346 volupta-
2062 280 2112 340 Α
2136 290 2200 331 ac
2218 275 2463 332 laborum
2490 284 2546 331 et
2571 272 2912 330 miseriarum
2940 275 3216 345 prtebebat
3239 277 3576 349 exemplum.
3606 277 3744 346 Quae

440 375 525 424 tes
569 368 638 426 ad
678 368 876 440 ﬂagitia
931 367 1282 438 compellunt,
1323 376 1380 424 et
1430 367 1760 424 dedecorum
1804 367 2032 423 maculis

435 463 647 519 inustos
675 463 796 518 labe
823 461 1069 517 afﬁciunt
1110 461 1462 532 sempiterna.
1511 461 1753 519 Jacentia
1795 470 2034 518 mortuo-

438 572 561 613 rum
587 571 813 627 corpora
836 557 1030 626 erexit,
1059 570 1264 629 eosque
1292 557 1602 614 nominibus
1621 558 1733 614 suis
1753 556 2036 613 inclinatos

434 663 467 704 a
499 659 674 705 morte
704 650 1003 706 revocavit.
1036 650 1174 719 Quid
1196 651 1584 722 congruentius
1607 651 1753 708 Deo?
1777 650 1914 720 Quid
1933 649 2038 706 mi-

434 740 621 797 raculo
646 741 858 813 dignius
898 743 1139 798 omnium
1172 744 1520 811 saeculorum,
1560 759 1720 814 quam
1754 743 2037 800 decursam

438 831 603 890 vitam
633 833 962 905 resignasse,
987 835 1377 906 completisque
1396 835 1678 890 hominum
1709 835 2042 906 temporibus

435 934 682 997 tempora
707 927 974 996 adjecisse
1000 935 1276 997 perpetua,
1303 941 1500 983 arcana
1523 926 1714 982 mortis
1736 926 2039 982 revelasse?

442 1018 552 1076 Sed
581 1019 698 1074 haec
727 1018 1108 1074 inenarrabilis
1137 1026 1379 1089 potestas
1401 1018 1579 1090 imago
1616 1019 1836 1074 virtutis
1864 1018 2041 1089 majo-

437 1113 515 1168 ris
550 1111 670 1182 l‘uit,
726 1129 845 1184 quae
875 1112 1285 1169 demonstrabat
1322 1121 1526 1168 tantam
1581 1111 1689 1168 vim
1734 1112 2040 1168 habituram

437 1219 560 1262 esse
587 1205 888 1262 doctrinam
929 1220 1106 1274 suam,
1160 1215 1220 1260 ut
1260 1214 1451 1276 gentes
1495 1205 1549 1260 in
1575 1205 1709 1261 orbe
1761 1214 1891 1272 toto,
1923 1220 2044 1276 qua:

437 1298 630 1355 aliena:
658 1313 691 1354 a
739 1299 872 1364 Deo,
919 1299 1181 1369 subjecta:
1223 1297 1386 1354 morti
1432 1297 1675 1365 luerunt,
1731 1298 2042 1370 cognitione

434 1391 551 1446 veri
577 1390 797 1446 luminis
823 1390 1095 1456 animatae,
1123 1390 1190 1445 ad
1212 1390 1637 1446 immortalitatis
1660 1391 1883 1462 praemia
1919 1405 2043 1460 per-

439 1483 710 1540 venirent.
740 1483 852 1539 Eos
875 1484 1020 1539 enim
1049 1493 1198 1540 recte
1224 1493 1472 1541 mortuos
1494 1484 1912 1553 existimaveris,
1951 1486 2043 1556 qui

439 1575 686 1633 datorem
713 1575 838 1631 vitae
858 1576 1028 1631 Deum
1054 1576 1383 1645 nescientes,
1413 1586 1577 1648 atque
1604 1578 1814 1633 animas
1844 1591 1976 1633 suas
2005 1592 2038 1632 a

2137 367 2322 423 omnia
2351 367 2588 423 tolerare
2615 380 2679 422 ac
2716 364 2927 437 perpeti
2954 382 3178 424 necesse
3207 381 3290 426 est
3327 383 3442 434 eos,
3471 369 3564 441 qui
3597 369 3746 425 veri-

2139 467 2306 516 tatem
2339 469 2637 533 sequuntur
2662 477 2677 528 ;
2702 460 2957 531 quoniam
2977 461 3178 518 veritas
3218 462 3412 519 acerba
3439 473 3543 531 est,
3573 471 3629 520 et
3664 464 3748 520 in-

2143 554 2256 610 visa
2283 555 2555 623 omnibus,
2588 553 2678 625 qui
2704 553 2920 611 virtutis
2935 565 3209 627 expertes,
3233 557 3396 613 vitam
3424 572 3578 614 suam
3600 572 3748 615 mor-

2141 643 2321 704 tiferis
2345 646 2710 716 voluptatibus
2734 647 2961 704 dedunt.
3008 647 3142 704 Nam
3179 664 3378 706 corona
3423 653 3612 721 spinea
3652 667 3748 708 ca-

2143 739 2240 809 piti
2260 739 2378 811 ejus
2401 740 2652 810 imposita
2681 740 2734 796 id
2762 739 3103 808 declarabat,
3139 741 3255 799 fore
3283 751 3343 798 ut
3380 743 3616 800 divinam
3642 745 3748 802 sibi

2147 833 2359 904 plebem
2389 833 2458 890 de
2483 834 2804 890 nocentibus
2840 845 3216 906 congregaret.
3247 832 3461 892 Corona
3488 835 3634 893 enim
3665 837 3750 893 di-

2146 925 2306 992 citur,
2331 925 2686 981 circumstans
2708 924 2761 980 in
2789 924 2978 982 orbem
3008 925 3260 999 populus.
3291 925 3401 984 Nos
3425 937 3629 996 autem,
3655 929 3748 1000 qui

2147 1027 2278 1074 ante
2305 1017 2669 1090 cognitionem
2707 1017 2802 1074 Dei
2829 1019 3028 1074 luimus
3076 1019 3288 1090 injusti,
3333 1020 3525 1092 spinm,
3565 1021 3619 1078 id
3665 1031 3750 1080 est

2147 1111 2272 1166 mali
2301 1121 2355 1167 et
2384 1120 2643 1167 nocentes
2669 1125 2912 1178 eramus,
2960 1111 3276 1184 ignorantes
3312 1113 3440 1184 quid
3475 1125 3622 1171 esset
3646 1115 3747 1172 bo-

2149 1218 2313 1271 num;
2358 1212 2414 1260 et
2449 1219 2479 1257 a
2520 1202 2745 1274 justitia:
2790 1203 3011 1260 notione
3055 1214 3220 1276 atque
3264 1205 3516 1276 operibus
3562 1207 3742 1275 alieni,

2155 1297 2336 1352 omnia
2365 1296 2574 1353 scelere
2593 1311 2658 1352 ac
2683 1295 2910 1353 libidine
2922 1295 3318 1368 polluebamus.
3343 1297 3516 1354 Electi
3536 1312 3666 1370 ergo
3682 1313 3750 1356 ex

2146 1386 2324 1442 dumis
2355 1397 2410 1443 et
2437 1387 2679 1444 sentibus
2707 1396 2953 1444 sanctum
3000 1389 3092 1444 Dei
3119 1389 3597 1462 caputcingimus;
3624 1391 3749 1463 quia

2145 1482 2430 1538 convocati
2471 1482 2541 1538 ab
2591 1483 2733 1554 ipso,
2787 1491 2842 1539 et
2881 1482 3197 1540 circumfusi
3235 1484 3470 1555 undique
3495 1485 3565 1541 ad
3603 1501 3748 1552 eum,

2146 1577 2402 1649 magistro
2421 1592 2486 1634 ac
2510 1577 2719 1634 doctori
2753 1577 2886 1647 Deo,
2914 1577 3239 1646 assistimus,
3274 1594 3564 1650 regemque
3597 1579 3748 1634 illum

438 1669 578 1725 coelo
597 1668 652 1724 in
675 1677 876 1724 terram
898 1667 1288 1739 deprimentes,
1318 1671 1371 1725 in
1400 1669 1624 1741 laqueos
1648 1683 1868 1726 :eternm
1891 1686 2036 1726 mor—
2068 1686 2117 1747 Β
2145 1669 2331 1725 mundi
2357 1679 2413 1726 et
2447 1670 2688 1725 omnium
2721 1670 3019 1727 viventium
3067 1669 3354 1726 Dominum
3394 1685 3742 1727 coronamus.

440 1759 510 1816 tis
533 1761 837 1816 incurrunt.
869 1760 1004 1827 Quae
1050 1759 1214 1832 igitur
1264 1770 1374 1816 tum
1416 1761 1650 1818 faciebat
1687 1763 1740 1817 in
1770 1777 2038 1834 praesens,

441 1850 704 1924 imagines
731 1861 889 1910 erant
916 1851 1244 1922 futurorum;
1294 1869 1415 1924 quae
1453 1853 1510 1909 in
1553 1854 1698 1910 laesis
1726 1853 2046 1927 aﬁ'ectisque

441 1947 761 2017 corporibus
785 1945 1102 2014 exhibebat,
1141 1963 1204 2002 ea
1247 1946 1573 2018 spiritalium
1617 1947 1848 2019 ﬁguram
1892 1963 2048 2019 gere-

436 2040 589 2108 bant,
623 2051 682 2096 ut
709 2049 765 2096 et
809 2041 865 2096 in
894 2040 1147 2111 praesenti
1195 2040 1411 2096 virtutis
1454 2055 1564 2096 non
1620 2050 1834 2096 terrena
1880 2055 2046 2112 opera

431 2144 779 2202 monstraret,
810 2143 865 2191 et
913 2135 966 2190 in
1005 2133 1245 2190 futurum
1283 2143 1612 2205 potestatem
1642 2134 1890 2192 caelestis
1923 2149 2036 2192 suae

439 2228 743 2299 maiestatis
767 2226 1104 2284 ostenderet.

514 2321 657 2392 Ergo
669 2321 995 2392 sicutgopera
1015 2323 1134 2391 ejus
1149 2319 1563 2390 signiﬁcantiam
1584 2335 1802 2392 quoque
1827 2319 2046 2392 majoris

440 2389 727 2486 potestatis
741 2389 1065 2482 habuerunt,
1088 2412 1160 2468 ita
1177 2389 1340 2469 etiam
1357 2413 1533 2483 passio
1546 2389 1655 2468 non
1675 2389 1927 2484 simplex,
1947 2427 2049 2469 nec

441 2521 799 2580 supervacua,
831 2521 934 2562 nec
969 2505 1192 2562 fortuita
1219 2506 1517 2577 praecessit.
1546 2507 1655 2565 Sed
1683 2519 1737 2562 ut
1770 2507 1880 2574 illa,
1921 2522 2044 2579 quae

442 2602 591 2672 fecit,
623 2617 872 2674 magnam
904 2601 1159 2657 virtutem
1187 2616 1251 2658 ac
1275 2610 1601 2672 potestatem
1628 2601 1893 2657 doctrinae
1927 2601 2046 2672 ejus

445 2694 859 2769 signiﬁcabant:
907 2695 987 2750 sic
1012 2709 1098 2760 ea,
1137 2711 1256 2765 qua:
1301 2708 1494 2766 passus
1521 2703 1626 2762 est,
1657 2694 1782 2751 odio
1808 2694 2044 2751 futuram

445 2803 569 2846 esse
591 2788 910 2860 sapientiam
929 2786 1272 2842 nuntiabant.
1302 2788 1455 2842 Aceti
1482 2787 1628 2842 enim
1651 2795 1831 2858 potus,
1865 2801 1930 2843 ac
1955 2786 2047 2842 fel-

444 2881 514 2938 lis
536 2881 708 2950 cibus,
738 2879 1061 2936 acerbitates
1088 2888 1143 2936 et
1165 2878 1558 2935 amaritudines
1583 2882 1636 2934 in
1669 2878 1771 2936 hac
1791 2878 1899 2935 vita
1927 2893 2049 2935 sec-

444 2975 710 3031 tatoribus
737 2973 978 3030 veritatis
1004 2973 1382 3044 pollicebatur.
1413 2971 1480 3027 Et
1511 2987 1838 3043 quamquam
1867 2972 2048 3042 passio

2223 1762 2378 1830 Quod
2407 1777 2536 1818 vero
2561 1761 2631 1818 ad
2654 1777 2874 1820 crucem
2905 1770 3138 1834 spectat,
3173 1778 3365 1835 magna
3397 1764 3451 1818 in
3483 1777 3549 1820 ea
3582 1763 3660 1819 vis
3688 1777 3755 1820 ac

2158 1855 2298 1910 ratio
2329 1863 2435 1921 est,
2458 1869 2620 1926 quam
2647 1869 2792 1910 nunc
2818 1854 3059 1912 conabor
3079 1853 3390 1911 ostendere.
3423 1854 3566 1912 Deus
3595 1871 3751 1910 nam-

2159 1962 2265 2018 que
2297 1945 2462 2020 (sicut
2481 1947 2732 2018 superius
2756 1946 3005 2020 exposui)
3028 1963 3151 2004 cum
3173 1948 3454 2004 statuisset
3479 1947 3754 2005 hominem

2162 2039 2414 2110 liberare,
2437 2040 2755 2111 magistrum
2777 2041 2992 2096 virtutis
3019 2040 3218 2113 legavit
3249 2041 3303 2097 in
3330 2051 3556 2107 terram,
3588 2041 3676 2112 qui
3700 2049 3757 2098 et

2150 2133 2437 2206 praceptis
2472 2133 2800 2190 salutaribus
2830 2134 3087 2192 lormaret
3123 2134 3373 2192 homines
3395 2135 3464 2191 ad
3492 2135 3752 2191 innocen-

2154 2229 2306 2296 tiam,
2329 2236 2385 2284 et
2408 2228 2664 2300 operibus
2700 2228 2960 2300 factisque
2983 2229 3346 2300 praesentibus
3367 2229 3588 2300 justitia:
3609 2229 3751 2284 viam

2157 2320 2436 2392 panderet,
2466 2335 2573 2391 qua
2601 2320 2854 2392 gradiens
2877 2320 3058 2388 homo,
3093 2329 3148 2377 et
3169 2321 3448 2378 doctorem
3475 2337 3631 2377 suum
3658 2336 3749 2377 se-

2151 2427 2347 2484 quens,
2379 2411 2448 2468 ad
2486 2413 2654 2469 vitam
2687 2421 2950 2470 aeternam
2979 2414 3313 2485 perveniret.
3359 2415 3410 2470 ls
3445 2413 3607 2487 igitur
3634 2430 3756 2472 cor-

2156 2513 2378 2577 poratus
2405 2513 2511 2572 est,
2541 2513 2599 2562 et
2647 2516 2801 2562 veste
2841 2505 3022 2562 carnis
3070 2506 3311 2574 indutus,
3344 2516 3401 2562 ut
3429 2507 3656 2573 homini,
3686 2507 3756 2564 ad

2148 2611 2312 2669 quem
2337 2595 2642 2654 docendum
2673 2605 2921 2666 venerat,
2953 2597 3164 2654 virtutis
3191 2606 3249 2654 et
3288 2598 3560 2670 exempla,
3588 2609 3643 2654 et
3673 2597 3754 2654 in-

2147 2688 2438 2745 citamenta
2478 2687 2769 2760 praeberet.
2811 2687 2919 2746 Sed
2945 2702 3071 2745 cum
3115 2689 3168 2744 in
3212 2689 3464 2746 omnibus
3488 2689 3611 2746 vitae
3635 2689 3758 2745 ofﬁ-

2147 2782 2248 2838 ciis
2279 2782 2504 2853 justitia:
2530 2782 2808 2853 specimen
2830 2781 3178 2854 prabuisset,
3211 2791 3271 2837 ut
3307 2781 3515 2837 doloris
3539 2797 3758 2854 quoque

2150 2876 2464 2948 patientiam
2497 2876 2800 2946 mortisque
2841 2883 3235 2946 contemptum,
3278 2874 3474 2945 quibus
3515 2874 3756 2944 perlecta

2148 2981 2206 3028 et
2237 2978 2616 3027 consummata
2645 2970 2718 3026 sit
2740 2969 2934 3038 virtus,
2973 2968 3214 3024 traderet
3251 2968 3476 3035 homini,
3510 2968 3659 3023 venit
3700 2968 3756 3025 in

445 3067 561 3138 ipsa
587 3081 686 3138 per
701 3080 762 3121 se
783 3065 976 3120 acerba
994 3073 1247 3120 etamara
1266 3063 1541 3134 specimen
1566 3062 1720 3118 nobis
1739 3062 2045 3119 futurorum
2072 3073 2117 3138 ρ
2150 3076 2344 3118 manus
2365 3060 2548 3133 impiae
2571 3061 2831 3127 nationis,
2861 3076 2986 3116 cum
3009 3069 3065 3117 et
3087 3059 3260 3117 vitare
3290 3061 3557 3132 potuisset
3581 3061 3760 3117 scien-

442 3168 840 3216 tormentorum
863 3158 1048 3222 dabat,
1079 3171 1201 3227 qua:
1248 3156 1588 3212 morantibus
1629 3157 1682 3211 in
1725 3156 1829 3213 hoc
1853 3156 2054 3213 smculo

448 3259 622 3314 virtus
647 3256 762 3327 ipsa
791 3252 1081 3325 proponit;
1116 3261 1293 3307 tamen
1332 3249 1478 3306 illius
1501 3250 1646 3306 modi
1668 3259 1848 3322 potus,
1879 3261 1935 3308 et
1971 3251 2050 3306 ci-

446 3351 548 3407 bus
573 3349 630 3405 in
655 3361 718 3404 os
738 3345 974 3402 doctoris
995 3343 1166 3400 nostri
1191 3341 1435 3408 veniens,
1467 3357 1845 3413 pressurarum
1869 3343 2047 3407 nobis,

2165 3157 2239 3212 tia
2270 3155 2433 3212 futuri
2465 3171 2625 3227 quam
2649 3155 2891 3227 gerebat,
2935 3165 2992 3210 et
3019 3154 3284 3226 repellere
3309 3153 3500 3211 eadem
3530 3155 3752 3224 virtute,

2155 3265 2260 3321 qua
2289 3248 2550 3305 mirabilia
2602 3247 2852 3304 faciebat.
2894 3245 3162 3305 Sustinuit
3197 3261 3328 3319 ergo
3361 3248 3652 3317 cruciatus,
3697 3257 3758 3304 ct

2154 3341 2405 3410 verbera,
2428 3352 2485 3398 et
2498 3341 2704 3412 spinas.
2728 3341 3012 3398 Postremo
3031 3341 3194 3397 etiam
3218 3350 3449 3396 mortem
3473 3343 3755 3412 suscipere

1802 3433 2159 3493 VARIORUM
2188 3433 2420 3491 NOTAE.

443 3539 468 3594 1
502 3537 650 3608 Lips.
679 3535 715 3592 5
743 3531 1114 3608 Colb.,_editis
1142 3530 1442 3608 tribusvet.
1475 3531 1634 3608 Rom.
1681 3540 1738 3586 et
1776 3531 2038 3608 tredecim

445 3602 874 3678 aliis'impressis
902 3603 1228 3678 elephantici.
1259 3602 1641 3678 Elephantiaci,
1675 3618 1772 3659 seu
1794 3603 2043 3678 elephan-

449 3680 534 3734 tici
582 3674 730 3744 sunt,
773 3676 863 3748 qui
913 3677 1074 3748 vulgo
1129 3675 1353 3748 leprosi
1390 3675 1943 3748 dicunturtquorum
1987 3674 2040 3730 in

446 3749 746 3821 Evangelia
761 3745 906 3821 siepe
931 3747 990 3800 ﬁt
1004 3745 1226 3821 mentio.
1257 3745 1390 3802 Vide
1414 3745 1645 3802 Plinium
1676 3745 1772 3801 lib.
1807 3761 1953 3814 xxvr,
1988 3760 2037 3801 c.

449 3823 512 3888 i;
542 3815 757 3876 Celsum
796 3815 889 3873 lib.
917 3831 997 3881 ιιι,
1025 3832 1082 3888 c.
1104 3815 1198 3888 25.

519 3891 565 3945 A
589 3885 1104 3953 morterevocavitN.
1122 3887 1243 3941 Mat.
1269 3902 1343 3950 ις,
1366 3887 1530 3943 Marc.
1555 3886 1756 3951 v,Luc.
1772 3902 1863 3953 vn,
1888 3886 1937 3943 J.
1965 3903 2043 3944 χι.

527 3961 780 4031 Tempora
805 3959 1052 4031 adjecisse
1079 3968 1350 4031 perpetua.
1375 3957 1451 4012 Ita
1475 3975 1664 4015 omnes
1704 3974 1883 4031 prope
1910 3974 2041 4031 ms_s.

446 4044 503 4089 et
527 4028 678 4088 editi.
707 4030 962 4100 Perpetua
996 4028 1150 4100 deest.
1177 4029 1228 4082 in
1261 4029 1294 4083 4
1322 4029 1458 4099 Reg.
1492 4039 1549 4084 et
1587 4031 1647 4085 ll
1686 4029 1940 4100 vulgatis.
1985 4029 2042 4085 In

448 4105 572 4160 Em.
605 4114 688 4159 est
713 4098 988 4174 perpetuis.
1012 4098 1358 4174 -—_Tempora
1379 4098 1648 4174 adjecisse.
1670 4098 2040 4167 Heuinannus,

447 4176 633 4231 addito
683 4171 750 4240 et,
803 4171 932 4242 legit
959 4181 1018 4226 ut
1063 4171 1355 4244 Emittam:
1397 4172 1656 4244 Adjecisse
1706 4180 1750 4226 et
1791 4183 2044 4243 perpetua:

447 4263 640 4302 arcana
663 4245 841 4300 mortis
859 4243 1126 4298 revelasse.
1167 4243 1297 4298 BUN.

520 4318 589 4374 1η
615 4318 770 4374 imis.
797 4315 1106 4372 Potuissent
1122 4328 1282 4370 nosse
1295 4311 1532 4370 editores
1549 4313 1656 4368 vim
1678 4313 1823 4370 vocis
1845 4330 1909 4370 ex
1932 4317 2033 4370 hoc

448 4391 622 4460 capite
649 4389 806 4444 infra.
842 4387 930 4441 ubi
956 4386 1209 4458 integrant
1239 4401 1448 4460 corpus,
1477 4394 1534 4442 et
1573 4385 1752 4441 (cesam
1776 4402 1836 4440 ac
1879 4386 2034 4442 dimi-

446 4457 636 4517 nu—tum
663 4476 846 4528 corpus
871 4457 1234 4527 opponuntur.
1268 4457 1400 4511 BUN.

523 4531 592 4586 In
621 4527 758 4586 lwsis
777 4527 1071 4598 a/fectisque
1106 4527 1423 4596 corporibus.
1455 4529 1641 4594 Bene;
1683 4527 1733 4584 id
1766 4538 1849 4584 est
1873 4529 2035 4585 muti-

448 4603 538 4668 lis,
569 4601 857 4671 debilibus,
890 4599 1122 4668 aegrotis.
1153 4599 1350 4671 Mss.2
1376 4602 1511 4671 Reg.
1542 4615 1654 4656 rec.
1681 4609 1738 4656 et
1769 4601 1803 4656 9
1846 4601 2031 4656 excusi

447 4673 652 4728 habent
678 4669 873 4736 illaesis,
901 4679 1153 4742 corrupte
1178 4686 1193 4736 ;
1223 4670 1354 4726 edit.
1385 4669 1561 4726 Betul.
1589 4671 1914 4742 afﬂictisque.
1959 4702 2030 4712 —-

452 4743 778 4812 A/fectisque.
834 4740 1030 4813 A/fecta
1067 4757 1285 4813 corpora
1313 4751 1438 4797 sunt
1472 4740 1691 4813 aegrota.
1739 4742 1830 4797 Sic
1882 4758 2026 4812 smpe

447 4817 653 4872 Seneca
677 4811 697 4880 ξ
726 4829 777 4869 e.
804 4829 857 4884 g.
890 4811 956 4866 ad
984 4811 1730 4884 PolyhiumﬁcapﬁﬂﬂEgro
1761 4822 1807 4867 et
1841 4811 2024 4884 affecm

449 4887 664 4942 mederi.
692 4885 730 4940 Ι.
758 4882 1024 4940 tv'Benel‘.
1053 4899 1103 4939 c.
1135 4885 1225 4940 11.
1251 4883 1344 4940 Sic
1364 4882 1568 4952 affecto,
1595 4882 1654 4938 ui
1685 4900 1798 4954 spes
1820 4887 1864 4938 ei
1885 4883 2032 4940 nulla

445 4960 511 5014 sit
539 4955 938 5012 convalescendi.
964 4954 1098 5010 BUN.

520 5027 824 5092 Exhibebat.
871 5026 1204 5099 Restituiex
1247 5027 1324 5099 55
1367 5042 1499 5084 mss.
1527 5025 1583 5081 In
1621 5025 1808 5094 Cauc.,
1836 5025 1872 5080 2
1898 5027 2031 5099 Reg.

445 5115 560 5158 rec.
583 5110 639 5157 et
669 5100 737 5156 19
765 5099 923 5155 editis
952 5110 1036 5153 est
1055 5096 1343 5152 adhibebat.

531 5171 742 5226 Virtutis
759 5169 900 5225 nobis
927 5187 1028 5223 non
1050 5179 1259 5222 terrena:
1282 5184 1461 5238 apera.
1485 5167 1613 5225 Haec
1631 5168 1790 5224 virtus
1810 5185 1912 5223 non
1931 5179 2034 5224 ter-

447 5259 574 5298 rena
619 5241 740 5297 aliis
776 5241 956 5311 verbis
987 5239 1196 5311 dicitur
1228 5238 1329 5311 hoc
1359 5241 1548 5311 capite
1591 5255 1779 5311 supra,
1807 5239 2036 5294 Caelestis

446 5315 641 5379 virtus;
677 5313 846 5370 ibid.:
890 5310 976 5382 Vis
1006 5309 1225 5382 iccelestis
1252 5325 1272 5375 ;
1298 5309 1461 5366 ibid.i
1496 5309 1826 5366 Admirabilis
1856 5321 2040 5382 poten-

445 5387 518 5439 tia
535 5383 718 5455 ,1ibid:
741 5381 1038 5455 Laudabilis
1058 5381 1215 5455 divini
1235 5382 1400 5454 aperis
1415 5383 1661 5455 fortitudo
1680 5400 1702 5455 ί
1725 5382 1852 5438 ibid.
1875 5401 1887 5435 :
1917 5381 2040 5455 Non

443 5451 631 5526 exigua
651 5453 954 5509 immortalis
983 5453 1222 5523 potentia
1240 5451 1436 5526 opera}
1467 5454 1595 5510 ibid.
1625 5471 1638 5507 :
1669 5451 2042 5510 Inenarrabilis

443 5536 686 5580 ootestas.
714 5524 847 5580 Bon.

481 5536 686 5582 οιεειαδ.
714 5536 847 5580 BDN.

443 5545 686 5600 pateuas.
714 5545 847 5580 non.

449 5669 490 5679 _
531 5595 741 5679 Virtutis
767 5605 1312 5679 non‘teorre‘namper'a
1354 5595 1803 5679 monstraretmlta
1848 5596 2040 5679 πιεβῆ

449 5669 586 5746 Reg.
615 5668 989 5731 vetustissimi.
1021 5668 1220 5740 Scripti
1269 5668 1304 5724 9
1342 5678 1396 5726 et
1441 5669 1640 5742 vulgati
1682 5668 1716 5724 5
1765 5670 2039 5742 negationi

2145 3540 2472 3603 praeponam
2493 3530 2671 3588 'nobis.
2701 3531 2746 3588 A
2778 3547 2911 3588 mss.
2945 3531 2977 3586 7
3007 3540 3062 3588 et
3094 3531 3309 3588 excusis
3330 3532 3397 3588 14
3427 3531 3582 3590 abest
3624 3550 3749 3603 non,

2145 3609 2202 3656 et
2233 3601 2431 3672 legitur
2453 3612 2688 3660 terrente.

2221 3672 2381 3747 Ergo.
2412 3672 2564 3747 Nunc
2588 3674 2933 3747 expositurus
2968 3683 3061 3747 est,
3088 3675 3286 3747 figuras
3314 3675 3581 3747 passionis
3603 3675 3652 3732 J.
3687 3676 3749 3732 C.

2223 3742 2596 3800 Po'llicebatur.
2626 3742 2704 3800 Ita
2733 3761 2866 3802 mss.
2899 3755 2955 3802 et
2979 3742 3150 3811 editi}
3195 3761 3258 3802 ac
3284 3742 3449 3802 simili
3480 3747 3754 3804 locutione

2150 3816 2351 3890 passim
2405 3817 2589 3890 utitur
2616 3816 2947 3890 Lactantius.
2993 3817 3255 3890 Francius
3301 3818 3588 3890 legendum
3627 3834 3753 3876 esse

2151 3885 2431 3960 censebat,
2466 3887 2857 3960 pollicebantur,
2887 3897 2945 3945 ut
2970 3890 3022 3943 in
3059 3890 3093 3946 '5
3119 3889 3252 3960 Reg.
3286 3885 3400 3946 rec.

2227 3957 2528 4031 Specimen.
2551 3958 2680 4031 Mss.
2709 3960 2742 4013 2
2769 3959 2928 4031 ch..
2959 3960 3194 4028 speciem.

2226 4026 2426 4106 (Sorana
2449 4029 2582 4084 enim
2604 4030 2815 4106 dicitur,
2836 4026 2942 4086 etc.
2972 4026 3142 4106 Quam
3178 4031 3375 4106 Festus
3397 4031 3688 4106 Pompeius
3717 4054 3746 4093 a

2155 4098 2324 4153 choro
2343 4099 2542 4155 dictam
2570 4110 2740 4170 putat,
2764 4101 2982 4174 dempta
3003 4098 3220 4159 iscilicet
3248 4098 3598 4174 aspiratione.
3631 4107 3751 4165 Uti-

2151 4177 2240 4248 _tur
2262 4185 2466 4248 corona:
2487 4174 2750 4248 vocabulo
2777 4173 3301 4248 liacsigniiicatione
3317 4173 3511 4232 Cicero
3543 4194 3637 4248 pro
3657 4179 3747 4235 Mi-

2151 4241 2297 4315 lon_e_,
2331 4243 2386 4315 in
2408 4242 2527 4314 ipso
2548 4242 2808 4310 exordio;
2837 4241 3042 4310 Livius,
3063 4260 3162 4315 pro
3187 4254 3396 4300 armato
3419 4241 3583 4304 coetu.
3610 4250 3743 4306 Bsr.

2219 4311 2385 4394 Electi
2425 4311 2568 4394 ergo_
2589 4330 2654 4394 ea;
2681 4315 2868 4394 dantis.
2903 4315 3002 4372 Ms.
3035 4311 3170 4394 Heg.
3213 4317 3360 4394 _Put._,
3390 4315 3579 4394 Electis
3624 4339 3746 4394 ergo

2145 4383 2652 4464 exdumis-gscripti
2695 4387 2756 4464 μ
2800 4401 2912 4464 rec.
2957 4396 3012 4464 et
3051 4390 3085 4443 4
3121 4383 3366 4464 vulgati,
3411 4386 3609 4464 Plecti;
3635 4383 3747 4464 quo

2139 4455 2338 4510 sensu?
2391 4455 2535 4511 Edit.
2570 4457 2770 4523 BetuL,
2821 4456 2993 4513 Plexi.
3025 4487 3100 4500 —-
3147 4455 3260 4514 Ex'
3287 4458 3456 4513 dumis
3491 4471 3538 4516 et
3585 4455 3745 4520 sese-

2138 4525 2251 4602 Qus.
2287 4526 2510 4582 Rectum
2543 4527 2744 4602 junxit,
2784 4539 2841 4584 ut
2880 4528 3134 4601 Virgilius
3191 4529 3288 4586 lib.
3316 4544 3373 4585 Ix
3401 4529 3644 4602 Eneid.,
3684 4551 3740 4592 v.

2137 4596 2267 4665 580,
2295 4613 2377 4668 sq.
2401 4596 2563 4670 quem
2585 4600 2823 4655 imitatur
2848 4618 2862 4655 :

2225 4711 2291 4748 τ
2310 4683 2619 4748 omnemque
2643 4685 2826 4736 aditum
2849 4687 3053 4738 custode
3077 4695 3327 4740 coronant.

2225 4745 2489 4816 _S_ilva_l:uit,
2514 4745 2616 4798 late
2638 4748 2798 4816 dumis
2821 4750 3112 4816 atque_ilice
3135 4753 3274 4816 nigra

2222 4807 2448 4870 Horrida,
2473 4807 2619 4873 quam
2639 4809 2808 4860 densae
2830 4807 3137 4876 complerant
3160 4807 3382 4880 undique
3405 4822 3593 4868 sentes.
3610 4816 3738 4869 Bos.

2206 4887 2484 4958 Factisque
2521 4889 2872 4963 praesentibus.
2905 4890 3102 4963 Addidi
3121 4909 3217 4963 que
3246 4910 3314 4951 ex
3341 4896 3597 4952 omnibus
3624 4895 3739 4950 fer-

2135 4974 2384 5034 me_mss.
2407 4969 2461 5034 et
2483 4959 2662 5034 editis.
2695 4959 2754 5016 In
2795 4959 3277 5034 Regio—Putfhaac
3307 4967 3471 5024 verba
3511 4967 3731 5024 desunt.

2207 5028 2520 5104 Iferveniret.
2553 5030 2614 5087 ln
2649 5028 2920 5104 nonnullis
2941 5033 3104 5089 editis
3127 5039 3377 5104 pervenit.

2209 5100 2792 5180 Qorporatus_est.___lloc
2820 5113 2906 5160 est
2929 5100 3140 5180 corpus
3171 5109 3496 5180 assumpsit;
3537 5108 3730 5164 eodem

2138 5173 2307 5229 verbo
2335 5174 2500 5229 utitur
2525 5174 2607 5229 bis
2631 5175 2725 5230 lib.
2757 5191 2815 5242 ιι,
2843 5189 2894 5232 c.
2921 5174 3011 5243 10,
3035 5173 3245 5233 necnon
3273 5190 3328 5235 et
3360 5173 3733 5237 Tertullianus

2141 5243 2178 5298 l.
2212 5245 2281 5300 de
2304 5244 2478 5318 Carne
2500 5245 2696 5301 Christi
2718 5261 2770 5302 c.
2807 5248 2840 5302 '5
2867 5257 3006 5318 etic.
3037 5247 3090 5303 6.
3125 5248 3262 5306 Hinc
3303 5251 3376 5306 illi
3410 5251 3533 5308 eod.
3567 5251 3605 5306 ι.
3657 5267 3732 5318 tv,

2143 5316 2430 5389 corporalia
2469 5326 2574 5389 est_
2595 5322 2892 5389 assumptio
2932 5317 3297 5375 humanitatis.
3333 5322 3624 5378 ΒΑιιτιιιυε.

2241 5386 2506 5465 ξριίείηιειι.
2657 5386 3138 5465 θει,ἐιθηιι)1υιη.
3171 5391 3288 5465 Cic.
3340 5393 3436 5448 lib.
3488 5411 3543 5448 ιιι
3583 5393 3730 5465 ίιιθε.

2143 5472 2198 5534 c_._
2221 5456 2361 5534 '5_,__1s
2387 5459 2514 5534 ordo
2531 5459 2652 5534 vitia
2676 5469 2854 5534 vacato
2871 5476 2890 5514 :
2911 5456 3110 5534 cliteris
3127 5463 3385 5534 specimen
3407 5475 3533 5519 esto.
3563 5456 3734 5534 Quiu-

2142 5529 2221 5607 ιιι.
2247 5527 2343 5584 lib.
2374 5545 2432 5584 nt
2459 5528 2693 5607 Institut.
2716 5545 2766 5607 (ἑ
2904 5528 3061 5607 De_dit
3103 5527 3312 5589 unicum
3337 5538 3477 5607 apud
3497 5527 3732 5606 nos'spe-

2140 5600 2305 5655 cimen
2334 5601 2580 5655 orandi...
2613 5601 2666 5655 Μ
2677 5644 2688 5656 .
2717 5601 2939 5658 Tullius.
2970 5602 3100 5660 BUN.

2217 5670 2493 5741 Sustinuit,
2516 5682 2621 5731 etc.
2653 5672 2865 5731 Omittit
2886 5675 3032 5746 quod
3059 5685 3176 5735 erat
3202 5679 3556 5750 prwcipuum,
3589 5695 3735 5738 nem-
