4154 6196
417 389 525 452 529

1352 393 1554 450 LIBER
1594 393 1684 451 IV.
1727 393 1818 451 DE
1860 393 2044 452 VERA
2086 394 2450 456 SAPIENTIA
2481 397 2581 469 ,ΕΤ
2623 397 2850 456 RELIG.

3616 399 3722 461 350

415 524 525 566 non
549 507 841 574 recusavit,
867 515 929 565 ut
967 508 1133 566 homo
1157 508 1249 565 illo
1274 508 1414 566 duce
1451 509 1730 566 subactam
1765 518 1822 565 et
1860 519 2010 566 eate-
2037 511 2092 572 Α
2113 524 2328 566 crucem
2352 510 2623 581 maluerit,
2653 513 2795 584 quod
2821 512 2908 568 illa
2939 513 3165 570 exaltari
3191 529 3313 572 eum
3345 514 3448 572 fuit
3475 531 3722 586 necesse,

419 610 601 659 natam
628 610 860 657 mortem
890 615 1010 656 cum
1034 601 1149 658 suis
1181 602 1482 658 terroribus
1508 599 2016 673 triumpharet.Cur

418 705 596 752 autem
645 708 888 750 summus
913 701 1068 766 pater
1109 693 1165 750 id
1210 695 1553 766 potissimum
1599 709 1772 766 genus
1823 695 2015 752 mortis

416 785 661 859 elegerit,
693 801 802 858 quo
824 783 966 841 afﬁci
995 800 1119 841 cum
1147 787 1373 854 sineret,
1397 785 1516 843 huic
1544 788 1686 843 ratio
1714 797 1820 844 est.
1852 788 2009 845 Dicat

416 881 563 938 enim
593 878 825 935 fortasse
849 878 1081 949 aliquis:
1110 893 1208 935 cur
1235 881 1280 935 si
1313 879 1458 936 Deus
1502 879 1622 946 fuit,
1672 889 1729 935 et
1757 881 1895 936 mori
1920 895 2014 936 vo-

417 982 536 1051 luit,
561 996 669 1038 uon
695 982 884 1037 saltem
919 981 1148 1037 honeSto
1174 980 1355 1050 aliquo
1395 979 1586 1034 mortis
1624 994 1825 1050 genere
1854 978 2016 1035 affec-

419 1085 506 1132 tus
528 1076 648 1132 est?
688 1089 786 1130 cur
812 1074 1153 1146 petissimum
1203 1073 1399 1129 cruce?
1443 1087 1542 1128 cur
1592 1071 1776 1128 infami
1816 1087 2016 1144 genere

416 1168 690 1240 supplicii,
721 1165 866 1238 quod
911 1166 1076 1222 etiam
1124 1165 1345 1220 homine
1394 1164 1588 1232 libero,
1636 1164 1884 1236 quamvis
1911 1178 2014 1220 no-

417 1271 601 1328 cente,
622 1259 868 1315 videatur
893 1257 1190 1328 indignum.
1221 1255 1463 1312 Primum
1504 1254 1648 1327 quod
1684 1255 1752 1324 is,
1785 1256 1875 1326 qui
1915 1255 2016 1310 hu-

419 1353 568 1410 milis
590 1352 902 1419 advenerat,
930 1358 992 1404 ut
1018 1349 1317 1405 humilibus
1339 1356 1396 1404 et
1420 1347 1618 1404 inlimis
1642 1361 1804 1418 opem
1822 1345 2012 1415 ferret,

422 1455 484 1504 et
509 1445 756 1502 omnibus
785 1459 938 1515 spem
979 1443 1171 1500 salutis
1204 1441 1536 1512 ostenderet,
1568 1457 1635 1498 eo
1663 1455 1863 1514 genere
1897 1440 2018 1495 alli-

415 1537 642 1614 ciendas
669 1538 788 1604 fuit,
838 1552 947 1609 quo
998 1535 1231 1592 humiles
1258 1545 1314 1591 et
1349 1535 1522 1592 inﬁmi
1551 1534 1751 1600 solent,
1783 1548 1852 1589 ne
1893 1532 2016 1604 quis

415 1641 562 1688 esset
588 1631 832 1697 omnino,
874 1632 964 1702 qui
995 1646 1117 1687 eum
1162 1644 1270 1685 non
1308 1639 1497 1701 posset
1551 1628 1774 1685 imitari.
1809 1625 2015 1683 Deinde

414 1735 477 1780 ut
521 1725 789 1796 integrum
817 1739 1016 1796 corpus
1068 1723 1188 1795 ejus
1241 1731 1680 1789 conservaretur,
1727 1735 1892 1793 quem
1924 1719 2015 1777 die

415 1817 577 1874 tertio
602 1832 887 1890 resurgere
903 1817 971 1873 ab
993 1815 1184 1872 inferis
1205 1815 1508 1887 oportebat.

2119 612 2176 659 et
2200 604 2450 661 omnibus
2477 607 2728 678 gentibus
2759 606 3064 678 passionem
3116 609 3212 664 Dei
3253 621 3553 666 notescere.
3584 609 3724 666 Nam

2119 699 2371 769 quoniam
2406 699 2471 766 is,
2507 700 2599 771 qui
2635 701 2874 771 patibulo
2899 702 3282 772 suspenditur,
3313 711 3371 759 et
3396 703 3725 774 conspicuus

2119 801 2203 847 est
2228 792 2498 861 omnibus,
2521 802 2576 850 et
2596 795 2810 850 caeteris
2837 795 3022 862 altior,
3047 809 3179 852 crux
3205 797 3384 868 potius
3411 797 3582 853 electa
3613 809 3720 866 est,

2117 901 2238 957 quae
2263 887 2594 958 significaret
2617 889 2768 947 illum
2801 898 2910 946 tam
2931 889 3281 960 conspicuum
3313 899 3527 962 tamque
3553 890 3722 946 subli-

2119 993 2262 1033 mem
2293 978 2559 1047 futurum,
2586 990 2644 1036 ut
2672 984 2740 1037 ad
2769 996 2892 1037 eum
2934 981 3370 1054 cognoscendum
3417 983 3618 1053 pariter
3666 990 3724 1039 et

2119 1076 2404 1132 colendum
2423 1118 2438 1143 ,
2470 1086 2679 1134 cunctis
2718 1079 2967 1135 nationes
2991 1094 3061 1134 ex
3087 1079 3234 1134 omni
3264 1078 3398 1134 orbe
3425 1092 3721 1135 concurre-

2119 1177 2258 1224 rent.
2311 1169 2554 1242 Denique
2601 1171 2747 1226 nulla
2794 1186 2929 1243 gens
2974 1181 3081 1226 tam
3113 1171 3406 1228 inhumana
3434 1180 3538 1239 est,
3571 1171 3720 1228 nulla

2121 1261 2273 1332 regio
2301 1273 2410 1318 tam
2435 1273 2666 1331 remota,
2689 1265 2777 1320 cui
2800 1274 2895 1320 aut
2919 1265 3098 1335 passio
3129 1265 3268 1335 ejus,
3297 1273 3391 1320 aut
3420 1265 3725 1321 sublimitas

2119 1353 2414 1422 maiestatis
2437 1355 2618 1428 ignota
2644 1355 2732 1410 sit.
2769 1355 3029 1411 Extendit
3057 1370 3187 1427 ergo
3218 1356 3270 1410 in
3312 1355 3567 1426 passione
3603 1371 3724 1410 ma-

2121 1459 2224 1502 nus
2253 1461 2401 1512 suas,
2426 1448 2723 1519 orbemque
2743 1447 3024 1503 dimensus
3045 1458 3152 1513 est,
3172 1456 3233 1502 ut
3245 1448 3357 1518 jam
3386 1457 3513 1504 tunc
3537 1457 3722 1504 osten-

2119 1537 2293 1604 deret,
2321 1538 2391 1594 ab
2417 1549 2540 1595 ortu
2568 1539 2700 1596 solis
2731 1554 2902 1611 usque
2925 1539 2992 1595 ad
3021 1553 3297 1606 occasum,
3338 1555 3591 1611 magnum
3624 1554 3723 1610 po-

2119 1630 2303 1700 pulum
2332 1645 2403 1687 ex
2433 1631 2686 1687 omnibus
2724 1630 2926 1703 linguis
2963 1640 3021 1687 et
3047 1631 3290 1686 tribubus
3313 1639 3720 1703 congregatum,

2119 1722 2222 1778 sub
2249 1722 2366 1780 alas
2395 1737 2520 1778 suas
2547 1737 2669 1779 esse
2691 1732 3002 1790 venturum,
3025 1724 3346 1794 signumque
3383 1722 3512 1777 illud
3546 1721 3723 1777 maxi-

2119 1830 2290 1884 mum,
2323 1826 2487 1888 atque
2517 1816 2769 1881 sublime,
2800 1816 3065 1872 frontibus
3095 1816 3207 1871 suis
3233 1825 3634 1886 suscepturum.

487 1907 601 1965 Nec
630 1909 774 1964 enim
807 1909 909 1964 hoc
936 1908 1184 1980 cuiquam
1213 1907 1568 1980 ignorandum
1597 1916 1701 1975 est,
1729 1906 1872 1978 quod
1891 1907 2010 1978 ipse
2037 1915 2087 1977 Β
2183 1905 2348 1979 Cujus
2378 1908 2456 1964 rei
2485 1907 2710 1979 figuram
2737 1907 2910 1964 Judaei
2940 1909 3251 1965 etiamnunc
3279 1906 3566 1976 exhibent,
3596 1922 3720 1964 cum

411 2010 542 2058 ante
566 2000 635 2058 de
653 2016 749 2057 sua
775 2001 1029 2074 passione
1053 2001 1350 2073 praedicans
1379 2001 1550 2057 etiam:
1564 1999 1618 2056 id
1648 2009 1834 2056 notum
1865 1997 2011 2057 fece-

408 2097 501 2162 rit,
537 2095 738 2153 habere
775 2111 835 2152 se
879 2105 1264 2168 postestatem,
1311 2110 1432 2151 cum
1477 2094 1657 2159 vellet,
1707 2093 2012 2166 depenendi

407 2192 658 2263 spiritum
684 2200 738 2247 et
766 2191 1099 2247 resumendi.
1135 2189 1372 2248 Sul‘lixus
1400 2190 1578 2260 itaque
1605 2189 1728 2260 quia
1760 2188 2010 2259 spiritum

407 2285 768 2356 deposuerat,
799 2284 1162 2340 necessarium
1192 2282 1479 2338 carniﬁces
1509 2296 1616 2336 non
1644 2287 2008 2354 putaverunt,

406 2393 532 2435 ossa
572 2379 690 2449 ejus
733 2377 1051 2449 suffringere
1080 2377 1241 2450 (sicut
1269 2391 1388 2432 mos
1413 2391 1600 2431 eorum
1631 2371 1888 2445 ferebat.)
1914 2373 2009 2429 sed

407 2471 780 2527 tantummodo
808 2471 946 2526 latus
975 2470 1093 2541 ejus
1128 2470 1559 2541 perloraverunt.
1606 2467 1698 2525 Sic
1740 2468 2005 2538 integrum

405 2579 607 2634 corpus
646 2563 884 2635 patibulo
914 2563 1213 2618 detractum
1243 2571 1346 2629 est,
1368 2569 1426 2618 et
1440 2562 1690 2632 sepulcro
1719 2559 2008 2631 diligenter

403 2653 694 2712 inclusum.
723 2655 854 2725 Quae
879 2656 1062 2710 omnia
1091 2654 1294 2711 idcirco
1320 2655 1460 2710 facta
1499 2664 1658 2721 sunt,
1701 2668 1771 2710 ne
1817 2653 2006 2708 lassum

402 2764 468 2806 ac
497 2749 814 2805 diminutum
843 2763 1038 2819 corpus
1066 2747 1132 2804 ad
1159 2748 1548 2819 resurgendum
1590 2746 1832 2804 inhabile
1877 2745 2007 2803 red-

403 2841 644 2901 deretur.
677 2843 770 2900 Illa
810 2859 1025 2916 quoque
1074 2843 1343 2914 praecipua
1382 2842 1484 2899 fuit
1523 2858 1710 2909 causa,
1743 2858 1840 2899 cur
1865 2841 2009 2900 Deus

2115 2003 2299 2060 limina
2329 2017 2424 2058 sua
2450 2002 2533 2074 de,
2553 2017 2748 2058 cruore
2777 2003 2901 2074 agni
2928 2010 3139 2059 notant.
3161 2003 3302 2058 Deus
3327 2002 3472 2059 enim
3499 2016 3724 2073 percus-

2115 2114 2275 2156 surus
2302 2096 2610 2170 Egyptios,
2634 2106 2693 2153 ut
2719 2097 2790 2154 ab
2813 2112 2877 2154 ea
2904 2096 3060 2169 plaga
3092 2097 3358 2153 immunes
3377 2095 3580 2152 laceret
3609 2096 3720 2153 He-

2119 2191 2317 2257 braeos,
2349 2198 2685 2261 praeceperat
2709 2189 2813 2258 his,
2844 2199 2905 2246 ut
2929 2204 3125 2261 agnum
3149 2189 3438 2245 candidum
3467 2189 3584 2246 sine
3608 2204 3723 2245 ma-

2119 2284 2238 2339 cula
2259 2283 2623 2349 immolarent,
2637 2297 2702 2338 ac
2716 2283 2928 2355 signum
2947 2282 3225 2339 liminibus
3243 2282 3356 2338 suis
3376 2282 3446 2339 de
3461 2283 3721 2354 sanguine

2117 2376 2235 2447 ejus
2277 2376 2642 2446 imponerent.
2675 2375 2861 2447 Itaque
2889 2389 3009 2430 cum
3047 2374 3423 2447 .IEgyptiorum
3450 2374 3724 2447 primoge-

2114 2471 2226 2527 nita
2251 2485 2359 2526 una
2378 2479 2538 2526 nocte
2558 2470 2893 2538 interissent,
2914 2468 3128 2525 Hebraei
3155 2468 3257 2524 soli
3273 2469 3427 2540 signo
3444 2469 3721 2541 sanguinis

2112 2563 2212 2618 tuti
2257 2563 2504 2627 fuerunt;
2548 2578 2654 2618 non
2703 2562 2826 2632 quia
2867 2576 3029 2618 cruor
3070 2561 3290 2633 pecudis
3340 2571 3540 2618 tantam
3579 2562 3634 2616 in
3661 2576 3724 2618 se

2112 2656 2223 2712 vim
2254 2657 2498 2728 gerebat,
2529 2665 2587 2712 ut
2635 2653 2943 2711 hominibus
2991 2653 3152 2710 saluti
3195 2653 3498 2710 esset:sed
3547 2654 3723 2724 imago

2115 2750 2292 2806 fuerat
2323 2765 2504 2806 rerum
2533 2749 2857 2805 futurarum.
2887 2748 3076 2820 Agnus
3113 2748 3257 2803 enim
3305 2746 3567 2804 candidus
3601 2748 3751 2806 sine.

2114 2843 2325 2899 macula
2366 2842 2615 2900 Christus
2659 2842 2792 2910 fuit,
2823 2841 2876 2897 id
2921 2850 3006 2898 est
3035 2841 3330 2908 innocens,
3364 2850 3416 2897 et
3439 2840 3636 2912 justus,
3668 2853 3725 2901 et

1758 2937 2121 2996 VARIORUM
2158 2938 2391 2997 NOTIE.

401 3049 472 3162 8e
515 3035 656 3107 quod
701 3049 831 3092 crux
870 3033 1304 3116 maledictionem
1347 3032 1999 3117 Deitadjunctamhabet.
2029 3032 2078 3097 C
2112 3104 2128 3118 .
2180 3034 2255 3089 Ab
2276 3035 2476 3108 inferis.
2497 3033 2671 3089 Mss.l
2701 3032 2937 3090 Clarom.
2963 3031 3204 3091 etBruu.
3236 3049 3269 3087 a
3293 3034 3548 3089 mortuis:
3574 3034 3720 3106 quod

449 3106 695 3162 uortebat
746 3114 928 3162 autem
958 3103 1235 3161 Christum
1267 3105 1540 3162 maledici.
1585 3114 1644 3160 ut
1680 3103 2006 3162 iustificare-
2111 3105 2256 3161 idem
2279 3118 2381 3162 est.

449 3103 695 3234 portabat
746 3114 928 3163 autem
958 3103 1235 3161 Christum
1267 3103 1559 3173 maledici,
1585 3114 1644 3160 ut
1677 3103 2006 3176 justificare-

449 3193 545 3234 Illl'.
620 3194 762 3234 IVET.

404 3193 545 3234 mur.
570 3193 762 3234 HIVET.

404 3327 434 3343 ..
477 3291 695 3346 Mortem
714 3308 829 3347 cum
853 3291 960 3346 suis
982 3291 1256 3345 terroribus
1279 3291 1639 3360 triumpharet.
1673 3288 1763 3360 Sic
1785 3296 1842 3346 et
1865 3289 2006 3345 libro

403 3378 480 3431 vr,
508 3378 626 3432 cap.
659 3364 754 3430 25,
791 3363 857 3417 ad
905 3362 1092 3427 finem,
1145 3359 1452 3417 Lactantius
1495 3360 1646 3426 dicit,
1687 3359 1790 3414 Hic
1816 3369 2006 3432 terram

407 3430 769 3506 triumphabit,
802 3435 880 3490 sic
909 3434 1143 3506 etvitam
1171 3434 1338 3488 vivere
1353 3432 1481 3487 alibi
1491 3434 1729 3506 passim.
1765 3461 1837 3472 ——
1859 3430 2006 3506 Mar-

407 3517 506 3562 tem
525 3503 638 3560 cum
663 3507 768 3562 suis
799 3505 1076 3561 terroribus
1101 3506 1454 3572 triumpharet.
1480 3503 1614 3558 Cum
1663 3516 1844 3559 aecus.
1879 3513 1938 3558 ut
1964 3503 2002 3557 l.

404 3593 480 3645 vr,
525 3591 575 3633 c.
605 3578 719 3634 25:
771 3576 871 3632 Hic
915 3585 1103 3631 terram
1145 3575 1499 3646 triumphabit.
1554 3575 1875 3646 Epitomae.
1909 3573 2002 3630 46:

404 3648 644 3718 Captivos
671 3648 1022 3718 triumphavit.
1065 3647 1132 3702 Et
1159 3662 1280 3718 qum
1307 3645 1507 3701 notavi
1542 3647 1609 3701 ad
1641 3645 1776 3718 Iade
1806 3645 2001 3718 Morte,

403 3717 774 3789 Persec.!cap.
805 3719 874 3776 t6
895 3735 909 3772 :
945 3717 1208 3775 Saeculum
1228 3735 1343 3772 cum
1358 3718 1464 3772 suis
1490 3717 1791 3773 terroribus
1819 3717 2006 3772 trium-

410 3794 601 3866 pltastt'.
625 3792 759 3848 BUN.

470 3904 578 3962 Cur
598 3906 781 3979 infami
808 3921 989 3979 genere
1033 3903 1295 3979 supplicii.
1328 3902 1410 3959 Ex
1450 3902 1704 3979 omnibus
1725 3973 1735 3979 _
1759 3915 1892 3979 mss.
1915 3973 1930 3979 Α
1951 3911 2007 3958 et

406 3973 1264 4049 quamplurimis'editisrestitui,
1312 3989 1437 4049 qua;
1476 3973 1623 4049 Ai_n__5_
1643 3973 1880 4049 vulgatis
1903 3973 2005 4049 de-

406 4043 587 4106 erant;
615 4078 687 4090 -—-
714 4048 816 4104 Cur
841 4048 1024 4118 infanti
1053 4063 1241 4118 genere,
1262 4043 1525 4116 supplicii.
1553 4043 1822 4100 Videntur
1848 4044 2004 4118 excit

407 4122 556 4177 disse
579 4136 643 4176 ex
670 4119 858 4177 Gallaei
889 4116 1148 4174 editione.
1201 4117 1333 4172 Nam
1376 4119 1578 4172 habent
1630 4131 1764 4172 mss.
1792 4123 1847 4170 et
1875 4116 2005 4172 editi

407 4194 518 4248 mei
571 4207 780 4247 omnes.
828 4190 1032 4246 Eodem
1064 4204 1250 4256 sensu,
1283 4203 1390 4259 quo
1436 4187 1758 4259 hicinfami,
1802 4186 2002 4259 dixitl.

414 4279 491 4326 tv,
515 4279 563 4318 c.
596 4262 663 4318 16
690 4281 702 4317 ;
745 4262 949 4334 Insigni
979 4261 1275 4334 supplicio;
1301 4258 1365 4334 c._
1523 4258 1847 4334 Eafsecrabili
1870 4258 2006 4334 pati:

410 4335 549 4389 bulo.
581 4329 917 4390 Arnobius'l.
952 4348 994 4398 1,
1026 4329 1176 4402 20
1201 4347 1308 4401 pr.:
1335 4329 1637 4402 Idcircodii
1665 4330 1805 4402 vobis
1830 4331 2007 4402 infesti

411 4420 595 4461 sunt...
627 4406 770 4476 quod
804 4400 1074 4476 hominem
1107 4400 1394 4476 natum,‘et
1418 4400 1564 4476 quod
1587 4401 2007 4476 personisjufa-

411 4492 499 4532 me
547 4470 887 4542 cst'vilihus,
912 4475 1086 4530 crucis
1112 4471 1377 4545 supplicio
1416 4470 1803 4542 interemptum
1838 4470 2006 4526 Deum

413 4549 571 4620 fuisse
597 4547 921 4603 contenditis.
948 4546 1080 4602 BUN.

491 4663 894 4719 Haminetibera
936 4661 1225 4733 indignum.
1273 4659 1422 4733 crux
1466 4658 1611 4733 enim
1649 4656 1911 4733 _servilis_
1927 4665 2014 4713 est

412 4750 597 4807 ptena.
635 4736 816 4789 Horat.
847 4734 962 4807 _Sat.
1001 4727 1180 4807 '5,_l_i_b.
1211 4747 1225 4786 ι
1254 4749 1281 4807 ;Δ
1321 4729 1622 4807 Juvenalis,
1645 4727 2016 4807 Sat._2,_l’one

412 4799 614 4860 crucem
635 4822 795 4860 servo.
840 4804 1047 4861 Seneca
1076 4804 1169 4858 lib.
1198 4818 1214 4856 ι
1251 4801 1319 4857 de
1345 4803 1514 4857 Clem.
1551 4815 1668 4871 cap.
1703 4799 1808 4864 ‘26;
1838 4800 1952 4856 Cic.
1981 4815 2015 4854 v

416 4881 472 4934 in
489 4877 710 4933 Verrem
723 4918 737 4943 ,
764 4877 850 4933 ubi
879 4877 955 4930 ait
980 4875 1256 4930 Romanus
1271 4883 1483 4927 orator:
1503 4871 1672 4940 Quam
1687 4872 1844 4927 servis
1863 4871 2014 4925 dam-

416 4951 554 5003 natis
580 4964 778 5003 crucem
814 4950 1034 5016 ﬁxeras,
1065 4947 1198 4999 hanc
1226 4944 1533 5016 indemnatis
1571 4943 1760 5016 civibus
1790 4943 2018 5016 romanis

415 5036 720 5076 reservares.
758 5013 1017 5075 Videatur
1053 5017 1216 5072 etiam
1266 5015 1373 5071 .lul.
1401 5014 1738 5085 Capitolinus
1773 5015 1828 5069 in
1864 5013 2009 5085 Opil.

416 5092 676 5145 Macrino.
710 5089 912 5145 FABER.

416 5092 676 5149 Macrino.
710 5092 912 5146 FABER.

524 5204 593 5260 Ut
636 5203 908 5259 humilibus
949 5211 997 5258 et
1033 5202 1245 5270 inlimis.
1276 5201 1352 5256 Ita
1379 5198 1593 5256 restitui
1620 5213 1684 5270 ex
1709 5211 1844 5253 mss.
1874 5195 2018 5251 anti-

417 5277 699 5349 quissimis
727 5281 749 5331 1
783 5275 1020 5349 Bonon.,
1056 5269 1330 5349 tReg.,_2
1360 5273 1431 5327 al.
1457 5271 1618 5349 Reg.
1659 5269 1815 5349 bona;
1851 5280 2018 5349 notae,

419 5339 486 5403 sic
507 5347 543 5402 4
571 5348 754 5413 editis,
780 5347 924 5418 quod
949 5339 1015 5401 et,
1032 5339 1312 5418 sequentia
1335 5343 1640 5418 requirunt.
1678 5343 1744 5398 Et
1767 5341 1848 5398 sic
1880 5339 2018 5396 infra

419 5419 588 5476 iidem
616 5429 671 5475 et
699 5421 728 5472 7
762 5414 852 5474 alii
875 5417 1083 5488 scripti.
1111 5414 1176 5471 In
1198 5417 1272 5470 ‘22
1300 5424 1386 5472 est
1409 5414 1652 5484 inﬁrmis.

499 5528 660 5596 Quem
689 5529 772 5583 die
799 5529 964 5583 tertio.
998 5527 1074 5583 lla
1123 5527 1252 5582 editi
1290 5541 1410 5582 cum
1441 5524 1692 5581 omnibus
1718 5538 1858 5595 pene
1883 5537 2016 5579 mss.

418 5601 481 5658 In
511 5601 546 5654 ξ).
571 5600 811 5656 Clarom.
846 5609 950 5665 est,
977 5601 1059 5653 die
1098 5599 1281 5663 tertiai;
1311 5599 1362 5652 in
1408 5599 1432 5653 1
1467 5597 1600 5666 Reg.
1641 5597 1857 5666 optimae
1881 5605 2021 5649 notas

419 5674 552 5728 etin
585 5677 604 5726 1
641 5673 804 5726 Brun.
829 5679 912 5727 est
937 5671 1073 5741 quod
1128 5670 1212 5723 die
1260 5670 1429 5741 tertio.
1461 5665 1661 5722 Verum
1681 5665 1832 5737 apud
1859 5666 2016 5741 Joan.

421 5761 546 5816 cap.
577 5743 668 5808 19,
699 5759 751 5796 v.
787 5743 892 5816 56,
914 5737 1106 5798 melior
1133 5741 1272 5816 rati_o
1303 5739 1571 5816 redditur,
1595 5745 1878 5816 nempe_nt
1921 5737 2021 5792 im-

421 5807 665 5886 plérctur
692 5817 834 5886 qthd
863 5814 1062 5869 dictqu
1085 5820 1170 5886 est
1211 5811 1383 5886 Exodi
1420 5826 1539 5879 cap.
1595 5825 1671 5886 x_n
1717 5807 2015 5886 etl‘iumer.

421 5879 544 5956 cap.
577 5901 633 5939 Ix
662 5904 674 5940 :
712 5885 782 5940 0s
820 5884 1413 5956 noncomminuelis‘egc
1439 5897 1528 5956 eo;
1579 5881 1668 5936 ubi
1698 5879 1857 5956 verba
1887 5881 2021 5940 fiunt

426 5951 678 6026 ilc'Agnn
707 5954 976 6016 l’aschali,
1001 5954 1090 6025 qui
1122 5955 1286 6023 ﬁgura
1324 5951 1421 6007 fuit
1447 5951 1575 6009 Jesu
1607 5951 1907 6007 morientis.
1951 5984 2019 6028 Ai,

2111 3104 2256 3161 idem
2279 3104 2381 3163 est.

2181 3200 2313 3254 Ante
2340 3202 2404 3253 de
2431 3215 2525 3254 sua
2564 3198 2803 3270 passione
2838 3197 3145 3270 praedicans.
3176 3196 3303 3254 Haec
3324 3199 3486 3256 lectio
3514 3209 3598 3256 est
3627 3215 3724 3256 ve-

2110 3271 2397 3326 tustiorum
2423 3279 2479 3326 et
2503 3271 2772 3340 potiorqu
2795 3285 2928 3341 mss.
2959 3269 2996 3324 2
3030 3269 3264 3336 Bonon.,
3292 3271 3628 3341 Regio-PaL,
3653 3273 3716 3329 11

2109 3341 2363 3408 aliorum,
2394 3357 2457 3396 ac
2481 3341 2512 3396 9
2540 3342 2829 3412 editorum.
2871 3340 2930 3396 In
2953 3341 3021 3397 i8
3049 3340 3394 3412 rec.scriptis
3423 3353 3507 3398 est
3530 3352 3716 3400 ante...

2109 3413 2392 3481 praedicens
2418 3431 2429 3466 :
2463 3428 2572 3482 prta
2597 3412 2740 3468 enim
2775 3411 2915 3468 idem
2940 3422 3024 3468 est
3049 3413 3190 3479 quod
3218 3411 3353 3468 ante.

2183 3503 2414 3575 Str/ﬁxus
2439 3505 2613 3574 itaque
2635 3505 2756 3575 quia
2782 3504 3020 3572 spiritum
3048 3503 3370 3575 deposuerat.
3389 3505 3479 3562 Sic
3502 3509 3720 3574 reposui

2109 3589 2178 3631 ex
2194 3575 2580 3648 antiquissimis
2599 3589 2729 3648 mss.
2751 3576 2777 3630 1
2799 3575 2958 3648 Beg.,
2975 3575 3000 3628 1
3020 3575 3254 3648 Bonon.,
3271 3576 3307 3630 2
3323 3577 3394 3630 al.
3412 3577 3546 3648 Reg.
3560 3578 3720 3635 Manu

2109 3645 2314 3701 exarati
2329 3644 2412 3702 ’16
2442 3661 2551 3702 ree.
2584 3655 2638 3701 et
2678 3646 2714 3700 2
2750 3644 2902 3701 edit.‘
2931 3655 3038 3717 vet.
3082 3644 3284 3717 habent
3331 3663 3446 3702 cum
3483 3644 3720 3717 spiritum

2106 3717 2628 3788 spontedeposuerat.
2647 3717 2846 3785 Scripti
2869 3717 2905 3771 ‘2
2931 3716 3067 3788 Reg.
3099 3726 3156 3788 et
3182 3716 3412 3788 Tornes.
3439 3716 3561 3776 cum
3591 3720 3718 3776 edd.

2109 3786 2165 3854 8,
2180 3803 2295 3842 cum
2308 3786 2544 3859 spiritum
2559 3798 2740 3860 sponte
2749 3786 3088 3858 deposuisset.
3105 3787 3206 3844 Ms.
3223 3787 3378 3846 Cant.
3391 3831 3406 3856 ,
3424 3791 3722 3862 deponeret.

2183 3879 2422 3934 lnhabile
2449 3878 2766 3934 redderetur.
2797 3877 2916 3933 Non
2943 3887 3028 3934 est
3049 3878 3168 3934 haec
3190 3879 3362 3946 ratio;
3400 3881 3542 3936 Deus
3570 3883 3719 3938 enim

2110 3953 2202 4020 qui
2232 3952 2447 4022 ereavit
2465 3965 2695 4022 corpus,
2725 3949 2974 4005 mutilum
3005 3950 3262 4021 supplere
3301 3951 3530 4007 valebat.
3565 3953 3723 4021 Quod

2109 4023 2270 4078 etiam
2301 4021 2515 4078 eveniet
2543 4021 2596 4077 in
2628 4022 3052 4089 resurrectione,
3080 4036 3202 4077 cum
3246 4023 3429 4077 mutila
3468 4037 3721 4095 corpora,

2109 4106 2240 4148 sana
2269 4103 2324 4148 et
2351 4095 2558 4165 integra
2588 4101 2889 4164 resurgent.

2185 4184 2442 4259 Exaltagri.
2468 4185 2566 4242 Hic
2588 4185 2831 4259 allude_re
2851 4184 3062 4259 videtur
3091 4185 3156 4259 ad
3186 4185 3314 4242 illud
3330 4185 3529 4242 Christi
3552 4187 3722 4259 ipsius

2109 4259 2333 4313 verbum
2359 4257 2554 4314 Johan.
2588 4272 2662 4330 xu
2689 4275 2703 4309 :
2737 4257 2804 4330 Et
2839 4274 2931 4328 ego
2960 4257 3006 4312 si
3033 4257 3286 4313 exaltatus
3325 4260 3469 4330 fuero
3499 4275 3531 4312 a
3560 4257 3720 4329 terra,

2112 4345 2286 4384 omnes
2317 4330 2519 4384 traham
2548 4329 2617 4383 ad
2645 4345 2725 4382 me
2746 4329 2933 4398 ipsum.

2032 4427 2088 4487 Ι)
2183 4421 2312 4476 Cum
2357 4422 2538 4476 limina
2576 4437 2671 4475 sua
2696 4420 3152 4492 decruorerAgni
3198 4429 3396 4476 notant.
3428 4421 3518 4479 Sic
3557 4424 3720 4480 etiam

2116 4507 2342 4566 sensere
2377 4491 2684 4566 Cyprianus
2721 4490 2817 4546 lib.
2864 4507 2900 4546 ιι
2934 4490 3194 4566 adversus
3241 4492 3459 4566 .ludteos
3489 4493 3517 4566 ᾗ
3548 4494 3641 4562 22,
3670 4504 3725 4551 et

2116 4563 2479 4633 Hieronymus
2504 4563 2558 4617 in
2585 4562 2709 4618 lsai.
2741 4578 2884 4629 ml,
2907 4572 2965 4618 ut
2992 4572 3048 4619 et
3070 4562 3405 4621 Lactantius.

2195 4655 2264 4711 Ut
2294 4671 2486 4729 agnum
2523 4655 2823 4729 candidum.
2872 4655 3038 4729 Exodi
3087 4657 3197 4726 mf,
3242 4657 3448 4729 absque
3493 4660 3724 4728 macula,

2119 4741 2228 4783 non
2271 4727 2492 4795 coloris,
2524 4726 2620 4782 sed
2665 4726 3050 4793 deformitatis,
3075 4739 3132 4782 ut
3155 4726 3405 4794 claudus,
3426 4726 3727 4797 scabiosus,

2119 4799 2204 4854 vel
2249 4799 2474 4870 alterius
2505 4797 2621 4854 vitii
2662 4798 2962 4870 aeimorbi.
2997 4799 3112 4854 Hoc
3155 4799 3224 4855 de
3252 4801 3493 4870 qualibet
3511 4801 3730 4858 victima

2121 4869 2318 4925 dicitur
2346 4869 2525 4926 Levit.
2554 4885 2684 4924 χιιι.
2711 4869 3040 4925 Μειηοςιιιυει.

2193 4958 2566 5031 Primogenita.
2593 4961 2682 5015 Sic
2705 4960 2989 5016 emendavi
3015 4976 3083 5017 ex
3111 4963 3362 5019 omnibus
3391 4978 3521 5020 mss.
3549 4973 3604 5021 et
3630 4966 3729 5019 im-

2121 5033 2346 5102 pressis,
2375 5040 2570 5101 praiter
2599 5032 2717 5087 Em.
2748 5042 2809 5103 et
2830 5031 2984 5087 Cant.
3010 5043 3065 5088 et
3085 5033 3120 5089 5
3158 5034 3288 5089 edit.
3315 5051 3424 5091 rec.
3457 5037 3507 5089 in
3535 5035 3728 5103 quibus

2122 5111 2226 5175 est,
2256 5102 2762 5175 primogenitLASed
2813 5111 2866 5157 et
2919 5105 3293 5175 primogenita,
3335 5105 3476 5175 quod
3530 5102 3728 5163 nomen

2121 5173 2371 5246 homines
2391 5184 2444 5228 et
2473 5173 2702 5246 pecudes
2719 5173 3111 5244 complectitur;
3125 5176 3272 5246 juxta
3290 5173 3696 5242 Exod.xn,xxtx
3710 5220 3724 5234 .

2194 5245 2380 5318 Imago
2420 5248 2605 5318 fuerat.
2638 5245 3045 5318 Licetiabunde
3087 5255 3232 5318 esset
3257 5259 3724 5318 argumentorum,

2121 5314 2647 5390 quibus'conlirmari
2681 5317 2850 5390 possit
2864 5314 3391 5390 veritaschristiauaa
3419 5314 3724 5390 religionis,

2123 5385 2607 5464 fatendumtamen
2639 5385 2722 5442 est
2759 5386 2886 5464 olim
2936 5385 3075 5455 apud
3124 5387 3385 5456 quosdam
3433 5385 3728 5464 scriptores

2123 5458 2517 5536 ecclesiasticos
2554 5459 2607 5536 i_n
2653 5472 2751 5512 usu
2781 5457 2942 5512 fuisse
2966 5498 2979 5521 ,
3012 5465 3070 5536 u_t
3107 5472 3458 5536 quascumque
3489 5457 3725 5536 aliquam

2123 5530 2236 5587 veri
2271 5530 2506 5600 speciem
2549 5528 2775 5594 ferrent,
2801 5541 2862 5582 ea
2909 5528 3086 5600 omnia
3113 5528 3177 5583 ad
3205 5544 3318 5585 rem
3352 5528 3502 5588 suam
3542 5528 3727 5590 tr'ahe-

2122 5613 2279 5675 rent,_
2297 5598 2406 5655 tum
2433 5602 2607 5670 signa,
2646 5607 2758 5654 tum
2787 5598 3133 5675 prophetias,
3163 5603 3322 5675 etiam
3356 5605 3644 5675 allegorice
3673 5611 3728 5658 et

2124 5673 2347 5746 mystice
2370 5669 2632 5740 sumptas,
2659 5669 2800 5740 quod
2831 5671 2917 5724 hic
2942 5669 3145 5746 factum
3169 5673 3408 5731 videmus
3435 5669 3723 5729 a'Lactan-

2123 5743 2216 5798 tie.
2251 5747 2499 5798 Attamen
2542 5757 2698 5796 nemo
2747 5749 2830 5796 est
2865 5743 2952 5807 qni
2992 5752 3150 5812 neget
3177 5758 3370 5812 agnum
3420 5745 3724 5812 pasehalctn

2126 5817 2349 5886 ﬁguram
2372 5812 2509 5883 Agni
2541 5814 2674 5886 veri,
2709 5813 2866 5886 idest
2897 5814 3196 5886 Scrvatoris
3225 5815 3392 5867 nostri
3432 5813 3618 5868 fuisse.

2198 5885 2371 5953 Agnus
2415 5886 2568 5936 enim.
2619 5884 2868 5941 Omnium
2915 5883 3402 5954 manuscriptorum
3448 5893 3566 5951 est;
3611 5891 3732 5942 nant

2128 5967 2306 6027 agnus,
2341 5954 2624 6010 editorum:
