4154 6196
452 320 560 380 533

1359 322 1559 381 LIBER
1596 321 1685 379 IV.
1730 322 1818 379 DE
1856 321 2045 379 VIIRA
2084 323 2447 382 SAPIENTIA
2488 325 2578 381 ET
2618 325 2842 384 RELIG.

3647 328 3751 387 534

453 456 590 508 rem,
623 450 683 496 ut
721 449 1091 511 expugnarent
1141 439 1235 496 Dei
1267 439 1561 510 templum,
1595 454 1763 509 seque
1805 454 1934 495 vero
1960 455 2046 496 sa-
2074 441 2238 503 Atus
2281 440 2560 506 dementit,
2605 440 2859 508 effertur,
2912 441 3106 496 insanit
3148 460 3159 493 :
3209 443 3466 498 ducamus
3508 445 3650 498 hunc
3697 444 3745 497 in

453 534 675 605 crilegio
709 532 1160 598 contaminarent,
1186 531 1328 602 quod
1357 531 1690 603 gravissimis
1719 546 2047 602 persequen-

454 629 584 684 tium
614 626 790 699 poenis
819 626 1144 697 expiaretur.
1177 624 1288 681 Nec
1315 636 1493 682 tamen
1525 641 1589 681 ex
1631 624 1733 680 hoc
1776 627 1890 696 ipso
1916 626 2048 682 εωρί

453 721 699 776 homines
751 717 1053 788 intelligere
1096 723 1341 788 possunt,
1386 727 1478 773 aut
1519 717 1656 773 hanc
1704 732 1826 774 esse
1863 734 2044 773 veram

452 812 767 884 religionem
791 852 807 878 ,
839 811 921 866 cui
965 810 1033 866 ad
1065 809 1384 866 vincendum
1413 820 1557 866 tanta
1602 809 1683 866 vis
1731 812 1902 877 inest,
1953 819 2046 866 aut

451 910 593 965 illam
639 908 826 962 falsam
851 946 867 972 ,
898 920 1020 976 quae
1043 903 1337 960 subsistere
1359 946 1372 969 ,
1403 913 1494 958 aut
1531 905 1787 974 congredi
1817 918 1920 960 non
1951 920 2046 975 po.

450 1009 571 1057 test.

518 1089 626 1148 Sed
654 1089 824 1158 aiunt,
858 1087 960 1144 hoc
982 1087 1114 1144 deos
1141 1103 1244 1142 non
1277 1096 1446 1157 metu,
1468 1104 1654 1145 verum
1682 1087 1806 1144 odio
1832 1088 2040 1157 facere;

444 1185 598 1256 quasi
617 1183 897 1255 quisquam
920 1184 1090 1253 possit
1108 1182 1286 1238 odisse
1306 1183 1409 1237 nisi
1431 1197 1576 1250 eum,
1604 1183 1691 1253 qui
1713 1191 1804 1238 aut
1825 1194 2038 1252 noceat,

445 1286 540 1332 aut
583 1275 748 1348 possit
787 1289 999 1332 nocere.
1049 1274 1219 1331 Immo
1259 1291 1390 1332 vero
1422 1291 1725 1346 congruens
1772 1264 2041 1348 maiestati

445 1369 566 1435 fuit,
597 1377 654 1424 ut
678 1383 794 1438 eos,
827 1382 963 1439 quos
988 1366 1237 1435 oderant,
1263 1367 1620 1438 praesentibus
1647 1368 1821 1438 poenis
1860 1357 2041 1426 allice-

439 1472 561 1518 rent
585 1462 783 1532 potius,
813 1475 974 1532 quam
1001 1459 1266 1531 fugerent.
1297 1459 1403 1516 Sed
1444 1460 1697 1531 quoniam
1740 1476 1916 1533 neque
1945 1477 2039 1518 ac-

435 1554 632 1611 cedere
669 1553 738 1609 ad
766 1568 860 1610 eos
897 1563 1156 1625 possunt,
1199 1551 1252 1607 in
1290 1551 1488 1623 quibus
1534 1550 1814 1610 caelestem
1856 1559 2038 1611 notam

435 1646 692 1713 viderint,
725 1661 824 1701 nec
852 1647 916 1701 iis
941 1659 1158 1712 nocere,
1181 1659 1317 1712 quos
1346 1644 1556 1716 signum
1587 1644 1895 1702 immortale
1920 1661 2039 1701 mu-

434 1741 594 1796 nierit
624 1748 896 1812 tamquam
923 1735 1348 1809 inexpugnabilis
1385 1751 1602 1802 murus;
1644 1736 1914 1793 lacessunt
1942 1751 2036 1793 eos

2152 532 2301 588 Jovis
2332 532 2518 602 optimi
2549 534 2764 588 maximi
2797 533 3092 603 templum;
3125 533 3205 589 vel
3229 575 3242 600 ,
3277 535 3399 604 quia
3431 551 3623 590 sanare
3654 538 3747 588 ho-

2153 629 2326 683 tnines
2350 628 2559 698 Jupiter
2586 631 2773 694 nescit,
2805 629 2855 682 in
2899 627 3192 700 {Esculapii
3223 629 3305 683 vel
3337 627 3637 700 Appollinis
3665 630 3745 684 fa-

2152 736 2300 774 num.
2328 719 2519 775 Jubeat
2548 720 2853 776 utriuslibet
2882 721 3155 787 sacerdos,
3203 720 3285 775 dri
3316 721 3397 775 sui
3423 723 3656 786 nomine,
3693 734 3745 776 nt

2149 829 2356 870 nocens
2401 815 2490 870 ille
2530 815 2748 886 spiritus
2787 813 3017 870 excedat
3067 829 3132 869 ex
3189 814 3406 870 homine
3442 833 3454 870 :
3507 814 3655 870 nullo
3695 815 3744 868 id

2147 917 2305 978 pacto
2332 907 2450 963 fieri
2479 917 2673 979 potest.
2703 906 2834 974 Quae
2862 905 3021 976 igitur
3049 906 3126 961 vis
3157 906 3381 961 deorum
3409 915 3513 970 est,
3544 907 3587 960 si
3615 905 3744 961 sub-

2142 1000 2316 1069 jectos
2343 999 2443 1055 sibi
2474 999 2747 1055 daemonas
2779 1014 2883 1053 non
2913 997 3149 1053 habent?
3191 1000 3259 1053 At
3281 1013 3409 1054 vero
3449 997 3609 1054 iidem
3638 998 3748 1051 dze-

2147 1110 2356 1159 mones,
2380 1095 2607 1165 adjurati
2630 1109 2724 1166 per
2752 1108 2944 1148 nomen
2980 1093 3072 1148 Dei
3099 1093 3208 1147 veri
3239 1094 3480 1162 protinus
3513 1091 3741 1163 fugiunt.

2144 1188 2275 1256 Quae
2302 1190 2435 1243 ratio
2470 1198 2586 1255 est,
2617 1198 2672 1241 ut
2700 1185 2972 1242 Cinistum
3034 1185 3275 1252 timeant,
3330 1183 3516 1240 Jovem
3566 1196 3744 1240 autem

2145 1295 2252 1336 non
2309 1282 2568 1346 timeant,
2628 1279 2728 1334 nisi
2803 1278 2944 1349 quod
3005 1277 3164 1332 iidem
3227 1287 3353 1332 sunt
3415 1278 3730 1344 dmmones,

2144 1387 2281 1444 quos
2319 1372 2508 1444 vulgus
2560 1370 2694 1428 deos
2736 1385 2857 1426 esse
2905 1366 3193 1440 opinatur?
3233 1367 3474 1439 Denique
3519 1368 3565 1422 si
3607 1384 3736 1424 con-

2143 1468 2398 1522 stituatur
2445 1466 2497 1520 in
2541 1464 2718 1520 medio
2776 1463 2946 1529 etis,
2991 1477 3151 1533 quem
3199 1470 3412 1518 Constat
3467 1461 3739 1517 incursum

2143 1559 2406 1616 daemonis
2437 1560 2668 1632 perpeti,
2702 1567 2756 1614 et
2785 1555 3023 1628 Delphici
3055 1555 3322 1626 Apollinis
3349 1564 3524 1624 vates,
3548 1555 3741 1612 eodem

2143 1652 2305 1708 modo
2335 1652 2429 1708 Dei
2456 1666 2654 1707 nomen
2680 1641 3007 1715 horrebunt;
3031 1659 3086 1703 et
3118 1658 3222 1702 tam
3246 1648 3496 1704 celeriter
3516 1648 3744 1706 excedet

2141 1745 2208 1800 de
2236 1754 2358 1800 vate
2383 1760 2480 1800 suo
2510 1741 2725 1814 Apollo,
2749 1756 2909 1812 quam
2936 1757 3004 1796 ex
3029 1739 3242 1796 homine
3264 1738 3483 1810 spiritus
3509 1738 3601 1796 ille
3626 1740 3738 1796 da:-

433 1850 530 1906 ρει·
557 1833 826 1900 homines.
852 1842 906 1889 el
929 1829 1179 1888 mallibus
1209 1840 1606 1902 persequuntur
1632 1830 1825 1886 alienis
1855 1847 1869 1889 :
1899 1846 2037 1903 quos
2065 1845 2114 1906 Β
2143 1838 2444 1904 moniacus,
2469 1834 3088 1908 etadjnratolugatoque
3109 1833 3210 1890 deo
3231 1849 3348 1901 suo,
3377 1844 3526 1890 vates
3549 1835 3601 1889 in
3619 1849 3743 1906 per-

432 1926 675 2000 profccto
727 1927 774 1982 si
826 1941 946 1983 esse
983 1925 1331 1991 conﬁtentur,
1379 1924 1626 1980 vicimus.
1673 1923 1908 1981 NeceSse
1955 1935 2038 1982 est

429 2021 576 2076 enim
615 2033 796 2074 veram
826 2033 946 2074 esse
978 2017 1114 2072 hanc
1144 2016 1480 2087 religionem,
1513 2031 1632 2087 qure
1663 2025 1719 2071 et
1770 2018 2035 2073 rationem

430 2112 738 2168 daemonum
768 2109 940 2177 novit,
974 2118 1027 2164 et
1053 2108 1310 2164 astuciam
1339 2107 1609 2179 intelligit,
1637 2116 1690 2163 et
1715 2107 1823 2163 vim
1855 2117 2036 2164 retun-

430 2207 532 2273 dit,
563 2215 619 2262 et
647 2219 743 2261 eos
763 2203 1092 2276 spiritalibus
1117 2203 1282 2258 armis
1311 2201 1547 2258 domitos
1573 2216 1636 2258 ac
1665 2200 1918 2259 subactos
1944 2219 2035 2260 ce-

431 2299 565 2356 dere
590 2299 693 2355 sibi
725 2300 885 2371 cogit.
921 2297 976 2355 Si
1020 2306 1258 2368 negant,
1290 2295 1610 2352 testimoniis
1657 2305 1934 2368 poetarum
1971 2312 2034 2355 ac

433 2392 876 2464 philoSOpborum
916 2391 1246 2448 refellentur.
1290 2391 1444 2459 Quod
1479 2389 1525 2446 si
1565 2405 1719 2458 esse,
1761 2401 1816 2447 et
1859 2393 2033 2450 malos

429 2502 573 2552 esse,
603 2486 810 2542 inﬁcias
848 2501 955 2542 non
997 2494 1158 2553 eunt,
1187 2484 1312 2556 quid
1346 2494 1632 2556 superest,
1663 2483 1764 2540 nisi
1803 2484 1861 2541 ut
1895 2486 2032 2542 alios

429 2578 613 2634 dicant
648 2592 770 2635 esse
806 2578 939 2635 deos
961 2619 976 2644 ,
1013 2578 1151 2632 alios
1189 2576 1502 2633 daemones?
1543 2575 1830 2648 Exponam
1871 2580 2032 2650 igitur

426 2669 584 2728 nobis
612 2670 966 2726 diﬂ’erentiam
997 2670 1210 2742 generis
1236 2670 1534 2741 utriusque,
1565 2679 1621 2724 ut
1645 2669 1879 2726 sciamus
1902 2667 2029 2742 quid

427 2759 714 2820 colendum
734 2804 752 2832 ,
783 2761 910 2834 quid
938 2763 1301 2818 execrandum
1332 2761 1430 2827 sit;
1465 2759 1766 2819 habeantnc
1804 2763 1941 2820 inter
1969 2780 2029 2822 se

425 2855 640 2926 aliquod
664 2856 1022 2922 consortium,
1055 2871 1124 2911 an
1153 2871 1282 2911 vero
1303 2854 1508 2912 inimici
1535 2858 1660 2912 sint.
1692 2856 1748 2912 Si
1776 2868 1898 2912 sunt
1928 2859 2026 2914 ali-

423 2964 524 3020 qua
566 2947 966 3004 necessitudine
1007 2947 1275 3020 copulatl,
1305 2958 1569 3018 quatenus
1615 2964 1712 3006 eos
1752 2948 2026 3008 discerne-

421 3040 586 3096 mus?
613 3049 704 3096 aut
743 3039 1014 3112 quomodo
1046 3041 1322 3111 utriusque
1354 3039 1569 3113 generis
1601 3044 1861 3099 honorem
1904 3037 2022 3100 eul-

421 3144 642 3204 tumque
671 3131 1054 3189 miscebimus?
1081 3133 1136 3188 Si
1164 3143 1342 3190 autem
1371 3143 1494 3191 sunt
1532 3131 1738 3192 inimici
1763 3178 1778 3206 ,
1807 3152 1904 3193 cur
1931 3147 2025 3194 aut

2140 1938 2360 2000 petuum
2400 1928 2747 1985 conticescet.
2775 1926 2916 1998 Ergo
2945 1925 3106 1982 iidem
3133 1935 3254 1981 sunt
3277 1925 3574 1992 daemones,
3599 1942 3734 1998 quos

2139 2020 2376 2078 fatentur
2392 2020 2725 2078 execrandos
2741 2035 2882 2088 esse,
2898 2017 3061 2076 iidem
3080 2019 3174 2087 dii,
3193 2017 3388 2090 quibus
3405 2019 3732 2090 supplicant.

2211 2115 2266 2172 Si
2299 2113 2454 2170 nobis
2480 2111 2809 2171 credendum
2840 2127 2962 2170 esse
2992 2129 3097 2168 non
3141 2120 3348 2184 putant,
3371 2112 3601 2170 credant
3629 2113 3738 2170 Hea

2135 2220 2308 2274 mero,
2340 2207 2428 2277 qui
2462 2221 2731 2261 summum
2786 2204 2938 2261 illum
2961 2204 3151 2262 Jovem
3180 2203 3518 2261 datmonibus
3542 2221 3736 2277 aggre-

2134 2300 2281 2372 gavit
2309 2318 2320 2354 :
2355 2299 2448 2356 sed
2472 2306 2528 2356 et
2550 2298 2672 2355 aliis
2698 2299 2871 2370 poetis
2901 2312 2963 2354 ac
2995 2297 3351 2369 pbilosophis,
3389 2295 3479 2368 qui
3513 2297 3733 2354 eosdem

2135 2391 2295 2446 modo
2322 2391 2619 2459 daemonas,
2651 2390 2813 2446 modo
2837 2388 2973 2446 deos
3015 2400 3353 2460 nuncupant;
3384 2403 3615 2460 quorum
3659 2390 3738 2444 al-

2135 2494 2308 2541 terum
2359 2501 2567 2552 verum,
2599 2485 2828 2541 alterum
2873 2483 3068 2539 falsum
3097 2492 3198 2538 est.
3224 2481 3306 2537 Illi
3344 2481 3490 2538 enim
3517 2482 3733 2553 nequis-

2131 2579 2254 2634 simi
2281 2579 2525 2650 spiritus,
2573 2577 2662 2632 ubi
2692 2576 3029 2646 adjurantur,
3058 2574 3129 2630 ibi
3155 2589 3214 2630 se
3240 2573 3518 2630 daemonas
3560 2573 3734 2629 conﬁ-

2134 2681 2349 2737 tentur;
2411 2672 2498 2726 ubi
2553 2670 2822 2735 coluntur,
2867 2668 2936 2723 ibi
2986 2682 3047 2723 se
3089 2667 3219 2722 deos
3267 2666 3616 2733 mentiuntur,
3672 2677 3732 2722 ut

2131 2779 2347 2820 errores
2380 2764 2686 2820 hominibus
2724 2761 3046 2829 immittant,
3078 2770 3132 2816 et
3171 2769 3400 2816 avocent
3426 2773 3456 2814 a
3484 2759 3597 2816 veri
3636 2758 3731 2816 Dei

2130 2859 2370 2924 notione,
2396 2873 2492 2929 per
2517 2873 2680 2930 quam
2715 2855 2886 2912 solam
2924 2861 3102 2925 potest
3138 2868 3284 2909 mors
3318 2862 3518 2908 aeterna
3550 2852 3728 2907 vitari.

2134 2950 2299 3007 Iidem
2329 2960 2476 3018 sunt,
2507 2951 2595 3021 qui
2625 2947 2914 3021 dejiciendi
2943 2945 3181 3002 hominis
3205 2960 3390 3010 causa,
3420 2946 3599 3000 varios
3627 2943 3730 3000 sibi

2129 3045 2306 3100 cultus
2353 3059 2448 3115 per
2474 3045 2685 3099 diversa
2737 3041 3018 3112 regionum
3063 3037 3446 3104 condiderunt,
3490 3039 3728 3095 mentitis

2130 3145 2309 3192 tamen
2325 3135 2718 3208 assumptisque
2741 3133 3068 3200 nominibus,
3088 3139 3148 3186 ut
3163 3129 3431 3187 fallerent.
3451 3129 3583 3185 Nam
3603 3130 3730 3201 quia

418 3227 695 3284 daamones
717 3227 850 3284 deos
886 3242 997 3284 non
1040 3229 1262 3295 timent,
1293 3238 1385 3284 aut
1412 3229 1486 3284 dii
1517 3230 1794 3288 daemones
1833 3231 2020 3303 fugare
2049 3225 2096 3289 C
2126 3226 2456 3285 divinitatem
2479 3243 2576 3299 per
2600 3228 2808 3299 seipsos
2830 3224 3083 3281 allectare
3109 3240 3217 3280 non
3245 3230 3524 3296 poterant,
3551 3221 3727 3280 adsci-

413 3332 524 3375 non
552 3319 814 3391 possunt?
842 3318 984 3377 Ecce
1008 3319 1202 3391 aliquis
1241 3320 1499 3378 instinctu
1527 3321 1792 3380 daamon'is
1837 3325 2015 3394 perci-

2126 3329 2321 3377 verunt
2359 3322 2461 3379 sibi
2507 3321 2722 3378 nomina
2764 3319 3065 3391 potentium
3116 3333 3334 3392 regum,
3367 3319 3467 3374 sub
3496 3331 3722 3387 quorum

1769 3467 2126 3531 VARIORUM
2165 3474 2397 3533 NOT/E.

413 3618 464 3658 c.
495 3599 562 3657 21
591 3619 605 3655 :
638 3599 898 3671 Instigant
937 3601 1130 3655 nescios
1171 3600 1226 3655 in
1263 3600 1511 3669 furorem.
1541 3600 1660 3659 Lib.
1691 3607 1781 3671 vn,
1805 3615 1855 3660 c.
1886 3605 1957 3663 20
1989 3627 2004 3664 :

412 3673 682 3730 Concitare
700 3675 900 3726 animos
919 3672 973 3725 in
1005 3672 1247 3741 furorem.
1273 3671 1404 3728 Bon.

491 3743 558 3800 Ut
587 3751 935 3815 expugnarent
957 3742 1054 3797 Dei
1087 3743 1351 3813 templum.
1387 3743 1461 3798 Ita
1490 3743 1769 3801 emendavi
1796 3760 1860 3802 ex
1891 3764 2008 3805 om-

411 3816 574 3873 nibus
600 3827 767 3891 prope
796 3828 934 3891 mss.
953 3823 1007 3871 et
1035 3815 1530 3891 impressis,_recte,
1559 3823 1784 3891 utpntn.
1819 3819 2001 3891 Expu-

413 3893 639 3958 gnarent
658 3885 752 3939 Dei
779 3886 1054 3958 templum,
1084 3885 1492 3958 Nicomediense
1515 3885 1721 3943 scilicet
1743 3929 1760 3956 ,
1791 3885 1931 3958 quod
1974 3895 2005 3947 tt

414 3955 750 4031 Diocletiano
770 3965 825 4031 et
854 3956 1174 4031 Maximiano
1201 3955 1296 4011 fuit
1327 3967 1577 4031 eve-rsum
1605 4001 1619 4023 ,
1653 3959 1720 4015 de
1748 3955 1855 4031 quo
1891 3977 1939 4016 c.
1975 3963 1998 4018 1

414 4030 512 4086 lib.
546 4029 609 4082 tte
637 4027 889 4082 Mortibus
921 4025 1328 4094 Persecutorum,
1351 4028 1504 4096 cujus
1531 4038 1719 4086 auctor
1737 4025 1858 4087 esse
1879 4032 2010 4090 Lac-

414 4100 615 4156 lautius
660 4106 846 4154 noster
874 4097 1048 4153 adhuc
1087 4113 1152 4154 ex
1197 4100 1298 4153 iSto
1342 4113 1459 4168 cap.
1493 4100 1860 4162 conﬁrmatur.
1891 4106 1946 4159 In
1978 4107 2003 4162 1

413 4172 548 4244 Reg.
600 4185 707 4226 rec.
745 4177 800 4244 et
849 4185 944 4225 sex
994 4169 1153 4225 editis
1207 4171 1402 4241 legitur
1444 4182 1825 4244 expurgarent;
1867 4176 1918 4231 in
1980 4169 2005 4232 1

411 4243 486 4298 Va
496 4241 611 4310 tic.,
642 4241 924 4311 expiarent.

486 4309 639 4384 Quod
657 4309 971 4385 gravissimis
991 4313 1409 4385 persequentium
1417 4313 1578 4385 poenis
1597 4317 1908 4385 expiaretur.
1934 4309 2009 4374 De

408 4382 604 4458 quibus
635 4382 750 4453 lege
775 4383 1111 4440 Lactantium
1134 4392 1377 4438 nostrum
1400 4382 1492 4438 lib.
1518 4385 1580 4440 de
1603 4382 1856 4444 Mortibus
1881 4387 2010 4445 Per-

404 4467 711 4513 secutorum.

481 4527 603 4582 Non
633 4535 792 4581 metu.
819 4526 908 4582 Sic
929 4527 1208 4582 emendavi
1237 4541 1302 4582 ex
1331 4525 1582 4582 omnibus
1605 4541 1735 4586 mss.
1763 4539 1817 4586 et
1861 4543 1999 4589 non-

404 4600 566 4656 nullis
587 4600 768 4654 editls.
797 4598 855 4652 In
886 4598 1131 4669 pluribus
1156 4595 1383 4669 vulgatis
1408 4608 1491 4652 est
1521 4610 1668 4654 nutu.

487 4670 671 4744 Yerum
693 4669 832 4744 odio.
857 4669 984 4744 Vide
1001 4667 1395 4744 Tertullia’num
1407 4672 1445 4744 ᾼ
1457 4671 1738 4737 pologetici
1758 4687 1876 4744 cap.
1903 4673 1994 4732 27.

476 4737 697 4813 Signum
719 4741 1005 4814 immortale
1031 4742 1287 4814 mttnierit.
1313 4739 1527 4814 scilicet
1557 4744 1767 4814 signum
1799 4737 1996 4801 crucis.

400 4814 480 4868 Eo
525 4812 822 4883 Saepissime
863 4826 920 4867 se
967 4812 1249 4883 signabant
1297 4812 1460 4883 prisci
1509 4812 1808 4878 christiani,
1862 4826 2000 4874 teste

397 4881 755 4949 Tertulliann,
787 4881 854 4937 de
883 4881 1093 4958 Corona
1135 4899 1188 4936 n.
1218 4883 1250 4936 4
1282 4881 1403 4958 {Ad
1439 4901 1636 4939 omnem
1673 4903 2000 4958 progressum

394 4967 548 5027 atque
571 4963 899 5027 promotum;
919 4955 986 5006 ad
1007 4969 1206 5027 omnem
1237 4953 1435 5007 aditum
1456 4964 1501 5008 et
1533 4953 1722 5010 exitum
1744 4953 1858 5023 {ad
1892 4975 2000 5015 ves-

395 5026 571 5091 titum,
595 5028 664 5080 ad
684 5026 978 5087 calciatum,
1004 5026 1072 5078 ad
1093 5026 1318 5090 lavacra,
1342 5027 1410 5079 ad
1432 5041 1654 5092 mensas,
1685 5031 1754 5081 ad
1779 5030 1995 5096 Iuntina,

393 5100 465 5153 ad
489 5099 724 5163 cubilia,
770 5100 837 5150 ad
882 5096 1102 5164 sedilia,
1151 5112 1466 5166 quacumque
1524 5115 1615 5152 nos
1681 5104 1998 5157 conversatio

393 5181 616 5234 exercet,
640 5169 858 5240 frontem
884 5169 1052 5222 crucis
1079 5167 1347 5240 signaculo
1381 5167 1606 5223 terimus.
1643 5169 1710 5223 Et
1738 5172 1997 5229 adversus

395 5239 724 5297 Marcionem
767 5239 857 5294 lib.
888 5253 978 5310 Ill,
1011 5255 1064 5294 ιι,
1099 5239 1197 5306 18;
1329 5240 1612 5310 Augustin.
1649 5241 1741 5296 lib.
1774 5257 1826 5307 l,
1855 5244 1995 5298 Con-

392 5313 525 5368 fess.
554 5327 676 5380 cap.
713 5313 802 5375 al,
832 5327 884 5364 n.
917 5309 1004 5376 i7;
1035 5312 1087 5365 in
1117 5311 1273 5366 Joan.
1297 5309 1501 5380 cale,
1531 5312 1710 5366 Tract.
1745 5328 1826 5380 ill,
1860 5331 1911 5369 ιι.
1937 5315 1993 5382 2,

393 5393 448 5438 et
477 5383 602 5438 alibi
631 5384 854 5454 passim.
888 5383 1032 5438 Idem
1054 5391 1299 5454 enarrat.
1332 5397 1389 5454 tv
1431 5382 1484 5437 in
1516 5382 1661 5438 Psal.
1689 5400 1817 5450 xxx,
1850 5401 1904 5440 n.
1941 5389 1994 5453 7,

393 5464 449 5510 et
493 5456 544 5509 in
575 5453 720 5510 PSul.
747 5469 800 5520 ι,
825 5465 878 5506 tt.
916 5455 940 5508 1
979 5471 992 5506 :
1029 5453 1178 5522 Quod
1224 5454 1267 5508 si
1313 5453 1445 5522 forte
1482 5455 1749 5510 christiani
1783 5459 1833 5510 in
1883 5459 1995 5526 ipso

392 5528 532 5581 circo
558 5527 732 5598 aliqua
763 5539 827 5580 ea:
854 5539 1011 5578 causa
1033 5537 1388 5592 expavescunt,
1419 5527 1660 5598 continuo
1685 5541 1739 5582 se
1767 5528 1992 5598 signant,

394 5608 442 5651 et
465 5608 602 5652 stant
631 5597 740 5651 illic
780 5606 1040 5667 portantes
1070 5598 1122 5648 in
1171 5600 1373 5667 fronte,
1404 5597 1541 5651 unde
1578 5597 1924 5666 abscederent,
1949 5604 1992 5656 si

399 5669 496 5724 hoc
525 5673 576 5722 in
605 5670 756 5722 corde
786 5676 1066 5739 portarent.
1095 5667 1229 5722 Vide
1267 5666 1400 5721 infra
1426 5669 1491 5723 de
1530 5667 1780 5723 Mortibus
1810 5669 1996 5727 Perse-

398 5750 657 5803 cutorum,
683 5737 801 5804 cap,
833 5737 921 5794 10.

480 5753 932 5880 ὅῖιῖτὶιῗὲἶέὶιῖἳὶ
956 5823 1064 5865 esu
1087 5809 1413 5879 conﬁtentur.
1438 5807 1598 5868 Solus
1617 5809 1776 5868 00th.
1793 5849 1806 5878 ,
1825 5814 1870 5868 ιε
1889 5820 1994 5870 ειη

2107 3613 2299 3683 justas.

2197 3683 2447 3740 Vicimus.
2475 3685 2552 3741 lta
2583 3700 2774 3742 omnes
2815 3685 2930 3742 fere
2952 3686 3193 3759 vulgati,
3242 3697 3296 3743 et
3336 3691 3716 3759 quampluriml

2116 3770 2245 3832 mss.
2275 3759 2735 3832 antiquissimiget
2776 3758 2995 3829 optimi;
3027 3759 3079 3814 in
3126 3759 3196 3816 10
3243 3760 3460 3832 scriptis
3500 3758 3612 3820 rec.
3662 3773 3719 3820 et

2117 3827 2288 3882 tribus
2316 3827 2498 3897 editis,
2525 3830 2794 3884 uincimus.

2186 3897 2801 3973 Alios_dtemones._Sunt
2833 3901 2976 3956 enim
3021 3900 3094 3973 dii
3137 3901 3376 3971 gentium
3422 3902 3711 3973 dmmonia,

2115 3969 2463 4045 alt‘Psalnnts
2493 3986 2614 4045 xcv.
2644 3971 2828 4045 Deliis
2856 3987 3014 4042 supra
3044 3969 3271 4045 libro",
3303 3985 3418 4045 cap.
3453 3975 3519 4030 15
3541 3985 3597 4030 et
3623 3969 3710 4032 16ζ

2119 4038 2255 4118 Vide
2272 4049 2329 4118 et.
2381 4041 2682 4118 Eusebium
2705 4041 2797 4098 lib.
2832 4059 2864 4096 v
2889 4038 2944 4098 et
2974 4057 3057 4118 vt,
3085 4038 3477 4118 deAPragpa'rat.
3505 4046 3711 4118 Evang.

2183 4108 2564 4183 Differentiam.
2589 4115 2615 4168 1
2650 4112 2781 4183 Reg.
2816 4119 2999 4168 rec.et
3022 4113 3056 4170 6
3079 4113 3232 4181 edd.,
3264 4108 3600 4182 di/ferentias.

2185 4182 2462 4257 Dementit,
2494 4183 2722 4257 e/Tertur,
2737 4182 2949 4257 insanit.
2964 4184 3381 4257 vaticinantium
3417 4191 3712 4257 proprium.

2115 4251 2288 4324 Yirg.,
2346 4249 2454 4310 lib.
2496 4249 2552 4310 vt
2604 4254 2848 4321 Aineidq
2896 4255 3239 4323 Prudentius,
3289 4249 3382 4311 lib.
3417 4249 3477 4312 in
3515 4249 3712 4314 contra

2115 4322 2452 4398 Symmach.;
2473 4325 2764 4398 _Apuleit_t_s,
2792 4326 2888 4398 lib.
2908 4341 3002 4381 vm
3027 4326 3204 4398 Miles.
3227 4322 3394 4380 'Inter
3427 4329 3537 4382 haec
3580 4345 3715 4385 unus

2113 4411 2177 4467 ex
2205 4395 2310 4450 illis
2340 4395 2610 4451 bacchatus
2650 4395 2882 4465 effusius,
2910 4411 2971 4450 ac
2999 4397 3063 4452 de
3089 4397 3206 4451 imis
3233 4398 3530 4467 praecordiis
3554 4399 3716 4457 anlte-

2111 4465 2233 4540 litus
2262 4469 2464 4540 crebros
2493 4470 2736 4540 referens.

2182 4534 2347 4592 Iidem
2396 4550 2513 4592 sunt
2541 4534 2817 4603 dwmones,
2847 4545 2950 4593 etc.
2979 4536 3180 4594 Verum
3203 4545 3286 4594 est
3314 4541 3713 4600 vetustissimos

2107 4605 2416 4681 Graecorum
2445 4609 2738 4681 scriptores
2761 4609 3026 4681 deamonas
3053 4618 3107 4664 et
3134 4610 3255 4664 deos
3282 4614 3590 4681 promiscue
3613 4629 3713 4670 no-

2106 4679 2313 4756 minare
2338 4693 2432 4756 sua
2475 4679 2640 4756 idola.
2676 4679 2904 4756 )iden_di
2938 4681 3225 4756 Euripides
3251 4679 3301 4738 in
3346 4685 3549 4756 prolog.
3582 4685 3714 4756 Hip-

2104 4750 2214 4823 pol.
2244 4751 2312 4805 de
2336 4751 2540 4823 Diana;
2574 4751 2802 4823 deJove
2827 4750 3117 4823 Cleanthes
3143 4753 3320 4809 editus
3347 4750 3374 4808 a
3403 4757 3460 4811 ιθ.
3486 4750 3708 4823 Ursino;

2104 4822 2354 4886 Arianus,
2393 4822 2487 4879 lib.
2531 4838 2585 4878 v1
2613 4822 2844 4885 Α’νάϐας.
2867 4821 3351 4895 ΒΑῐιτιιιυδ.-Ιρδί
3381 4837 3559 4883 autem
3593 4821 3707 4883 dwé

2103 4907 2294 4967 mones
2315 4901 2370 4967 et
2395 4895 2545 4967 genii
2569 4895 2731 4967 iidem
2762 4905 2917 4950 erant
2943 4897 3080 4967 apud
3112 4906 3346 4952 veteres.

2143 5033 2146 5036 ῃ
2178 4961 2490 5020 Ηοννεὸιὶηι.
2513 4965 2753 5023 Subaudi
2775 4961 3003 5037 uterque,
3023 4968 3228 5024 scilicet
3247 4968 3500 5025 obsessus
3523 4969 3705 5037 homo,

2101 5039 2155 5089 et
2179 5045 2329 5106 vates
2354 5037 2640 5106 Apollinis.

2175 5105 2424 5180 Homero.
2457 5107 2593 5180 Vide
2620 5105 2867 5180 Homer.,
2897 5109 3070 5166 llliad.
3116 5125 3153 5176 ι,
3184 5125 3235 5164 v.
3266 5108 3396 5175 222,
3424 5119 3476 5166 et
3534 5111 3704 5168 Euse-

2101 5177 2268 5252 bium,
2302 5179 2395 5234 lib.
2419 5195 2460 5252 Av
2488 5178 2758 5252 deiprtep.
2792 5177 3021 5252 Evang.,
3055 5197 3106 5237 c.
3135 5182 3189 5236 4.

2171 5249 2522 5325 meonibus.
2560 5251 2616 5307 Id
2648 5249 2750 5315 est.
2783 5249 2963 5325 geniis:

2173 5319 2277 5376 Per
2305 5323 2501 5376 diversa
2541 5319 2824 5396 regionum.
2857 5323 2952 5378 llic
2988 5320 3302 5396 graecistntts
3329 5337 3458 5396 mss.
3490 5333 3597 5395 est,
3627 5327 3708 5384 in-

2102 5400 2182 5447 ter
2209 5409 2345 5462 quos
2375 5402 2502 5449 sunt
2531 5393 2638 5449 duo
2664 5407 2770 5450 vet.
2797 5395 2928 5462 Reg.
2961 5393 3016 5448 et
3047 5395 3080 5448 6
3106 5393 3230 5448 edd.
3256 5393 3354 5450 Ms.
3385 5395 3523 5452 Ultr.
3551 5393 3710 5456 habet

2100 5478 2191 5541 per
2214 5465 2467 5541 diversam
2496 5467 2754 5541 regionem
2771 5481 2792 5530 ;
2821 5465 2845 5518 1
2879 5465 3042 5541 Reg.,
3067 5466 3090 5518 1
3138 5463 3284 5534 Lips.
3306 5476 3368 5541 et
3396 5468 3588 5538 Brun.,
3617 5487 3710 5541 per

2098 5535 2327 5612 diversas
2343 5537 2572 5612 regiones
2592 5537 2683 5612 ;_I.
2701 5535 2908 5591 Bonon.
2934 5535 3100 5612 an‘tiq.
3115 5579 3131 5603 ,
3163 5553 3256 5607 per
3281 5538 3481 5612 diuersa
3501 5535 3706 5612 religio-

2097 5623 2256 5680 nunt;
2285 5606 2414 5680 Pal.
2447 5606 2574 5680 et}
2628 5606 2798 5676 Lips.,
2832 5624 2922 5678 per
2959 5606 3212 5662 diversam
3238 5609 3567 5680 religionem;
3593 5606 3702 5666 rec.

2097 5678 2130 5732 4
2160 5677 2319 5751 Reg,
2363 5679 2398 5735 4
2423 5676 2677 5751 Αβριϋρη.
2710 5689 2767 5733 et
2813 5676 2846 5735 5
2875 5680 3001 5748 alii,
3033 5695 3156 5736 cum
3206 5676 3434 5751 vulgatis
3474 5691 3703 5751 septeni,

2099 5749 2334 5821 peruersa
2352 5749 2619 5821 religione.

2174 5809 2422 5874 Montius.
2451 5809 2706 5886 't’assive,
2736 5823 2798 5876 ut
2824 5820 2919 5880 lib.
2955 5824 3095 5895 mle.
3129 5820 3217 5876 16.
3240 5821 3525 5878 Daemones
3551 5821 3716 5878 homi-
