4154 6196
410 243 514 298 57:5
1505 241 1687 299 Fllill.
1728 239 2091 299 LACTANTII
2133 239 2335 298 DIVIN.
2379 240 2619 298 INSTIT.

3604 225 3711 290 55G

410 361 575 416 titulis
620 361 851 419 honores
897 359 998 416 sibi
1042 359 1267 416 deorum
1313 359 1668 417 vindicarent.
1697 359 1798 427 Qui
1846 373 2004 415 error
2031 365 2256 426 Amus;
2290 359 2433 414 hunc
2474 359 2646 414 solum
2697 357 3039 425 noverimus,
3073 356 3215 412 hunc
3257 370 3566 428 sequamur.
3595 353 3708 410 lloc

410 451 598 506 discuti
631 460 818 522 potest,
859 460 911 505 et
939 452 988 503 in
1012 450 1186 506 lucem
1218 452 1455 507 veritatis
1483 450 1742 521 protrahi.
1777 449 1912 506 Nam
1959 449 2004 504 si

412 545 531 613 quis
559 544 736 599 studet
783 543 942 599 altius
985 543 1290 616 inquirere,
1323 555 1614 616 congreget
1656 559 1771 611 eos,
1814 543 2008 616 quibus

409 638 597 707 peritia
628 650 710 692 est
749 639 894 693 ciere
923 639 991 691 ab
1032 637 1217 694 inferis
1261 640 1490 694 animas.
1525 640 1761 693 Evocent
1795 637 2005 704 Jovem,

409 729 740 800 Neptunum,
774 731 1084 798 Vulcanum,
1118 732 1462 799 Mercurium,
1515 731 1884 803 Appellinem,
1915 745 2009 801 pa-

410 830 658 892 tremque
688 824 927 877 omnium
948 823 1258 880 Saturnum.
1284 824 1700 894 [tespondehunt
1731 825 1798 879 ab
1824 822 2010 878 inferis

411 929 619 981 omnes,
652 924 705 971 et
732 904 1043 987 interrogati
1069 919 1373 988 loquentur,
1399 928 1453 974 et
1473 918 1541 972 de
1571 933 1628 972 se
1654 932 1716 971 ac
1737 917 1844 973 Deo
1873 916 2010 971 fate-

411 1007 634 1063 buntur.
666 1009 793 1065 Post
819 1007 934 1064 hmc
957 1020 1184 1066 evocent
1209 1009 1503 1075 Christum,
1536 1025 1644 1065 non
1674 1009 1867 1077 aderit,
1905 1023 2009 1063 non

413 1099 726 1170 apparebit;
754 1103 873 1171 quia
896 1117 1001 1156 non
1030 1103 1262 1173 amplius
1288 1117 1445 1172 quam
1464 1101 1626 1156 biduo
1647 1100 1786 1170 apud
1810 1098 2013 1155 inferos

411 1189 530 1246 fuit.
551 1191 688 1260 Quid
721 1193 819 1248 hac
849 1193 1162 1263 probatione
1183 1194 1385 1248 certius
1411 1192 1639 1263 proferri
1669 1191 1874 1262 potest?
1901 1190 2014 1262 Ego

413 1297 542 1338 vero
574 1299 677 1356 non
703 1285 914 1353 dubito,
943 1286 1072 1356 quin
1101 1285 1167 1340 ad
1197 1287 1474 1341 veritatem
1503 1283 1888 1355 Trismegistus
1915 1282 2016 1337 hac

411 1377 588 1447 aliqua
619 1379 829 1432 ratione
881 1378 1219 1448 pervenerit,
1251 1379 1341 1449 qui
1372 1377 1441 1432 dc
1491 1378 1598 1432 Deo
1630 1376 1768 1431 Filio
1808 1375 2016 1430 locutus

413 1484 495 1530 est
521 1475 710 1543 multa,
742 1491 859 1545 qua)
890 1474 1083 1531 divinis
1110 1477 1454 1531 continentur
1484 1474 1716 1529 arcanis.

972 1568 1200 1626 CAPUT
1238 1567 1477 1624 XXVIII.

506 1663 587 1718 De
613 1681 700 1734 spe
729 1675 775 1719 et
803 1683 916 1719 vera
943 1666 1184 1736 religione
1202 1707 1214 1730 ,
1245 1675 1395 1735 atque
1419 1664 1480 1717 de
1505 1663 1877 1732 superstitione.

503 1755 632 1825 Qua:
662 1771 782 1811 cum
824 1757 893 1812 ita
933 1773 992 1812 se
1026 1757 1275 1824 habeant,
1316 1767 1375 1812 ut
1412 1757 1766 1821 ostendimus,
1800 1766 2024 1827 apparet

2107 451 2322 506 vinculo
2373 451 2589 522 pietatis
2641 450 2889 508 obstricti
2939 451 3049 506 Deo
3101 457 3157 505 et
3212 449 3424 522 religati
3486 463 3704 518 sumus;

2108 541 2252 599 unde
2310 543 2426 613 ipsa
2476 543 2686 614 Religio
2733 558 2929 599 nomen
2983 543 3221 614 accepit,
3255 559 3362 598 non
3410 553 3468 597 ut
3520 542 3712 600 Cicero

2110 635 2497 705 interpretatus
2544 644 2649 698 est,
2692 649 2722 689 a
2754 634 3046 706 relegendo
3073 676 3088 702 ,
3128 635 3219 706 qui
3258 635 3310 690 in
3348 633 3486 689 libro
3510 633 3578 691 de
3605 633 3711 689 Na-

2119 736 2236 782 tura
2277 727 2502 784 deorum
2542 727 2779 784 secundo
2816 729 2887 784 ita
2929 727 3063 784 dixit
3107 747 3119 783 :
3172 748 3191 781 ι
3231 728 3346 783 Non
3374 730 3517 784 enim
3541 727 3714 801 philo-

2112 822 2268 894 sophi
2296 823 2495 889 solum,
2519 837 2704 878 verum
2731 824 2897 878 etiam
2915 826 3150 893 majores
3171 822 3341 878 nostri
3369 821 3715 892 superstitio-

2114 929 2237 970 nem
2285 928 2314 967 a
2363 914 2624 986 religione
2652 922 3063 985 separaverunt.
3107 913 3240 970 Nam
3272 914 3364 984 qui
3404 921 3548 969 totos
3599 912 3717 970 dies

2115 1007 2492 1078 precabantur,
2523 1015 2577 1062 et
2605 1007 2976 1075 immolabant,
3005 1018 3064 1062 ut
3087 1008 3167 1063 sui
3191 1007 3294 1064 sibi
3321 1007 3475 1064 liberi
3523 1021 3718 1078 super-

2116 1101 2271 1157 stites
2295 1109 2498 1165 essent,
2531 1101 2893 1171 superstitiosi
2945 1109 3068 1156 sunt
3099 1100 3378 1172 appellati.
3409 1100 3510 1170 Qui
3539 1110 3719 1158 autem

2117 1191 2315 1260 omnia,
2347 1207 2468 1262 quas
2487 1191 2554 1246 ad
2586 1193 2784 1248 cultum
2815 1192 3041 1248 deorum
3073 1195 3430 1264 pertinerent,
3457 1201 3721 1249 retracta-

2119 1295 2260 1353 rent,
2293 1293 2348 1341 et
2379 1295 2651 1356 tamquam
2683 1286 3010 1358 relegerent,
3046 1287 3079 1342 ii
3128 1287 3258 1344 dicti
3289 1295 3416 1342 sunt
3444 1288 3682 1359 religiosi
3707 1329 3723 1355 ,

2119 1392 2182 1433 ex
2210 1376 2508 1447 religendo,
2536 1389 2807 1450 tamquam
2835 1393 2902 1434 ex
2933 1377 3185 1450 eligendo
3231 1378 3527 1449 elegantes,
3559 1378 3623 1435 'et
3647 1395 3720 1434 ex

2120 1473 2409 1544 deligendo
2430 1475 2807 1545 diligentes,et
2841 1475 3191 1546 intelligendo
3220 1475 3603 1547 intelligentes.
3629 1475 3724 1532 His

2122 1567 2266 1622 enim
2295 1569 2472 1624 verbis
2497 1568 2746 1622 omnibus
2773 1568 2916 1624 inest
2940 1569 3022 1624 vis
3061 1567 3271 1639 legendi
3297 1567 3509 1634 eadem,
3529 1583 3648 1639 qua:
3673 1568 3726 1623 in

2124 1658 2378 1729 religioso
2405 1677 2417 1714 :
2446 1661 2516 1714 ita
2544 1658 2742 1715 factum
2771 1669 2854 1715 est
2883 1661 2936 1715 in
2964 1659 3343 1731 superstitioso
3369 1668 3421 1714 et
3450 1658 3725 1731 religioso,

2124 1751 2376 1841 alterum.
2379 1752 2494 1808 vitii
2527 1767 2740 1819 nomen,
2772 1754 3000 1810 alterum
3034 1753 3229 1809 laudis.
3258 1773 3277 1808 ›
3305 1753 3430 1810 Haec
3457 1753 3728 1826 interpre-

418 1849 618 1902 nullam
646 1849 803 1903 aliam
825 1864 977 1919 spem
1008 1849 1129 1903 vita:
1151 1849 1352 1904 homini
1383 1863 1503 1904 esse
1533 1848 1883 1918 propositam,
1908 1846 2014 1903 nisi
2049 1857 2097 1918 Β
2127 1827 2440 1916 ιειιίὸὶιῗιῖιπι
2470 1847 2650 1918 inepta
2680 1848 2770 1914 sit,
2801 1862 2869 1903 ex
2912 1863 2971 1904 re
3011 1847 3125 1920 ipsa
3155 1848 3282 1903 licet
3313 1861 3562 1904 noscere.
3594 1847 3725 1904 Nam

416 1952 478 1997 ut
500 1942 724 2012 abiectis
752 1942 1182 2007 vanitatibus,'et
1205 1955 1390 1996 errore
1413 1940 1914 2006 miserabili,'Dcum
1933 1955 2017 1995 co-

417 2045 662 2110 gnoscat,
686 2044 740 2090 et
773 2037 880 2091 Deo
905 2037 1130 2101 serviat,
1154 2035 1255 2091 nisi
1289 2034 1410 2090 huic
1441 2034 1723 2105 temporali
1747 2034 2021 2089 renuntiet

415 2128 558 2193 vitae,
589 2142 652 2182 ac
682 2142 741 2183 se
771 2127 1090 2182 rudimentis
1109 2127 1332 2197 justitize
1357 2125 1425 2181 ad
1466 2126 1668 2180 cultum
1701 2139 1847 2179 verre
1874 2121 2022 2178 Reli-

417 2220 592 2291 gionis
642 2221 902 2275 instituat.
944 2220 1054 2275 Hac
1083 2220 1228 2275 enim
1277 2218 1584 2274 conditione
1627 2217 1918 2286 gignimur,
1963 2224 2020 2270 ut

417 2315 696 2384 generanti
747 2328 842 2367 nos
884 2310 994 2367 Deo
1017 2311 1158 2382 justa
1185 2320 1240 2367 et
1266 2311 1446 2366 debita
1482 2309 1738 2381 obsequia
1767 2308 1980 2380 prmbea

2121 1938 2164 1991 si
2197 1937 2251 1992 in
2283 1938 2473 1994 iisdem
2502 1940 2604 1995 diis
2650 1941 2924 2009 colendis,
2957 1949 3013 1996 et
3050 1942 3362 2012 superstitio
3383 1985 3398 2010 ,
3441 1952 3496 1997 et
3540 1941 3732 2014 religio

2128 2042 2397 2100 versatur,
2423 2033 2637 2104 exigua,
2670 2035 2752 2090 vel
2785 2034 2965 2105 potius
2996 2034 3141 2088 nulla
3164 2033 3418 2090 distantia
3449 2043 3550 2090 est.
3595 2035 3731 2103 Quid

2126 2124 2270 2180 enim
2313 2125 2441 2180 mihi
2471 2125 2659 2182 afferet
2685 2143 2883 2195 causae,
2910 2142 3009 2184 cur
3037 2128 3245 2199 precari
3271 2141 3367 2198 pro
3395 2128 3567 2184 salute
3595 2127 3732 2184 ﬁlio-

2123 2231 2242 2272 rum
2270 2218 2460 2284 semel,
2484 2220 2742 2290 religiosi.
2767 2229 2820 2276 et
2847 2220 2988 2277 idem
3015 2220 3195 2276 decies
3228 2220 3430 2289 facere,
3466 2222 3730 2292 supersti-

2127 2310 2247 2365 tiosi
2286 2325 2407 2366 esse
2453 2312 2684 2369 hominis
2718 2314 3053 2372 arbitretur?
3086 2313 3144 2371 Si
3176 2316 3320 2372 enim
3347 2316 3518 2373 semel
3553 2315 3730 2372 facere

1769 2423 2130 2483 VARIORUM
2166 2424 2394 2485 NOTAE.

418 2587 540 2625 num
591 2570 941 2624 credulitatem
990 2569 1210 2624 mentita
1238 2567 1500 2622 divinitate
1537 2564 1822 2628 deludunt;
1849 2569 1906 2618 et
1933 2561 2017 2616 in-

421 2642 522 2708 fra,
555 2644 794 2697 mentitis
841 2641 1151 2696 nominibus.
1191 2640 1266 2695 Ita
1302 2639 1517 2702 Cicero,
1551 2638 1645 2692 lib.
1673 2652 1734 2690 tu
1763 2634 2012 2700 Tuscul.,

419 2728 468 2768 c.
499 2714 592 2778 24,
626 2713 938 2769 ementitam
968 2714 1258 2781 opinionem
1280 2711 1427 2764 dixit.
1463 2710 1593 2764 BUN.

495 2785 560 2838 In
596 2787 758 2838 lucem
799 2779 1023 2838 veritatis
1069 2783 1319 2852 protrahi.
1355 2782 1591 2848 Legitur,
1619 2779 1669 2832 in
1719 2780 1883 2832 lucem
1932 2793 2015 2832 ve-

420 2857 548 2910 ritas
576 2857 824 2924 protrahi,
865 2859 1002 2924 apud
1037 2855 1331 2910 Buneman.
1366 2853 1455 2924 qui
1486 2860 1666 2905 notam
1698 2857 2014 2924 sequentem

421 2923 658 2982 contexit
685 2929 734 2980 in
777 2923 914 2982 hanc
953 2929 1269 2981 variantem.
1299 2953 1372 2966 -—
1409 2923 1654 2978 Restituo
1696 2923 1914 2983 veritas,
1947 2934 2014 2975 ex

422 2997 571 3066 Lips.
603 3000 783 3063 tertio,
830 2999 1061 3053 Reimm.
1093 3007 1146 3050 et
1196 2996 1414 3066 optimis
1443 2993 1586 3066 edd.
1637 2993 1803 3048 Torn.
1837 2991 2011 3066 _158'_'I,

424 3061 588 3134 1615,
617 3080 670 3126 et
695 3061 957 3124 Wdlchio.
987 3069 1061 3124 Ita
1103 3061 1248 3122 enim
1279 3067 1408 3134 epit.
1441 3065 1492 3117 in
1517 3074 1683 3128 extr.,
1716 3061 1868 3133 prmi.
1903 3081 1914 3116 :
1949 3061 2016 3134 In

424 3132 586 3193 lucem
622 3143 805 3194 veritas
840 3140 1183 3208 protrahenda
1209 3132 1521 3208 est—Plures
1547 3135 1676 3208 editi
1717 3132 1874 3189 antea
1906 3151 1918 3186 :
1952 3132 2021 3208 _In

424 3211 588 3264 lucem
627 3205 850 3265 veritatis
876 3210 1126 3279 protrahi.
1157 3211 1226 3263 At
1269 3207 1562 3279 secundum
1609 3205 1813 3279 lih._ttt.
1857 3219 1907 3279 c.
1943 3206 1968 3259 1
2004 3223 2018 3259 :

425 3280 685 3335 Discussis
710 3277 1046 3351 convictisque
1071 3279 1325 3334 erroribus
1368 3278 1646 3332 veritas....
1678 3277 2022 3332 clarissimum

424 3352 594 3406 lumen
613 3353 786 3422 infert.
807 3354 937 3408 BUN.

499 3418 724 3478 Evocant
742 3425 940 3479 Jovem.
961 3421 1074 3477 Non
1099 3422 1334 3490 loquitur
1350 3419 1416 3475 de
1435 3418 1750 3475 evocatione
1771 3418 2018 3485 deorum,

427 3509 563 3564 quos
595 3496 801 3550 urbium
848 3497 1103 3551 tutelarcs
1149 3495 1500 3564 imperatores
1541 3491 1852 3564 obsidentes
1893 3506 2022 3564 evo-

427 3561 620 3620 cabant
639 3585 649 3617 τ
668 3569 821 3636 cujus
846 3567 1178 3623 evocationis
1207 3561 1439 3636 carmina
1464 3563 1753 3636 suntapud
1781 3561 2015 3636 Macrob.

428 3637 524 3692 lib.
544 3654 598 3692 ιιι
623 3633 862 3702 Saturn.,
879 3656 1000 3708 cap.
1018 3638 1072 3704 9,
1089 3649 1143 3694 et
1161 3637 1300 3706 apud
1322 3635 1552 3708 Livium,
1576 3634 1667 3688 lib.
1686 3633 1977 3701 vnt,dec.1
2003 3650 2017 3699 ;

428 3710 522 3764 sed
568 3711 636 3765 de
679 3711 848 3778 magia
889 3707 1009 3776 illa,
1054 3709 1417 3778 necromantia
1444 3707 1606 3778 dicta.

499 3783 574 3834 Ac
601 3781 731 3836 Deo.
766 3775 821 3836 In
848 3775 1068 3837 vetustis
1092 3780 1247 3844 edit.,
1282 3777 1347 3831 Et
1374 3777 1438 3831 de
1462 3775 1590 3830 Deo.

506 3852 644 3918 Quia
692 3870 792 3906 non
838 3853 1061 3923 amplius
1102 3867 1255 3921 quam
1305 3850 1456 3923 biduo
1483 3847 1858 3923 apudinferos
1899 3847 2016 3923 fuit.

429 3923 647 3979 Scilicet
678 3924 904 3991 integro,
925 3918 978 3977 ἐἰ
1021 3918 1370 3976 nutiierentur
1397 3918 1545 3972 horas
1567 3919 1760 3987 quibus
1785 3918 2023 3991 absolvi-

429 4005 518 4047 tur
545 3993 767 4061 quilibet
787 3990 904 4049 dies
932 3992 1224 4053 naturalis;
1271 3991 1440 4061 tribus
1467 3991 1610 4043 enim
1640 4004 1669 4042 τι
1703 3999 1877 4044 morte
1907 3990 2022 4061 dle-

429 4064 532 4121 bus
551 4059 821 4133 inemptis,
842 4081 946 4120 non
977 4063 1277 4130 completis,
1294 4059 1541 4133 Christus
1565 4061 1614 4114 in
1633 4061 1883 4128 sepulcro
1901 4060 2018 4127 fuit,

430 4144 488 4192 et
517 4135 640 4190 hinc
682 4140 832 4191 tertia
864 4135 952 4191 die
977 4136 1294 4198 resurrexit,
1328 4147 1383 4187 ut
1415 4132 1572 4187 habet
1603 4133 1937 4202 Symbolum.

503 4205 620 4260 Hac
641 4208 831 4275 aliqua.
852 4207 924 4261 Ita
942 4222 1069 4261 mss.
1091 4205 1436 4275 Regio-Put.,
1454 4207 1487 4259 5
1504 4204 1573 4257 al.
1602 4203 1817 4275 Reg.,6
1841 4203 2017 4269 Colb.,

426 4276 684 4342 Sorhon.,
717 4273 978 4343 Clarom.,
1006 4273 1193 4343 Brnn.,
1228 4285 1283 4330 et
1312 4276 1436 4331 editi
1459 4285 1684 4341 septem.
1716 4273 1888 4329 Abest
1924 4276 2021 4328 hac

429 4363 460 4402 ει
489 4349 620 4420 Reg.
662 4351 1035 4420 antiquissimo
1061 4361 1116 4402 et
1156 4349 1180 4403 1
1227 4345 1375 4416 Lips.
1423 4345 1535 4420 Ini
1587 4345 1793 4420 Bonan.
1824 4347 2018 4417 antiq.,

431 4420 467 4474 3
493 4416 629 4490 Reg.
661 4436 768 4475 rec.
793 4416 848 4475 et
878 4419 1104 4489 vulgatis
1130 4434 1319 4473 novem
1348 4427 1432 4474 est
1454 4419 1588 4490 hanc
1613 4416 1806 4488 aliqua.

509 4489 610 4557 Qui
639 4492 701 4543 de
726 4491 836 4546 Deo
863 4490 1004 4544 Filio
1033 4490 1231 4545 locutus
1249 4499 1324 4544 est
1352 4489 1533 4543 multa.
1559 4489 1650 4546 Sic
1678 4489 1795 4557 lego
1822 4503 1892 4543 ex
1925 4503 2019 4559 op-

430 4561 563 4616 timo
591 4563 778 4617 codice
806 4577 908 4616 ms.
936 4562 1251 4631 Regio-Plit.
1275 4577 1290 4627 ;
1317 4576 1436 4631 qua:
1482 4561 1640 4615 lectio
1679 4561 1937 4628 optimum
1969 4571 2025 4616 et

429 4631 790 4687 clarissimum
832 4647 1051 4688 sensum
1088 4631 1327 4687 exhibet.
1360 4631 1456 4686 Ms.
1488 4631 1514 4684 1
1556 4631 1763 4686 Bonou.
1797 4641 1853 4684 et
1889 4631 2018 4686 edit.

430 4701 593 4768 Gall.,
630 4702 878 4772 Sparck.,
927 4704 1013 4772 qui
1057 4702 1118 4756 de
1144 4703 1251 4756 Deo
1287 4701 1443 4756 Patre
1485 4703 1730 4766 omnium,
1775 4701 1838 4754 de
1884 4701 2024 4757 Filio

433 4773 633 4844 locutus
657 4784 726 4828 est
753 4777 948 4838 multa;
978 4788 1077 4844 ms.
1110 4776 1132 4829 1
1166 4774 1296 4844 Reg.
1328 4772 1756 4844 antiquissimus,
1777 4772 1902 4826 item
1923 4773 2020 4844 alii

431 4843 539 4915 duo
582 4844 710 4912 Heg.
745 4861 856 4900 rec.
882 4856 935 4899 et
978 4843 1011 4899 8
1045 4842 1266 4915 vulgati,
1294 4846 1465 4898 omnia
1493 4843 1556 4898 de
1581 4842 1630 4896 F
1632 4843 1723 4897 ilio
1740 4884 1782 4915 ,_
1787 4850 1891 4897 etc.
1920 4843 2020 4899 Ms.

431 4913 597 4971 Cauc.
613 4911 686 4971 ‘22
704 4916 793 4971 alii
815 4932 876 4971 ac
899 4931 1091 4970 novem
1116 4911 1389 4984 impressi,
1403 4918 1574 4968 omnia
1588 4925 1633 4969 et
1655 4915 1718 4968 de
1734 4911 1896 4981 Filio,
1911 4925 2016 4971 etc.

431 4986 653 5056 inepte;
699 4990 821 5057 quis
861 4989 1003 5042 enim
1043 4987 1112 5042 de
1155 4985 1315 5042 Patre
1356 5001 1588 5057 unquam
1629 4986 1764 5057 dixit
1807 4987 2022 5041 omnia?

429 5074 550 5128 quae
589 5075 688 5114 vox
718 5056 864 5114 certe
895 5058 1113 5113 retineri
1153 5072 1260 5112 non
1292 5065 1485 5128 potest.
1513 5056 1648 5128 Vide
1668 5056 1845 5128 igitur
1875 5057 2019 5112 Tris-

428 5125 715 5200 rnegistum
749 5133 802 5185 in
832 5128 1143 5194 Pimandro,
1170 5125 1331 5200 capit.
1346 5129 1392 5200 _1
1417 5128 1520 5200 fed.
1552 5127 1770 5184 Sublac.
1809 5125 1973 5183 habet
2003 5147 2016 5183 :

431 5195 616 5266 Qui'de
635 5201 742 5256 Deo
762 5200 922 5256 Patre
942 5201 1137 5268 omnia,
1168 5210 1216 5253 et
1238 5195 1306 5252 de
1338 5195 1475 5253 Filio
1502 5199 1701 5253 locutus
1729 5208 1803 5253 est
1835 5201 2014 5256 multa.

499 5271 665 5344 Deum
687 5282 976 5344 cognoscat.
1008 5271 1098 5328 Sic
1121 5270 1366 5327 Christus
1388 5269 1528 5344 apud
1557 5269 1816 5324 Joannem
1843 5287 1854 5322 :
1891 5269 2021 5325 ﬂare

428 5351 502 5395 est
543 5343 644 5396 vita
687 5341 910 5409 ceter-na,
943 5353 1000 5414 ut
1047 5353 1352 5414 cognoscant
1399 5351 1445 5414 te
1487 5341 1656 5395 Deum
1688 5357 1881 5408 verum,
1908 5351 2015 5397 etc.

426 5417 737 5482 Agnoscere
757 5424 936 5469 autem
958 5412 1124 5468 Deum
1145 5414 1275 5469 nihil
1300 5412 1442 5468 aliud
1465 5422 1568 5479 est,
1591 5429 1748 5484 quam
1772 5413 1828 5467 in
1852 5414 2016 5470 Deum

427 5483 672 5554 credere,
703 5495 757 5538 et
783 5485 850 5538 de
876 5502 963 5549 eo,
994 5494 1053 5538 ut
1083 5501 1176 5554 par
1201 5494 1305 5552 est,
1336 5486 1557 5541 sentire.

501 5553 776 5637 Getici-(inti
812 5571 903 5610 nos
938 5553 1226 5611 Deo.’Mss.
1255 5572 1351 5612 sex
1386 5571 1497 5613 rec.
1531 5567 1584 5612 et
1612 5554 1834 5612 totidem
1861 5553 2015 5624 editi,

455 5635 666 5681 enerati.

421 5643 740 5755 gmtﬁbgii'icti
775 5699 885 5755 Deo
913 5706 959 5754 et
1006 5695 1210 5768 religati
1246 5713 1440 5752 sumus.
1483 5697 1930 5769 Conjunctionem
1969 5709 2017 5754 et

422 5771 629 5828 restitui
659 5788 724 5830 ex
770 5771 1022 5830 omnibus
1065 5784 1197 5828 mss.
1245 5778 1444 5839 praeter
1485 5773 1743 5842 quinque,
1774 5779 1827 5826 et
1872 5770 2007 5827 edit.

2118 2572 2383 2637 quatuor;
2419 2581 2542 2636 qua:
2567 2567 2879 2637 coniunctio
2905 2567 3236 2625 admittenda
3273 2577 3359 2625 est
3389 2589 3401 2623 :
3436 2571 3559 2628 vide
3590 2573 3725 2630 infra

2117 2635 2257 2716 quod
2280 2635 2548 2716 ligni-iacnt
2562 2640 2658 2694 sibi
2674 2635 2821 2716 Dens
2848 2640 3249 2716 religaverittet
3262 2642 3448 2716 pietate
3473 2648 3726 2700 constrin-

2117 2707 2285 2785 xerit._
2307 2707 2412 2785 S_e_d
2438 2719 2492 2763 et
2527 2709 2858 2785 Lactantius,
2890 2707 2993 2785 lib.
3019 2727 3035 2767 ι
3059 2712 3125 2766 dc
3154 2707 3382 2780 Opilieio
3413 2715 3526 2779 Dei,
3551 2730 3599 2771 c.
3635 2718 3718 2785 19,

2124 2786 2252 2856 post
2273 2779 2504 2856 initium,
2539 2783 2790 2856 hominem
2822 2784 3023 2856 virtutis
3049 2779 3367 2856 sacramento
3392 2786 3644 2856 religavit.

2191 2847 2388 2905 Cicero.
2420 2852 2536 2908 Lib.
2565 2868 2603 2907 ιι
2624 2855 2692 2908 de
2721 2854 2914 2909 Natura
2947 2855 3194 2921 deorum,
3226 2871 3274 2909 e.
3307 2855 3399 2910 28.
3447 2847 3593 2912 Ηῖιιιο
3638 2860 3727 2916 Ci-

2120 2922 2343 3000 ceronis
2370 2921 2761 3000 derivationem
2793 2937 2832 2980 a‘
2870 2927 3357 3000 relegendonrejicit
3387 2927 3725 3000 Lactantius,

2041 2999 2086 3064 ρ
2120 2992 2208 3059 qui
2247 2993 2533 3068 religionis
2567 3005 2783 3068 etymon
2832 2992 2996 3052 sumii
3021 3013 3051 3052 a
3090 2992 3374 3067 religando.
3409 2999 3544 3054 Cum
3586 2992 3722 3058 Lac;

2129 3064 2297 3139 tantio
2337 3065 2462 3139 fac_it
2503 3065 2560 3122 S.
2599 3064 2911 3124 A'mbrosius
2951 3068 3088 3124 libro
3130 3064 3204 3124 de
3248 3068 3585 3139 Virginibus,
3633 3075 3725 3131 ubi

2127 3133 2517 3210 virgiites__Deo
2566 3149 2761 3207 nuptas
2800 3141 2954 3210 quasi
3001 3140 3254 3209 religatas
3297 3133 3725 3202 o§tenditﬂHinc

2125 3207 2270 3261 enim
2299 3207 2880 3284 religionemilictam
2903 3225 3048 3276 esse,
3095 3207 3418 3284 etymologia
3461 3229 3523 3269 re
3563 3231 3723 3284 quam

2125 3290 2259 3331 voce
2284 3280 2483 3353 verior.
2503 3279 2832 3336 Manifestius
2856 3280 3134 3338 Lactantio
3154 3279 3521 3353 adstipulatur
3544 3279 3728 3345 Hiero-

2126 3362 2318 3419 nymus
2346 3351 2396 3403 in
2429 3351 2592 3428 Amos
2611 3367 2736 3428 _ca_p.
2753 3368 2836 3428 ix,
2865 3354 3060 3428 dictam
3087 3351 3337 3428 nimirum
3366 3371 3488 3428 esse
3509 3357 3724 3428 religio—

2127 3433 2272 3498 nem,
2300 3420 2442 3498 quod
2473 3421 2626 3498 (ιιιθεί
2664 3423 2718 3477 in
2747 3424 2944 3498 fascem
2985 3424 3195 3498 Domini
3221 3426 3386 3498 vincti
3421 3436 3477 3483 et
3515 3420 3723 3498 religati

2125 3492 2312 3564 simus.
2351 3491 2545 3547 Verum
2577 3496 2908 3564 Augustinus
2939 3497 3182 3549 nonnihil
3213 3497 3418 3563 variat,
3455 3498 3521 3553 ad
3571 3491 3723 3556 Cice-

2125 3563 2274 3635 ronis
2302 3563 2697 3633 expositionem
2727 3566 2947 3635 propius
2985 3567 3266 3623 accedens.
3301 3567 3434 3624 Nam
3481 3570 3534 3628 in
3582 3571 3724 3628 libro

2123 3632 2391 3711 dehCivit.’
2413 3636 2502 3711 Dei
2549 3653 2584 3711 x_
2605 3679 2622 3703 ,
2652 3632 2771 3706 cap.
2797 3632 3078 3711 4—,dictam
3100 3653 3224 3711 eam
3253 3638 3467 3709 quidem
3500 3651 3650 3711 putat
3690 3660 3721 3699 a

2123 3704 2407 3774 religendo,
2433 3707 2696 3763 allusione
2721 3704 3069 3780 ‘nominislut
3098 3704 3469 3780 Vives'putat)
3501 3704 3576 3768 'ad
3605 3729 3718 3768 ma-

2126 3790 2251 3854 nu_m
2291 3791 2360 3854 e_x
2397 3780 2684 3854 occasione
2729 3790 2912 3854 capta.
2939 3779 3114 3854 Verba
3172 3783 3339 3851 ipsius
3380 3779 3506 3837 sunt
3544 3804 3557 3838 :
3599 3783 3724 3854 Ipse

2125 3848 2263 3923 enim
2311 3849 2438 3923 fons
2453 3861 2642 3906 nostra:
2667 3848 3027 3920 beatitudinis,
3058 3855 3167 3921 ipse
3193 3848 3359 3907 omnis
3394 3848 3722 3923 appetitionis

2125 3871 2259 3899 enim
2311 3871 2427 3918 ,ons
2453 3871 2642 3906 nostra:
2667 3871 3027 3920 oeautuainw,
3058 3871 3167 3921 ipse
3193 3871 3359 3907 omnis
3394 3871 3462 3923 ap
3503 3871 3722 3912 euuoms

2125 3929 2197 3972 est
2225 3920 2363 3996 ﬁnis.
2387 3921 2541 3976 Hunc
2567 3923 2937 3996 eligentes,vel
2964 3926 3131 3992 potius
3154 3925 3423 3996 religentes
3456 3871 3725 3996 (hmisera-

2125 4005 2236 4066 mus
2261 3994 2414 4066 enim
2459 3995 2788 4066 negligentes)
2825 3995 2959 4048 hunc
2998 4011 3117 4066 ergo
3160 3995 3427 4066 religentes
3449 3994 3472 4061 ,⁷
3494 3999 3632 4051 unde
3674 4011 3720 4054 et

2123 4060 2302 4131 religio
2351 4060 2850 4137 dictar'perhibetur,
2879 4067 2948 4120 ad
2977 4060 3090 4120 eum
3129 4060 3396 4121 dileciione
3443 4060 3718 4137 tendimus,

2123 4139 2180 4184 ut
2211 4136 2548 4213 perveniendo
2594 4139 2914 4205 quiescamus
2945 4156 2960 4193 :
2994 4137 3108 4192 ideo
3153 4139 3306 4203 beati,
3334 4139 3454 4207 quia
3481 4140 3574 4194 illo
3615 4136 3720 4213 fine

2123 4204 2352 4272 perfecti.
2390 4204 2720 4263 BETULElUS.

2195 4273 2284 4349 ita
2312 4278 2459 4333 dixit.
2487 4279 2966 4349 Mannscriptornm
2996 4289 3110 4346 est;
3139 4280 3261 4335 dicit
3287 4281 3389 4344 ita,
3422 4282 3713 4339 editorum.

2199 4344 2285 4422 Ea:
2309 4349 2539 4422 eligendo
2573 4344 2843 4422 elegantes.
2877 4344 3132 4422 lt‘ligentes
3153 4352 3369 4420 scripsit
3395 4353 3714 4422 fluneman.,

2049 4411 2102 4471 D
2129 4420 2218 4496 qui
2248 4411 2406 4488 hujus
2421 4411 2696 4496 variantis
2707 4424 2787 4496 sic
2809 4411 3069 4478 ratioriem
3103 4411 3463 4496 reddit.——E:_r
3487 4411 3716 4496 eligendd

2128 4491 2386 4564 eligentes.
2414 4491 2614 4562 Scripsi
2649 4493 2910 4564 eligentes,
2940 4505 3211 4563 praeeunte
3253 4509 3384 4550 mss.
3418 4491 3713 4563 Ciceronis,

2127 4570 2182 4615 et
2204 4563 2258 4615 in
2278 4561 2556 4617 Lactantio
2578 4561 2886 4632 mss.’.lun.,
2911 4561 3165 4632 Reimm.,
3195 4566 3370 4630 Rost.,
3399 4567 3532 4621 Ven.
3559 4561 3713 4634 M71,

2126 4643 2354 4708 utraque
2375 4634 2463 4708 78_,
2490 4634 2651 4708 1515,
2678 4636 2870 4708 Paris.)
2889 4635 3305 4708 Crat.,Gymn.,
3336 4637 3526 4701 Torn..
3555 4639 3713 4703 1587,

2126 4701 2288 4780 1615.
2318 4704 2390 4760 At
2413 4703 2599 4760 Goth..
2622 4705 2803 4780 Lips.,
2826 4707 3017 4773 Fasit.,
3038 4701 3268 4780 Grjph.,
3292 4708 3537 4780 Termes.
3560 4701 3713 4776 1548,

2124 4771 2382 4849 Thomas.
2407 4789 2551 4849 ειη,
2583 4771 2858 4847 elegantes,
2887 4771 3028 4848 quod
3059 4771 3182 4849 ιιιῖὶξι
3207 4771 3262 4834 in
3290 4780 3472 4835 multis
3501 4771 3717 4838 Cicero;

2125 4845 2381 4916 nis_libris
2409 4845 2709 4916 przefertur,
2743 4864 2840 4904 nec
2867 4845 2954 4906 hic
2982 4845 3200 4906 damno.
3234 4852 3369 4906 BUN.

2210 4914 2582 4972 Verbis.'Hanc
2609 4934 2798 4976 vocem
2850 4921 3031 4977 addidi
3071 4938 3139 4976 ex
3189 4922 3440 4977 omnibus
3479 4938 3615 4979 mss.
3665 4932 3719 4980 et

2123 4986 2316 5068 editis;
2347 4998 2536 5072 estque
2560 4990 2700 5059 apud
2725 4990 3061 5049 Ciceronem.
3094 4992 3268 5050 Abest
3293 5008 3425 5050 vero
3453 5009 3484 5050 a
3507 4997 3716 5052 caeteris

2122 5073 2422 5128 impressa.

2196 5129 2629 5213 qutlaaistantia
2648 5143 2741 5188 est.
2768 5134 2883 5190 Non
2902 5144 3017 5213 tam
3037 5136 3095 5213 in
3121 5137 3311 5213 (opma.
3335 5151 3498 5213 quam
3532 5138 3716 5213 inma-

2122 5203 2278 5275 teria.
2307 5202 2584 5275 religionis
2611 5215 2664 5260 et
2685 5207 3082 5275 superstitionis
3109 5202 3410 5264 differentia
3437 5218 3542 5263 est.
3569 5210 3714 5264 Reli-

2119 5273 2208 5342 gio
2233 5274 2479 5348 consistit
2504 5277 2555 5330 in
2582 5291 2711 5332 vero
2740 5273 2804 5332 ac
2835 5276 3081 5347 prudenti
3113 5280 3227 5335 veri
3256 5280 3491 5336 numinis
3525 5282 3710 5348 cultu;

2120 5345 2433 5423 superstitio
2462 5361 2589 5402 vero
2618 5360 2699 5402 est
2729 5345 2941 5423 spurius
2977 5349 3220 5418 ejusdem
3261 5351 3460 5407 cultus.
3505 5345 3712 5423 Religio

2119 5416 2493 5492 complectitur
2537 5433 2720 5492 veram
2758 5416 3065 5476 christiana:
3113 5423 3374 5479 doctrina:
3428 5416 3710 5492 pietatem,

2120 5487 2304 5564 fidem,
2325 5488 2518 5564 vitam,
2551 5489 2715 5559 leges,
2745 5491 2880 5564 ritus
2909 5501 3362 5564 etgsacramenta.
3391 5487 3712 5564 Superstitio

2120 5569 2204 5613 est
2247 5560 2501 5636 imbecilli
2527 5571 2688 5631 atque
2715 5563 2876 5636 anilis
2905 5563 3092 5636 animi,
3137 5565 3226 5636 qui
3254 5577 3346 5621 aut
3374 5560 3509 5622 falso
3534 5567 3712 5622 adllat-

2118 5639 2224 5704 ret,
2247 5641 2338 5687 ant
2363 5633 2643 5704 veritatem
2673 5633 2822 5701 colit,
2852 5634 2949 5689 sed
2980 5650 3086 5692 non
3110 5633 3170 5691 ut
3194 5651 3291 5704 par
3319 5649 3421 5691 εει.

2192 5702 2332 5779 Si..._
2354 5703 2725 5779 semelfacere.
2770 5705 2845 5759 lta
2883 5706 3102 5763 Hieron.
3135 5702 3258 5763 adv.
3300 5708 3550 5779 Vigilant.
3599 5719 3636 5764 t.
3674 5725 3707 5765 ιι

2117 5772 2282 5845 Oper.
2307 5773 2344 5830 f.
2375 5789 2448 5829 In.
2481 5773 2583 5830 124
2610 5792 2624 5830 :
2657 5775 2808 5843 Quod
2837 5779 2970 5833 enim
2995 5781 3147 5835 semel
3181 5772 3575 5850 fecisse'bonnm
3615 5791 3709 5849 cu,
