4154 6196
324 325 428 385 557

1232 324 1435 383 LIBER
1475 323 1563 381 IV.
1607 320 1696 378 DE
1736 318 1924 378 VERA
1965 317 2331 379 SAPIENTIA
2370 320 2457 377 ET
2488 319 2694 379 RELIG

3524 321 3630 380 558

324 446 584 518 optimum
614 452 716 509 est,
744 450 945 516 quanto
984 443 1154 514 magis
1177 443 1406 517 saepius?
1451 440 1510 498 Si
1546 441 1679 496 hora
1709 439 1918 510 prima;
1947 438 2000 500 A
2024 438 2113 509 qui
2145 437 2283 493 filios
2312 451 2445 493 suos
2472 437 2787 508 superstites
2822 445 3014 509 optant
3043 438 3258 511 (omnes
3288 437 3436 494 enim
3472 447 3632 511 opta-

324 553 454 610 ergo
475 546 530 595 et
549 546 660 593 tota
680 536 787 592 die.
814 535 871 594 Si
896 551 1000 592 una
1028 537 1199 593 hostia
1221 535 1520 606 placabilis,
1550 531 1924 604 placabiliores

326 632 510 703 utique
557 629 747 686 hostiae
799 629 1070 702 plurimae,
1120 630 1242 700 quia
1288 625 1642 697 multiplicata
1667 622 1925 693 obsequia

326 723 676 780 demerentur
698 723 877 794 potius
906 737 1067 794 quam
1096 720 1395 777 offendunt.
1429 719 1546 775 Non
1595 717 1737 773 enim
1770 714 1925 771 nobis

326 814 498 871 odiosi
527 813 780 870 videntur
802 814 836 869 ii
865 813 1071 880 famuli,
1099 813 1189 884 qui
1219 812 1419 868 assidui
1447 821 1499 866 et
1525 809 1834 880 frequentes
1857 805 1925 860 ad

327 909 642 981 obsequium
674 909 892 974 fuerint,
933 908 1027 964 sed
1059 907 1227 978 magis
1253 905 1421 962 cbari.
1454 903 1561 959 Cur
1590 903 1750 974 igitur
1773 901 1843 956 sit
1869 901 1923 956 in

328 1002 501 1074 culpa,
531 1012 584 1056 et
603 1016 798 1057 nomen
833 999 1262 1071 reprehensibile
1289 998 1566 1068 suscipiat,
1614 996 1705 1067 qui
1745 1002 1837 1049 aut
1863 992 1927 1048 ﬂ-

329 1094 427 1150 lios
453 1109 581 1149 suos
606 1094 777 1162 magis
803 1091 995 1162 diligit,
1027 1100 1118 1148 aut
1143 1091 1277 1146 deos
1304 1090 1474 1161 magis
1522 1088 1773 1153 honorat,
1803 1085 1923 1141 lau-

329 1188 486 1245 detur
506 1196 686 1244 autem
715 1187 804 1259 qui
832 1185 1043 1242 minus?
1083 1184 1235 1254 Quod
1260 1191 1632 1256 argumentum
1664 1181 1826 1238 etiam
1857 1194 1923 1235 ex

329 1282 604 1340 contrario
634 1282 795 1337 valet.
829 1281 884 1338 Si
911 1281 1052 1337 enim
1084 1288 1226 1335 totos
1255 1277 1371 1334 dies
1399 1278 1606 1349 precari
1635 1285 1688 1331 et
1733 1275 1925 1330 immo-

329 1376 446 1432 lare
475 1375 712 1431 criminis
737 1383 853 1441 est;
886 1389 1018 1446 ergo
1051 1383 1106 1428 et
1135 1371 1388 1428 semel.Si
1419 1370 1739 1441 superstites
1785 1367 1925 1422 ﬁlios

330 1469 559 1527 subinde
586 1477 773 1540 optare
798 1467 1051 1524 vitiosum
1085 1474 1188 1530 est.
1221 1463 1623 1536 superstitiosus
1650 1461 1812 1533 igitur
1840 1467 1923 1517 est

327 1570 383 1617 et
407 1560 519 1628 ille,
551 1561 641 1630 qui
672 1559 834 1616 etiam
869 1574 992 1616 raro
1019 1558 1072 1615 id
1099 1559 1387 1630 optaverit.
1419 1556 1529 1613 Aut
1557 1571 1654 1611 cur
1679 1555 1790 1610 vitii
1821 1569 1921 1610 no-

327 1666 474 1718 men,
520 1652 565 1707 si
605 1667 672 1708 ex
716 1666 784 1709 eo
813 1659 1076 1716 tractum,
1110 1665 1219 1722 quo
1260 1649 1394 1706 nihil
1441 1648 1744 1716 honestius,
1790 1646 1924 1705 nihil

321 1745 521 1819 iustius
545 1748 718 1819 optari
751 1749 966 1818 potest?
994 1746 1127 1803 Nam
1158 1746 1324 1818 quod,
1347 1747 1422 1802 ait
1453 1745 1737 1818 religiosos
1766 1760 1796 1800 a
1837 1759 1925 1802 re-

327 1837 556 1910 legendo
598 1838 913 1910 appellatos,
939 1839 1030 1907 qui
1057 1847 1348 1896 retractent
1381 1854 1444 1894 ea
1466 1837 1768 1907 diligenter,
1801 1853 1922 1908 qua:
1951 1839 2000 1899 B

325 1929 391 1985 ad
417 1929 621 1986 cultum
667 1930 888 1986 deorum
917 1930 1241 2002 pertineant,
1277 1945 1374 1985 cur
1397 1946 1525 2001 ergo
1557 1929 1656 1997 illi,
1701 1929 1792 2001 qui
1821 1929 1924 1984 hoc

323 2037 472 2090 saepe
501 2023 553 2078 in
583 2023 674 2079 die
715 2023 930 2089 faciant,
976 2023 1360 2094 religiosorum
1405 2039 1601 2078 nomen
1631 2023 1920 2088 amittant;

323 2131 447 2173 cum
477 2116 644 2172 multo
666 2116 847 2187 utique
872 2115 1184 2187 diligentius
1206 2131 1272 2172 ex
1297 2116 1613 2171 assiduitate
1641 2116 1757 2186 ipsa
1785 2115 1926 2172 rele-

322 2218 455 2282 gant
483 2224 570 2276 ca,
601 2209 797 2280 quibus
824 2208 897 2264 dii
929 2209 1218 2264 coluntur?

397 2302 537 2371 Quid
566 2316 694 2373 ergo
719 2301 838 2358 est?
867 2300 1129 2358 Nimirum
1156 2302 1346 2373 religio
1371 2303 1482 2359 veri
1511 2303 1686 2359 cultus
1706 2311 1808 2368 est,
1832 2317 1925 2359 su-

323 2393 570 2466 perstitio
596 2391 736 2447 falsi.
787 2391 855 2449 Et
898 2394 1119 2448 omnino
1148 2393 1275 2464 quid
1317 2393 1465 2448 colas
1505 2393 1768 2460 interest,
1814 2408 1922 2450 non

321 2485 780 2558 quemadmodum
811 2485 995 2552 colas,
1049 2495 1141 2542 aut
1168 2486 1296 2558 quid
1345 2501 1589 2558 precere.
1641 2485 1747 2542 Sed
1799 2488 1922 2558 quia

321 2578 549 2635 deorum
581 2580 814 2635 cultores
843 2579 1124 2650 religiosos
1172 2595 1230 2635 se
1276 2589 1492 2650 putant,
1524 2594 1645 2635 cum
1687 2581 1795 2635 sint
1834 2595 1924 2636 su-

321 2673 654 2744 perstitiosi,
708 2689 806 2729 nec
848 2674 1164 2744 religionem
1202 2683 1427 2743 possunt
1463 2689 1490 2728 a
1538 2675 1924 2745 superstitione

320 2767 654 2834 discernere,
682 2781 784 2822 nec
811 2765 1223 2836 significantium
1271 2768 1547 2822 nominum
1581 2768 1884 2838 exprimere
1905 2811 1920 2838 ,

319 2857 560 2914 diximus
584 2873 778 2912 nomen
807 2857 1106 2928 Religionis
1135 2875 1163 2911 a
1197 2858 1409 2913 vinculo
1439 2860 1648 2929 pietatis
1680 2875 1802 2916 esse
1828 2860 1922 2916 de-

321 2951 566 3014 ductum,
591 2951 733 3023 quod
767 2951 1039 3007 hominem
1068 2951 1169 3005 sibi
1207 2953 1344 3007 Deus
1370 2952 1697 3024 religaverit,
1729 2964 1782 3010 et
1810 2954 1924 3025 pie-

318 3052 428 3100 tate
456 3044 876 3109 cunstrinxerit;
910 3044 1031 3114 quia
1063 3043 1270 3100 servire
1301 3059 1399 3099 nos
1423 3046 1474 3100 ei
1502 3055 1559 3099 ut
1589 3047 1834 3114 domino,
1868 3058 1924 3104 et

314 3133 541 3206 obsequi
592 3144 651 3189 ut
679 3137 817 3206 patri
846 3151 1070 3191 necesse
1107 3147 1210 3192 est.
1244 3137 1434 3192 Melius
1461 3153 1590 3210 ergo
1628 3139 1680 3194 id
1724 3156 1921 3197 nomen

2029 546 2175 598 mus;
2200 529 2218 603 )
2247 531 2342 588 sed
2369 541 2461 587 aut
2488 533 2560 602 ii,
2603 534 2693 604 qui
2724 532 3070 604 superstitem
3102 534 3416 588 memoriam
3444 532 3636 589 defun-

2026 633 2234 680 ctorum
2267 625 2471 692 colunt,
2504 634 2595 681 aut
2625 625 2713 696 qui
2743 625 3063 696 parentibus
3103 625 3217 680 suis
3259 625 3580 694 superstites
3604 667 3621 692 ,

2027 718 2276 774 colebant
2313 720 2572 791 imagines
2611 735 2798 776 eorum
2845 719 2991 776 domi
3019 728 3274 791 tanquam
3303 718 3437 776 deos
3465 734 3633 791 pena-

2028 821 2128 868 tes.
2159 811 2294 869 Nam
2317 814 2405 884 qui
2425 829 2595 870 novos
2622 813 2724 869 sibi
2757 814 2892 870 ritus
2919 814 3289 879 assumebant,
3315 822 3373 869 ut
3400 813 3629 870 deorum

2026 911 2145 967 vice
2166 920 2409 966 mortuos
2428 911 2778 978 honorarent,
2798 925 2932 982 quos
2953 927 3019 968 ex
3040 910 3346 966 hominibus
3361 911 3414 965 in
3432 909 3631 967 coelum

2027 1011 2275 1074 receptos
2301 1002 2594 1074 putabant,
2643 1003 2741 1059 hos
2779 1004 3188 1074 superstitiosos
3211 1003 3495 1060 vocabant.
3524 1003 3632 1059 Eos

2027 1110 2178 1162 vero,
2196 1096 2284 1165 qui
2308 1094 2550 1166 publicos
2577 1105 2630 1152 et
2656 1096 2908 1165 antiquos
2928 1095 3063 1152 deos
3087 1096 3353 1164 colerent,
3377 1095 3632 1168 reliogioo

2028 1201 2118 1243 sos
2147 1186 2514 1242 nominabant.
2543 1187 2698 1244 Unde
2719 1187 3005 1259 Virgilius:

2151 1307 2288 1358 Vana
2312 1309 2621 1374 superstitio,
2647 1313 2978 1375 veterumque
2996 1311 3167 1373 ignara
3188 1311 3410 1361 deorum.

2028 1439 2134 1496 Sed
2149 1455 2269 1495 cum
2285 1448 2498 1496 veteres
2514 1454 2730 1512 quoque
2747 1438 2882 1494 deos
2895 1438 3238 1494 inveniamus
3257 1435 3446 1492 eodem
3470 1435 3634 1492 modo

2026 1541 2374 1588 consecratos
2402 1547 2524 1588 esse
2564 1540 2690 1603 post
2714 1530 2919 1586 obitum
2944 1546 2963 1596 ;
2991 1529 3353 1602 superstitiosi
3385 1542 3516 1599 ergo
3542 1527 3634 1598 qui

2025 1626 2224 1681 multos
2245 1641 2307 1680 ac
2339 1623 2500 1681 falsos
2525 1624 2655 1680 deos
2675 1625 2879 1681 colunt.
2909 1623 3019 1680 Nos
3046 1631 3225 1679 autem
3248 1622 3510 1695 religiosi,
3539 1622 3631 1694 qui

2029 1717 2120 1772 uni
2145 1725 2200 1772 et
2221 1731 2351 1772 vero
2379 1716 2489 1774 Deo
2518 1715 2911 1787 supplicamus.

2589 1889 2817 1947 CAPUT
2856 1888 3052 1945 XXIX.

2025 2026 2104 2084 De
2127 2026 2370 2099 religione
2398 2026 2697 2092 christiana,
2728 2035 2775 2080 et
2803 2026 2865 2080 de
2890 2024 2924 2080 J
2930 2041 3016 2081 esu
3041 2041 3157 2082 cum
3176 2023 3342 2081 Patre
3372 2025 3630 2094 coniunc-

2673 2120 2825 2176 tione.

2097 2301 2350 2359 Fortasse
2378 2309 2585 2374 qumrat
2613 2302 2827 2374 aliquis,
2857 2300 3151 2374 quomodo,
3174 2315 3297 2356 cum
3330 2300 3498 2357 Deum
3533 2313 3631 2356 nos

2025 2411 2189 2454 unum
2220 2396 2399 2451 colere
2422 2395 2683 2462 dicamus,
2712 2395 2850 2451 duos
2873 2403 3052 2450 tamen
3075 2408 3198 2451 esse
3227 2408 3626 2464 asseveremus,
3675 2419 3677 2430 ι

2026 2490 2195 2546 Deum
2227 2488 2440 2544 Patrem
2471 2498 2520 2544 et
2553 2488 2724 2544 Deum
2753 2487 2946 2542 Filium
2975 2505 2988 2540 ι
3017 2502 3137 2558 quae
3164 2485 3495 2543 asseveratio
3517 2485 3635 2557 ple-

2024 2597 2225 2653 rosque
2267 2582 2322 2637 in
2353 2581 2648 2636 maximum
2690 2581 2912 2652 impegit
2960 2596 3222 2636 errorem.
3276 2581 3482 2648 Quibus
3509 2595 3632 2635 cum

2026 2673 2319 2746 probabilia
2353 2674 2632 2728 videantur
2674 2688 2817 2739 esse,
2846 2687 2964 2744 quae
3003 2672 3254 2739 dicimus,
3297 2673 3348 2726 in
3378 2671 3480 2727 hoc
3521 2685 3633 2727 uno

2025 2765 2207 2822 labare
2237 2781 2335 2822 nos
2363 2765 2706 2830 arbitrantur,
2739 2765 2881 2836 quod
2913 2773 2966 2820 et
2991 2764 3240 2832 alterum,
3270 2773 3326 2820 et
3347 2764 3630 2820 mortalem

2028 2859 2194 2914 Deum
2247 2857 2528 2913 fateamur.
2563 2857 2633 2911 De
2670 2857 2998 2912 mortalitate
3035 2856 3146 2927 jam
3182 2856 3417 2911 diximus
3447 2874 3459 2909 :
3489 2871 3632 2912 nunc

2025 2953 2094 3010 de
2124 2953 2328 3006 unitate
2355 2950 2664 3007 doceamus.
2687 2947 2820 3005 Cum
2844 2949 3074 3005 dicimus
3110 2951 3274 3004 Deum
3301 2949 3539 3017 Patrem,
3571 2959 3628 3006 et

2028 3045 2196 3102 Deum
2224 3045 2417 3101 Filium
2438 3086 2452 3111 ,
2486 3059 2591 3100 non
2621 3043 2894 3099 diversum
2925 3043 3187 3109 dicimus,
3221 3056 3322 3097 nec
3351 3051 3635 3114 utrumque

2026 3139 2378 3202 secernimus;
2402 3123 2522 3210 quia
2557 3153 2655 3193 nec
2680 3137 2839 3193 Pater
2861 3136 2976 3192 sine
3002 3135 3141 3192 Filio
3161 3150 3282 3191 esse
3308 3142 3504 3206 potest,
3531 3151 3635 3192 nec

314 3227 603 3284 Lucretius
632 3230 1018 3300 interpretatus
1061 3240 1175 3298 est,
1209 3231 1299 3301 qui
1353 3232 1458 3298 ait,
1508 3233 1826 3304 religionum
1857 3249 1916 3290 se
1944 3245 1988 3308 ρ
2023 3232 2190 3289 Filius
2219 3247 2248 3286 a
2275 3232 2434 3288 Patre
2463 3232 2694 3298 secerni,
2717 3231 2762 3286 si
2786 3230 3001 3302 quidem
3032 3244 3132 3286 nec
3163 3229 3324 3285 Pater
3352 3231 3471 3285 sine
3499 3228 3636 3285 Filio

313 3321 490 3379 nodos
515 3322 824 3379 exsolvere.
846 3322 1216 3394 Superstitiosi
1249 3331 1428 3379 autem
1468 3335 1762 3392 vocantur,
1806 3343 1913 3383 non

2022 3327 2342 3398 nuncupari,
2371 3341 2472 3382 nec
2494 3325 2664 3382 Filius
2691 3332 2866 3397 potest
2894 3324 3012 3380 sine
3033 3322 3190 3380 Patre
3212 3323 3477 3396 generari.
3498 3321 3633 3380 Cum

1649 3466 2008 3526 VARIORUM
2047 3467 2278 3525 NOTAE.

310 3620 417 3661 non
445 3613 608 3731 pstea
634 3607 826 3662 malum
865 3622 1002 3674 esse,
1031 3607 1075 3662 si
1104 3612 1389 3680 frequenter
1415 3610 1525 3678 ﬁat.
1569 3609 1752 3667 Nostis
1788 3611 1918 3667 reli-

310 3691 439 3731 aua.
522 3693 608 3731 un.

310 3691 439 3746 qua.
474 3691 608 3732 mm.

391 3746 594 3820 Hostia:
623 3749 875 3818 plurimae.
904 3750 992 3807 Sic
1016 3751 1233 3820 reposui
1259 3766 1324 3806 ex
1354 3752 1532 3808 multis
1560 3769 1690 3808 mss.
1720 3762 1775 3808 et
1809 3753 1913 3808 im-

315 3820 546 3895 pressis.
575 3819 628 3874 In
660 3821 694 3876 4
722 3821 856 3892 Reg.
881 3832 935 3878 et
961 3819 1125 3877 Brun.
1156 3822 1424 3895 editisque
1443 3825 1474 3878 7
1501 3826 1692 3895 legitur
1720 3826 1910 3894 plures.

390 3889 748 3964 Demerentur.
803 3889 1014 3964 Optima
1064 3889 1582 3963 quamplurimorum
1626 3889 1756 3952 mss.
1800 3906 1852 3951 et
1879 3898 1913 3952 9

316 3961 591 4037 editorum
621 3963 812 4037 lectio,
842 3961 1014 4037 quam
1028 3961 1426 4037 Amanueusesi
1452 3966 1622 4037 ignari
1648 3982 1909 4037 corrupe-

317 4043 447 4089 runt
474 4033 528 4087 in
549 4034 585 4088 2
610 4032 874 4102 Colbert.,
899 4035 949 4089 in
973 4035 1308 4091 Tornesiano
1325 4050 1388 4091 ac
1407 4036 1440 4090 2
1458 4032 1692 4094 Clarom.
1711 4032 1908 4096 substi-

319 4113 537 4160 tuentes
557 4146 572 4168 ,
603 4103 768 4159 Deum
800 4116 1092 4171 merentur;
1125 4107 1178 4160 iit
1212 4108 1234 4161 1
1277 4107 1516 4162 Colbert.
1558 4119 1613 4163 et
1642 4115 1674 4166 4
1705 4112 1915 4167 excusis

319 4176 560 4253 obsequia
583 4187 856 4253 merentur.
876 4177 1306 4253 :—_Demerent_ur
1324 4180 1512 4250 potius,
1547 4197 1703 4249 quant
1745 4187 1912 4253 offen-

319 4247 467 4325 dunt:
501 4246 646 4325 Lips.
685 4248 741 4315 2,
783 4250 845 4313 5,
876 4249 1105 4325 Reimm.
1136 4258 1188 4303 et
1217 4246 1422 4325 T0rit.._
1455 4246 1586 4325 mss.
1632 4253 1697 4325 ad
1744 4246 1910 4325 marg.

323 4318 463 4373 1587
492 4337 505 4373 :
535 4317 699 4373 Deum
714 4329 966 4392 merentur
987 4321 1154 4388 potius
1170 4319 1626 4392 quantoﬂendunl.
1653 4324 1764 4378 Non
1793 4317 1917 4392 pos-

321 4403 457 4465 sum
489 4400 691 4465 temere
721 4391 1001 4465 repudiare
1023 4433 1036 4457 ,
1082 4407 1290 4465 memor
1317 4391 1631 4450 Tertulliani
1662 4391 1915 4465 Apolog,

321 4461 1094 4563 ob?quugmslfdocebrtntur,
1125 4463 1202 4516 De
1227 4465 1562 4532 promerendo
1584 4461 1726 4533 Deo,
1740 4478 1788 4522 et
1815 4461 1917 4522 non
1944 4502 1996 4563 D

321 4530 648 4599 olfendendo.
686 4534 815 4589 llus.

395 4602 600 4659 Nomen
627 4605 1017 4671 reprehensibile
1046 4606 1311 4677 suscipiat.
1343 4605 1470 4662 Mss.
1519 4608 1578 4663 11
1616 4623 1724 4664 rec.
1769 4618 1823 4664 et
1855 4608 1918 4664 16

351 4674 478 4729 dit..
507 4677 744 4729 accipiat.

315 4676 478 4740 edit.,
507 4677 744 4746 accipiat.

390 4746 532 4819 Deos
563 4753 725 4819 magis
745 4747 984 4804 honorat.
1017 4747 1096 4805 Ex
1124 4763 1254 4804 mss.
1280 4749 1584 4806 veterrimis
1617 4751 1644 4806 1
1679 4751 1915 4818 Bonon.,

318 4817 345 4873 1
393 4817 532 4894 Reg.
578 4817 827 4894 aliisque
852 4836 944 4876 sex
972 4829 1027 4875 et
1052 4819 1210 4878 editis
1237 4822 1272 4894 4
1303 4823 1520 4894 reposui
1560 4825 1743 4894 magis,
1773 4817 1918 4894 quod

314 4891 514 4962 melius
538 4905 670 4946 sane
691 4891 938 4961 quadrat,
961 4906 1119 4962 quam
1149 4893 1293 4953 satis,
1317 4893 1458 4962 quod
1489 4903 1572 4950 est
1603 4891 1658 4949 in
1681 4891 1914 4951 caeteris.

395 4959 520 5014 Non
539 4959 1153 5031 quemadmodum'colas.
1178 4959 1347 5032 Quod
1363 4963 1542 5020 minus
1572 4968 1706 5021 bene
1723 4983 1752 5022 a
1782 4966 1919 5022 Lac-

314 5033 496 5106 tantio
521 5032 722 5106 dictum
749 5044 855 5106 est,
887 5033 1077 5106 quaide
1111 5050 1168 5088 re
1199 5034 1318 5088 vide
1341 5033 1399 5090 S.
1419 5037 1772 5106 Augustinum
1804 5041 1842 5094 l.
1867 5055 1920 5092 tv

315 5101 386 5177 de
415 5101 687 5177 Civ._Dei,
716 5120 766 5160 c.
794 5105 884 5162 50.
906 5101 1239 5175 Religiosum
1267 5122 1294 5158 a
1324 5101 1698 5175 superstitioso
1717 5110 1918 5177 optime

315 5173 649 5230 discernitur
675 5194 688 5231 :
715 5173 1121 5245 superstitiosus
1153 5173 1484 5246 pertimescit
1513 5179 1678 5234 Deum
1713 5173 1768 5232 ut
1795 5181 1919 5234 hos-

317 5252 450 5318 tem,
484 5255 540 5318 at
567 5247 848 5318 religiosus
874 5249 1040 5303 Deum
1073 5258 1364 5303 veneratur
1391 5258 1446 5302 nt
1470 5258 1769 5318 parentem.

389 5315 535 5389 Quid
559 5315 781 5384 precere.
810 5319 936 5374 Mss.
959 5318 993 5375 6
1020 5333 1129 5373 rec.
1153 5315 1482 5381 totidemque
1496 5320 1644 5384 editi,
1674 5321 1914 5389 preceris.

387 5387 748 5464 Meliusergo.
783 5389 906 5464 Mss.
935 5391 969 5446 9
996 5405 1108 5464 rec.
1143 5398 1197 5444 et
1222 5391 1351 5464 edit.
1384 5391 1545 5464 7,80
1565 5387 1745 5464 melius
1773 5410 1914 5464 ergo.

387 5458 682 5516 Lucretius.
703 5461 828 5517 llaec
858 5460 1091 5517 Lucretii
1125 5461 1285 5516 verba
1318 5477 1382 5516 ex
1409 5462 1546 5517 libro
1572 5479 1588 5518 ι
1617 5463 1682 5516 de
1713 5458 1915 5519 Rerum

317 5526 507 5604 Natnr.
530 5535 640 5604 jam
670 5535 888 5604 recitata
913 5532 1128 5587 fuerunt
1155 5548 1318 5602 supra
1344 5533 1481 5586 libro
1507 5550 1546 5599 ι,
1578 5549 1699 5604 eap.
1733 5537 1817 5590 16.

390 5602 494 5667 Qui
519 5601 611 5657 ait.
641 5603 1126 5674 Manuscriptorum
1159 5612 1262 5669 est,
1293 5614 1347 5659 ct
1371 5605 1405 5658 4
1443 5605 1571 5660 edit.
1606 5601 1662 5661 In
1705 5607 1764 5663 11
1797 5605 1916 5662 vul-

318 5674 453 5746 gatis
475 5683 564 5746 est
591 5677 712 5746 quia
737 5677 834 5741 ait;
865 5677 1025 5746 male.

389 5742 632 5818 Colelium
662 5748 925 5818 imagines.
950 5745 1198 5802 Nonnulli
1231 5761 1360 5802 mss.
1380 5755 1432 5803 et
1459 5747 1607 5818 edd.,
1639 5749 1909 5816 celebrant,

315 5815 458 5883 quod
483 5816 612 5874 nihil
641 5818 728 5874 hic
757 5815 857 5875 loci
887 5818 1190 5889 significare
1221 5829 1416 5890 potest.

2101 3611 2170 3667 Ut
2208 3612 2418 3666 deorum
2462 3611 2585 3666 vice.
2636 3610 2708 3683 Ita
2759 3611 3134 3683 quamplurimi
3179 3619 3232 3666 et
3270 3610 3632 3683 antiquissimi

2023 3697 2156 3738 mss.
2187 3694 2242 3738 et
2264 3685 2295 3737 8
2323 3683 2530 3738 excusi.
2559 3683 2616 3738 In
2647 3681 2681 3737 9
2713 3681 2924 3753 scriptis
2942 3693 2995 3739 et
3017 3683 3079 3739 11
3105 3683 3263 3738 editis
3291 3681 3479 3743 est,'in
3506 3683 3631 3738 deo-

2021 3771 2139 3808 rum
2166 3754 2356 3817 vicem;
2379 3755 2414 3809 ὅ
2435 3769 2575 3822 rec.,
2603 3755 2754 3810 uices.

2109 3825 2252 3882 Vana
2264 3825 2572 3894 superstitio,
2589 3835 2695 3880 etc.
2716 3825 2852 3881 Sunt
2865 3824 3026 3880 verba
3046 3824 3277 3880 Evandri
3292 3823 3358 3880 ad
3374 3824 3626 3890 Eneam,

2019 3895 2159 3951 libro
2186 3897 2577 3967 rEneidosym,
2609 3912 2717 3967 quo
2743 3897 2861 3951 loco
2881 3896 3100 3953 Servius
3128 3895 3290 3950 aliam
3311 3912 3470 3967 quam
3495 3896 3629 3952 Lac-

2020 3969 2240 4038 tantius,
2288 3969 2402 4023 sive
2438 3965 2649 4034 Cicero,
2724 3967 2884 4038 lnljus
2929 3968 3078 4022 vocis
3113 3965 3377 4023 rationein
3425 3967 3625 4023 affert:

2021 4037 2355 4106 Superstitio,
2383 4040 2577 4110 inquit,
2615 4047 2687 4093 est
2716 4037 2867 4093 timor
2895 4039 3190 4108 super/laus
3209 4048 3256 4093 et
3285 4039 3501 4104 delirus,
3533 4047 3623 4093 aut

2018 4110 2082 4163 ab
2113 4112 2327 4165 aniculis
2358 4111 2515 4176 dicta,
2546 4127 2659 4181 quia
2685 4110 2856 4165 multis
2875 4111 3169 4181 superstites
3196 4127 3287 4179 per
3311 4120 3510 4164 (etatem
3533 4111 3627 4164 de-

2020 4181 2197 4247 lirant,
2217 4191 2262 4237 et
2277 4183 2444 4238 stulta:
2473 4179 2590 4236 sunt
2614 4197 2632 4236 :
2655 4192 2743 4235 aut
2761 4182 3042 4235 secundum
3069 4179 3360 4235 Lucretium
3381 4183 3629 4249 supersti-

2021 4253 2090 4305 tio
2115 4265 2185 4306 est
2213 4256 2615 4322 superstantium
2643 4270 2834 4319 rerum,
2864 4251 2920 4306 id
2947 4263 3020 4307 est
3043 4254 3317 4306 caelestium
3355 4260 3401 4304 et
3429 4252 3630 4304 divina-

2020 4340 2157 4395 rum,
2192 4342 2304 4395 qute
2333 4341 2485 4392 super
2513 4341 2602 4378 nos
2637 4333 2792 4395 stant,
2822 4325 2990 4377 inanis
3029 4334 3075 4377 et
3113 4323 3406 4395 superfluus
3450 4326 3625 4395 timor.

2024 4394 2148 4450 llmc
2190 4392 2300 4451 ille.
2351 4395 2460 4449 Lex
2501 4405 2650 4449 erat:
2683 4394 2978 4464 Separatim
3020 4409 3175 4464 nemo
3206 4392 3428 4447 habessit
3468 4393 3622 4456 deos,

2025 4481 2144 4589 nelve
2174 4483 2348 4533 novos,
2372 4466 2476 4521 sive
2494 4466 2736 4530 advenas,
2760 4463 2859 4520 nisi
2881 4465 3084 4536 publice
3109 4463 3350 4528 adscitos,
3383 4465 3624 4536 privatim

2025 4552 2079 4589 eo
2107 4549 2248 4589 unto.

2021 4549 2248 4591 εοιιιηῑο.

2094 4606 2354 4663 Fortasse.
2389 4607 2558 4676 Caput
2587 4605 2727 4661 istud
2754 4607 2964 4663 videtur
2988 4607 3244 4677 scriptum
3268 4649 3283 4672 ,
3316 4606 3397 4662 vel
3429 4615 3620 4663 contra

2021 4677 2242 4734 Paulum
2266 4682 2722 4745 Samosatensem,
2741 4680 3029 4735 velcontra
3049 4679 3328 4733 Arrianam
3350 4678 3619 4735 haeresim.

2097 4751 2322 4818 Quaerat.
2349 4750 2611 4806 Heilman.
2648 4750 2775 4820 legit
2801 4759 3009 4820 queret.

2091 4822 2337 4895 lmpegit.
2386 4821 2462 4877 Ita
2512 4837 2641 4876 mss.
2675 4818 2732 4876 et
2769 4818 2920 4878 editi.
2954 4822 3082 4877 Mss.
3115 4818 3310 4890 Cauc.,
3341 4823 3377 4877 5
3407 4820 3539 4893 Reg.
3572 4830 3628 4878 et

2019 4892 2086 4948 ed
2096 4899 2153 4966 i_t.
2181 4892 2311 4950 'oc'to
2327 4936 2342 4960 ,
2370 4895 2632 4966 impingit.

2091 4964 2291 5021 Labare
2320 4961 2555 5023 nosﬁSié
2580 4964 2961 5035 quamplurimi
2994 4979 3128 5020 mss.
3157 4973 3212 5019 et
3236 4964 3305 5019 16
3323 4964 3533 5019 excusi.
3563 4961 3618 5035 Id

2020 5045 2124 5103 est,
2154 5038 2437 5102 vacillare,
2475 5052 2573 5092 seu
2601 5032 2781 5107 potius
2827 5051 3031 5091 errare.
3078 5035 3275 5107 Scripti
3306 5036 3338 5088 6
3369 5048 3481 5107 rce.
3513 5041 3564 5107 et
3592 5032 3627 5085 2

2020 5116 2129 5162 vet.
2155 5107 2287 5164 edit.
2321 5109 2501 5169 Rom.,
2533 5103 2792 5171 laliorare;
2815 5121 2948 5163 mss.
2976 5108 3007 5161 7
3034 5122 3168 5173 rec.,
3195 5103 3400 5170 labore;
3430 5103 3626 5174 Regio—

2019 5177 2145 5250 Put.
2174 5196 2204 5235 a
2233 5180 2403 5250 prima
2435 5195 2616 5250 manu,
2645 5179 2679 5233 2
2709 5179 2920 5235 Bonon.
2948 5186 3003 5232 et
3027 5178 3186 5243 Tax.,
3217 5177 3383 5250 {altera
3409 5191 3522 5250 nos.

2095 5248 2204 5304 Nec
2234 5243 2390 5304 Pater
2413 5251 2522 5305 sine
2565 5248 2699 5304 Filio
2729 5266 2834 5305 esse
2863 5257 3055 5318 potest,
3087 5264 3177 5301 nec
3209 5246 3377 5318 lv'ilius
3402 5262 3434 5299 a
3467 5243 3624 5318 Putre

2018 5325 2229 5376 secerni.
2263 5323 2339 5377 Ita
2396 5337 2528 5375 mss.
2577 5317 2928 5390 Regio-Put.,
2960 5317 3148 5384 Cauc.,
3184 5317 3352 5390 AJun.,
3381 5319 3414 5371 5
3443 5317 3622 5390 (ξοιὺη

2023 5392 2162 5454 PaL,
2184 5394 2208 5447 1
2227 5394 2373 5462 Lips.
2389 5434 2403 5457 ,
2424 5392 2572 5457 Em.,
2587 5387 2769 5458 om,
2793 5392 2823 5462 1
2839 5391 3099 5462 Sorhon.,
3121 5391 3156 5442 2
3172 5387 3432 5451 Clarom..
3459 5389 3626 5445 Brun.

2020 5473 2076 5519 et
2103 5466 2170 5520 M
2199 5460 2309 5519 vet.
2339 5465 2472 5519 edit.
2503 5462 2560 5518 In
2600 5461 2916 5531 quibusdam
2944 5460 3103 5531 editis
3131 5461 3284 5515 deest
3319 5475 3446 5516 esse.
3477 5463 3544 5516 At
3574 5462 3626 5515 in

2019 5535 2192 5590 tBon.
2227 5535 2422 5604 antiq.,
2447 5535 2481 5589 ’5
2510 5529 2668 5604 Reg),
2697 5535 2720 5588 1
2752 5533 2926 5604 Lips_.,
2953 5535 2975 5587 1
3011 5529 3166 5604 Colb.
3197 5542 3252 5586 et
3280 5531 3369 5586 ed.
3403 5532 3503 5597 ls.,
3537 5548 3628 5604 nec

2021 5606 2183 5661 Pater
2221 5624 2254 5661 a
2295 5602 2436 5662 Filio
2477 5602 2671 5677 potest,
2720 5620 2812 5657 nec
2853 5602 3024 5677 Filius
3049 5620 3082 5657 a
3115 5603 3275 5658 Patre
3309 5606 3524 5677 secerni.
3576 5603 3628 5677 |_d

2020 5689 2206 5734 contra
2236 5675 2486 5735 Ariauos'
2517 5677 2718 5730 dictum
2753 5678 2917 5732 fuisse
2945 5675 3465 5744 existimo.——Quam
3494 5675 3626 5729 scri-

2021 5761 2232 5821 pturam
2261 5751 2546 5821 confirmat
2575 5747 2716 5821 Epit.
2748 5763 2796 5803 c.
2822 5747 3007 5821 49_fin.
3033 5766 3044 5801 :
3066 5746 3326 5821 Neutrum
3349 5747 3443 5821 sibi
3470 5746 3631 5821 relin-

2019 5813 2150 5894 quit,
2166 5823 2349 5892 quiaut
2368 5819 2519 5876 Patr.
2545 5837 2576 5874 a
2596 5817 2730 5889 Fil.,
2753 5829 2839 5873 aut
2866 5817 2974 5877 Fil.
3003 5837 3036 5875 a
3054 5817 3202 5875 Patr.
3226 5817 3459 5874 secernit.
3489 5813 3620 5870 Bon.
