4154 6196
497 334 605 399 559

1611 334 1795 396 FIRM.
1837 310 2210 396 LACTANTII
2251 334 2457 394 mm.
2501 318 2746 393 mstir.

3696 335 3803 393 540

497 457 659 531 igitur
700 458 755 515 et
784 455 939 514 Pater
969 447 1163 513 Filium
1202 455 1384 523 Faciat,
1430 464 1485 514 et
1508 446 1677 514 Filius
1709 452 1956 527 Patrem,
1987 468 2092 513 una
2119 452 2176 517 Α
2197 442 2383 529 praeter
2402 468 2482 507 me
2500 462 2603 506 non
2632 460 2705 508 est
2727 448 2888 516 Deus,
2908 448 3031 505 cum
3062 450 3245 519 posset
3268 447 3447 505 dicere
3464 457 3648 519 praeter
3675 464 3767 503 nos
3787 462 3808 503 :

496 550 706 619 utrique
738 550 917 617 tuens,
954 552 1095 605 unus
1116 540 1353 620 spiritus,
1387 544 1489 605 itna‘
1511 544 1808 606 substantia
1839 557 1922 605 est
1954 566 1967 602 :
1997 534 2094 603 sed

494 641 587 698 ille
613 640 765 712 quasi
795 634 1099 698 ek'tiberahs
1127 638 1247 698 Ibus
1272 638 1357 698 é's'l
1379 683 1394 708 ,
1428 634 1517 698 hic
1547 636 1815 713 tamquam
1857 634 2099 697 deﬂuens

496 750 562 791 ex
583 738 650 793 eo
676 734 845 803 rivus;
874 733 963 792 ille
984 733 1255 806 tamquam
1283 735 1384 802 s’ol,
1424 730 1512 792 hic
1538 738 1690 807 quasi
1714 728 1899 792 radius
1925 748 1957 791 a
1985 734 2100 792 sole

495 830 797 902 porrectus.
846 827 950 897 Qui
993 816 1243 899 quoniam
1286 826 1500 885 summo
1551 820 1696 885 Patri
1734 822 1788 884 et
1819 824 2013 896 ﬁdelis,
2046 835 2102 885 et

497 910 655 980 carus
686 925 800 989 est,
834 910 944 979 non
989 909 1269 995 separatur
1301 939 1315 977 :
1343 917 1483 978 sicut
1518 920 1620 978 nec
1670 920 1820 1003 rivtts
1863 918 1895 976 εἰ
1927 912 2097 990 fonte,

500 1026 601 1073 nec
625 1004 807 1071 radius
841 1022 871 1071 a'
906 1014 1041 1081 sole;
1084 1012 1207 1086 quia
1234 1018 1292 1071 ‘et
1319 1018 1455 1085 unus
1482 1004 1646 1069 tomis
1676 1010 1728 1070 in
1762 1008 1878 1068 riv'o
1914 1010 2019 1081 est,
2049 1008 2104 1068 et

502 1110 634 1167 solis
678 1096 857 1166 lumen
897 1108 953 1165 in
988 1107 1138 1165 radio
1168 1116 1359 1180 :acque
1388 1120 1488 1165 nec
1518 1116 1618 1163 vo‘x
1650 1106 1719 1165 ab
1744 1106 1840 1164 ore
1868 1102 2100 1179 sejungi,

506 1222 607 1264 nec
631 1207 834 1271 virtus,
866 1214 959 1261 aut
998 1200 1189 1260 manus
1216 1200 1245 1256 a‘
1276 1202 1503 1273 carpere
1531 1192 1711 1259 divelli
1742 1208 1935 1273 potest.
1967 1195 2102 1257 Cum

506 1301 669 1374 igitur
696 1316 727 1356 a
752 1300 1031 1372 prophetis
1055 1298 1198 1355 idem
1224 1312 1418 1353 manus
1450 1296 1566 1365 Dei,
1596 1299 1652 1353 at
1671 1296 1843 1353 virtus
1860 1338 1876 1364 ,
1911 1304 1967 1352 et
1989 1294 2106 1351 ser-

508 1410 599 1453 mo
632 1394 873 1465 dicatur,
893 1393 1076 1465 utique
1105 1391 1252 1448 nulla
1272 1391 1526 1448 discretio
1552 1400 1658 1459 est;
1682 1391 1807 1461 quia
1834 1398 1890 1447 et
1924 1388 2103 1459 lingua

512 1486 779 1545 sermonis
806 1484 1052 1542 ministra
1074 1526 1092 1553 ,
1128 1492 1183 1539 et
1208 1498 1402 1553 manus
1422 1482 1475 1539 iu
1500 1498 1603 1554 qua
1633 1492 1717 1539 est
1736 1482 1931 1550 virtus,
1962 1479 2104 1537 indi-

510 1577 685 1635 viduae
712 1587 838 1634 sunt
865 1577 1108 1648 corporis
1128 1574 1425 1647 portiones.

581 1672 843 1743 Propiore
870 1672 945 1726 uti
982 1667 1231 1740 exemplo
1257 1660 1405 1726 libet.
1429 1668 1565 1739 Cum
1592 1667 1712 1741 quis
1732 1666 1895 1724 habet
1916 1665 2106 1737 ﬁlium,

510 1778 670 1837 quem
697 1765 855 1819 unice
873 1761 1067 1833 diligit;
1082 1760 1175 1832 qui
1203 1769 1381 1817 tamen
1412 1762 1483 1818 sit
1512 1762 1566 1816 in
1593 1761 1776 1829 domo,
1790 1769 1845 1816 et
1863 1761 1918 1816 in
1947 1776 2108 1815 manu

2200 536 2295 603 sed
2323 547 2400 600 fas
2432 559 2535 600 non
2563 552 2680 600 erat
2726 532 2920 613 plurali
2950 555 3176 596 numero
3220 536 3614 613 separationem
3646 549 3807 595 tanta:

2198 635 2615 695 necessitudinis
2646 634 2783 692 iieri.
2815 623 2969 691 Unus
3001 630 3085 689 est
3113 632 3256 689 enim
3287 632 3458 701 salus,
3482 630 3638 700 liber,
3665 631 3809 688 Deus

2198 743 2468 795 summus,
2497 718 2688 785 carens
2713 712 2938 799 origine,
2968 720 3093 798 quia
3133 726 3250 797 ipse
3292 735 3377 782 est
3401 727 3555 797 origo
3582 741 3765 782 rerum
3791 743 3805 793 ;

2200 826 2256 880 et
2294 823 2345 877 in
2376 836 2442 877 eo
2468 810 2629 876 simul
2660 814 2714 876 et
2736 810 2924 887 Filius,
2954 809 3009 875 ei
3049 816 3227 874 omnia
3269 818 3632 875 continentur.
3663 818 3811 887 Qua-

2202 918 2425 988 prOpter
2449 930 2571 972 cum
2600 926 2753 971 mens
2782 920 2839 971 et
2864 910 3114 970 voluntas
3142 912 3366 970 alterius
3403 914 3454 969 in
3487 898 3657 970 altero
3699 914 3806 980 sit,

2200 1009 2286 1065 vel
2305 998 2483 1080 potius
2512 1010 2617 1064 una
2650 994 2703 1064 in
2732 1010 2983 1078 utroque,
3020 1004 3215 1062 merito
3238 1018 3376 1061 unus
3404 1006 3543 1061 Deus
3570 1004 3804 1076 uterque

2201 1100 2530 1174 appellatur,
2574 1102 2696 1172 quia
2748 1096 3011 1173 quidquid
3065 1109 3149 1157 est
3185 1099 3238 1156 in
3268 1099 3462 1165 Patre,
3504 1098 3572 1154 ad
3619 1098 3812 1156 Filium

2204 1184 2493 1259 transiluit,
2512 1192 2567 1248 et
2590 1190 2851 1263 quidquid
2880 1189 2932 1247 in
2956 1180 3118 1257 Filio,
3138 1205 3167 1244 a
3186 1188 3346 1246 Patre
3371 1188 3672 1246 descendit.
3697 1189 3816 1246 Non

2206 1286 2383 1359 potest
2410 1286 2573 1358 igitur
2604 1278 2695 1341 ille
2717 1282 2962 1341 s'uinmus
2980 1326 2997 1351 ,
3022 1282 3086 1339 ac
3110 1282 3399 1355 singularis
3431 1278 3575 1339 Deus
3596 1281 3699 1338 nisi
3721 1296 3819 1352 per

2205 1372 2401 1435 Filium
2432 1377 2555 1433 coli.
2586 1370 2687 1445 Qui
2719 1372 2898 1433 solum
2930 1370 3142 1431 Patrem
3171 1372 3233 1430 se
3257 1373 3436 1430 colere
3466 1379 3650 1444 putat,
3681 1372 3822 1428 sicut

2207 1468 2403 1528 Filium
2444 1468 2743 1537 nutucolit,
2776 1468 2849 1526 ita
2883 1466 2949 1523 hc
2982 1456 3193 1524 Patrem
3228 1462 3467 1537 quidem.
3496 1464 3600 1536 Qui
3625 1472 3811 1522 autem

2207 1556 2399 1635 Filium
2427 1556 2671 1633 suscipit,
2699 1570 2753 1618 et
2778 1556 2973 1618 noiiieb
3003 1558 3122 1632 ejus
3150 1559 3308 1630 get-it,
3338 1558 3385 1613 is
3413 1572 3544 1614 vero
3574 1572 3698 1614 cum
3730 1556 3823 1612 Fi-

2209 1656 2283 1712 lio
2299 1652 2458 1711 simul
2483 1663 2541 1713 et
2566 1652 2639 1733 Pa
2652 1653 2785 1733 item
2808 1650 2958 1721 colit,
2975 1650 3227 1735 quoniam
3252 1651 3475 1723 legatus,
3497 1654 3552 1707 et
3572 1651 3818 1717 nuntius,

2210 1758 2267 1809 et
2282 1744 2536 1807 sacerdos
2556 1749 2752 1804 summi
2768 1743 2943 1805 Patris
2964 1752 3050 1804 est
3064 1743 3256 1802 Filius.
3276 1742 3372 1801 llic
3391 1743 3572 1814 templi
3592 1742 3816 1798 maximi

512 1830 716 1928 patris,
748 1855 875 1910 licet
901 1854 951 1911 ei
973 1830 1179 1911 nomen
1211 1853 1417 1910 domini
1456 1861 1886 1926 potestatemque
1914 1867 2112 1910 conca.
2139 1874 2189 1936 Β
2207 1839 2371 1936 ja‘nua
2401 1840 2509 1908 eat,
2544 1837 2632 1897 hic
2678 1839 2817 1897 lucis
2841 1838 2962 1909 via,
2990 1830 3083 1896 hic
3120 1834 3232 1895 ditx
3261 1834 3473 1906 salutis,
3506 1834 3592 1893 hic
3623 1835 3827 1891 ostium

510 1948 623 2016 dat,
646 1946 790 2003 civili
814 1957 989 2003 tamen
1014 1945 1139 2017 jure
1169 1952 1226 2001 et
1248 1945 1441 2002 domus
1461 1960 1587 2010 una,
1616 1955 1672 2001 et
1700 1960 1838 2001 unus
1858 1944 2110 2002 dominus

512 2026 841 2095 nominatur.
867 2028 958 2096 Sic
986 2036 1076 2094 hic
1109 2035 1341 2095 mundus
1370 2046 1475 2093 una
1515 2035 1611 2093 Dei
1660 2034 1854 2093 domus
1890 2045 2010 2105 est;
2057 2018 2113 2094 ei

510 2133 678 2192 Filius
715 2149 779 2190 ac
809 2133 1001 2201 Pater,
1044 2132 1137 2204 qui
1181 2133 1464 2188 unanimes
1506 2131 1751 2188 incolunt
1798 2130 2058 2188 mundum
2091 2173 2108 2201 ,

511 2228 656 2287 Deus
671 2243 828 2295 unus,
850 2227 974 2299 quia
994 2236 1050 2284 et
1076 2241 1214 2282 unus
1227 2234 1312 2282 est
1335 2236 1605 2297 tamquam
1625 2225 1753 2293 duo,
1769 2234 1825 2281 et
1848 2224 1956 2281 duo
1972 2235 2111 2295 utm-

511 2332 672 2394 quam
703 2306 863 2377 unus.
884 2311 1076 2392 Itaque
1102 2316 1154 2375 id
1178 2320 1396 2387 mirum,
1418 2312 1541 2375 cum
1572 2318 1627 2374 et
1654 2312 1822 2375 Filius
1841 2314 1911 2373 sit
1936 2319 1990 2374 in
2006 2316 2113 2375 Pa-

513 2423 619 2482 tre,
644 2412 768 2485 quia
796 2406 953 2469 Pater
982 2404 1158 2484 diligit
1176 2406 1369 2468 Filium
1389 2453 1405 2481 ,
1437 2419 1494 2468 et
1516 2408 1678 2467 Pater
1703 2413 1755 2467 in
1783 2402 1921 2466 Filio
1939 2452 1957 2480 ,
1988 2406 2113 2482 quia

513 2500 774 2563 voluntati
820 2503 994 2562 Patris
1045 2500 1278 2561 ﬁdeliter
1303 2512 1493 2577 paret,
1543 2504 1645 2560 nec
1670 2510 1926 2576 unquam,
1954 2502 2115 2560 faciat

513 2606 605 2657 aut
630 2594 838 2667 fecerit,
870 2597 971 2654 nisi
996 2596 1139 2669 quod
1159 2596 1315 2654 Pater
1344 2600 1438 2654 aut
1464 2592 1654 2662 voluit,
1685 2586 1779 2652 aut
1802 2594 1982 2667 jussit.
2014 2597 2116 2653 De-

514 2692 677 2766 nique
714 2702 879 2748 unum
911 2690 1080 2747 Deum
1120 2704 1241 2747 esse
1282 2690 1390 2745 tam
1423 2690 1627 2761 patrem
1652 2729 1669 2756 ,
1701 2688 1861 2759 quam
1903 2684 2069 2745 illium
2094 2729 2110 2756 ,

521 2782 711 2841 Esaias
733 2784 787 2840 tu
810 2778 903 2840 illo
930 2782 1180 2855 exemplo
1199 2823 1215 2850 ,
1250 2780 1394 2854 quod
1422 2779 1671 2853 Superius
1697 2779 1996 2853 posuimus,
2028 2774 2116 2836 es-

516 2876 707 2945 tendit,
742 2890 862 2934 cum
889 2876 1096 2933 diceret
1120 2892 1134 2932 :
1156 2868 1458 2931 Adorabunt
1485 2868 1553 2944 te,
1583 2884 1633 2929 et
1670 2870 1724 2929 in
1754 2885 1803 2930 te
1831 2864 2117 2945 precaban-

519 2982 625 3041 tur,
645 2968 885 3045 quoniam
907 2974 961 3027 in
988 2971 1034 3027 lc
1060 2971 1200 3027 Deus
1224 2976 1319 3037 est;
1361 2983 1408 3026 et
1438 2980 1540 3025 non
1562 2966 1635 3026 est
1657 2967 1792 3026 alius
1818 2966 1958 3024 Deus
1983 2964 2120 3039 prie-'-

516 3075 591 3121 ter
621 3075 688 3122 te.
737 3060 846 3122 Sed
902 3074 959 3122 et
995 3063 1101 3120 alio
1129 3054 1247 3119 loco
1287 3054 1537 3119 similiter
1567 3054 1678 3119 aii:
1713 3061 1804 3119 Sic
1826 3061 1949 3116 dicit
1976 3058 2119 3116 Deus

515 3170 608 3212 rex
652 3156 819 3212 Israel
842 3174 862 3223 ;
908 3162 954 3211 et
981 3157 1069 3226 qui
1097 3156 1229 3210 eruit
1268 3170 1385 3210 eum
1412 3146 1551 3210 Deus
1575 3165 1796 3210 wternus
1826 3170 1840 3209 :
1871 3152 1984 3225 Ego
2010 3152 2120 3225 pri-

2222 1928 2369 1993 vilae.

2791 2020 3023 2085 CAPUT
3047 2002 3223 2083 XXX.

2214 2119 2296 2178 οε
2324 2114 2629 2178 Hatresibus
2671 2127 2720 2176 et
2747 2114 3209 2192 Superstitianibus
3249 2116 3499 2186 vitandis,
3533 2122 3579 2173 el
3604 2130 3721 2189 qua:
3758 2117 3829 2173 sit

2574 2211 2689 2268 sola
2711 2220 2760 2268 et
2784 2226 2904 2266 uera
2919 2204 3152 2266 Ecclesia
3177 2207 3468 2266 Catholica.

2258 2402 2261 2407 ν
2293 2316 2398 2385 Sed
2421 2326 2673 2399 quoniam
2700 2328 2885 2383 multae
2912 2318 3149 2383 haereses
3168 2324 3483 2393 extiterunt,
3496 2330 3553 2382 et
3566 2324 3837 2382 instincti-

2216 2419 2318 2477 bus
2332 2419 2638 2476 daemonum
2671 2420 2905 2492 populus
2928 2420 3021 2477 Dei
3048 2420 3250 2476 scissus
3273 2431 3393 2475 eSt:
3421 2417 3836 2476 determinanda

2214 2514 2299 2568 est
2331 2512 2489 2569 nobis
2506 2512 2711 2570 veritas
2736 2510 2993 2580 breviter,
3017 2520 3072 2568 et
3097 2512 3149 2567 in
3179 2527 3278 2568 suo
3310 2511 3527 2584 proprio
3554 2511 3833 2569 domicilio

2214 2602 2553 2673 collocanda;
2574 2613 2633 2661 ut
2658 2604 2704 2661 si
2731 2605 2851 2677 quis
2876 2619 3070 2677 aquam
3088 2602 3212 2661 vitae
3240 2605 3425 2676 cupiet
3453 2604 3693 2672 haurire,
3721 2620 3834 2662 non

2215 2688 2541 2782 addetritos
2583 2700 2732 2755 lacus
2757 2686 3064 2767 deferatur,
3095 2699 3184 2770 qui
3214 2714 3322 2755 non
3354 2697 3558 2755 habent
3588 2713 3785 2756 venam
3810 2739 3828 2766 ,

2216 2792 2311 2850 sed
2342 2791 2671 2848 uberrimum
2701 2792 2795 2847 Dei
2819 2791 3031 2848 noverit
3054 2789 3287 2858 fontem,
3309 2806 3417 2863 quo
3443 2790 3698 2863 irrigatus
3727 2806 3826 2862 pe-

2218 2870 2371 2941 renni
2397 2884 2517 2941 luce
2556 2884 2807 2956 potiatur.
2844 2885 2985 2941 Ante
3004 2886 3190 2942 omnia
3227 2884 3368 2940 scire
3393 2898 3493 2941 nos
3533 2884 3835 2952 convenit,

2217 2986 2276 3035 et
2312 2978 2510 3050 ipsum,
2540 2987 2594 3034 et
2622 2977 2827 3048 legatos
2868 2976 2987 3049 ejus
3019 2964 3375 3048 praedixisse,
3417 2976 3561 3046 quod
3589 2976 3838 3048 plurima:

2218 3078 2382 3127 sectae
2410 3074 2466 3125 et
2494 3068 2730 3126 haereses
2756 3067 3022 3124 haberent
3042 3067 3295 3134 existere,
3329 3081 3450 3139 quae
3479 3066 3834 3137 concordiam

2219 3150 2390 3219 sancti
2437 3162 2685 3233 corporis
2728 3170 3064 3231 rumperent,
3117 3176 3181 3217 ac
3206 3162 3502 3227 monuisse,
3528 3171 3586 3216 ut
3611 3174 3830 3218 summa

516 3263 654 3339 usus,
698 3244 745 3339 el
784 3244 887 3339 agri
925 3244 1251 3314 novissimus;
1294 3246 1341 3302 et
1369 3256 1557 3319 praeter
1598 3264 1677 3339 nte
1704 3264 1808 3303 non
1836 3256 1909 3304 est
1950 3245 2112 3303 Deus.
2145 3261 2193 3328 α
2224 3253 2851 3339 prudentiacaveremus,
2872 3269 2942 3309 ne
2968 3252 3253 3323 quandoiu
3283 3252 3504 3323 laqueos
3526 3261 3583 3308 et
3605 3251 3825 3309 fraudes

516 3335 652 3394 Cum
689 3337 824 3394 duas
859 3334 1127 3394 personas
1158 3318 1570 3410 proposuisset,
1603 3318 1698 3395 Dei
1724 3339 1898 3411 regis,
1929 3337 1983 3395 id
2011 3348 2113 3408 est,

516 3430 744 3498 Christi;
770 3440 827 3488 et
850 3431 946 3488 Dei
980 3432 1174 3498 Patris,
1202 3433 1295 3504 qui
1319 3447 1445 3488 eum
1477 3442 1596 3503 post
1611 3432 1917 3503 passionem
1939 3432 2010 3489 sb
2036 3432 2122 3488 in-

518 3523 649 3582 feris
684 3526 975 3594 excitavit,
1009 3525 1148 3581 sicut
1173 3524 1479 3582 ostendisse
1504 3525 1740 3581 diximus
1769 3526 1964 3582 Oscam
1995 3540 2125 3596 pro-

518 3614 769 3687 phetam,
815 3616 907 3688 qui
938 3618 1011 3673 ait
1045 3635 1060 3673 :
1090 3610 1157 3699 Et
1185 3607 1249 3673 de
1272 3624 1427 3673 manu
1455 3618 1740 3699 inferorum
1766 3620 1943 3675 emam
1972 3612 2121 3678 eum:

521 3710 697 3768 tamen
718 3710 787 3768 ad
816 3704 1095 3783 utramque
1139 3696 1433 3769 Personam
1482 3696 1763 3781 referens,
1812 3713 2013 3783 intulit,
2055 3700 2129 3772 Et

2218 3345 2362 3402 illius
2412 3332 2706 3401 adversarii
2753 3344 2945 3412 nostri,
2991 3359 3114 3401 cum
3161 3354 3269 3415 quo
3312 3357 3411 3398 nos
3442 3342 3583 3400 Deus
3630 3343 3829 3400 luctari

2220 3438 2408 3503 voluit;
2427 3438 2811 3495 incideremus.
2839 3436 2979 3492 Tum
2998 3433 3215 3493 dedisse
3236 3445 3384 3491 certa
3405 3433 3680 3504 mandata,
3709 3449 3836 3505 qua:

2222 3529 2280 3586 in
2309 3537 2628 3602 perpetuum
2659 3528 2937 3585 custodire
2983 3527 3346 3585 deberemus:
3396 3541 3626 3599 quorum
3658 3526 3830 3598 pleri-

2226 3630 2334 3692 que
2358 3618 2728 3686 immemores,
2775 3606 2993 3676 deserto
3040 3604 3237 3675 itinere
3271 3614 3507 3685 caelesti,
3559 3615 3673 3675 vias
3721 3616 3829 3674 sibi

2228 3716 2419 3774 devias
2443 3731 2542 3790 per
2564 3714 2838 3773 anfractus
2863 3723 2920 3771 et
2960 3712 3254 3785 praecipitia
3290 3711 3684 3778 condiderunt;
3739 3726 3841 3783 per

1824 3840 2189 3915 vARtoauu
2225 3830 2460 3915 norm.

598 3984 754 4067 Pater
777 3984 984 4067 Filium
999 3988 1179 4067 (acim,
1211 3986 1461 4067 et‘Filius
1489 3980 1723 4067 Patrem.
1746 3988 1992 4067 ltelajive
2012 3982 2121 4049 sci-

520 4064 670 4137 l_icet.
697 4060 773 4137 l_ta
799 4058 951 4137 mss;
1066 4052 1236 4137 Reg”
1265 4055 1314 4137 ‘2‘
1330 4052 1489 4137 Ιξοηη
1528 4055 1562 4118 6
1586 4060 1768 4137 Coll)”
1802 4062 1829 4121 1
1861 4058 2120 4137 So_r_bon.,

520 4135 669 4200 Em.,
698 4126 951 4203 Cauta}
983 4126 1246 4198 Chirom.,
1283 4126 1321 4185 2
1344 4126 1515 4203 Bruti.
1533 4139 1588 4188 et
1618 4130 1729 4203 alii,
1754 4126 1883 4189 cum
1915 4134 1983 4203 15
2009 4126 2121 4191 vet.

521 4198 680 4262 editis
709 4198 1053 4273 mss.,'C,auc.
1084 4211 1138 4260 et
1168 4198 1410 4269 nonnulli
1443 4200 1555 4273 rec.
1581 4198 1779 4273 vulgati
1805 4246 1821 4273 ,
1864 4202 2124 4273 etFilius

521 4268 952 4348 ﬁat.—-EtPa_ter
978 4272 1173 4348 Filium
1191 4268 1370 4348 faciat,
1394 4268 1517 4348 et}?
1520 4275 1636 4330 ilius
1656 4268 1885 4348 Patrem.
1909 4268 2123 4348 At‘quin

548 4348 838 4421 respondet
867 4340 1231 4417 Tertullianus
1279 4340 1402 4428 adv.
1447 4340 1635 4414 Prax.,
1678 4362 1726 4402 c.
1784 4346 1874 4419 ‘10)
1916 4340 2124 4403 :Pater

548 4419 723 4475 tnilium
746 4420 891 4491 facit,
922 4428 969 4474 et
1002 4417 1209 4473 Patrem
1237 4414 1429 4473 Filius.
1463 4410 1598 4476 BDN.

689 4444 723 4474 rt
746 4444 891 4488 lacu,
922 4444 968 4474 et
1002 4444 1209 4473 rutt'cm
1237 4444 1429 4473 ιἰυαδ.
1463 4444 1598 4476 Dum.

524 4584 576 4639 id
607 4593 791 4639 contra
815 4584 1022 4639 Arium.
1045 4583 1302 4653 Quamvis
1326 4582 1633 4638 Lactantius
1660 4584 1901 4639 videatur
1922 4583 2115 4639 catho-

524 4656 663 4711 licus
704 4653 845 4710 circa
878 4654 1037 4710 Verbi
1065 4655 1426 4719 divinitatem,
1468 4654 1628 4711 nitttis
1655 4662 1835 4710 tamen
1863 4654 2110 4719 balbutit,

525 4725 647 4797 quia
679 4740 946 4797 summum
978 4724 1118 4779 istud
1160 4725 1476 4796 mysterium
1504 4725 1999 4795 comparationibus
2022 4739 2117 4781 na-

528 4795 788 4853 turalibus
821 4796 1091 4868 explicare
1119 4795 1365 4852 conatur.

597 4887 672 4944 ίΕ
677 4905 771 4959 que
791 4904 903 4943 nec.
934 4887 1183 4943 Omnium
1204 4902 1336 4943 mss.
1362 4896 1464 4954 est;
1487 4898 1631 4957 (eque
1648 4900 1808 4960 neque
1831 4886 2123 4955 editorum,

530 4961 676 5035 quod
702 4961 912 5032 ingrate
933 4967 1111 5015 sonat.

600 5050 860 5108 Ministro.
884 5050 1175 5120 Perpcram
1197 5064 1294 5107 sex
1319 5064 1449 5104 mss.
1477 5065 1588 5106 rec.
1619 5056 1673 5106 et
1698 5049 1767 5106 19.
1792 5050 1921 5107 editi
1941 5064 2131 5109 recen~

528 5125 694 5182 tiores
723 5122 993 5181 addebant
1014 5130 1105 5188 est,
1131 5121 1274 5193 quod
1302 5128 1413 5176 tres
1434 5128 1542 5178 vet.
1570 5120 1696 5178 edd.
1728 5122 1890 5178 Rom.
1918 5135 1971 5178 et
1992 5138 2124 5179 mss.

526 5196 908 5267 quamplurimi
929 5205 1208 5266 respuunt;
1241 5201 1297 5250 et
1327 5208 1454 5248 mox
1484 5194 1728 5264 sequitur
1747 5204 1887 5249 sunt.

602 5287 1132 5359 SuperiustScilicet
1157 5282 1317 5357 hujus
1342 5282 1465 5340 libri
1493 5300 1566 5352 tv,
1596 5300 1715 5358 cap.
1748 5287 1837 5353 i5,
1861 5302 1926 5342 ex
1953 5286 2133 5357 capite

530 5373 659 5414 xuv
681 5358 737 5414 et
763 5368 864 5417 xcv
889 5358 1062 5415 Isaite.

604 5449 801 5505 Praeter
835 5465 918 5506 me
944 5468 1047 5507 non
1072 5459 1146 5507 est
1183 5449 1340 5506 Deus.
1374 5450 1450 5506 Ita
1497 5464 1627 5505 mss.
1679 5459 1737 5507 et
1785 5449 2135 5520 quamplures

530 5520 683 5577 editi.
718 5521 785 5576 Et
815 5531 961 5578 recte
987 5523 1229 5590 quidem,
1259 5537 1360 5578 nec
1380 5522 1537 5577 aliter
1559 5521 1694 5577 inira
1722 5521 2055 5578 Lactantius.
2075 5523 2133 5577 in

532 5593 566 5650 6
592 5593 829 5656 excusis,
861 5603 1047 5661 prazter
1075 5608 1154 5646 me
1174 5609 1321 5648 nemo
1351 5602 1425 5648 est
1452 5593 1612 5648 Deus.

610 5693 745 5760 Quia
764 5689 1011 5764 quidquid
1036 5701 1111 5764 est
1137 5692 1190 5747 in
1213 5690 1374 5747 Patre
1394 5733 1407 5757 ,
1439 5701 1543 5748 etc.
1576 5692 1665 5749 Sic
1703 5693 1864 5764 etiam
1893 5688 2137 5764 Christus

535 5754 787 5821 Salvator
816 5754 1020 5828 noster,
1062 5762 1296 5820 Jobann.
1328 5754 1553 5830 x,‘vers_.
1588 5763 1658 5820 50
1688 5782 1701 5819 :
1734 5762 1844 5830 Ego
1886 5774 1933 5819 et
1979 5754 2140 5818 Pater

548 5852 708 5893 unum
729 5848 922 5893 sumus.
955 5834 1130 5905 Atque
1149 5832 1275 5892 hinc
1293 5828 1532 5906 estquod
1544 5844 1599 5893 et
1618 5835 1747 5894 alibi
1766 5828 1932 5905 dicat,
1946 5845 2140 5908 nempe

2224 3988 2660 4074 apztid'e'umdent
2710 3974 3177 4074 .lohsinnemlcap.
3221 4001 3298 4050 ut,
3330 4001 3475 4071 vers.
3518 3985 3590 4042 35
3621 4002 3635 4039 :
3672 3983 3841 4041 Pater

2227 4057 2399 4134 diligit
2422 4059 2643 4129 Filium,
2675 4069 2722 4117 et
2751 4060 2921 4115 omnia
2947 4057 3088 4114 dedit
3112 4059 3167 4112 in
3196 4074 3351 4113 manu
3380 4058 3513 4129 ejus.

2301 4175 2386 4232 Nc
2409 4175 2619 4230 Patrem
2642 4172 2870 4248 quidem.
2896 4171 3229 4248 Subauditur
3254 4172 3475 4248 verbum
3498 4170 3657 4248 colit,
3683 4168 3833 4243 quod

2231 4248 2546 4304 immediate
2576 4242 2869 4315 praecessit.
2898 4244 2924 4300 1
2954 4242 3090 4315 Reg.
3116 4258 3231 4299 rec.
3273 4254 3329 4298 et
3352 4242 3385 4298 6
3407 4242 3659 4315 impressi
3680 4242 3836 4315 ,nec.

2228 4319 2285 4375 in
2310 4320 2341 4373 7
2370 4311 2588 4386 scriptis
2616 4326 2728 4372 rec.
2757 4317 2860 4374 et4
2882 4311 3113 4386 vulgaiis
3139 4323 3244 4381 est,
3270 4329 3361 4386 nec
3396 4311 3607 4386 Patrem
3629 4313 3843 4386 quidem

2228 4391 2368 4446 colit.
2394 4384 2452 4445 in
2480 4383 2515 4445 8
2540 4400 2703 4445 manu
2728 4387 2961 4444 exaratis
2976 4383 3038 4442 et
3064 4385 3097 4442 5
3126 4394 3234 4442 vet.
3261 4384 3389 4442 edd.
3415 4383 3599 4450 Rom.,
3631 4401 3698 4441 ne
3731 4383 3846 4440 Pa-

746 4460 891 4491 μνη,
922 4460 977 4524 υ..
1002 4460 1022 4472 .
1047 4460 1209 4524 ........
1236 4460 1261 4523 ἴ
1290 4460 1429 4471 πη.-.
1463 4460 1598 4476 νυ...
1709 4512 1721 4523 .
2200 4472 2360 4517 ‘mm
2392 4462 2599 4534 quidem
2629 4460 2771 4515 eam.

601 4510 1010 4568 Unasabstantia
1038 4521 1130 4568 est.
1149 4512 1318 4568 Filius
1331 4526 1434 4566 una
1460 4511 1755 4567 substantia
1776 4526 1897 4567 cum
1925 4511 2120 4577 Patre;
2148 4511 2203 4573 D
2310 4554 2359 4577 ,Α
2382 4571 2493 4577 μω
2521 4571 2627 4577 ,μω
2660 4552 2761 4577 οη,

2301 4554 2360 4611 Is
2381 4571 2496 4610 vero
2512 4571 2631 4609 cum
2653 4552 2792 4609 Filio
2808 4552 2983 4609 simul.
3012 4551 3141 4608 Mss.
3165 4552 3197 4607 7
3221 4564 3333 4608 rec.
3353 4559 3407 4606 et
3424 4549 3652 4620 totidem
3682 4550 3841 4620 editi,

2226 4629 2271 4683 is
2297 4642 2431 4684 vere.
2455 4629 2527 4683 At
2551 4624 2735 4682 caeteri
2764 4640 2897 4681 mss.
2930 4632 2984 4681 et
3011 4632 3124 4680 tres
3148 4620 3352 4694 vulgati
3390 4620 3613 4691 habent,
3634 4618 3679 4678 is
3700 4618 3840 4679 vero.

2301 4740 2457 4795 Luce.
2484 4734 2564 4795 ita
2588 4748 2781 4795 omnes
2808 4752 2940 4794 mss.
2965 4745 3021 4795 et
3045 4737 3176 4795 editi
3201 4737 3436 4795 codices.
3464 4736 3631 4794 Isaeus
3658 4736 3848 4811 legen-

2230 4812 2359 4869 dum
2382 4824 2505 4868 esse
2531 4811 2811 4878 censebat,
2836 4811 3007 4866 latice.

2302 4912 2373 4970 Et
2400 4914 2615 4969 haereses
2644 4910 2887 4967 haberent
2916 4912 3151 4969 existere.
3181 4910 3272 4968 Sic
3294 4910 3473 4967 ierunt
3499 4923 3634 4967 mss.
3663 4919 3722 4966 et
3747 4911 3851 4968 im-

2232 4983 2407 5056 pressi
2426 5027 2453 5056 ,ί
2497 4989 2695 5055 praeter
2723 4983 2887 5041 Goth.
2934 4984 3020 5040 cui
3067 4981 3243 5056 deest,
3276 4985 3613 5056 etnwreses;
3650 4978 3851 5056 cauta,

2232 5052 2373 5129 quod
2401 5052 2638 5129 plurim
2659 5066 2808 5129 seetse
2827 5056 3122 5129 existerent.
3140 5053 3247 5111 Pro
3268 5052 3510 5129 (iuberent
3531 5053 3679 5129 ed_it._
3691 5053 3856 5129 _Ald.,

2235 5123 2507 5194 deberent;
2537 5136 2592 5183 et
2618 5127 2702 5199 ita
2743 5126 3029 5199 legenduim
3052 5141 3175 5182 esse
3205 5124 3552 5199 existimabat
3579 5123 3853 5199 Galbiana.

2236 5202 2375 5269 Quin
2423 5200 2587 5255 immo
2615 5195 2851 5257 breresés
2897 5197 3160 5269 haberent
3190 5196 3458 5263 existere,
3497 5211 3643 5269 vera
3680 5195 3859 5269 lectio

2237 5266 2339 5328 est.
2369 5272 2458 5327 Sic
2485 5270 2627 5327 enim
2670 5269 2815 5341 loqui
2843 5280 2986 5325 amat
3021 5267 3334 5341 Lactantius
3356 5266 3603 5341 ejusdem
3637 5267 3768 5324 libri
3798 5285 3853 5327 tv

2236 5358 2356 5414 cap.
2393 5341 2481 5409 i2,
2509 5343 2651 5414 circa
2688 5339 2947 5414 medium,
2975 5339 3551 5414 carneinduihaberet
3585 5339 3642 5393 in
3674 5350 3856 5414 terra;

2238 5408 2333 5471 liii.
2366 5430 2439 5469 vn
2464 5408 2582 5486 (κιρ.
2609 5408 2666 5486 _6,
2697 5422 2831 5486 ante
2847 5412 3044 5486 tinem,
3058 5412 3261 5486 habent
3274 5412 3464 5486 dicere.
3496 5410 3563 5486 _E_t
3585 5410 3735 5486 apud
3765 5410 3857 5468 Ci-

2238 5501 2512 5552 ceronem,
2529 5480 2697 5556 ‘habeo
2724 5483 2978 5556 polliceri,
3015 5483 3109 5539 lib.
3135 5500 3155 5539 ι
3181 5485 3343 5556 epist.
3366 5482 3422 5550 5,
3445 5480 3854 5556 ad‘Lentulnm;

2238 5566 2294 5613 et
2333 5558 2492 5612 habeo
2522 5552 2781 5626 scribere,
2814 5555 2907 5611 lib.
2953 5571 3015 5621 tt,
3060 5552 3231 5626 epist.
3257 5553 3353 5626 22,
3394 5554 3466 5626 ad
3505 5552 3670 5626 Attic.
3697 5554 3856 5626 Quod

2238 5635 2489 5698 oporteat
2518 5618 2928 5698 limosos-esse,
2966 5618 3188 5682 haec-ait
3224 5618 3424 5698 Paulus
3449 5623 3471 5680 ι
3497 5618 3575 5698 ad
3599 5618 3853 5698 Corinth.

2240 5694 2361 5769 cap.
2392 5716 2467 5767 ιι,
2514 5714 2631 5754 tux.
2677 5697 2904 5770 Oportet
2932 5699 3170 5770 Intereses
3216 5712 3339 5755 esse
3365 5697 3418 5752 in
3442 5694 3611 5770 foliis
3636 5737 3652 5762 ,
3681 5696 3855 5770 _It_t_qui

2244 5758 2628 5897 “magis!”
2662 5758 2933 5830 manifesti
2961 5769 3095 5828 (iant
3121 5768 3263 5827 inter
3289 5783 3407 5825 vos.
3440 5758 3574 5826 Vide
3596 5758 3651 5824 et
3680 5766 3726 5823 ll
3754 5758 3857 5825 Pe-

2267 5854 2417 5897 r.ce
2464 5875 2477 5896 .
2544 5876 2558 5897 .
2607 5875 2620 5894 .

2244 5848 2337 5910 tri,
2358 5853 2477 5915 cep.
2498 5849 2558 5908 n,
2581 5851 2620 5897 ι.
