4154 6196
467 357 572 421 545

1697 361 2037 422 ANALYSIS
2073 361 2254 422 LIBRI
2291 361 2546 432 QUINTI.

3666 351 3776 415 5M

540 476 639 532 llic
662 482 748 532 est
775 473 896 531 fons
916 473 1163 532 veritatis
1180 516 1196 544 ,
1230 475 1334 532 hoc
1359 474 1692 533 domicilium
1745 477 1868 534 fidei
1893 519 1908 543 ,
1958 477 2062 534 hoc
2085 481 2139 543 Α
2164 492 2270 549 qua
2283 485 2366 534 est
2381 477 2649 534 confessio
2665 484 2719 534 et
2739 475 3212 549 poenitentia,qu:n
3227 482 3442 546 peccata
3457 482 3512 530 et
3528 473 3777 542 vulnera,

471 567 734 638 templum
763 566 895 637 Dei,
927 582 1034 639 quo
1059 568 1104 624 si
1123 569 1243 640 quis
1271 583 1378 625 non
1401 569 1704 641 intraverit,
1734 571 1865 626 vela
1891 586 1998 643 quo
2023 571 2068 626 si

470 659 594 730 quis
620 657 848 715 exiverit
871 701 887 727 ,
940 673 971 714 a
999 674 1098 732 spe
1126 661 1253 716 vita
1291 675 1356 717 ac
1381 661 1570 717 salutis
1611 671 1833 719 aeterna:
1859 663 2071 719 alienus

470 759 576 807 est.
630 749 914 808 Neminem
960 753 1061 808 sibi
1109 761 1325 824 oportet
1355 754 1614 825 pertinaci
1669 757 2072 812 concertatione

477 843 733 900 blandiri.
760 844 952 918 Agitur
971 846 1116 902 enim
1140 847 1209 903 de
1237 847 1342 903 vita
1369 857 1425 904 et
1446 848 1622 905 salute
1645 866 1658 905 :
1680 851 1766 906 cui
1788 849 1891 905 nisi
1917 859 2076 906 caute

474 950 538 993 ac
567 937 854 1010 diligenter
880 939 1217 1007 consulatur,
1251 940 1447 995 amissa
1471 949 1527 997 et
1551 941 1785 998 extincta
1815 943 1937 999 erit.
1967 943 2074 1000 Sed

481 1037 661 1086 tamen
689 1031 816 1101 quia
844 1031 1043 1102 singuli
1071 1032 1268 1102 quique
1297 1039 1472 1089 ctetus
1497 1032 1875 1090 haereticorum
1899 1050 1960 1089 se
1981 1050 2077 1106 po.

479 1122 750 1178 tissimum
781 1121 1141 1190 Christianos,
1174 1133 1230 1180 et
1253 1139 1407 1180 suam
1445 1140 1567 1182 esse
1594 1125 1926 1186 Catholicam
1976 1129 2078 1184 Ec-

477 1215 697 1276 ciesiam
725 1225 933 1288 putant,
978 1217 1258 1275 sciendum
1287 1227 1372 1276 est
1397 1219 1542 1278 illam
1587 1236 1710 1279 esse
1756 1237 1977 1290 veram,
2022 1223 2079 1279 in

2173 570 2366 640 quibus
2411 569 2652 640 subjecta
2689 579 2774 624 est
2815 568 3166 624 imbecillitas
3214 568 3430 636 carnis,
3479 566 3774 624 salubriter

2175 669 2349 717 curat.
2384 660 2511 717 Huic
2539 661 2755 716 interim
2794 660 2980 732 paucis
3008 657 3336 715 admonendi
3365 657 3533 730 gratia
3568 657 3727 713 retuli
3760 696 3779 725 ,

2176 771 2246 811 ne
2277 755 2396 826 quis
2421 770 2663 810 errorem
2711 753 2900 827 fugere
2949 754 3175 825 cupiens
3201 794 3216 818 ,
3248 751 3442 822 majori
3473 750 3782 823 implicetur

2178 863 2385 917 errore,
2427 848 2554 904 dum
2587 847 2865 920 penetrale
2893 848 3135 904 veritatis
3184 847 3415 917 ignorat.
3445 844 3639 900 Postea
3669 843 3786 915 ple-

2181 944 2302 999 nius
2343 954 2398 998 et
2440 943 2656 999 uberius
2684 952 2873 999 contra
2901 957 3092 998 omnes
3141 939 3550 996 mendaciorum
3603 949 3782 994 sectas

2177 1037 2399 1107 proprio
2413 1044 2773 1108 separatoque
2797 1052 2963 1106 opere
2989 1034 3368 1107 pugnabimus.
3389 1031 3669 1102 Sequitur,
3700 1039 3782 1097 ut,

2180 1129 2433 1201 quoniam
2458 1131 2590 1185 satis
2611 1129 2680 1186 de
2707 1129 2971 1200 religione
2997 1143 3122 1184 vera
3144 1136 3200 1183 et
3226 1125 3489 1197 sapientia
3512 1122 3677 1181 locuti
3697 1137 3789 1178 suc

2181 1239 2322 1291 mus,
2356 1226 2410 1280 in
2439 1225 2685 1296 proximo
2712 1224 2854 1280 libro
2879 1223 2947 1280 de
2971 1222 3178 1294 justitia
3204 1220 3556 1276 disseramus.

1821 1363 2184 1424 VARIORUM
2211 1364 2443 1424 NOTIE.

482 1515 612 1560 suos
641 1501 948 1559 Divinarum
979 1503 1378 1561 Institutionum
1406 1504 1594 1563 libros.
1626 1506 1697 1561 At
1734 1503 2074 1560 Lactantium

483 1589 578 1630 eos
603 1574 886 1645 scripsisse
904 1620 919 1643 ,
955 1576 1038 1630 vel
1065 1575 1346 1632 dedicasse
1371 1591 1513 1632 anno
1541 1577 1671 1643 516,
1700 1577 1785 1631 vel
1815 1576 2031 1632 circiter
2061 1617 2076 1641 ,

485 1645 758 1702 Betuleius
787 1647 984 1715 aliique
1005 1647 1376 1714 contendunt;
1410 1647 1784 1704 Tillemontius
1812 1662 1943 1701 vero
1971 1661 2076 1702 non

485 1724 613 1774 ante
639 1731 838 1772 annum
868 1717 995 1786 521,
1024 1719 1096 1774 ob
1131 1720 1374 1774 rationes
1395 1735 1425 1774 a
1456 1733 1515 1774 se
1551 1721 1738 1775 allatas
1765 1716 1967 1774 Histor.
1992 1734 2082 1773 ec-

485 1789 641 1852 cles.,
674 1797 805 1844 tom.
829 1805 906 1855 vr,
939 1805 1058 1861 pag.
1109 1790 1248 1861 208.
1279 1805 1438 1861 quem
1471 1789 1621 1847 adire
1655 1805 1761 1846 non
1803 1791 1997 1860 pigeat.
2023 1789 2081 1844 In

485 1861 707 1916 Oriente
745 1870 952 1930 septem
1003 1860 1185 1916 Divin.
1233 1860 1634 1917 lnStitutionum
1689 1861 1856 1916 libros
1911 1862 2084 1930 primo

486 1930 753 2000 prodiisse
779 1933 1022 1987 nonnulli
1043 1932 1267 1997 volunt;
1295 1931 1537 1988 secundo
1565 1934 1707 1989 circa
1735 1947 1933 1986 annum
1959 1932 2087 1996 521,

488 2011 583 2056 aut
611 2002 784 2072 serius
807 2003 860 2057 in
882 2003 1209 2069 Occidente;
1238 2014 1290 2059 et
1311 2005 1542 2072 scriptos
1567 2013 1783 2070 antea,a
1814 2002 2091 2058 Lactantio

489 2071 793 2146 recognitos
820 2086 875 2130 et
900 2075 1276 2146 interpolatos,
1309 2089 1373 2129 ac
1399 2071 1754 2130 Constantino
1783 2073 2092 2146 Magnojde-

487 2143 697 2218 dicatos
727 2143 1066 2218 postitempui
1087 2162 1187 2216 quo
1210 2147 1411 2218 furebat
1433 2147 1611 2202 odiosa
1625 2143 1924 2218 crudelitas.
1958 2144 2094 2218 Vide

491 2214 587 2270 lib.
610 2229 665 2281 v,
693 2214 812 2287 cap.
841 2217 897 2272 2.
942 2214 1132 2273 Scribe
1160 2214 1339 2272 autem
1369 2217 1551 2272 Ariani
1596 2233 1716 2272 cum
1763 2217 1995 2287 simplici
2023 2233 2050 2268 r
2074 2258 2088 2282 ,

490 2297 552 2342 ut
577 2287 756 2358 solent
774 2286 972 2354 Graeci,
999 2288 1266 2358 siquidem
1287 2287 1514 2344 Graecus
1533 2298 1652 2344 erat
1671 2288 1826 2342 Arius
1843 2286 1942 2354 {et
1961 2302 2095 2357 quo-

492 2357 656 2414 modo
686 2358 802 2427 ejus
829 2357 1161 2430 scriberetur
1199 2375 1418 2426 nomen,
1444 2359 1650 2416 Graecis
1671 2359 1772 2414 fuit
1803 2359 1971 2430 magis
1994 2375 2094 2413 no-

497 2437 634 2502 tum,
662 2443 822 2502 quam
863 2429 1086 2502 Latinis.
1118 2429 1186 2485 Et
1221 2431 1300 2486 sic
1343 2433 1604 2502 scriptum
1635 2431 1848 2502 reperio
1876 2429 1926 2484 in
1951 2445 2092 2502 Amss.

493 2499 530 2555 4
555 2498 712 2569 Beg.,
745 2499 1052 2568 lSorbon.,
1078 2503 1102 2556 l
1127 2501 1308 2566 Colb.,
1327 2498 1478 2567 Cat.,
1505 2505 1532 2558 l
1556 2498 1726 2568 Clarf,
1759 2501 1908 2567 Em.,
1935 2500 2094 2557 Cant.

495 2579 554 2646 et
581 2571 635 2625 in
661 2569 1010 2646 edit._Cellar.
1033 2573 1449 2646 -—AutAriAani.i
1462 2574 1753 2646 Leguntur,
1773 2572 2095 2646 testelswo,

496 2642 550 2714 in
577 2643 840 2699 vaticanis
865 2653 918 2699 et
937 2645 1060 2700 aliis
1081 2659 1212 2699 mss.
1241 2645 1292 2699 in
1321 2643 1405 2700 his
1425 2642 1634 2701 Bonon.
1667 2647 1862 2710 altero,
1890 2645 2094 2714 Taxaq.

499 2713 630 2770 Pen.
690 2724 914 2771 auctore
964 2716 1220 2780 Baronio,
1253 2717 1305 2770 in
1353 2732 1545 2772 novem
1575 2717 1856 2782 vaticanis,
1889 2715 2100 2770 duobus

495 2784 848 2842 vallicellanae
876 2787 1251 2852 bibliothecm;
1289 2787 1392 2842 fide
1422 2788 1647 2854 Baluzii,
1673 2788 1726 2842 in
1756 2788 1918 2850 Ultr.,
1946 2787 2093 2852 Jun.,

497 2854 695 2942 Balatq
716 2866 947 2942 quatuor
974 2858 1230 2942 biblioth;
1255 2857 1580 2942 Reg.,Paris.
1614 2869 1667 2914 et
1689 2859 1746 2942 in
1764 2875 1858 2914 sex
1880 2857 2102 2942 Cglber-

498 2927 659 3000 t_inis;
716 2929 766 2983 in
819 2938 1026 3000 septem
1077 2927 1408 2996 Anglicanis,
1466 2931 1638 2986 tribus
1689 2930 1864 3000 Lips.,
1912 2929 2098 3000 60th.,

498 2997 677 3072 Beim.
726 3007 782 3055 et
824 2997 1377 3072 iniiGuell'erbytanis,
1425 3017 1563 3072 quos
1591 3001 1722 3066 vidi,
1753 2997 1810 3056 et
1854 2999 2103 3056 omnibus

497 3071 722 3126 omnino
750 3080 877 3126 ante
895 3070 1246 3126 Thomasium
1266 3070 1791 3129 editis.Rationibus
1814 3073 1868 3126 in
1899 3083 2102 3126 utram-

499 3156 606 3211 que
637 3150 841 3214 partem
878 3143 1178 3214 perpensis,
1211 3142 1463 3214 Balttaius
1489 3143 1557 3198 ad
1587 3144 1910 3214 principium
1938 3143 2104 3198 Nota-

501 3227 622 3283 rum
652 3212 956 3266 auctiorum
1001 3214 1053 3267 in
1085 3212 1180 3266 lib.
1223 3213 1290 3268 de
1319 3213 1473 3268 Mort.
1507 3212 1658 3270 Pers.
1711 3212 1809 3283 pro
1857 3214 2104 3283 genuinis

2184 1519 2360 1574 neque
2386 1503 2560 1576 reperi
2570 1512 2654 1559 tur
2674 1504 2726 1559 in
2750 1507 2999 1574 sequenti
3016 1503 3284 1576 membro.

2259 1572 2372 1644 Quo
2400 1572 2583 1646 siquis
2611 1591 2712 1630 non
2743 1572 3028 1630 intrauerit.
3059 1575 3133 1646 Ita
3160 1585 3525 1646 otnnesrmss:
3539 1572 3753 1646 etgediti
3778 1614 3795 1638 ,

2188 1643 2439 1716 prseteri
2479 1643 2684 1702 Bonon.
2730 1648 2899 1717 antiq.
2943 1656 2999 1702 et
3034 1645 3451 1718 editCymnic.,
3495 1643 3798 1712 Soubron.,

2184 1719 2222 1774 2
2252 1719 2450 1783 Paris.,
2479 1718 2673 1784 Torn.,
2705 1718 2901 1789 quibus
2931 1717 3187 1789 estquod.

2259 1790 2327 1844 In
2355 1807 2457 1862 qua
2482 1799 2555 1843 est
2581 1791 2832 1862 confessio
2861 1799 2908 1844 et
2941 1790 3266 1862 poenitentia,
3294 1803 3408 1862 qua
3443 1797 3801 1862 peccata......

2192 1859 2466 1918 salubriter
2490 1871 2656 1916 curat.
2680 1859 3001 1932 'Dirigtlntur
3024 1863 3141 1916 haec
3165 1861 3370 1931 spicula
3400 1869 3592 1932 contra
3618 1859 3803 1932 Nova:

2197 1934 2424 1998 tianum,
2442 1943 2497 1988 et
2521 1933 2639 2004 ejus
2661 1929 2985 2004 sectatores,
3015 1933 3103 2003 qui
3138 1929 3503 2004 in‘peccatum
3529 1930 3710 2000 lapsos
3735 1929 3806 1984 ad

2199 2003 2566 2074 paenitentiam
2595 2019 2700 2059 non
2731 2003 3066 2074 recipiebant
3091 2046 3106 2068 ,
3137 2003 3512 2058 remissionem
3547 2011 3808 2074 peccato;

2195 2072 2316 2132 rum
2348 2079 2400 2130 in
2431 2076 2674 2130 Ecclesia
2713 2090 2818 2130 non
2850 2072 3097 2144 reperiri,
3128 2076 3287 2145 eique
3319 2074 3499 2129 claves
3524 2072 3806 2142 aperiendi

2198 2157 2358 2216 atque
2383 2145 2626 2202 Solvendi
2653 2161 2683 2201 a
2726 2145 2948 2202 Christo
2973 2145 3126 2200 datas
3159 2145 3326 2200 fuisse
3352 2151 3657 2216 negantes:
3701 2158 3811 2216 qua

2197 2215 2353 2275 deire
2379 2218 2502 2274 vide
2523 2219 2742 2272 Pacian.
2783 2220 2943 2289 epist.
2973 2234 2991 2272 1
3018 2217 3082 2272 ad
3109 2217 3587 2289 Sympronianum,
3609 2215 3669 2272 S.
3688 2215 3811 2270 Au-

2196 2291 2474 2361 gustinum
2502 2289 2570 2344 de
2601 2293 2787 2360 Agone
2812 2286 3162 2361 Christ._cap.
3193 2288 3283 2342 51.
3309 2286 3502 2361 lszus.

2274 2361 2337 2415 Et
2369 2363 2594 2416 uberius.
2641 2356 2730 2417 Sic
2755 2356 3163 2416 emendavimus
3192 2371 3260 2414 ex
3289 2375 3422 2414 mss.
3453 2359 3489 2413 2
3514 2357 3650 2430 Reg.
3698 2356 3813 2430 7900

2199 2449 2418 2496 annon,
2452 2448 2520 2488 ex
2545 2433 2719 2486 altero
2741 2433 2874 2500 Reg.
2906 2431 3010 2489 400
3030 2446 3220 2486 annor.
3247 2431 3467 2498 Optima:
3489 2429 3655 2496 notae,
3676 2429 3812 2484 duo-

2199 2506 2303 2560 bus
2330 2505 2522 2570 Brun.,
2549 2520 2566 2558 ι
2590 2503 2736 2576 Lips.
2768 2501 2981 2559 etUltr.
3008 2502 3215 2576 [Atizaliis
3240 2516 3372 2576 mss.
3399 2512 3454 2556 et
3479 2501 3658 2576 editis,
3674 2517 3818 2576 prgu-

2202 2587 2285 2632 ter
2315 2572 2684 2645 Lipsiensem',
2733 2583 2987 2645 corrupte
3027 2574 3223 2644 legitur
3263 2573 3450 2645 verius.
3503 2572 3638 2645 Quis
3668 2572 3815 2627 enim

2200 2656 2354 2720 putet
2381 2643 2491 2700 tam
2540 2645 2832 2701 absurdum
2867 2643 3035 2701 fuisse
3084 2643 3423 2700 Lactantium
3446 2685 3462 2709 ,
3496 2655 3554 2720 ut
3599 2643 3654 2720 in
3691 2645 3812 2720 eis_,

2201 2714 2322 2790 qua:
2346 2727 2470 2772 ante
2503 2720 2814 2787 proposuit,
2850 2731 2909 2772 se
2951 2731 3056 2771 non
3087 2720 3218 2770 satis
3248 2716 3711 2790 ver_e_scripsisse
3738 2714 3824 2790 af-_-

2205 2785 2406 2855 lirmet,
2444 2785 2631 2844 inalio
2658 2790 2861 2857 scripto
2884 2790 3065 2843 verius
3096 2786 3353 2857 acturus?
3376 2785 3645 2841 Caeterum
3670 2787 3822 2840 istud

2203 2871 2501 2929 separatum
2554 2855 2918 2930 propriumque
2939 2876 3071 2927 opus
3101 2869 3286 2914 contra
3318 2855 3575 2930 haereses,
3609 2873 3730 2923 seu,
3762 2866 3825 2930 ut

2205 2933 2278 2986 ait
2308 2932 2640 2995 Lactantius,
2675 2941 2855 2985 contra
2885 2947 3059 2985 omnes
3095 2929 3478 2984 mendaciorum
3522 2940 3686 2983 sectas
3714 2970 3729 2994 ,
3772 2929 3823 2984 si

2205 3005 2389 3057 extitit
2420 3018 2680 3068 unquam,
2713 3003 2779 3056 ad
2807 3012 3048 3056 nostram
3078 3016 3248 3071 usque
3289 3009 3506 3055 aetatem
3539 3015 3645 3054 non
3693 3014 3829 3071 pcr-

2206 3076 2372 3128 venit.
2402 3103 2472 3115 -—
2503 3073 2718 3128 Plenius
2748 3083 2794 3128 et
2839 3073 3060 3126 uberius.
3105 3071 3448 3141 Frequenter
3479 3081 3694 3126 veteres
3724 3073 3825 3128 has

2208 3160 2375 3215 voces
2403 3146 2656 3215 jungunt,
2691 3154 2748 3200 ut
2794 3143 2984 3199 Cicero
3021 3144 3092 3199 de
3139 3139 3296 3215 Clar._
3339 3139 3517 3208 0rat.,
3563 3157 3681 3212 cap.
3727 3142 3823 3215 53,

2215 3213 2416 3271 Nemo'
2436 3213 2632 3284 plenior
2685 3225 2731 3270 et
2790 3215 2990 3269 uberior
3017 3216 3084 3269 ad
3113 3213 3384 3286 dicendum
3415 3215 3536 3286 fuit.
3580 3215 3734 3286 Orat.
3759 3213 3823 3286 2,

504 3279 714 3358 habet,
737 3284 820 3337 cui
850 3283 1077 3354 aliisque
1124 3285 1350 3340 summis
1378 3285 1511 3341 viris
1553 3279 1785 3342 libenter
1815 3279 2110 3342 subscribi-
2136 3282 2182 3346 C
2214 3279 2447 3357 Philipp.
2480 3292 2503 3341 l
2542 3306 2555 3342 :
2601 3287 2737 3358 Quid
2767 3287 2990 3356 plenius,
3031 3285 3157 3358 quid
3209 3279 3435 3358 uberius.
3463 3283 3651 3339 Caesar
3682 3285 3823 3358 1,13.

502 3365 643 3409 mus.
678 3353 811 3408 BUN.

580 3422 696 3496 Hoc
723 3425 1035 3480 domicilium
1057 3426 1198 3496 ﬁdei.
1227 3427 1370 3482 Editi
1400 3427 1620 3487 habent:
1642 3427 1758 3483 Hoc
1776 3439 1849 3483 est
1877 3436 1982 3484 etc.
2003 3425 2110 3484 Sed

503 3495 728 3551 verbum
758 3507 832 3552 est
869 3495 1140 3568 expunxi,
1171 3499 1314 3570 quod
1345 3500 1624 3572 eleganter
1663 3515 1693 3554 a
1735 3515 1868 3555 mss.
1917 3499 2108 3566 abest,

2214 3355 2432 3484 git,
2466 3358 2537 3413 5'5
2565 3377 2581 3414 :
2613 3357 2742 3413 ch
2767 3355 2998 3427 pleniora
3027 3355 3180 3412 etiam
3207 3368 3254 3412 et
3278 3355 3512 3412 uberiora
3541 3357 3829 3428 perscribe-

2249 3440 2356 3484 ant.
2423 3445 2510 3484 us.

2249 3440 2356 3486 ant.
2381 3440 2489 3486 BUN
2498 3471 2510 3484 .

1435 3773 1986 3859 ANALYSIS
2044 3772 2358 3855 LIBRI
2434 3771 2602 3876 QU
2615 3770 2885 3854 INTI.

1903 3936 2010 3998 DE
2043 3935 2427 3999 JUSTITIA.

1769 4085 2224 4140 ———m

581 4249 953 4324 Parteshujus
970 4250 1088 4324 libri
1115 4250 1237 4307 duae
1254 4261 1410 4308 sunt:
1433 4255 1602 4324 prima
1621 4253 1801 4310 reddit
1813 4268 2006 4309 causas
2021 4269 2120 4310 cur

514 4319 658 4398 hunc
683 4319 951 4398 scribendi
987 4322 1228 4398 laborem
1246 4319 1558 4398 susceperit
1587 4325 1736 4398 (Cap.
1772 4326 1822 4398 l,
1849 4327 1907 4391 2,
1934 4326 1990 4393 5,
2019 4326 2116 4397 4);

509 4393 674 4448 altera
709 4393 1012 4468 doctrinam
1043 4393 1112 4449 de
1129 4394 1337 4466 justitia
1369 4397 1528 4468 legali
1578 4393 1938 4468 pereequitur,
1994 4393 2119 4454 inde

511 4479 684 4532 usque
703 4465 771 4519 ad
803 4467 984 4521 ﬁnem.

546 4606 557 4617 .
582 4533 1418 4617 Causas.przesentisscriplionis
1435 4548 1546 4593 tum
1563 4538 1768 4617 linales,
1792 4549 1900 4617 tum
1926 4539 2120 4612 impul-

513 4607 660 4660 sivas
704 4607 891 4682 recitat
921 4611 1197 4682 prm‘missa
1219 4607 1505 4682 petitione.
1536 4620 1594 4666 ut
1615 4613 1764 4681 prius
1796 4612 1974 4682 legant
1999 4607 2118 4676 sua,

512 4691 672 4748 quam
724 4677 969 4746 judicent
1008 4677 1270 4736 Gentiles.
1300 4680 1518 4736 Finales
1541 4677 1637 4737 has
1663 4683 1818 4737 affert
1837 4677 1936 4735 :‘ut
1966 4698 2123 4738 revo-

513 4758 600 4804 cet
620 4757 866 4804 errantes
888 4751 956 4801 ah
984 4750 1174 4806 itinere
1200 4752 1359 4806 devio
1386 4771 1401 4809 :
1431 4761 1488 4806 ut
1517 4754 1800 4807 confirmet
1829 4753 2122 4808 titubantes

513 4818 808 4963 lidebut
826 4819 1060 4876 delectet
1084 4825 1470 4880 conscientiam
1497 4825 1736 4880 veritatis
1785 4823 2123 4894 professione

585 4907 673 4960 ap.
763 4932 777 4945 .

585 4907 673 4960 ap.
700 4907 777 4960 ι).

589 4961 905 5037 Impulsivas
934 4963 1068 5018 duas
1109 4977 1407 5022 memorat:
1463 4983 1648 5033 unum,
1673 4965 1814 5037 quod
1867 4966 2124 5022 hactenus

515 5047 681 5108 nemo
705 5033 980 5108 eleganter
1004 5037 1072 5091 de
1100 5037 1392 5092 christiana
1417 5039 1674 5108 religione
1691 5033 1966 5107 scripserit
1984 5057 1995 5092 :
2015 5054 2120 5093 non

516 5103 984 5179 Minucius’Felix,
1020 5123 1124 5163 non
1155 5103 1544 5179 'I‘crtullianus,
1568 5110 1656 5179 qui
1687 5103 1862 5179 minus
1879 5120 2126 5179 comptus

516 5185 573 5231 et
615 5178 840 5251 multum
883 5179 1148 5234 obscurus
1187 5178 1424 5235 fueritin
1467 5178 1793 5249 eloquendo,
1824 5178 2126 5251 Cyprianus

517 5256 695 5302 autem
724 5250 1001 5323 eleganter
1031 5251 1269 5320 quidem.
1302 5253 1396 5306 sed
1429 5254 1652 5323 mystice
1679 5250 1891 5308 locutus
1919 5251 2017 5306 sit:
2045 5253 2126 5305 al-

519 5320 879 5393 teram,quod
911 5323 1163 5393 luecipsa
1215 5320 1498 5378 doctorum
1549 5325 1772 5393 penuria
1821 5326 2130 5392 provocarit

519 5388 805 5466 quqsdmh.
836 5403 892 5466 ιιι
921 5388 1186 5450 auderent
1235 5394 1472 5450 scribere
1517 5388 1703 5451 contra
1744 5388 1981 5466 ignotam
2024 5393 2126 5466 sibi

520 5459 823 5538 veritatem.
860 5462 1009 5538 Inter
1033 5467 1171 5521 alios
1203 5467 1369 5534 enim,
1429 5459 1808 5537 philosophum
1837 5465 2127 5538 quemdam

521 5530 790 5613 calamum
819 5530 1810 5613 strinxisse__adver_sus"christianos;
1841 5530 2129 5613 quemdam

521 5605 648 5679 item
693 5615 726 5654 e
751 5617 1002 5679 numero
1026 5605 1269 5679 iudicum
1296 5609 1432 5664 duos
1462 5610 1676 5666 libellos
1729 5605 2127 5679 composuisse,

521 5670 718 5742 quibus
739 5670 1039 5754 falsitatem
1063 5677 1610 5754 Scripturmargtret'c
1631 5670 1968 5754 conatus'sit,
1999 5670 2132 5732 tam?

522 5759 684 5814 quam
706 5744 806 5798 sibi
829 5755 976 5801 esset
1007 5757 1114 5802 tota
1145 5744 1470 5814 contraria,"
1488 5749 1763 5805 Christum
1819 5751 1979 5804 ctiam
2011 5764 2126 5804 rna-

522 5829 650 5955 gpm
681 5826 734 5870 et
762 5815 1052 5900 Apollonio
1105 5819 1421 5878 inferiorem
1475 5821 1709 5891 dixerit;
1765 5837 1890 5893 qua:
1947 5821 2127 5877 omnia

576 5902 680 5955 .up.
711 5886 770 5955 5)
798 5888 953 5949 dtlutt
982 5903 1192 5949 auctor.

552 5883 680 5956 Cap.
711 5886 770 5958 5)
798 5883 953 5949 diluit
982 5903 1192 5949 auctor.

2293 4253 2539 4327 Secunda
2571 4265 2724 4327 parte
2752 4256 2870 4314 haec
2898 4258 3090 4314 ordine
3122 4264 3450 4327 pertractat:

2290 4325 2418 4382 Ideo
2462 4324 2684 4384 aureum
2735 4332 2992 4385 saeculum
3047 4324 3149 4386 sub
3177 4329 3412 4386 Saturno
3465 4325 3652 4391 fuisse,
3701 4324 3837 4398 quia

2220 4413 2390 4453 unum
2425 4399 2594 4454 Deum
2626 4410 2738 4456 tum
2769 4403 3037 4456 coluerint
3062 4401 3319 4457 mortales
3343 4403 3487 4469 (cap.
3515 4399 3593 4467 5).

2145 4462 2199 4523 1)
2296 4469 2410 4526 Sub
2435 4469 2570 4527 Jove
2599 4483 2777 4528 autem
2831 4482 3093 4528 mutatum
3143 4487 3266 4527 esse
3297 4462 3837 4541 srécu'lum'ﬁureum,

2225 4543 2348 4612 quia
2372 4544 2687 4614 religionem
2718 4559 2895 4598 veram
2915 4544 3253 4599 deseruerint
3277 4541 3431 4615 (Cap.
3453 4541 3534 4611 9).

2297 4633 2402 4710 Sed
2428 4650 2568 4690 nunc
2589 4651 2683 4710 per
2707 4637 2958 4710 nuncium
2982 4637 3072 4710 Dei
3104 4634 3424 4710 (Christum)
3441 4635 3674 4710 speciem
3689 4633 3841 4710 ill_ius_

2225 4706 2374 4778 aurei
2403 4707 2662 4778 temporis
2693 4708 2940 4772 rediisse,
2993 4705 3389 4778 justitiamque,
3440 4705 3541 4761 hoc
3569 4717 3675 4778 est,
3736 4705 3840 4761 Dei

2224 4777 2370 4830 unici
2395 4777 2534 4846 piam
2560 4787 2613 4830 et
2633 4778 2937 4847 religiosam
2962 4780 3225 4834 culturam
3246 4779 3522 4834 reductam
3569 4777 3720 4848 (Cap.
3749 4778 3835 4847 7).

2297 4870 2570 4926 Justitiam
2599 4870 2737 4926 hanc
2765 4871 2888 4928 ideo
2916 4887 3021 4927 non
3044 4873 3297 4928 omnibus
3339 4873 3544 4935 datam.
3574 4874 3698 4941 quia
3727 4874 3844 4926 vir-

2228 4948 2312 4997 tus
2340 4942 2488 4996 cerni
2522 4957 2625 4996 non
2653 4945 2844 5012 possit,
2888 4945 2990 4998 nisi
3021 4945 3214 4999 habeat
3241 4945 3370 4997 vitia
3401 4944 3706 5009 contraria;
3732 4958 3843 4998 nec

2228 5015 2297 5067 sit
2329 5013 2587 5085 perfecta,
2621 5015 2722 5068 nisi
2751 5025 3069 5070 exerceatur
3095 5016 3149 5070 in
3180 5015 3458 5070 adversis:
3491 5014 3689 5085 deinde
3711 5015 3840 5085 quia

2230 5085 2364 5156 nihil
2397 5083 2585 5139 fuisset
2617 5089 2806 5155 pietas,
2839 5086 2882 5141 si
2915 5097 3101 5142 natura
3147 5101 3303 5156 pares
3330 5087 3582 5140 omnibus
3611 5083 3844 5156 allectus

2228 5154 2488 5211 dedisset.
2524 5156 2590 5210 Et
2621 5154 2758 5227 quia
2791 5157 2986 5211 malum
3019 5154 3369 5227 nonjsustulit
3395 5158 3554 5222 Deus,
3587 5155 3708 5211 ideo
3735 5171 3843 5211 au-

2229 5242 2383 5300 reum
2413 5230 2668 5300 saeculum
2699 5244 2803 5300 non
2828 5229 2936 5300 dici
2967 5243 3130 5296 nunc,
3157 5231 3405 5300 quamvis
3436 5227 3743 5284 hominibus
3767 5227 3844 5283 sit

2231 5299 2396 5353 missa
2423 5298 2626 5368 justitia
2651 5298 2806 5370 (Cap.
2825 5299 2904 5370 7).

2303 5391 2427 5446 Ideo
2457 5391 2703 5464 homines
2729 5393 2900 5447 malos
2919 5407 3042 5448 esse
3091 5401 3145 5449 ct
3193 5392 3444 5464 injustos,
3473 5392 3594 5461 quia
3645 5390 3716 5447 dii
3749 5405 3846 5464 co-

2231 5463 2448 5518 lantur:
2478 5473 2533 5517 ct
2560 5463 2682 5517 ideo
2705 5464 2844 5518 mala
2872 5465 3052 5519 omnia
3085 5462 3262 5520 rebus
3295 5465 3545 5534 humanis
3597 5462 3844 5534 quotidie

2235 5535 2805 5606 ingravascere;quod
2840 5535 2982 5590 Deus
3012 5535 3174 5606 hujus
3215 5536 3398 5591 mundi
3422 5533 3647 5590 effector
3680 5533 3848 5590 dere-

2234 5605 2396 5660 lictus
2428 5607 2526 5660 sit:
2559 5605 2652 5676 qui
2679 5607 2722 5676 si
2746 5605 2814 5659 ab
2843 5605 3095 5662 omnibus
3129 5607 3418 5674 coleretur,
3451 5622 3578 5662 vere
3601 5616 3716 5662 tum
3741 5620 3844 5659 au-

2235 5692 2384 5751 reu_m
2415 5675 2669 5732 saeculum
2696 5675 2930 5731 futurum
2952 5691 3094 5734 esset
3119 5677 3272 5748 (Cap.
3294 5679 3375 5751 8).

2309 5747 2792 5819 Justitiamtquam
2819 5764 2996 5819 veram
3021 5746 3232 5819 putant,
3260 5746 3598 5814 licetveniat,
3632 5746 3844 5802 nullum

2236 5819 2419 5892 locum,
2437 5817 2582 5892 apud
2609 5817 3204 5892 Paganoshabituram,
3235 5821 3394 5892 uthui
3413 5819 3848 5892 justitiacsccta-

2234 5899 2381 5946 tores
2411 5887 2757 5959 interficiant,
2788 5888 2870 5946 vel
2904 5893 3148 5948 veritatis
3177 5887 3339 5958 odio;
3381 5887 3466 5947 vel
3520 5888 3668 5960 quod
3715 5887 3850 5946 eru’a
