4142 6200
351 266 464 324 555

1611 259 1815 319 LIBER
1857 262 1919 318 ν.
1963 261 2053 320 DE
2089 263 2412 323 JUSTITIA.

3554 270 3662 327 554

350 382 624 454 gissctque
652 382 711 431 ut
741 375 932 432 eodem
967 384 1211 447 tempore
1235 375 1330 433 Dei
1372 377 1631 448 templum
1677 388 1948 433 evertere-
1975 378 2032 441 Α
2055 378 2211 436 dibus
2238 379 2388 446 illici,
2431 395 2498 436 ne
2528 380 2842 450 simplicitas
2888 395 3076 438 eorum
3122 382 3320 452 praeda:
3359 397 3423 440 ac
3464 383 3664 455 pabulo

352 486 443 532 tur
472 492 485 527 :
507 472 615 529 duo
642 470 938 527 extiterunt
966 470 1188 536 ibidem,
1211 472 1301 542 qui
1323 471 1524 541 jacenti
1552 480 1713 543 alque
1732 472 1957 543 abjectae

350 567 590 633 veritati,
620 564 806 621 nescio
834 572 1017 620 utrum
1042 564 1348 635 superbius,
1381 581 1449 621 an
1481 565 1843 637 importunius
1870 566 1955 621 in-

352 660 652 725 saltarent;
707 672 937 729 quorum
984 657 1123 714 alter
1160 659 1455 716 antistitem
1514 675 1571 715 se
1601 659 1959 730 philosophia:

352 751 716 826 proﬁtebatur
746 768 760 805 :
799 765 988 806 verum
1018 750 1091 807 ita
1123 751 1371 815 vitiosus,
1397 760 1456 807 ut
1475 752 1825 807 continentia:
1847 766 1960 806 nta-

353 848 540 919 gister,
575 859 683 901 non
711 844 891 900 minus
919 843 1164 911 avaritia,
1186 859 1348 916 quam
1375 845 1691 902 libidinibus
1721 846 1956 910 arderet,

354 939 409 995 in
441 940 588 995 victu
618 946 726 993 tam
753 947 1126 1008 sumptuosus,
1157 947 1215 992 ut
1255 938 1311 993 in
1339 937 1524 994 schola
1552 938 1765 993 virtutis
1785 953 1960 993 asser-

356 1042 465 1099 tor,
504 1030 859 1102 parcimoniae
902 1030 1339 1100 paupertatisque
1371 1030 1639 1095 laudator,
1677 1030 1730 1084 in
1760 1030 1961 1101 palatio

355 1124 511 1196 pejus
537 1132 802 1191 caneret,
832 1137 991 1193 quam
1018 1121 1186 1178 domi.
1220 1122 1424 1180 Tamen
1452 1124 1579 1179 vitia
1603 1139 1700 1180 sua
1746 1122 1959 1192 capillis

358 1227 414 1273 ct
444 1215 629 1286 pallio,
682 1224 738 1271 et
781 1214 947 1287 (quod
976 1214 1271 1269 maximum
1299 1224 1384 1271 est
1402 1215 1792 1286 velamentum)
1822 1214 1963 1269 divi—

360 1309 453 1367 tiis
493 1308 860 1381 praetegebat;
889 1322 1021 1378 quas
1060 1316 1118 1363 ut
1143 1318 1383 1380 augeret,
1415 1308 1482 1364 ad
1525 1310 1789 1365 amicitias
1822 1308 1966 1379 judi-

358 1418 486 1459 cutn
530 1403 668 1458 miro
699 1402 904 1457 ambitu
951 1402 1291 1472 penetrabat,
1339 1416 1541 1472 eosque
1590 1403 1693 1458 sibi
1741 1409 1967 1471 repente

358 1497 680 1552 auctoritate
710 1494 828 1550 falsi
866 1494 1100 1551 nominis
1127 1492 1424 1565 obligabat;
1466 1510 1573 1550 non
1598 1493 1758 1550 modo
1786 1502 1843 1549 ut
1870 1509 1967 1550 eo-

359 1605 481 1646 rum
538 1587 838 1645 sententias
884 1586 1165 1655 venderet,
1199 1602 1387 1642 verum
1428 1587 1593 1643 etiam
1624 1596 1682 1641 ut
1723 1586 1967 1642 conﬁnes

356 1694 509 1747 suos,
560 1694 696 1750 quos
743 1678 964 1737 sedibus
1018 1678 1268 1750 agrisque
1320 1678 1578 1750 pellebat,
1609 1694 1638 1733 a
1675 1694 1774 1734 suo
1804 1693 1964 1751 repe-

2060 473 2131 529 sit
2154 472 2460 528 liontinibus
2480 472 2694 529 astulis.

2130 566 2316 639 Itaque
2363 581 2423 624 se
2469 567 2774 639 suscepisse
2825 567 2929 623 hoc
2948 583 3148 624 munus
3178 568 3517 640 philosophia
3546 570 3665 641 dig-

2063 674 2215 727 num,
2266 667 2323 714 ut
2357 658 2641 730 praeferret
2680 676 2787 716 non
2810 659 3120 716 videntibus
3142 661 3323 716 lumen
3348 661 3666 731 sapientiae,

2063 767 2172 807 non
2194 751 2356 808 modo
2377 760 2433 808 ut
2452 752 2718 824 susceptis
2743 753 2969 809 deorum
3001 753 3235 809 cultibus
3276 765 3630 811 resanescant
3650 796 3668 823 ,

2063 843 2158 899 sed
2190 844 2351 900 etiam
2382 853 2461 910 ut,
2493 845 2754 915 pertinaci
2782 845 3145 902 obstinatione
3169 845 3434 915 deposita,
3468 862 3664 919 corpo-

2064 937 2140 992 ris
2186 938 2546 993 cruciamenta
2600 937 2875 1005 devitent,
2930 954 3033 996 neu
3086 954 3258 994 saevas
3300 938 3671 997 membrorum

2066 1030 2423 1086 lacerationes
2474 1030 2671 1087 frustra
2717 1032 2924 1101 perpeti
2974 1033 3161 1087 velint.
3194 1033 3262 1090 Ut
3289 1046 3468 1090 autem
3500 1049 3671 1104 appa-

2065 1133 2211 1179 reret
2253 1124 2406 1194 eujus
2436 1124 2510 1179 rei
2539 1125 2708 1195 gratia
2737 1139 2873 1194 opus
2899 1124 3028 1180 illud
3079 1126 3413 1183 elaborasset
3432 1168 3445 1189 .
3470 1126 3672 1183 eﬁ'usus

2064 1225 2150 1274 est
2176 1217 2229 1271 in
2260 1216 2559 1287 principum
2594 1216 2814 1283 laudes;
2844 1232 3073 1286 quorum
3100 1219 3267 1287 pietas
3301 1228 3355 1273 et
3379 1219 3669 1288 providen-

2068 1309 2138 1365 tia
2196 1308 2217 1382 (
2239 1321 2294 1364 ut
2323 1309 2537 1379 quidem
2589 1310 2703 1379 ipse
2732 1308 2968 1381 dicebat)
2995 1325 3117 1365 cunt
3156 1311 3209 1363 in
3238 1312 3451 1365 caeteris
3479 1312 3662 1379 rebus,

2068 1409 2179 1457 tum
2206 1402 2478 1473 prmcipue
2501 1401 2552 1456 in
2579 1401 2928 1456 defendendis
2952 1400 3176 1457 deorum
3197 1402 3543 1472 religionibus
3564 1404 3674 1459 cla-

2067 1494 2266 1551 ruisset
2294 1509 2307 1547 :
2351 1494 2655 1550 consultum
2688 1509 2809 1549 esse
2836 1493 3049 1548 tandem
3082 1493 3243 1549 rebus
3298 1494 3547 1551 humanis
3572 1538 3586 1562 ,
3618 1507 3678 1551 ιιι

2068 1589 2303 1646 cohibita
2328 1589 2488 1661 impia
2520 1598 2573 1644 et
2600 1589 2726 1644 anili
2752 1588 3142 1658 superstitione
3163 1630 3177 1653 ,
3212 1590 3448 1645 universi
3497 1590 3676 1645 homi-

2069 1698 2168 1739 nes
2199 1682 2454 1753 legitimis
2498 1683 2669 1737 sacris
2696 1690 2987 1746 vacarent,
3037 1695 3100 1735 ac
3127 1682 3388 1750 propitios
3415 1683 3516 1739 sibi
3544 1682 3677 1738 deos

360 1772 530 1830 tendo
561 1771 662 1828 hac
706 1773 945 1842 potentia
995 1770 1317 1828 retardaret.
1358 1771 1457 1827 Hic
1488 1787 1639 1839 vero,
1691 1772 1785 1843 qui
1842 1787 1966 1829 suas
1996 1767 2045 1827 B
2071 1776 2464 1847 experirentur.
2498 1773 2596 1829 Ubi
2626 1783 2805 1830 autem
2838 1773 3113 1844 religionis
3129 1772 3265 1843 ejus,
3302 1783 3489 1829 contra
3514 1792 3675 1845 quam

357 1864 757 1937 disputationes
805 1864 1049 1921 moribus
1097 1865 1434 1930 destruebat,
1474 1865 1564 1920 vel
1611 1879 1796 1923 mores
1837 1881 1964 1922 suos

358 1958 816 2029 disputationibus
859 1957 1158 2030 arguebat,
1203 1958 1319 2028 ipse
1365 1957 1627 2014 adversus
1675 1973 1736 2015 se
1784 1959 1968 2029 gravis

357 2067 575 2119 censor,
607 2064 663 2107 et
694 2060 976 2108 accusator
994 2051 1311 2116 acerrimus,
1333 2050 1525 2107 eodem
1550 2051 1669 2120 ipso
1701 2060 1965 2120 tempore,

358 2162 469 2218 quo
491 2146 671 2217 justus
697 2145 927 2215 pepnlus
976 2144 1183 2200 nefarie
1232 2143 1596 2208 lacerabatur,
1643 2151 1755 2199 tres
1785 2143 1967 2201 libros

359 2239 603 2295 evomuit
627 2245 816 2293 contra
862 2235 1199 2307 Religionem
1237 2249 1543 2305 nomenque
1577 2233 1968 2292 christianum:

362 2332 645 2403 professus
669 2338 794 2386 ante
833 2330 1012 2385 omnia
1070 2327 1377 2399 phil050phi
1429 2326 1669 2383 ofﬁcium
1711 2342 1833 2383 esse
1880 2343 1968 2383 er-

362 2425 582 2481 roribus
628 2422 907 2479 hominum
958 2420 1267 2488 subvenire,
1316 2429 1476 2491 atque
1523 2418 1645 2475 illos
1689 2418 1757 2474 ad
1786 2434 1968 2475 veram

359 2519 508 2574 viam
558 2530 857 2580 revocare;
900 2513 953 2570 id
983 2523 1088 2582 est,
1132 2513 1199 2569 ad
1228 2512 1406 2568 cultus
1435 2510 1686 2578 deorum,
1738 2526 1969 2582 quorum

359 2610 584 2667 numine
614 2623 676 2666 ac
699 2608 983 2679 majestate
1013 2607 1095 2678 (ut
1130 2605 1218 2662 ille
1241 2603 1479 2677 dicebat)
1503 2603 1734 2660 mundus
1761 2606 1966 2676 guber-

362 2712 545 2772 netur,
571 2718 672 2761 nec
700 2701 810 2775 pati
836 2700 1083 2758 homines
1109 2698 1393 2771 imperitos
1424 2696 1782 2769 quorumdam
1822 2696 1969 2753 frau-

2068 1869 2390 1945 perorabat,
2413 1869 2688 1922 inﬁrmare
2714 1866 2882 1921 voluit
2914 1867 3198 1933 rationem,
3223 1866 3461 1937 ineptus,
3482 1884 3675 1936 vanus,

2070 1963 2328 2021 ridiculus
2360 1961 2640 2031 apparuit;
2670 1959 2793 2030 quia
2824 1959 3003 2028 gravis
3039 1958 3130 2013 ille.
3159 1959 3441 2015 consultor
3468 1961 3673 2018 utilita-

2073 2060 2140 2114 tis
2183 2056 2408 2119 aliente,
2465 2069 2570 2108 non
2622 2052 2782 2109 modo
2828 2050 2957 2123 quid
2986 2060 3350 2123 oppugnaret,
3384 2051 3481 2108 sed
3509 2054 3675 2110 etiam

2071 2147 2199 2219 quid
2239 2148 2552 2217 loqueretur
2604 2143 2901 2200 nesciebat.
2950 2141 3085 2197 Nam
3127 2143 3173 2198 si
3225 2142 3317 2214 qui
3363 2153 3676 2201 nostrorum

2074 2238 2344 2294 affuerunt
2363 2280 2377 2303 ,
2403 2235 2648 2307 quamvis
2679 2232 2939 2303 temporis
2962 2234 3130 2304 gratia
3151 2233 3519 2302 eonticerent,
3551 2236 3677 2291 aui-

2074 2344 2164 2386 mo
2210 2340 2387 2386 tamen
2440 2327 2713 2395 derisere,
2746 2334 2934 2396 utpote
2964 2340 3085 2382 eum
3115 2324 3365 2382 viderent
3394 2326 3672 2385 hominem

2073 2421 2417 2493 proﬁtentem
2457 2436 2517 2477 se
2561 2419 2989 2475 illuminaturum
3015 2418 3175 2488 alios,
3204 2435 3326 2476 cum
3356 2419 3472 2492 ipse
3497 2437 3676 2478 exectis

2074 2524 2262 2581 esset;
2324 2512 2670 2569 reducturum
2715 2511 2851 2567 alios
2877 2511 2946 2567 ab
2971 2526 3189 2578 errore,
3222 2526 3344 2566 cum
3376 2511 3491 2582 ipse
3518 2515 3671 2583 igno-

2072 2616 2218 2664 raret
2272 2606 2362 2663 ubi
2406 2605 2574 2678 pedes
2627 2620 2755 2660 suos
2785 2613 3045 2676 poneret;
3079 2604 3413 2660 crediturum
3441 2606 3576 2660 alios
3604 2606 3677 2661 ad

2072 2700 2391 2769 veritatem,
2418 2699 2571 2771 cujus
2601 2697 2691 2755 ille
2730 2714 2799 2755 ne
2842 2698 3128 2755 scintillam
3159 2698 3375 2770 quidem
3405 2714 3564 2755 unam
3592 2700 3674 2757 vi-

1710 2834 2070 2894 VARIORUM
2110 2836 2337 2895 NOTAE.

438 2980 536 3038 Dei
566 2980 832 3049 templum.
883 2975 981 3031 Hie
1007 2975 1232 3031 innuere
1259 2973 1470 3049 videtur
1493 2970 1805 3049 Lactantius
1829 2970 1958 3025 Dio-

365 3027 1275 3122 clanius}?Iiéégécdiiéngni15.}no
1296 3044 1427 3122 502ζ
1445 3056 1553 3112 quo
1581 3042 1799 3122 circiter
1832 3051 1969 3122 tem-
1995 3027 2042 3091 C

367 3140 500 3197 pore
544 3112 912 3197 Nicomediam
955 3133 983 3171 a
1017 3117 1349 3197 Diocletiano
1406 3112 1722 3197 Lactantius
1765 3113 1969 3168 accitus

366 3183 486 3261 fuit,
517 3204 577 3250 ttt
612 3192 903 3249 oratoriam
927 3197 1098 3244 artem
1131 3188 1391 3261 doceret,
1422 3194 1562 3261 teste
1614 3183 1963 3261 Hieronymo.

368 3269 447 3324 De
470 3254 626 3336 hujus
648 3262 833 3333 templi
863 3258 1253 3315 instauratione
1298 3256 1409 3336 agit
1447 3255 1766 3336 Lactantius
1804 3254 1969 3336 initio

367 3340 491 3394 libri
536 3324 603 3392 de
628 3324 786 3391 Μοτῇ
831 3339 1266 3403 persecutorunt.
1315 3324 1399 3381 liis
1423 3326 1604 3403 verbis
1632 3342 1644 3377 :
1679 3324 1972 3403 Proﬂigata

369 3425 532 3480 nuper
555 3479 563 3480 ί
583 3405 819 3480 Ecclesia
835 3395 1060 3480 rursum
1070 3400 1297 3480 exurgit,
1338 3406 1384 3451 et
1413 3398 1612 3467 majore
1640 3395 1807 3478 gloria
1838 3405 1970 3480 tent-

369 3466 523 3552 plt'mt
541 3479 655 3542 Dei,
683 3474 819 3546 quod
845 3474 908 3528 ab
934 3472 1107 3544 impiis
1138 3466 1305 3541 fuerat
1333 3466 1580 3533 eversum,
1614 3466 1971 3520 misericordia

369 3549 582 3608 Domini
608 3549 908 3622 fabricatur.

445 3607 676 3690 Quorum
718 3618 847 3672 alter
893 3613 1172 3690 antistitem
1216 3626 1270 3665 se
1318 3607 1972 3690 pltilosOpltiw_Rroﬁteba-

371 3678 609 3758 tur-Tete.
642 3690 836 3745 Mirum
884 3701 980 3742 cur
1008 3684 1224 3758 nomina
1252 3678 1635 3758 suppresserit.
1672 3678 1808 3733 Hinc
1850 3694 1972 3747 per-

370 3750 759 3835 pendehquam
793 3772 979 3835 parum
1009 3754 1232 3809 odiosus
1258 3750 1404 3808 esSet
1430 3751 1481 3833 in
1510 3750 1715 3832 hostes,
1741 3764 1971 3835 quorum

372 3820 679 3892 nominibus
705 3820 894 3902 parcit.
934 3826 1046 3882 Nec
1080 3840 1216 3894 opus
1242 3833 1327 3902 est
1361 3820 1970 3902 curiosa__inqui'sitione

372 3890 426 3964 in
460 3922 540 3971 re,
572 3890 731 3975 quam
758 3909 949 3975 auctor
974 3890 1160 3975 n_ostér
1185 3891 1628 3975 celatam_\'oluit.
1652 3890 1733 3946 Ea:
1758 3891 1967 3975 Dawn.

392 4008 444 4021 -—
463 3963 619 4033 Hunc
648 3986 827 4030 tamen
856 3969 1166 4026 existimant
1198 3966 1361 4021 fuisse
1391 3963 1685 4018 Maximum
1731 3963 1970 4032 philoso-

373 4052 578 4123 phum,
626 4058 787 4123 quem
850 4037 1177 4123 Nicomedia:
1224 4035 1469 4123 audierat
1504 4033 1973 4123 Julianusdietus

372 4104 659 4191 ipostata:
675 4189 683 4191 _
705 4115 814 4171 lste
843 4109 1196 4191 philosophus
1227 4105 1496 4191 Ephesius
1519 4104 1782 4191 erato,iqui
1809 4105 1971 4191 veluti

374 4176 523 4249 artes
550 4189 784 4260 magicas
817 4176 1079 4260 exercens
1109 4178 1423 4260 interfectus
1453 4187 1555 4260 est.
1590 4176 1713 4257 llic.
1732 4176 1965 4260 abaliis,

375 4246 485 4319 non
512 4246 797 4321 Maximus,
847 4248 1300 4322 sed'Porphyrius
1324 4264 1355 4303 a
1395 4246 1675 4322 Lactantio
1702 4246 1971 4322 indigitari

375 4316 639 4390 creditur.
688 4316 1023 4398 Porphyrius
1052 4316 1217 4398 enim,
1246 4322 1396 4390 juxta
1439 4316 1683 4398 Suidam,
1709 4316 1781 4398 ab
1803 4317 1974 4371 Aure-

376 4405 508 4460 liani
555 4389 893 4470 tempore-ad
921 4393 1508 4470 Diocletianumusque
1536 4389 1716 4470 vincit“;
1734 4396 1788 4470 at
1810 4402 1971 4470 nemo

375 4456 791 4544 Sanguine
799 4467 1012 4544 fureret
1054 4456 1466 4544 in_Clt_ristiatlos
1491 4456 1970 4544 crttdelitate._Ve-

376 4528 734 4617 rumiprobat
776 4537 1081 4617 Holstenius
1108 4535 1161 4590 in
1196 4533 1331 4588 Vitae
1376 4528 1977 4617 Ifqrphyr‘iieaplgaﬂe

378 4599 593 4681 ultimo,
621 4615 767 4670 hunc
810 4606 1191 4682 philosophum
1224 4619 1348 4682 n_on_
1374 4599 1972 4682 fuissePorphyriu'm.

377 4667 754 4746 fde-mvﬁélius
774 4667 829 4738 in
852 4695 954 4738 suo
984 4667 1308 4735 Dietionario
1335 4672 1613 4739 historico,
1645 4667 1812 4727 verbo
1850 4667 1977 4724 Hie-

379 4760 567 4817 rocles.

465 4811 602 4884 Vitia
626 4842 721 4882 sua
748 4822 973 4895 capillis,
1016 4828 1121 4877 etc.
1155 4817 1271 4895 Mos
1313 4822 1431 4871 erat
1467 4812 1806 4895 philos0phis
1850 4811 1979 4895 bar-

379 4882 702 4963 bamalere,
729 4882 891 4968 quam
916 4882 1037 4950 ideo
1065 4890 1361 4961 sapientem
1395 4882 1553 4956 poeta
1580 4882 1795 4941 vocavit
1821 4901 1835 4939 :
1871 4882 1980 4939 ilo-

380 4982 487 5031 rat.
519 4987 579 5039 tt,
604 4967 780 5026 Serm.
814 4967 868 5023 3.

1163 5076 1532 5139 Temporequo
1549 5085 1632 5121 me

510 5147 707 5201 Solatus
724 5146 872 5210 jussit
892 5144 1168 5207 sapientem
1194 5136 1401 5204 pascere
1418 5136 1640 5186 barbam.

385 5257 522 5313 Hinc
565 5250 867 5322 philosophi
903 5262 1047 5319 saepe
1092 5242 1300 5301 barbati
1348 5237 1587 5312 magistri
1636 5233 1973 5292 dicebantur.

386 5329 526 5385 Hinc
544 5324 764 5381 Persius
784 5323 964 5393 Satyr.
994 5324 1030 5373 4
1059 5334 1074 5373 :

571 5439 842 5489 Barbatum
860 5435 967 5483 haec
989 5429 1143 5481 crede
1164 5427 1456 5491 magistrum

514 5488 717 5564 Dicere,
745 5499 949 5549 sorbitio
969 5493 1098 5544 tollit
1117 5488 1269 5555 quem
1291 5488 1398 5538 dira
1420 5488 1612 5537 cicutre.

385 5607 619 5668 Barbam
647 5604 862 5662 alebant
884 5616 949 5657 eo
974 5597 1117 5671 quod
1147 5596 1385 5671 aliquam
1426 5590 1531 5649 sibi
1559 5590 1897 5671 majestatcm
1926 5598 1990 5671 ea

384 5666 667 5738 conciliari
712 5666 1125 5731 arbitrarentur.
1174 5667 1439 5738 Diogenes
1485 5672 1706 5738 rogatus
1726 5666 1988 5738 _eur.tam_

384 5728 667 5820 Signini
686 5728 917 5803 nutriret
943 5742 1165 5799 barbam
1199 5756 1212 5793 :
1240 5728 1310 5792 Ut
1336 5752 1449 5791 eam
1491 5728 1687 5799 videns,
1725 5728 1917 5802 inquit,
1942 5736 1990 5782 et

930 5838 1206 5900 PATBOL.
1257 5830 1364 5892 Vl.

2071 2980 2306 3045 tangens,
2334 2975 2499 3028 virum
2526 2991 2605 3030 me
2647 2990 2754 3045 esse
2791 2972 3126 3028 meminerim.
3159 2970 3315 3045 Unde
3340 2981 3395 3028 et
3423 2969 3677 3045 homines

2071 3043 2416 3101 sanctitatem
2460 3045 2625 3101 barba
2664 3044 3029 3108 affectabunt,
3078 3043 3534 3114 quemadmodum
3586 3043 3678 3099 hic

2074 3116 2425 3244 philoso(phus
2454 3116 2522 3171 de
2568 3132 2675 3189 quo
2704 3117 2851 3171 Lact.
2888 3114 2991 3171 hoc
3043 3113 3185 3170 loCo.
3243 3114 3379 3169 Vide
3421 3113 3672 3168 eumdem

2074 3188 2267 3244 Lact...
2311 3204 2341 3244 e
2362 3188 2444 3243 lra
2471 3187 2590 3244 Dei.
2623 3203 2742 3244 can.
2773 3187 2866 3241 ‘22.

2072 3187 2341 3254 Lact.,-de
2362 3188 2444 3243 lra
2471 3187 2598 3256 Dei,
2623 3203 2742 3256 cap.
2773 3187 2866 3241 ‘22.

2148 3258 2287 3326 Quos
2307 3258 2512 3314 sedibus
2532 3255 2774 3330 agrisque
2798 3257 3036 3330 pellebat.
3071 3257 3127 3312 In
3156 3271 3286 3311 mss.
3311 3256 3345 3312 5
3368 3269 3475 3330 rce.
3507 3255 3684 3311 ctedi-

2073 3331 2142 3386 tis
2163 3332 2194 3385 7
2218 3340 2300 3385 est
2329 3331 2540 3394 (edibus,
2565 3327 2764 3385 omissa
2797 3329 2966 3397 prima
2998 3328 3200 3391 littera,
3231 3343 3352 3397 qua:
3376 3327 3565 3381 cadent
3595 3337 3682 3380 est

2073 3403 2259 3529 Bltima
2303 3402 2496 3472 prioris
2544 3400 2824 3466 vocabuli,
2870 3399 3099 3454 fortasse
3142 3414 3238 3469 per
3289 3397 3551 3452 incuriam
3603 3397 3670 3450 li-

2113 3489 2258 3529 raru.

2113 3489 2258 3529 Tarii.

2146 3543 2514 3599 Resanescant.
2559 3542 2649 3598 Sic
2674 3541 2984 3596 Lactantius
3011 3539 3104 3596 lib.
3133 3556 3208 3605 tv,
3232 3554 3351 3608 cap.
3380 3538 3471 3600 20,
3504 3537 3678 3604 initio,

2073 3624 2375 3678 resanaret;
2423 3625 2478 3671 et
2525 3614 2663 3668 infra
2714 3612 2940 3683 hujusce
2968 3611 3082 3683 lib.
3111 3626 3167 3677 v,
3196 3624 3316 3680 cap.
3346 3609 3447 3676 22,
3474 3609 3525 3683 in
3551 3609 3678 3683 line,

2073 3687 2320 3743 resanati.
2352 3687 2483 3755 Quae
2514 3685 2678 3741 verba
2706 3680 2801 3738 vis
2840 3682 2981 3754 apud
3014 3681 3152 3738 ullos
3183 3690 3433 3736 auctores
3486 3680 3679 3735 latinos

2074 3773 2337 3830 reperies.

2148 3851 2268 3906 Neu
2292 3866 2469 3907 mas.
2502 3849 2630 3905 Mss.
2664 3847 2698 3901 9
2725 3862 2861 3912 rec.,
2885 3845 2994 3903 e16
3024 3846 3164 3918 typis
3189 3844 3396 3918 excusi,
3421 3861 3534 3918 nec.

2146 3921 2216 3977 In
2244 3922 2440 3977 caeteris
2460 3921 2628 3976 rebus.
2653 3919 2781 3975 Mss.
2806 3928 2931 3974 octo
2954 3926 3010 3972 et
3038 3916 3165 3971 editi
3188 3916 3395 3970 addunt
3416 3916 3678 3980 humanis,

2075 3994 2239 4119 (Ἦοῇ
2244 4002 2525 4119 νεεριὶιὶῃὸ
2530 3991 2686 4047 multi
2714 3991 2953 4061 potiores
2978 3997 3034 4044 et
3060 3988 3393 4058 antiquiores
3420 3985 3605 4057 scripti
3626 3995 3684 4041 et

2076 4082 2108 4119 ϐ
2150 4105 2164 4119 .
2242 4082 2354 4119 om.
2536 4102 2550 4116 .

2076 4066 2164 4122 ed.
2196 4066 2354 4122 Rom.
2386 4066 2550 4120 1174.

2155 4136 2434 4192 Humanis.
2458 4135 2587 4190 Haec
2613 4149 2719 4190 vox
2746 4132 2901 4188 abest
2924 4146 2953 4185 a
2984 4129 3230 4201 pluribus
3261 4142 3395 4184 mss.

2150 4230 2216 4285 Et
2243 4229 2370 4285 anili
2394 4227 2767 4297 superstitione.
2802 4222 3084 4297 Proprium
3111 4218 3431 4297 epithetum,
3458 4231 3561 4297 pro
3582 4232 3680 4271 ex-

2079 4312 2249 4357 trema
2279 4286 2858 4370 superstitioneLquia
2889 4286 3169 4370 muliebris
3200 4286 3467 4370 δίδως-θεέ
3497 4286 3685 4370 πάθει-

2077 4356 2448 4441 perstitionem
2473 4356 2791 4441 propensior
2801 4380 2830 4441 _;
2863 4362 3004 4441 unde
3034 4362 3295 4441 mulieres
3318 4362 3412 4418 τὰς
3434 4356 3684 4441 δε-ισιδσι-

2077 4427 2249 4518 item;
2263 4427 2541 4518 agmen;
2561 4427 2774 4518 dicebat
2800 4427 3015 4518 Strabo,
3047 4432 3243 4518 lib.vu.
3263 4427 3500 4518 Sauead
3516 4443 3683 4518 serus

2078 4498 2444 4570 inﬁrmitatem
2475 4498 2531 4565 et
2560 4507 2852 4572 levitatem,
2872 4504 3048 4559 aetatis
3075 4516 3290 4573 quoque
3336 4498 3681 4554 imbecillitas

2078 4583 2301 4641 accedit.
2331 4581 2638 4637 HERALDUS.

2166 4674 2353 4730 Vanus.
2386 4671 2512 4727 Mss.
2544 4673 2571 4726 1
2610 4668 2766 4726 Colb.
2815 4682 2845 4722 a
2892 4666 3065 4738 prima
3095 4678 3279 4729 manu,
3309 4661 3527 4719 Cotton.
3571 4671 3624 4719 et
3657 4663 3680 4715 t

2081 4746 2318 4804 Clarum.
2345 4744 2537 4799 varius.

2155 4839 2495 4896 Couticereut.
2552 4834 2629 4890 lta
2674 4846 2806 4889 mss.
2854 4831 3134 4902 Anglican.
3166 4827 3326 4902 θυι
3363 4826 3454 4882 alii
3478 4866 3491 4887 .
3526 4836 3687 4902 atque

2084 4912 2339 4970 meliores
2360 4908 2655 4979 editiones,
2684 4920 2875 4979 annor.
2907 4896 3045 4979 1ςῐ76
3074 4911 3127 4979 et
3154 4899 3313 4979 1497,
3360 4907 3521 4979 atque
3551 4896 3687 4979 Τοῖς

2228 4991 2282 5037 et
2307 4980 2529 5045 Soubr.,
2557 4966 2924 5048 Conuiverent,
2939 4975 2989 5048 in
3017 4970 3334 5048 quibusdam
3363 4969 3507 5048 aliis.
3530 4966 3675 5048 ms.t

2276 5036 2384 5126 ree.
2436 5036 2762 5126 conibereu-t;
2816 5048 2840 5101 1
2901 5036 3685 5126 Lips:,anColbacoltilterettli

2087 5113 2252 5192 υιιῖ-.,
2282 5127 2308 5180 1
2344 5124 2536 5187 Brun.,
2577 5113 3020 5192 cobiherenturft
3071 5113 3625 5192 Culb_.,_‘conveuirent;
3652 5113 3688 5160 4

2088 5180 2305 5253 ὦέέέ’θι
2337 5180 2557 5249 totidem
2601 5189 2732 5245 editi
2758 5189 3164 5248 conticescerent;
3200 5184 3223 5236 1
3256 5180 3388 5257 βο-[ι.
3424 5191 3536 5231 rec.
3562 5192 3686 5257 cou-

2089 5249 2367 5332 ὖῖεῖδέέιίεη
2412 5264 2436 5318 1
2481 5263 2617 5332 Reg.
2661 5262 2870 5332 antiq.,“
2905 5260 3224 5332 congrueret;
3254 5251 3289 5331 1'
3319 5249 3452 5332 Bon.
3486 5249 3685 5332 antiq.)

2090 5316 2443 5409 Milligan
2467 5316 2757 5389 nosrrorum
2789 5316 3111 5395 ἱιῇιιὶιςεεῖ....
3141 5321 3517 5376 conniveret....
3552 5316 3692 5372 deri-

2091 5419 2249 5470 deret.

2164 5504 2501 5561 Eruditurum
2548 5498 2680 5554 alios
2731 5494 2800 5550 ad
2846 5492 3124 5547 veritatem.
3166 5483 3370 5561 Eadem
3416 5481 3693 5561 locutione

2091 5552 2271 5635 υιῑῖιίιῖ
2279 5552 2561 5630 "mean;
2575 5569 2671 5625 lib.
2700 5581 2779 5632 ιιι,
2799 5579 2850 5619 c.
2881 5564 2970 5632 tt,
3001 5571 3059 5621 et
3094 5552 3403 5635 c_._27_',_lib_.
3430 5570 3484 5635 v3
3508 5569 3626 5635 cap.
3654 5553 3696 5633 β

2674 5637 2712 5691 2
2731 5623 2872 5706 ;'lib.
2901 5623 2999 5707 vn,
3029 5650 3078 5691 c.
3110 5630 3216 5697 14;
3251 5629 3344 5684 lib.
3368 5623 3436 5679 de
3465 5626 3545 5681 Ira
3575 5623 3695 5687 Dei,

2090 5719 2325 5793 cap.25.

3144 5791 3229 5855 18
