4142 6200
434 184 548 242 565

434 297 590 368 Quod
617 297 838 369 quidem
862 311 973 355 non
1013 313 1112 369 pro
1139 300 1351 371 poetica
1380 302 1622 370 fictione,
1652 302 1748 357 sed
1776 317 1876 372 pro
1903 317 2034 360 vero
2060 305 2114 368 Α

433 389 743 448 habendum
770 396 875 446 est.
899 387 1135 447 Saturno
1172 392 1314 447 enim
1342 391 1875 463 regnante,nondum
1905 394 2038 449 deo-

430 500 554 542 rum
604 481 843 539 cultibus
895 482 1197 551 institutis,
1245 499 1345 541 nec
1373 485 1550 549 adhuc
1605 486 1710 541 ulla
1762 496 1924 559 gente
1966 488 2035 543 ad

431 575 728 633 divinitatis
779 574 1087 646 opinionem
1129 587 1466 645 consecrata,
1495 578 1639 634 Deus
1670 579 1852 649 utique
1883 580 2032 635 cole-

428 670 606 727 batur.
638 668 709 725 Et
736 668 860 726 ideo
891 685 999 725 non
1027 680 1183 727 erant
1211 686 1388 743 neque
1419 671 1785 730 dissensiones
1811 714 1827 741 ,
1856 687 2033 743 neque

428 766 728 824 inimicitia
752 807 768 833 ,
796 780 974 837 neque
994 764 1157 821 bella.

582 879 809 936 Nondum
829 893 1042 933 vesanos
1054 880 1225 931 rabies
1246 882 1519 935 nudaverat
1545 894 1713 947 enses,

320 994 325 998 ’
425 998 487 1047 ut
536 987 892 1046 Germanicus
928 986 1113 1042 Caesar
1138 987 1191 1043 in
1220 987 1434 1044 Ληιωο
1474 988 1710 1059 loquitur
1747 991 2024 1051 carmine:

575 1095 684 1149 Nec
704 1098 1086 1161 consanguineis
1101 1095 1266 1149 fuerat
1289 1096 1530 1150 discordia
1548 1106 1678 1152 nota.

420 1206 593 1265 Immo
619 1222 687 1263 ne
710 1205 1025 1277 alienigenis
1050 1205 1272 1279 quidem
1301 1224 1314 1261 :
1343 1206 1440 1263 sed
1468 1222 1644 1279 neque
1676 1208 1768 1263 ulli
1802 1210 2025 1267 omnino

420 1298 621 1372 gladii,
651 1299 739 1371 qui
767 1299 1121 1367 nudarentur,
1156 1299 1391 1356 fuerunt.
1421 1298 1554 1369 Quis
1580 1300 1725 1356 enim
1757 1312 2025 1372 praesente

416 1408 482 1450 ac
502 1392 714 1465 vigente
734 1392 943 1465 justitia
966 1434 982 1461 ,
1009 1402 1101 1449 aut
1121 1391 1189 1450 de
1214 1395 1380 1451 tutela
1412 1396 1516 1463 sui,
1541 1410 1662 1451 eum
1700 1411 1861 1453 nemo
1886 1397 2021 1453 insi-

414 1484 655 1541 diaretur
680 1529 694 1555 ,
750 1494 844 1542 aut
893 1484 961 1542 de
1014 1485 1253 1557 pernicie
1295 1486 1520 1545 alterius
1562 1490 1856 1561 cogitaret,
1896 1506 2022 1549 eum

410 1594 573 1636 nemo
599 1577 892 1650 quidquam
916 1576 1332 1649 concupisceret
1359 1579 1383 1633 ?

565 1690 819 1745 Malebant
837 1691 977 1742 tenui
994 1692 1218 1742 contenti
1232 1692 1407 1743 vivere
1426 1692 1579 1757 cultu,

406 1810 469 1859 nt
507 1801 700 1858 Cicero
736 1800 795 1856 in
824 1812 925 1857 suo
952 1809 1169 1868 narrat,
1195 1801 1344 1873 quod
1385 1809 1471 1859 est
1508 1804 1783 1876 proprium
1814 1814 2016 1867 nostrae

404 1893 708 1967 religionis.

526 2007 603 2079 lie
626 2010 837 2079 signare
851 2008 1074 2079 quidem,
1093 2017 1179 2061 aut
1199 2012 1370 2079 partiri
1392 2009 1549 2065 limite
1571 2022 1798 2079 campum

531 2072 631 2124 Fas
650 2077 762 2124 erat
784 2087 797 2123 :
824 2072 1116 2123 inmedium
1138 2072 1447 2137 quaerebant.

400 2176 613 2250 Quippe
641 2190 762 2234 cum
786 2178 930 2234 Deus
956 2193 1299 2236 communem
1323 2180 1573 2238 omnibus
1598 2190 1800 2240 terram
1823 2185 2005 2243 dedis-

398 2278 519 2337 set,
549 2277 608 2325 at
630 2282 979 2326 communem
1009 2269 1271 2342 degerent
1291 2271 1456 2328 vitam
1477 2314 1493 2340 ,
1521 2289 1631 2330 non
1655 2281 1714 2333 ut
1740 2277 1924 2333 rabida
1950 2288 2008 2336 et

395 2362 585 2421 furens
611 2365 837 2420 avaritia
861 2364 967 2421 sibi
988 2366 1168 2422 omnia
1186 2366 1517 2436 vendicaret,
1536 2385 1637 2426 nec
1662 2372 1759 2427 ulli
1788 2372 2007 2431 deesset

398 2455 543 2527 quod
596 2455 851 2513 omnibus
898 2468 1235 2515 nasceretur.
1290 2460 1447 2529 Quod
1487 2472 1661 2533 poeta:
1696 2462 1902 2522 dictum
1925 2467 2006 2524 sic

394 2550 569 2621 accipi
593 2558 831 2623 oportet,
862 2566 971 2609 non
1000 2561 1061 2609 ut
1088 2554 1460 2611 existimemus
1486 2556 1861 2615 nihilomnino
1888 2572 2003 2618 tum

392 2643 563 2701 fuisse
588 2646 818 2717 privati,
847 2646 941 2702 sed
993 2660 1146 2703 more
1168 2650 1379 2719 poetico
1408 2648 1722 2721 figuratum;
1754 2661 1813 2707 ut
1833 2654 1998 2711 intel-

389 2740 624 2812 ligamus
646 2784 660 2811 ,
696 2752 804 2799 tam
833 2741 1086 2801 liberales
1106 2744 1277 2803 fuisse
1314 2746 1597 2817 homines,
1628 2758 1687 2806 ut
1712 2758 1866 2808 natas
1893 2755 1997 2812 sibi

400 2832 584 2905 fruges
610 2850 717 2890 non
747 2835 1109 2905 includereut,
1141 2852 1243 2894 nec
1285 2840 1388 2894 soli
1413 2841 1745 2900 absconditis
1776 2846 1998 2902 incuba-

388 2931 545 2992 rent,
570 2925 664 2982 sed
692 2941 959 3000 pauperes
985 2928 1055 2985 ad
1092 2932 1529 2990 communionem
1562 2938 1769 3009 preprii
1795 2938 1995 2997 laboris

384 3016 756 3077 admitterent.

1652 184 1856 243 LIBER
1892 184 1958 243 ν.
2003 184 2091 243 DE
2128 187 2455 247 JUSTITIA.

2049 1701 2098 1761 B

3636 200 3745 259 566

2260 303 2481 358 Flumina
2497 305 2598 369 jam
2615 308 2776 374 lactis,
2796 309 2899 373 jam
2918 312 3118 363 flumina
3135 315 3352 365 nectaris
3370 315 3524 366 ibant.

2137 408 2248 466 Nec
2274 411 2469 467 mirum
2498 455 2511 479 ,
2540 429 2660 469 cum
2686 419 3051 487 promptuaria
3085 418 3354 487 justorum
3385 420 3617 492 benigne
3646 437 3741 493 pa-

2138 514 2317 560 terent
2362 508 2643 573 omnibus;
2687 526 2789 565 nec
2817 512 3041 567 avaritia
3090 513 3434 583 intercipiens
3480 514 3741 572 beneiicia

2135 597 2348 667 divina,
2407 600 2603 656 famem
2655 604 2905 674 sitimque
2952 604 3109 675 vulgo
3154 604 3401 661 faceret:
3434 605 3531 663 sed
3553 622 3744 666 omnes

2134 692 2415 763 aequaliter
2440 692 2777 750 abundarent
2797 738 2810 761 ,
2832 709 2954 751 eum
2984 696 3246 753 habentes
3271 712 3381 753 non
3412 698 3738 757 habentibus

2133 782 2282 854 large
2307 785 2634 858 copioseque
2660 787 2958 851 donarent.
2992 789 3097 846 Sed
3146 800 3430 862 postquam
3474 791 3740 851 Saturnus

2132 890 2163 932 a
2189 874 2301 935 ﬁlio
2323 879 2512 950 pulsus
2538 922 2551 945 ,
2581 878 2636 935 in
2656 879 2975 953 Latiumque
3004 881 3213 938 delatus
3234 892 3337 950 est,

2254 1038 2401 1091 Arma
2417 1041 2552 1093 Jovis
2572 1040 2787 1106 fugiens,
2813 1047 2866 1094 et
2887 1046 3059 1108 regnis
3080 1045 3224 1097 exsul
3247 1046 3523 1113 ademptis;

2127 1204 2249 1246 cum
2299 1192 2411 1261 jam
2468 1194 2700 1265 pepulus
2736 1196 2821 1251 vel
2872 1198 3002 1251 novi
3058 1197 3205 1269 regis
3272 1209 3456 1270 metu,
3512 1203 3599 1258 vel
3641 1218 3735 1262 sua

2126 1291 2321 1352 sponte
2351 1284 2694 1355 dcpravatus,
2718 1286 2888 1343 Deum
2919 1287 3099 1344 colere
3126 1290 3396 1359 desiisset,
3441 1308 3736 1367 regemque

2125 1388 2224 1444 pro
2274 1375 2387 1430 Deo
2440 1376 2641 1432 habere
2689 1379 2985 1448 coepisset;
3039 1394 3162 1435 eum
3193 1381 3312 1452 ipse
3337 1386 3735 1454 propemodum

2122 1466 2392 1537 parricida
2436 1470 2686 1541 exemplo
2731 1472 2945 1528 caeteris
2994 1481 3141 1529 esset
3178 1473 3248 1529 ad
3275 1474 3584 1534 violandam
3612 1479 3731 1549 pie-

2122 1565 2288 1614 tatem
2321 1576 2335 1612 ε

2311 1693 2554 1746 Deseruit
2577 1709 2793 1761 prepare
2816 1705 2978 1749 terras
2984 1698 3252 1761 justissima
3272 1703 3441 1766 virgo;

2130 1799 2227 1856 sed
2256 1814 2361 1857 non
2385 1842 2402 1870 ,
2433 1809 2489 1857 ut
2519 1802 2595 1858 ait
2623 1800 2815 1860 Cicero
2843 1822 2857 1860 :

2304 1933 2370 1985 Et
2383 1933 2521 1986 Iovis
2540 1938 2592 1985 in
2614 1948 2792 2000 regno,
2816 1937 3030 2003 coelique
3051 1943 3103 1991 iu
3128 1946 3268 2004 parte
3294 1944 3506 1996 resedit.

2116 2060 2399 2129 Quomodo
2448 2063 2594 2120 enim
2652 2074 2863 2137 poterat
2912 2069 2965 2124 in
2995 2070 3112 2141 ejus
3144 2086 3315 2145 regno
3344 2076 3605 2147 residere,
3638 2091 3733 2138 aut

2114 2156 2441 2212 commorari
2467 2199 2481 2224 ,
2530 2158 2623 2228 qui
2673 2171 2883 2231 patrem
2911 2178 3080 2236 regno
3106 2168 3342 2238 expulit,
3373 2171 3519 2230 bello
3542 2188 3729 2246 perse~

2116 2257 2272 2306 cutus
2298 2258 2403 2319 est,
2452 2251 2698 2307 exsulem
2723 2258 2837 2311 toto
2864 2255 2997 2313 orbe
3023 2259 3290 2329 jactavit?

2269 2382 2557 2461 menmium
2579 2386 2715 2461 virus
2736 2390 3055 2461 serpentibus
3075 2392 3263 2445 addidit
3286 2397 3422 2461 atris,

2268 2443 2410 2494 Przed
2418 2447 2593 2510 arique
2620 2447 2760 2512 lupos
2776 2443 2923 2513 jussit
2947 2466 2960 2501 :

2113 2573 2169 2629 id
2225 2582 2345 2642 est,
2394 2576 2579 2633 odium
2610 2619 2625 2646 ,
2676 2588 2731 2635 et
2785 2579 3042 2636 invidiam
3070 2590 3167 2651 ,et
3195 2584 3384 2640 dolum
3410 2584 3722 2648 hominibus

2109 2666 2336 2737 insevit,
2387 2679 2444 2726 ut
2488 2680 2595 2727 tam
2636 2682 2851 2741 essent,
2892 2690 3053 2745 quam
3082 2686 3400 2748 serpentes,
3430 2685 3716 2754 venenati,

2117 2767 2225 2815 tam
2276 2777 2504 2832 rapaces
2543 2779 2705 2834 quam
2735 2765 2866 2837 lupi.
2912 2766 3065 2834 Quod
3096 2767 3316 2839 quidem
3355 2786 3485 2828 vere
3515 2772 3718 2832 faciunt

2107 2850 2155 2923 ii,
2175 2854 2267 2923 qui
2316 2855 2493 2925 justos
2515 2871 2579 2911 ac
2607 2856 2793 2913 fideles
2846 2859 2960 2915 Deo
3001 2873 3396 2934 persequuntur
3421 2909 3436 2934 ,
3480 2867 3720 2940 dantque

2104 2945 2375 3014 iudicibus
2431 2949 2689 3006 saeviendi
2737 2951 2996 3009 adversus
3060 2954 3308 3014 innoxios
3360 2969 3709 3030 potestatem.

2024 3027 2069 3093 C
2102 3037 2357 3097 Fortasse
2377 3040 2579 3113 aliquid
2604 3042 2872 3115 ejusmodi
2914 3044 3122 3117 Jupiter
3167 3027 3389 3120 fecerit,
3418 3053 3486 3109 ad
3538 3069 3708 3126 expu-

1710 3171 2071 3236 VARIORUM
2107 3176 2335 3237 NOTIE.

457 3298 574 3373 Nec
623 3300 793 3373 adhuc
840 3302 951 3356 ulla
986 3313 1134 3373 gente
1156 3346 1171 3370 ,
1202 3312 1309 3360 etc.
1342 3305 1398 3362 in
1424 3304 1493 3361 27
1531 3322 1661 3364 mss.
1688 3320 1743 3367 et
1764 3306 1801 3368 3
1826 3312 1988 3370 editis

380 3378 471 3449 est
509 3370 622 3449 illa.
665 3371 856 3428 Melius
896 3370 1005 3428 ulla
1058 3374 1404 3449 in___c:eteris;
1447 3378 1515 3433 ad
1552 3380 1681 3449 quid
1723 3384 1867 3438 enim
1892 3385 1988 3441 illa

377 3441 575 3519 referri
598 3452 804 3519 potest
828 3486 845 3509 ,
886 3459 1008 3499 cum
1039 3444 1239 3502 nullius
1265 3449 1440 3518 gentis
1468 3441 1628 3519 supra
1656 3450 1818 3509 fuerit
1845 3454 1986 3511 facta

375 3515 619 3569 mentio?
650 3515 996 3571 lleumannus
1020 3526 1198 3574 tamen
1230 3515 1395 3575 frietus
1413 3515 1639 3577 vetustis
1658 3525 1986 3583 editionibus

377 3584 656 3665 existimat
683 3586 967 3665 legendum
989 3602 1112 3645 esse
1137 3590 1252 3658 illa,
1282 3592 1437 3662 quasi
1464 3603 1653 3665 agatur
1670 3596 1740 3652 de
1762 3596 1987 3654 Saturni

373 3654 631 3730 familia:
664 3654 759 3713 sed
790 3660 965 3725 male,
999 3674 1058 3715 ut
1090 3654 1239 3730 puto.

448 3726 698 3783 Nondum
720 3744 932 3785 uesanos
959 3746 977 3785 :
1001 3726 1227 3789 Ovidius
1250 3750 1265 3788 :

529 3821 644 3891 ﬁeri
651 3822 832 3891 galeae,
858 3837 959 3875 non
977 3827 1111 3876 ensis
1129 3828 1256 3891 erat,
1285 3828 1396 3878 sine
1420 3827 1592 3881 militis
1615 3843 1710 3883 usu

532 3882 698 3936 Mollia
713 3882 903 3940 securae
926 3882 1253 3954 peragebant
1264 3892 1365 3941 otia
1389 3900 1590 3954 gentes.

443 3989 718 4073 “quitur.
750 3992 865 4073 Hoc
889 3995 1114 4073 verbum
1139 3995 1323 4073 addidi
1349 4011 1415 4052 ex
1448 4011 1587 4053 mss.‘
1607 4006 1662 4054 et
1690 3998 1813 4056 edd.
1838 4003 1984 4073 quod

369 4061 425 4117 in
453 4063 725 4136 nonnullis
751 4064 978 4136 vulgatis
1002 4082 1111 4121 ree.
1140 4067 1311 4124 deest.

446 4133 609 4210 Nam.
653 4135 709 4191 Id
766 4133 1164 4210 observandum
1188 4180 1203 4202 .
1245 4139 1388 4209 quod
1427 4141 1568 4210 apud
1597 4140 1977 4204 Germanicum

370 4205 568 4276 legitur
597 4217 737 4262 nata.
760 4207 867 4263 Sed
895 4207 1036 4263 idem
1065 4209 1177 4265 fere
1203 4205 1393 4266 sensus
1424 4205 1526 4267 est.

448 4274 517 4331 Ut
562 4277 738 4333 Cicero
791 4280 845 4332 in
883 4295 977 4333 suo
1006 4291 1205 4336 narrat.
1236 4280 1311 4337 ita
1338 4282 1509 4339 ferme
1533 4298 1725 4342 omnes
1755 4301 1886 4343 mss.
1920 4299 1974 4346 et

371 4347 576 4423 Zediti.
600 4348 674 4423 Et
698 4360 864 4405 recte.
893 4350 1010 4423 iam
1041 4353 1185 4408 enim
1215 4356 1488 4423 przreessit
1511 4397 1525 4421 ,
1553 4366 1607 4408 ut
1633 4357 1970 4416 Germanicus

369 4416 553 4498 Caesar
591 4421 668 4498 ita.
696 4423 898 4498 A‘ratwo
940 4416 1436 4498 loquiturc'armine.
1462 4416 1584 4480 Jun.
1606 4468 1620 4492 ,
1644 4427 1779 4483 Ultr.
1803 4474 1817 4498 ,
1857 4441 1912 4486 et
1936 4432 1968 4488 7

367 4491 555 4574 excusi
580 4533 594 4557 ,
623 4489 693 4574 Ut
713 4491 891 4547 Cicero
932 4493 986 4546 in
1012 4489 1105 4548 suo
1124 4497 1207 4574 _ai_t_
1237 4495 1435 4563 Arato;
1460 4497 1486 4550 1
1521 4489 1730 4574 Borion.
1756 4489 1924 4574 antiq.
1951 4546 1967 4572 ,

366 4568 425 4642 εει
483 4561 632 4617 Maro
673 4565 745 4642 ξιξ.
778 4579 904 4642 suo,
953 4575 1086 4642 etc.,
1117 4567 1141 4621 1
1174 4569 1306 4636 Reg.
1342 4561 1486 4631 rec.,
1519 4561 1970 4642 l_(‘.ulb.,Lips.,

365 4631 562 4709 prum,
594 4644 650 4687 ut
682 4633 927 4709 Virgilius
948 4637 1001 4689 in
1026 4654 1120 4692 suo
1145 4631 1344 4705 narr'at,
1369 4642 1523 4709 quod.
1545 4639 1675 4709 Quae
1701 4631 1971 4702 Bentleius

366 4702 421 4756 in
451 4702 841 4784 commentario
864 4720 961 4784 suo
990 4710 1061 4784 ad
1088 4711 1228 4784 hunc
1249 4702 1424 4765 locum
1458 4702 1615 4784 habet
1635 4755 1649 4778 ,
1682 4729 1869 4784 parum
1902 4718 1970 4773 ad

363 4788 493 4859 rem_
516 4785 754 4859 nonstram
780 4776 1000 4859 faciunt.
1037 4780 1105 4834 At
1123 4780 1433 4859 Lactantius
1450 4783 1614 4859 modo
1635 4776 1966 4859 Germanici,

365 4846 531 4901 modo
560 4848 836 4903 Ciceronis
864 4848 1201 4906 Aratteorutn
1235 4854 1584 4910 translatione
1614 4858 1800 4912 utitur.

439 4916 524 4971 Ne
546 4921 749 5000 signare
767 4961 782 4985 ,
811 4922 1042 5002 etc.‘lﬁlic
1072 4939 1256 4979 versus
1284 4925 1517 4981 Maronis
1544 4936 1625 4981 est
1647 4970 1661 4995 ,
1693 4944 1761 4984 ex
1788 4932 1966 5002 primo

361 4987 614 5069 Georgio.
655 5006 814 5069 _vers.
838 4991 975 5069 _126
1002 5035 1017 5060 ,
1048 5009 1169 5064 qua:
1192 5010 1448 5069 expresse
1490 4987 1663 5068 neque
1692 5001 1742 5054 in
1764 4987 1962 5069 A'rato,

358 5076 540 5139 nectus
567 5063 621 5117 in
655 5062 889 5139 Hesiodo
919 5062 1188 5136 leguntur.
1217 5062 1374 5139 Apud
1403 5062 1629 5125 Aratum
1668 5069 1809 5129 forte
1850 5062 1965 5132 haec

354 5134 613 5191 excolere
640 5135 849 5194 voluit:

581 5250 687 5302 λλλὰ
709 5260 792 5311 βόες
814 5257 969 5315 ἄροτρα,
992 5260 1054 5302 καὶ
1095 5262 1188 5315 ἀυτῆ
1204 5266 1334 5306 πότνια
1355 5266 1451 5307 λαῶν

614 5322 736 5377 κυρία
749 5327 873 5364 πάντα
892 5328 1043 5379 tactile
1061 5322 1145 5376 δίκη
1169 5323 1325 5382 “arma
1346 5326 1511 5370 δίκαια-ν.

356 5416 491 5545 Quae
511 5412 672 5473 etiam
704 5414 1055 5477 Germanicus
1104 5422 1324 5496 copiose
1368 5420 1789 5488 circumlocutus
1840 5444 1956 5506 est,

410 5487 642 5545 imiiium
662 5489 892 5545 fortasse
920 5503 1136 5545 secutus
1163 5513 1176 5545 :

410 5487 642 5561 irgiiium
662 5489 892 5549 fortasse
920 5503 1136 5550 secutus
1163 5487 1176 5549 ἐ

482 5601 691 5673 Divitias
712 5604 997 5673 fructusque
1020 5608 1166 5662 dabat
1182 5609 1369 5673 placata
1387 5614 1561 5665 colono

485 5666 971 5744 .S‘pouteLsuateilus,
991 5685 1085 5744 nec
1109 5666 1250 5744 turri.
1274 5678 1518 5744 terminus
1539 5682 1648 5744 agri

487 5722 757 5786 P'raestabat
772 5722 980 5789 dominis
1001 5722 1560 5799 siguoﬁttttlsslma'rtirai

2170 3318 2523 3395 In_mediu4m.
2557 3321 2615 3378 ld
2652 3334 2764 3390 est,
2813 3325 2865 3381 in
2890 3340 3198 3385 commune.
3226 3330 3311 3388 Ex
3348 3333 3571 3393 Marone
3600 3338 3705 3395 ite-

2098 3406 2218 3477 rum
2248 3391 2388 3477 libro
2412 3393 2482 3449 de
2505 3394 2612 3459 Ira,
2645 3410 2694 3451 c.
2724 3397 2753 3449 7
2782 3414 2794 3451 :
2816 3396 3152 3477 Iuntttedium
3176 3403 3389 3477 q‘uwsilu
3431 3391 3701 3477 reponunt.

2097 3461 2305 3519 Seneca
2342 3462 2659 3535 Agamemn.
2722 3483 2775 3521 v.
2811 3467 2959 3525 666:
2989 3470 3058 3524 1η
3083 3461 3304 3527 medium
3342 3461 3529 3600 defgr'e
3560 3461 3699 3534 suos.

3474 3564 3558 3600 un.

3474 3564 3558 3602 [ΙΝ.

2168 3603 2279 3686 Nec
2299 3607 2405 3686 ulli
2425 3608 2632 3664 deesset.
2790 3612 2814 3666 1
2846 3611 3052 3667 Βοηοη.
3083 3615 3276 3686 antiq.,
3297 3633 3388 3673 nec
3409 3619 3502 3674 ulli
3522 3622 3700 3677 datum

2097 3684 2207 3740 est;
2234 3677 2505 3741 Latinius,
2538 3698 2630 3736 nec
2655 3683 2750 3737 ulli
2777 3686 2956 3738 datum
2982 3696 3126 3741 esset.

2175 3748 2413 3823 anino.
2449 3751 2680 3823 Thysius
2702 3756 2858 3822 onmi,
2892 3756 2983 3810 sed
3014 3757 3174 3814 male.

2165 3818 2438 3900 Flumina.
2460 3818 2694 3900 _Versus
2743 3818 3033 3900 est;_0vid.
3076 3828 3431 3900 Metamorplt.
3469 3852 3487 3889 1
3518 3836 3695 3893 initio.

2086 3888 2255 4014 lCujus
2282 3892 2507 3965 vestigia
2538 3909 2639 3951 nee
2668 3898 2808 3967 apud
2837 3897 3153 3970 Hesiodum,
3178 3916 3279 3959 nee
3297 3888 3441 3975 apud
3469 3888 3693 3965 arma;

2109 3973 2362 4014 emmlllr.

2109 3973 2362 4031 eguntur.

2161 4035 2339 4112 Arma.
2386 4035 2597 4112 _Versus
2623 4051 2706 4112 est
2726 4039 2878 4109 Virg.
2912 4058 3003 4097 vnt
3032 4042 3275 4112 zEneid.,
3303 4046 3431 4103 520.
3475 4051 3610 4109 Vide
3639 4066 3693 4111 et

2082 4103 2143 4159 s.
2166 4104 2533 4186 angustiam
2555 4110 2624 4166 de
2654 4103 3054 4186 Civitheilib.
3087 4132 3179 4176 vn,
3198 4103 3317 4186 ca'p.
3342 4120 3431 4175 eo.

2154 4175 2388 4264 r‘Deseruil
2436 4197 2651 4264 propere
2691 4194 2870 4264 terras.
2913 4184 3039 4264 Mss.
3069 4186 3105 4264 ἓ
3135 4175 3340 4264 Bonon.
3364 4232 3379 4257 ,
3410 4193 3444 4246 5
3470 4193 3602 4264 Reg.
3634 4208 3689 4254 et

2079 4247 2106 4301 1
2139 4246 2305 4321 Brun.
2333 4246 2574 4321 proprie;
2616 4268 2684 4308 cx
2720 4255 3042 4311 Germanico
3066 4258 3281 4313 Caesare
3311 4246 3687 4321 in'Aratiucar;

2076 4320 2347 4397 minibus,
2400 4320 2486 4376 ubi
2529 4334 2686 4392 poeta
2715 4327 2980 4395 expressit
3005 4328 3147 4397 quod
3187 4329 3254 4385 de
3277 4329 3453 4388 ferreo
3483 4320 3684 4395 swculo

1994 4411 2048 4475 Ι)
2074 4392 2340 4475 expressit
2368 4397 2785 4475 graieeAratus.

2147 4460 2475 4541 Cicero..Qll_l
2506 4463 2593 4519 hic
2621 4464 2912 4541 Hesiodum
2944 4468 3120 4539 potius
3150 4485 3309 4541 quam
3339 4472 3561 4533 Aratum
3588 4493 3680 4536 se-

2076 4541 2375 4616 ctttt‘tsnest.
2429 4536 2695 4616 Caeterum
2717 4537 2783 4592 de
2811 4536 2976 4616 aureo
3003 4536 3202 4616 sarculo
3243 4543 3359 4616 lege
3396 4547 3679 4609 Platonem

2076 4602 2129 4656 in
2156 4604 2423 4683 gentico,
2455 4606 2543 4662 ubi
2573 4608 2692 4661 aliis
2718 4624 2839 4683 cum
2867 4614 3217 4683 scriptoribus
3255 4602 3524 4675 convenit.

2144 4672 2372 4731 Resedit.
2407 4676 2480 4731 Ita
2502 4686 2713 4759 mss._ct
2738 4679 2888 4759 editi.
2919 4683 2943 4737 1
2968 4672 3120 4740 Coll).
3139 4701 3255 4759 rec.
3290 4672 3676 4759 tfesirletimen-

2074 4742 2233 4814 dose,
2264 4763 2361 4818 pro
2391 4749 2610 4819 resedit,
2647 4750 2839 4808 litteris
2886 4755 3245 4826 transpositis.
3276 4742 3495 4819 Grotius

2072 4829 2273 4887 recepta
2295 4832 2386 4876 est.

2142 4887 2261 4978 ille.
2282 4891 2493 4978 fersus
2520 4893 2662 4978 Yirg.
2693 4910 2711 4950 ι
2736 4896 2956 4968 Georg,
2985 4899 3218 4978 l59,_ubi
3238 4902 3445 4973 Jovem,
3484 4923 3672 4978 quam-

2072 4960 2156 5015 vis
2208 4963 2491 5046 optimum,
2520 4960 2649 5020 facit
2696 4960 2973 5025 auctorem
3020 4960 3177 5040 mali;
3206 4988 3312 5046 quo
3340 4978 3399 5031 iit
3426 4960 3667 5037 iu‘oéiis

2070 5045 2176 5086 non
2205 5045 2293 5088 ειι.

2139 5101 2355 5187 Insevil.
2396 5106 2535 5187 Mss.
2560 5108 2595 5162 2
2627 5110 2774 5187 _Reg.
2832 5128 2942 5169 rec.
2992 5123 3047 5170 et
3094 5116 3121 5171 1
3154 5114 3390 5173 Colbert.
3416 5121 3579 5187 sevit;
3612 5124 3666 5179 itt

2070 5172 2278 5257 ishree.
2310 5186 2364 5257 et
2394 5180 2691 5257 Suexcusis,
2719 5172 2948 5257 inseruit.
3008 5186 3163 5257 Apud
3214 5172 3669 5250 Bunemanvins-e;

2065 5249 2291 5322 ruitr—
2319 5248 2388 5306 Ut
2421 5248 2684 5308 Boethius
2722 5255 2758 5310 1.
2787 5272 2803 5310 ι
2832 5248 3076 5322 Consul;
3108 5273 3161 5322 p.
3192 5257 3265 5311 44
3299 5276 3311 5312 :
3346 5248 3667 5322 Sapientiam

2065 5321 2311 5394 utentibus
2362 5322 2589 5377 inseruit
2645 5325 2820 5390 Deus;
2855 5328 2967 5379 etl.
2997 5321 3075 5392 tu,
3103 5321 3257 5383 Pros.
3299 5344 3376 5385 tt:
3410 5321 3666 5394 Mentibus

2067 5389 2329 5472 hominum
2349 5394 2453 5448 veri
2479 5394 2600 5472 boni
2641 5397 2942 5472 naturaliter
2967 5389 3168 5454 inserta
3194 5402 3471 5472 cupiditas.
3501 5389 3659 5464 Conf.

2064 5472 2176 5518 not.
2208 5464 2245 5519 l.
2270 5479 2357 5531 vt,
2385 5480 2505 5531 cap.
2541 5467 2626 5522 l5.
2656 5466 2786 5522 Ben.

2150 5482 2176 5518 ;.
2209 5482 2245 5519 1.
2270 5482 2357 5531 γι,
2385 5482 2443 5520 ea
2466 5482 2505 5521 ι.
2541 5482 2786 5522 13.1mm.

2150 5534 2410 5613 Venenati.
2432 5482 2553 5613 illoc
2573 5546 2656 5591 est
2679 5537 2988 5613 perniciosi,
3023 5541 3287 5613 pestiferi,
3320 5557 3375 5602 et
3400 5548 3456 5606 in
3482 5549 3663 5608 homi-

2063 5621 2192 5689 num
2244 5609 2534 5691 perniciem
2581 5612 2722 5691 nati,
2752 5620 2811 5665 ut
2852 5609 3119 5691 _Nerou;is,
3151 5609 3434 5691 Caligulae,
3478 5622 3666 5680 Domi-

2066 5676 2194 5733 tiani
2214 5676 2309 5745 ,et
2334 5680 2385 5736 id
2410 5694 2578 5747 genus
2604 5680 2984 5745 animantium.
3014 5676 3336 5744 Sanuasui's.

2134 5747 2355 5812 Fccet't'ls
2387 5751 2487 5812 Ml.
2518 5753 2542 5809 1
2572 5751 2781 5814 Borion.
2806 5761 3031 5828 fecerat;
3060 5759 3308 5816 nonnulli
3350 5760 3494 5821 editi
3541 5759 3681 5827 fecti.
