4142 6200
462 257 567 314 illi?

1499 257 1686 315 FIRM.
1730 254 2098 312 LACTANTII
2138 254 2346 313 DIVIN.
2392 257 2634 319 INSTIT.

3664 262 3769 324 568

456 378 687 432 namlam
732 374 1130 448 tollendumque
1149 376 1411 447 justitiam
1439 393 1454 443 ;
1482 384 1539 432 et
1576 375 1785 432 idcirco
1810 373 2075 431 etl‘erasse
2100 375 2156 438 A
2180 376 2539 436 multitudinis
2592 385 2897 436 tuerentur.
2948 378 3178 436 Tantum
3226 378 3389 453 igitur
3425 383 3769 452 auctoritate,

454 482 736 544 serpentes
757 514 771 536 ,
800 486 863 526 ac
887 470 1042 542 lupos
1069 470 1279 526 acuisse
1312 470 1573 526 tradatur.

546 606 670 656 Tum
693 604 812 656 belli
832 605 1019 669 rabies,
1041 613 1093 655 et
1114 618 1249 655 amor
1272 606 1513 656 successit
1537 603 1775 687 habendi:
1816 580 1821 587 ’
1882 580 1887 589 ’

450 710 638 781 Neque
682 711 976 768 immerito.
1025 709 1245 767 Sublata
1292 710 1435 765 enim
1471 709 1563 763 Dei
1592 707 1856 778 religione
1880 748 1893 772 ,
1933 704 2063 775 boni

452 818 667 874 quoque
689 818 752 858 ac
775 803 900 857 mali
930 802 1209 858 scientiam
1234 800 1605 872 perdiderunt.
1632 799 1725 855 Sic
1751 797 2062 875 hominibus

452 894 727 951 intercidit
759 896 1117 951 communitas
1146 896 1270 950 vitae
1294 937 1308 961 ,
1341 904 1396 950 et
1424 894 1749 964 diremptum
1780 900 1862 946 est
1889 889 2064 969 foedus

451 989 728 1044 societatis
774 988 1046 1044 humanae.
1098 988 1233 1043 Tum
1279 988 1419 1043 inter
1454 1001 1514 1043 se
1561 1000 1752 1041 manus
1775 997 2063 1041 conserere

451 1088 763 1150 coeperunt,
815 1087 869 1134 et
916 1079 1196 1144 insidiari,
1222 1088 1278 1133 et
1323 1078 1550 1150 gloriam
1592 1076 1693 1132 sibi
1723 1091 1788 1133 ex
1828 1076 2063 1131 humano

453 1174 715 1245 sanguine
741 1186 1081 1246 comparare.

1074 1286 1304 1345 CAPUT
1344 1248 1433 1344 vr.
1486 1362 1495 1383 ι

453 1404 1390 1476 Explosajustitia,cupiditas,iniqute
1400 1404 1556 1475 leges,
1570 1400 1810 1469 audacia,
1824 1400 2060 1467 avaritia,

528 1499 758 1563 ambitio,
776 1497 1009 1569 superbia
1027 1538 1042 1563 ,
1066 1496 1322 1567 impietas,
1351 1496 1552 1567 aliaque
1583 1502 1858 1565 regnarunt
1877 1493 2016 1547 vitia.

525 1613 768 1679 Quorum
823 1611 1060 1667 omnium
1111 1610 1374 1666 malorum
1418 1609 1537 1665 fons
1586 1608 1851 1683 cupiditas
1898 1615 2059 1662 crat:

455 1721 576 1775 quae
622 1705 831 1760 scilicet
880 1718 945 1758 ex
998 1712 1309 1773 contemptu
1339 1717 1483 1757 verm
1540 1700 1835 1772 majestatis
1859 1698 2056 1769 erupit.

455 1796 574 1851 Non
604 1803 808 1849 tantum
837 1793 1018 1860 enim,
1054 1808 1161 1848 non
1203 1793 1590 1863 participahant
1620 1792 1757 1846 alios
1794 1791 1828 1845 ii
1870 1790 2063 1860 quibus

455 1885 657 1957 aliquid
712 1884 1004 1940 affluebat:
1061 1885 1155 1941 sed
1195 1884 1369 1939 aliena
1401 1899 1614 1954 quoque
1642 1881 1957 1957 rapiebant,
2008 1881 2061 1936 in

455 1979 727 2049 privatum
778 1979 984 2033 lucrum
1035 1980 1311 2033 trahentes
1383 1976 1598 2042 omnia,
1647 1956 1700 2031 Et
1744 1990 1864 2046 qua:
1902 1982 2062 2030 antea

456 2072 514 2126 in
546 2084 676 2125 usus
719 2069 996 2125 hominum
1023 2071 1182 2125 etiam
1222 2070 1421 2142 singuli
1465 2056 1812 2133 laborabant,
1841 2067 1895 2123 in
1927 2081 2060 2138 pau-

455 2180 645 2221 corum
692 2165 881 2220 domos
910 2164 1347 2220 conferebantur.
1378 2163 1450 2219 Ut
1478 2161 1621 2217 enim
1650 2161 1870 2217 servitio
1897 2170 2061 2216 c:cte-

456 2273 548 2316 ros
579 2258 958 2329 snbjngarent,
990 2257 1044 2310 in
1066 2256 1255 2326 primis
1282 2254 1582 2310 necessaria
1604 2252 1724 2307 vitae
1760 2251 2064 2308 subducere

455 2360 511 2405 et
541 2350 795 2419 colligere
815 2357 1117 2418 coeperunt,
1136 2360 1306 2417 eaque
1320 2345 1545 2400 lirmiter
1556 2343 1806 2399 conclusa
1823 2357 2063 2411 servare,

455 2453 518 2498 ut
531 2441 791 2498 beneﬁcia
808 2441 1046 2496 cmlcstia
1067 2438 1305 2495 facerent
1327 2453 1444 2503 sua;
1462 2452 1567 2492 non
1582 2445 1804 2508 propter
1822 2434 2067 2491 humani-

454 2545 783 2605 tatem,qu:n
812 2533 951 2588 nulla
983 2533 1033 2587 in
1067 2532 1348 2603 ipsiserat,
1367 2529 1460 2585 sed
1483 2538 1541 2584 ut
1560 2529 1735 2584 omnia
1759 2526 2065 2598 cupiditatis

455 2639 512 2685 et
558 2627 798 2683 avaritiae
851 2626 1206 2682 instrumenta
1258 2620 1628 2679 corraderent.
1676 2620 1848 2689 Leges
1901 2619 2061 2674 etiam

457 2723 559 2780 sibi
574 2719 1022 2790 nomincjustitiae
1047 2717 1409 2789 iniquissimas
1426 2713 1912 2785 injustissimasque
1938 2724 2063 2765 san-

2163 482 2420 546 quantum
2456 470 2691 539 viribus,
2735 482 2828 528 aut
2858 473 3088 544 opibus,
3128 482 3221 529 aut
3252 474 3454 531 malitia
3504 476 3769 547 praevale-

2163 569 2315 624 bant.
2364 566 2434 621 Et
2455 565 2707 637 quoniam
2761 565 2968 621 nullum
3014 567 3070 622 in
3115 567 3201 623 his
3224 568 3505 640 vestigium
3546 569 3771 641 iustitia:

2164 658 2299 725 fuit,
2336 658 2490 729 cujus
2515 656 2693 713 officia
2719 667 2846 713 sunt
2871 657 3213 727 humanitas,
3250 661 3509 733 aequitas,
3561 663 3771 719 miseri-

2163 750 2378 817 cordia,
2423 750 2534 821 jam
2576 750 2808 820 superba
2847 760 2903 807 et
2923 751 3124 807 tumida
3171 753 3534 823 inaequalitate
3571 754 3773 827 gande-

2165 839 2328 905 bant;
2387 839 2715 911 altioresque
2743 855 2804 896 se
2856 843 3069 898 caeteris
3099 842 3442 912 hominibus,
3479 846 3775 903 satellitum

2164 931 2461 998 comitatu,
2496 940 2553 987 et
2579 930 2763 998 ferro,
2807 940 2864 988 et
2888 932 3087 1005 insigni
3126 943 3278 990 veste
3318 934 3609 994 faciebant.
3636 936 3777 994 Hinc

2165 1023 2399 1081 honores
2425 1024 2528 1079 sibi
2554 1066 2570 1091 ,
2601 1033 2657 1080 et
2701 1040 2998 1097 purpuras,
3027 1035 3085 1083 et
3120 1026 3296 1085 fasces
3323 1030 3685 1099 invenerunt,
3714 1041 3777 1089 ut

2164 1119 2435 1176 securium
2482 1118 2892 1191 gladiorumque
2940 1129 3151 1178 terrore
3178 1123 3432 1191 subnixi,
3476 1127 3630 1196 quasi
3650 1125 3776 1198 jure

2164 1211 2509 1268 dominorum
2546 1212 2812 1283 perculsis
2840 1227 2905 1269 ac
2950 1214 3269 1285 paventibus
3309 1216 3658 1287 imperarent.
3714 1218 3774 1276 lu

2166 1306 2267 1363 hac
2292 1305 2604 1363 conditione
2642 1305 2937 1363 humanam
2984 1309 3148 1364 vitam
3175 1324 3274 1365 rex
3318 1310 3408 1366 ille
3453 1312 3771 1381 constituit,

2166 1399 2279 1469 qui,
2307 1397 2578 1455 debellato
2622 1413 2686 1454 ac
2740 1398 2927 1471 fugato
2955 1408 3184 1471 parente
3204 1443 3219 1466 ,
3250 1416 3357 1457 non
3385 1417 3610 1474 regnum
3633 1446 3650 1472 ,
3676 1403 3774 1460 sed

2166 1491 2386 1561 impiam
2424 1491 2762 1563 tyrannidem
2805 1491 2861 1547 vi
2910 1501 2964 1548 et
3003 1491 3312 1551 hominibus
3341 1497 3565 1551 armatis
3617 1511 3778 1555 occu-

2165 1584 2344 1653 pavit;
2391 1592 2447 1639 et
2471 1598 2694 1639 aureum
2725 1583 2853 1640 illud
2880 1584 3196 1658 jnstumque
3232 1588 3489 1644 saeculum
3520 1590 3774 1657 sustulit,

2166 1676 2446 1747 coegitque
2487 1675 2737 1733 homines
2764 1676 2937 1733 malos
2975 1687 3029 1734 et
3057 1678 3252 1748 impios
3287 1680 3437 1749 fieri,
3470 1682 3555 1737 vel
3581 1697 3650 1739 ex
3677 1681 3777 1739 hoc

2092 1764 2141 1824 B
2167 1769 2320 1838 ipso,
2369 1767 2511 1839 quod
2551 1769 2695 1839 ipsos
2733 1769 2933 1826 avertit
2960 1784 2990 1825 a
3034 1769 3150 1827 Deo
3177 1770 3243 1826 ad
3291 1784 3350 1828 se
3396 1771 3772 1828 adorandum:

2165 1860 2309 1933 quod
2358 1870 2535 1916 terror
2590 1860 3025 1917 insolentissimus
3076 1863 3361 1933 potestatis
3407 1874 3773 1936 expresserat.

2237 1953 2371 2020 Quis
2395 1951 2539 2008 enim
2570 1966 2678 2008 non
2726 1962 2997 2009 metueret
3039 1969 3163 2009 eum
3183 1997 3198 2021 ,
3227 1970 3389 2025 quem
3415 1970 3565 2011 arma
3593 1956 3777 2028 cinge-

2165 2045 2326 2112 bant,
2360 2059 2521 2116 quem
2550 2043 2680 2101 ferri
2721 2053 2778 2101 et
2824 2044 3124 2116 gladiorum
3172 2046 3346 2117 fulgor
3383 2046 3627 2104 insuetus
3665 2048 3776 2105 cir-

2165 2137 2488 2193 cumdabat?
2508 2147 2600 2193 aut
2625 2136 2713 2194 cui
2741 2146 2983 2208 parceret
3005 2137 3187 2193 alieno
3206 2180 3220 2205 ,
3252 2138 3345 2210 qui
3375 2153 3443 2195 ne
3473 2139 3612 2210 patri
3659 2140 3781 2211 qui-

2169 2229 2293 2286 dem
2324 2244 2425 2286 suo
2465 2230 2823 2301 pepercerat?
2861 2230 3033 2299 Quem
3062 2244 3190 2286 vero
3212 2240 3514 2299 metueret,
3559 2234 3655 2304 qui
3680 2232 3776 2288 Ti-

2173 2330 2354 2378 tanum
2386 2323 2667 2380 robustum
2700 2331 2755 2378 et
2794 2321 3150 2379 excellentem
3174 2323 3374 2381 viribus
3390 2332 3608 2396 gentem
3635 2325 3776 2382 bello

2170 2414 2375 2470 vicerat
2395 2456 2412 2481 ,
2437 2413 2719 2470 occidione
2746 2413 3054 2470 deleverat?
3079 2412 3221 2482 Quid
3248 2415 3443 2471 mirum
3462 2457 3477 2481 ,
3525 2416 3571 2472 si
3597 2414 3777 2471 omnis

2171 2508 2489 2576 multitudo,
2523 2507 2743 2563 insolito
2771 2516 2920 2563 metu
2948 2521 3132 2579 pressa
3152 2549 3167 2575 ,
3219 2507 3277 2563 in
3324 2509 3482 2564 unius
3508 2507 3776 2565 adulatio-

2171 2618 2293 2659 nem
2335 2604 2711 2659 eoncesserat?
2747 2600 2904 2657 Hune
2948 2600 3301 2669 verebantur,
3344 2600 3471 2659 huic
3511 2601 3773 2658 honorem

2171 2696 2468 2752 maximum
2516 2693 2858 2751 deferebant.
2901 2693 2972 2750 Et
3022 2695 3279 2765 quoniam
3332 2708 3516 2751 mores
3561 2694 3775 2751 aevitia

456 2824 657 2873 xerunt
685 2788 878 2886 quibus
901 2813 1119 2884 rapinas
1146 2788 1204 2866 et
1228 2808 1508 2864 avaritiam
1560 2820 1711 2862 suam
1744 2812 1932 2859 contra
1955 2802 2063 2857 vim
2092 2806 2139 2871 α
2169 2793 2310 2864 regis
2336 2790 2572 2859 imitari,
2619 2803 2793 2863 genus
2842 2789 3093 2861 obsequii
3125 2788 3422 2861 iudicatur,
3458 2789 3776 2862 abiecerunt

1816 2911 2179 2974 VARIORUM
2215 2907 2448 2968 NOTAE.

528 3049 599 3105 Et
618 3049 809 3103 idcirco
834 3046 1092 3115 elferasse.
1118 3044 1247 3099 Mss.
1278 3044 1338 3098 11
1369 3055 1483 3098 rec.
1502 3040 1639 3115 ideo.
1663 3038 1722 3095 In
1746 3040 1771 3095 1
1791 3037 1924 3106 Reg.
1947 3045 2062 3092 rec-

457 3131 544 3178 est
571 3130 617 3176 et
642 3120 756 3175 ideo
779 3128 826 3173 et
854 3112 1011 3190 feras,
1033 3126 1079 3170 et
1105 3118 1383 3187 serpentes,
1416 3130 1476 3167 ac
1508 3112 1677 3182 lupos.

529 3213 810 3269 Tradatur.
837 3208 1055 3265 Rectius
1076 3223 1207 3286 mss.
1241 3207 1275 3262 5
1296 3220 1407 3261 ree.
1434 3214 1488 3260 et
1501 3203 1630 3286 editi
1646 3202 1798 3259 multi
1815 3201 2058 3269 traditur,

459 3287 515 3341 in
543 3299 771 3354 quorum
795 3296 899 3336 uno
924 3289 1005 3335 est
1023 3280 1225 3334 strvis'se
1249 3320 1263 3344 ,
1294 3292 1391 3347 pro
1417 3280 1633 3330 acuisse.

531 3379 854 3447 Diremptum
895 3385 968 3447 est
994 3371 1194 3447 fmdus.
1239 3367 1732 3447 DiremptumJicet
1759 3365 1989 3447 Taurini
2007 3375 2062 3422 et

459 3438 790 3521 quidam‘alii
824 3447 876 3500 in
910 3438 1144 3521 Epitom.
1176 3440 1395 3521 cap._59
1419 3438 1433 3500 ὲ
1460 3438 1740 3511 Diruptum
1769 3441 2053 3521 μιν.-ῖωῖ

458 3510 621 3576 dus...
664 3518 861 3589 direpta
907 3510 1118 3571 societas
1138 3555 1153 3579 ,
1177 3510 1515 3589 prmferant;
1531 3525 1676 3579 smpe
1695 3510 1872 3589 enim,
1893 3518 1963 3589 _nt
1989 3510 2056 3564 ad

456 3593 731 3663 epitomen
776 3580 903 3643 dico
926 3629 939 3653 ,
982 3580 1266 3663 h_:e__voces
1286 3582 1704 3663 confunduntur.
1736 3580 1907 3663 Latini
1929 3595 2058 3635 vero

457 3651 570 3719 n'on
620 3662 842 3733 diripere
867 3700 881 3724 ,
928 3651 1024 3733 sed
1053 3655 1291 3733 dirimere
1310 3655 1497 3724 (tedas,
1519 3655 1820 3733 socigtatem
1849 3651 2054 3733 dicunt.

458 3734 540 3789 ita
586 3722 771 3788 noster
813 3722 881 3785 ex
926 3728 1187 3783 Cicerone
1224 3726 1263 3782 Ι.
1312 3722 1399 3790 vt,
1430 3739 1479 3780 e.
1513 3724 1547 3780 6
1578 3741 1592 3777 :
1624 3723 1885 3779 Dirimant
1914 3722 1966 3775 lti

459 3807 770 3860 societatem.
794 3802 926 3855 BUN.

468 3987 483 4000 .
533 3914 727 3969 Manus
752 3928 1029 3969 conserere.
1058 3911 1158 3968 Ms.
1189 3910 1353 3967 Brun.
1383 3909 1610 3981 inferre;
1655 3908 1782 3967 editi
1825 3908 2061 3980 quinque

460 4002 704 4042 inserere.

537 4078 778 4132 Omnium
805 4075 1054 4130 malorum
1080 4078 1195 4146 fons
1218 4071 1491 4146 cupiditas.
1520 4070 1801 4146 Cupiditas
1826 4079 1910 4125 est
1933 4085 2060 4146 ara-

457 4149 583 4206 ritia
603 4189 616 4211 ,
645 4149 713 4202 de
742 4162 846 4218 qua
875 4148 1052 4218 capite
1080 4141 1297 4218 'quintq
1315 4144 1524 4218 integro
1548 4144 1675 4214 egit.
1726 4141 1819 4218 liis
1844 4143 2055 4218 gemina

458 4221 553 4277 illa
599 4212 837 4276 Sallustii
883 4212 1045 4272 Cdtil.
1080 4212 1136 4282 κ’,
1170 4230 1222 4270 e.
1267 4216 1334 4269 5:
1361 4213 1541 4268 Primo
1569 4212 1844 4283 pecunias,
1874 4212 2059 4270 deinde

457 4292 664 4361 imperii
683 4290 869 4358 cupido
898 4289 1086 4345 crevit.
1136 4285 1215 4341 Ea
1254 4287 1490 4341 ntateries
1537 4285 1763 4340 omnium
1802 4284 2056 4338 malorum

459 4366 621 4434 fuere.
648 4361 778 4417 BUN.

534 4474 658 4528 Non
680 4472 1051 4543 participabant
1079 4472 1231 4526 alios.
1265 4469 1355 4526 Sic
1378 4469 1587 4543 restitui
1609 4470 1887 4543 e_x_r_nss31
1916 4469 2049 4543 Reg.

458 4560 689 4615 quorum
710 4544 817 4599 duo
834 4540 960 4597 sunt
982 4543 1278 4615 veterrimi,
1293 4550 1351 4596 et
1366 4556 1440 4615 es
1462 4541 1592 4596 edit.
1610 4540 2052 4615 Qellarii.Seri_p_ti

458 4611 794 4673 recentiores
841 4624 895 4669 et
938 4613 1067 4668 editi
1096 4613 1295 4668 habent
1322 4612 1461 4679 aliis,
1507 4611 1657 4683 quod,
1689 4626 1809 4666 eum
1843 4612 2059 4680 partici-

455 4686 627 4771 pandi
663 4685 828 4742 verbo
854 4698 960 4739 non
997 4682 1721 4771 convenithomninqenim
1749 4683 2060 4753 participare

455 4754 698 4831 jungitur
726 4757 1201 4831 cumaccn‘satiro.
1244 4755 1475 4831 Plautus
1513 4754 1681 4818 dixit,
1709 4768 1908 4831 servum
1923 4769 2059 4831 _par-

458 4823 674 4898 iicipare
702 4827 906 4881 consilii
932 4827 1050 4893 sui,
1094 4826 1303 4882 Cistell.
1341 4824 1461 4898 Act.
1490 4840 1531 4892 ι,
1572 4839 1662 4898 tu,
1706 4837 1850 4898 vers.
1886 4823 2058 4898 inet

457 4894 671 4965 Cicero,
703 4899 1014 4968 participare
1041 4898 1202 4953 alium
1227 4899 1363 4968 alio.
1394 4896 1523 4952 lib.t
1553 4895 1620 4949 de
1640 4895 1942 4968 Legibnsn.
1961 4894 2052 4968 '55.

457 4970 666 5025 —-Non
688 4965 1061 5042 participabant
1089 4969 1208 5024 aliis
1228 4970 1286 5023 ii.
1321 4965 1826 5042 Participarealicui
1878 4967 2059 5037 saepis-

455 5044 593 5098 sime
641 5037 698 5096 iti
747 5037 1117 5107 antiquissima
1143 5048 1199 5095 et
1224 5039 1423 5094 saeculo
1460 5037 1698 5093 secundo
1723 5045 1974 5107 exeunte,
1997 5047 2057 5092 ut

458 5113 687 5171 Grabius
712 5122 766 5167 et
795 5105 1069 5169 Fabricius
1096 5125 1380 5174 censuere,
1410 5108 1654 5164 confecta
1675 5106 1926 5163 versione
1947 5105 2057 5162 Ire-

455 5189 560 5242 naci
579 5188 614 5241 l.
637 5202 673 5240 ι.
695 5184 925 5250 Haeres,
939 5197 1059 5251 cap.
1085 5183 1137 5247 1,
1154 5180 1246 5236 fol.
1264 5180 1350 5236 10.
1372 5178 1487 5234 Nus
1503 5179 1819 5251 excogitabat
1836 5176 2057 5251 reliquis

453 5258 697 5314 monibus
746 5248 1068 5325 participare
1094 5252 1495 5325 magnitudinem
1545 5248 1728 5325 patris:
1753 5249 1830 5325 L._
1846 5264 1882 5303 1.
1913 5248 2053 5325 c._9,

445 5327 547 5385 fol.
572 5329 677 5385 59:
711 5319 813 5392 Qui
839 5319 1241 5395 pariicipavit'ei
1268 5338 1413 5377 suam
1438 5323 1678 5393 gratiam.
1706 5322 1768 5377 L.
1800 5321 1856 5387 2,
1885 5335 1938 5395 c.
1960 5319 2051 5387 61,

449 5399 547 5455 fol.
581 5400 678 5452 191
718 5414 731 5450 :
784 5393 971 5451 Anima
1000 5396 1324 5466 participans
1376 5408 1476 5450 suo
1515 5395 1761 5466 corpori.
1792 5431 1808 5448 .
1831 5393 2053 5466 -_._Avit_am

451 5469 785 5542 participans
808 5462 1141 5542 corpori._L.
1170 5462 1254 5542 tv,
1282 5480 1334 5542 e.
1380 5466 1474 5542 28,
1505 5465 1597 5542 fol.
1622 5464 1729 5542 5_i6
1761 5480 1776 5518 :
1824 5462 2055 5519 Gloriam

452 5535 601 5597 Suam
629 5535 954 5609 participare
986 5539 1159 5593 uolens
1180 5538 1456 5607 discipulis
1486 5537 1618 5593 suis.
1640 5535 1777 5592 Buu.

525 5653 598 5709 In
633 5669 757 5708 usus
782 5653 1065 5707 hominum.
1099 5649 1177 5708 Ita
1205 5665 1394 5724 omnes
1421 5649 1586 5724 (quod
1614 5650 1805 5721 sciam)
1836 5663 1968 5724 mss.
1996 5659 2055 5724 et

451 5726 603 5783 editi.
625 5725 844 5781 Rectius
876 5726 1105 5780 tortasse
1131 5722 1326 5793 legeris
1350 5720 1580 5777 omnium
1599 5762 1615 5789 ,
1645 5737 1765 5793 quas
1786 5720 1870 5779 est
1890 5720 2009 5777 Isaai
2030 5762 2047 5790 ,

449 5797 667 5856 Joannis
680 5795 843 5854 Cauei
858 5805 916 5854 et
928 5793 1140 5854 Francii
1158 5793 1632 5866 conjectura.Nam
1654 5795 1882 5851 omnium
1902 5800 2051 5850 recte

2082 4407 2136 4468 D

2168 3026 2460 3098 opponitur
2484 3032 2558 3099 τῷ
2588 3022 3056 3099 paucorum.-_—_In
3076 3038 3199 3099 usus
3240 3024 3489 3099 omnium.
3533 3022 3591 3099 In
3618 3021 3775 3099 libris

2167 3093 2401 3168 antiquis
2427 3093 2707 3168 peractas
2729 3094 2994 3168 Itoittm,id
3022 3095 3499 3168 estltominum,_et
3523 3093 3687 3168 cium,
3716 3094 3773 3168 id

2166 3181 2251 3227 est
2273 3164 2520 3232 omnium,
2549 3167 2801 3223 scribitur
2830 3184 2843 3220 :
2877 3165 3003 3221 hinc
3031 3164 3205 3220 facilis
3235 3165 3505 3231 confusio.
3539 3165 3775 3235 Agnovit

2161 3241 2273 3311 jam
2319 3240 2447 3294 olim
2497 3239 2764 3311 interpres
2808 3237 2953 3294 Gall.
2977 3278 2992 3304 ,
3022 3245 3242 3292 vertens
3273 3253 3287 3289 :
3317 3252 3450 3307 pour
3491 3236 3685 3308 l‘usage
3708 3235 3775 3290 de

2166 3309 2279 3372 tous
2304 3311 2544 3365 homines.
2574 3309 2707 3364 Bon.

2235 3399 2726 3461 Corraderent.llss.
2744 3401 2781 3455 2
2794 3400 2924 3471 Reg.
2944 3414 3054 3456 rec.
3065 3442 3080 3466 ,
3096 3400 3120 3454 1
3136 3398 3376 3456 Colbert.
3391 3400 3770 3465 contraderent,

2165 3490 2265 3547 pro
2292 3474 2625 3530 conraderenl
2641 3516 2656 3539 ,
2684 3473 2829 3547 quod
2849 3470 2929 3547 est
2977 3473 3029 3526 in
3050 3471 3087 3526 2
3110 3470 3239 3547 Reg.
3266 3472 3434 3542 antiq.
3466 3482 3523 3528 et
3550 3472 3586 3527 1
3608 3471 3732 3527 aliis
3754 3486 3771 3538 ;

2168 3543 2274 3605 i112
2298 3547 2434 3617 Reg.
2452 3559 2564 3601 ree.
2598 3552 2653 3601 et
2681 3543 2714 3599 5
2740 3543 2901 3599 editis
2921 3584 2936 3609 ,
2990 3544 3363 3599 contraherent.

2243 3640 2355 3697 Sibi
2372 3640 2575 3696 nomine
2595 3637 2829 3709 justitite.
2859 3636 2950 3693 Sic
2978 3650 3110 3709 mss.
3131 3636 3168 3709 2
3185 3637 3316 3709 Reg.
3333 3636 3713 3709 antiquissimi,
3732 3637 3763 3693 1

2168 3712 2241 3768 al.
2277 3712 2407 3781 Reg.
2437 3721 2495 3768 et
2535 3711 2569 3765 4
2595 3706 2741 3764 Ἑάίι.
2766 3708 2835 3781 Et
2863 3717 3028 3764 recte.
3051 3706 3187 3763 Vide
3210 3707 3369 3781 infra,
3387 3706 3525 3781 Hinc
3549 3708 3775 3781 {tonores

2169 3784 2264 3839 sibi
2283 3824 2297 3847 ,
2313 3778 2381 3854 rei
2404 3796 2711 3854 purpuras_,_
2724 3789 2769 3834 et
2797 3779 2961 3850 fasces
2982 3781 3304 3854 invenerunt.
3331 3779 3528 3850 Scripti
3552 3778 3624 3854 26
3650 3794 3770 3854 rec.

2165 3864 2222 3910 et
2269 3853 2338 3909 i2
2380 3850 2579 3923 vulgati
2611 3850 2815 3923 addunt
2852 3851 3113 3923 munitas;
3171 3851 3197 3904 1
3224 3851 3436 3923 Βοηοη.
3480 3853 3649 3923 antiq.
3674 3852 3773 3905 sub

2165 3926 2376 3995 iustitia:
2417 3921 2639 3995 nomine.
2687 3921 2939 3995 Attamen
2981 3921 3271 3995 Thomasio
3315 3922 3645 3995 assentimur
3672 3923 3775 3995 qui

2164 3991 2318 4067 putat
2343 4009 2557 4052 sensum
2610 3994 2751 4067 forte
2782 3992 3074 4067 meliorem
3113 3993 3158 4046 si
3185 3992 3422 4067 legatur»,
3453 3991 3589 4067 leges
3616 3993 3774 4067 etiam

2163 4063 2255 4138 iub
2271 4067 2493 4138 justitite
2539 4065 2742 4138 nomine
2774 4064 3141 4138 iniquissimas.
3182 4063 3258 4138 De
3287 4063 3370 4119 his
3397 4064 3605 4135 legibus
3637 4063 3767 4122 vide

2163 4134 2548 4195 Teriullianum
2590 4136 2644 4190 in
2675 4135 3041 4205 Apologetico,
3070 4148 3188 4204 cap.
3206 4134 3263 4189 4.

2237 4229 2463 4285 Malitia.
2492 4226 2619 4284 Mss.
2654 4226 2721 4283 14
2744 4242 2857 4283 ree.
2886 4235 2942 4282 et
2966 4235 3074 4281 vet.
3104 4224 3227 4281 edd.
3250 4225 3307 4291 5,
3334 4225 3577 4281 avaritia.

2238 4322 2550 4389 Altioresque
2570 4336 2623 4375 se
2650 4320 2843 4374 steteris
2870 4317 3179 4373 hominibus.
3212 4358 3227 4373 .
3260 4357 3271 4369 .
3302 4317 3574 4389 faciebant.
3635 4319 3767 4376 Mss.

2162 4393 2196 4450 6
2223 4394 2358 4463 Reg.
2384 4402 2440 4448 et
2470 4390 2596 4448 edd.
2638 4394 2694 4448 4.
2735 4390 3042 4460 altioresque
3097 4388 3309 4445 cteteris'
3347 4388 3663 4446 hominibus.
3704 4432 3718 4445 .
3754 4433 3768 4446 .

2161 4465 2624 4615 fulnglmfitmpianr
2648 4531 2976 4615 tyrannidem
3019 4533 3070 4615 gi
3107 4538 3164 4615 et
3211 4531 3500 4615 hominibus
3547 4534 3777 4615 armatis

2157 4608 2442 4679 occupavit.
2457 4601 2584 4679 Mss.
2602 4605 2629 4658 1
2646 4601 2778 4659 Bon.
2793 4604 2959 4674 antiq.
2981 4621 2994 4659 :
3011 4601 3118 4659 Sed
3130 4603 3399 4673 imperium
3410 4603 3780 4674 tyrannidem-

2160 4695 2271 4751 qui:
2278 4678 2598 4751 hominibus,
2627 4686 2733 4730 etc.

2229 4748 2469 4803 Titanum
2517 4747 2844 4800 robustam...
2875 4756 3091 4816 gentem.
3123 4744 3251 4800 Mss.
3287 4746 3353 4800 15
3376 4754 3455 4817 γει
3481 4746 3513 4801 5
3551 4750 3787 4817 excusi,

2157 4819 2421 4884 Titanum,
2452 4818 2612 4883 male,
2645 4832 2713 4873 ex
2737 4819 3159 4873 commutatione
3188 4817 3346 4872 unius
3373 4816 3588 4874 litteris.
3630 4816 3791 4882 Vide

2156 4905 2320 4962 supra
2354 4890 2448 4945 lib.
2483 4905 2522 4955 ι,
2551 4902 2672 4958 cap.
2708 4891 2776 4943 10
2819 4897 2946 4944 ante
2967 4887 3152 4954 linem,
3193 4897 3249 4943 et
3278 4902 3398 4958 cap.
3430 4888 3518 4943 14.

2232 4985 2505 5040 Occidione
2517 4983 2785 5039 deleverat.
2806 4984 2879 5039 lta
2898 4998 3029 5040 mss.
3047 4982 3455 5053 antiquissimi2
3476 4982 3735 5053 Bonam,
3760 4990 3790 5045 1

2159 5057 2321 5129 Reg.,
2344 5055 2501 5111 Cant.
2534 5070 2654 5129 cum
2671 5053 2739 5110 14
2763 5055 3074 5129 ἱπῐιρωεδίετ».Δ
3094 5052 3291 5129 Seripti
3313 5068 3422 5109 ree.
3453 5052 3525 5109 25
3551 5063 3611 5109 et
3638 5052 3793 5116 editi

2158 5129 2194 5184 5
2225 5125 2410 5199 legunt
2452 5127 2743 5199 occisione;
2787 5141 2908 5199 quae
2938 5125 3109 5196 magis
3138 5126 3331 5199 usitata
3362 5134 3634 5199 est_vox,
3674 5146 3793 5187 nec

2157 5195 2479 5270 ideo'magis
2523 5198 2772 5269 genuina.
2801 5195 3053 5270 iitroque
3104 5195 3631 5270 voxUCieeroniana;
3682 5202 3787 5256 illa

2156 5266 2555 5341 Philippfxtv',
2611 5266 2977 5341 cap.ultim.;
3031 5266 3148 5322 haec
3179 5266 3303 5341 Alib.
3350 5283 3443 5333 xv,
3487 5268 3673 5341 epist.
3714 5271 3775 5327 4.

2158 5341 2266 5401 Sed
2293 5338 2356 5397 ὀί
2392 5341 2578 5396 Tacito
2602 5338 2693 5395 est
2707 5340 2966 5395 occidione
2991 5338 3309 5406 occumbere,
3357 5354 3454 5405 χιι,
3484 5339 3576 5395 58.

2228 5436 2385 5492 Hunc
2411 5434 2729 5490 verebantur.
2760 5434 2848 5490 Sic
2870 5434 2989 5502 lego
3009 5448 3131 5489 cum
3151 5432 3188 5487 2
3219 5448 3348 5488 mss.
3376 5433 3511 5502 Reg.
3536 5442 3590 5490 et
3623 5433 3751 5491 edit.

2154 5519 2266 5566 vet.
2295 5508 2451 5570 Rom,
2504 5505 2654 5572 Ald.,
2683 5503 3045 5569 Paris.1525,
3083 5502 3256 5572 Crat.,
3309 5502 3540 5573 Graph.,
3592 5505 3751 5575 idque

2154 5578 2514 5654 praecedentia
2546 5588 2602 5634 et
2620 5577 2898 5654 sequentia
2921 5577 3201 5647 requirnnt
3224 5590 3363 5654 :_nec
3381 5577 3542 5654 video
3568 5577 3741 5654 inan

2153 5647 2403 5710 dilierant
2429 5647 2798 5705 venerabantur
2823 5659 3141 5719 cancrorum
3162 5688 3177 5713 ,
3204 5649 3274 5702 ab
3313 5661 3382 5703 eo
3401 5647 3553 5719 quod?
3573 5647 3736 5717 sequi-

2155 5732 2267 5788 tur,
2301 5722 2417 5777 huic
2442 5721 2721 5776 maximum
2748 5720 2991 5775 honorent
3032 5718 3369 5789 deferebant;
3416 5718 3558 5791 quod
3581 5730 3729 5773 unum

2151 5806 2206 5853 et
2226 5794 2367 5854 idem
2383 5803 2484 5850 eat.
