4142 6200
379 249 494 312 569

380 471 493 530 tur,
521 465 566 519 si
598 464 684 534 pie
710 463 978 520 viverent.
1008 463 1098 523 Sic
1134 465 1349 522 assidua
1379 465 1679 521 imitatione
1720 468 1975 539 corrupti,

378 556 620 612 divinum
649 555 730 611 las
773 556 1145 627 reliquerunt;
1201 567 1257 615 et
1285 559 1539 628 paulatim
1585 560 1724 616 male
1766 559 1982 617 vivendi

377 648 716 705 consuetudo
762 664 880 705 mos
930 649 1098 707 laetus
1126 660 1227 707 est.
1281 650 1391 707 Nec
1436 651 1547 722 jam
1592 652 1882 724 quidquam
1911 669 1978 711 ex

375 741 749 799 antecedentis
779 742 962 798 saeculi
993 743 1083 815 pio
1117 754 1279 815 atque
1308 745 1513 815 optimo
1556 754 1699 801 statu
1730 748 1928 803 mansit
1960 766 1974 802 :

376 835 475 892 sed
523 835 743 906 explosa
777 834 1023 906 justitia,
1067 845 1124 892 et
1170 838 1453 893 veritatem
1495 853 1679 895 secum
1714 839 1974 908 trahens,

374 929 595 1000 reliquit
644 928 952 984 hominibus
995 944 1233 985 errorem
1260 971 1275 996 ,
1325 930 1717 1001 ignorantiam,
1764 932 1976 988 caecita-

375 1034 508 1080 tem.
541 1022 916 1094 Imprudentes
944 1023 1107 1094 igitur
1141 1034 1317 1095 poetae
1340 1066 1354 1090 ,
1386 1025 1476 1095 qui
1516 1040 1635 1081 eam
1664 1024 1975 1096 confugisse

372 1115 689 1171 cecinerunt
718 1115 785 1170 ad
810 1114 960 1171 Jovis
990 1130 1235 1187 regnum.
1268 1116 1328 1172 Si
1371 1116 1514 1172 enim
1554 1118 1787 1184 steculo,
1828 1119 1973 1190 quod

373 1217 570 1264 vocant
596 1224 817 1264 aureum
848 1250 863 1274 ,
898 1208 1107 1279 justitia
1138 1209 1191 1264 in
1224 1218 1367 1265 terra
1389 1208 1523 1278 fuit,
1555 1224 1585 1264 a
1609 1210 1744 1266 Jove
1783 1212 1971 1283 utique

373 1303 529 1373 pulsa
567 1313 685 1369 est,
716 1303 808 1374 qui
829 1317 1052 1359 aureum
1083 1302 1339 1359 saeculum
1366 1304 1735 1359 commutavit.
1777 1304 1971 1360 Saeculi

373 1405 556 1453 autem
582 1398 963 1465 commutatio,
996 1406 1049 1452 et
1074 1397 1319 1469 expulsio
1353 1396 1608 1468 iustitiae,
1640 1397 1769 1452 nihil
1797 1397 1965 1464 aliud,

373 1500 432 1546 ut
459 1492 597 1559 dixi,
631 1506 790 1563 quant
820 1491 1057 1549 desertio
1086 1490 1284 1547 divinae
1300 1491 1575 1561 religionis
1592 1492 1823 1562 putanda
1851 1503 1965 1559 est;

371 1598 491 1655 quae
528 1584 643 1639 sola
692 1583 857 1640 efﬁcit
897 1594 955 1640 ut
1009 1584 1169 1641 homo
1204 1584 1477 1641 hominem
1519 1600 1701 1641 carum
1741 1585 1965 1654 habeat,

373 1691 609 1746 eumque
638 1677 739 1731 sibi
769 1675 1125 1733 fraternitatis
1155 1676 1370 1733 vinculo
1393 1680 1531 1734 sciat
1550 1693 1670 1736 esse
1706 1679 1971 1736 constric-

1590 257 1796 316 LIBER
1836 257 1902 315 V.
1942 257 2035 317 DE
2073 257 2405 319 JUSTITIA.

380 384 574 426 omnes
595 368 851 441 pietatem
868 413 884 435 ,
928 383 999 428 ne
1025 372 1359 444 exprobrare
1385 372 1497 445 regi
1528 373 1706 429 scelus
1730 373 1981 432 videren-
2005 381 2061 439 Α

3583 258 3689 318 570

2689 376 2919 437 CAPUT
2968 378 3077 437 νη.

2160 512 2238 569 De
2265 514 2393 571 Jesu
2429 516 2649 574 adventu
2682 529 2732 574 et
2760 519 2965 589 fructu;
3000 531 3152 591 atque
3187 519 3253 576 de
3288 521 3401 593 ejus
3436 520 3614 578 seaculi

2611 610 2880 667 virtutibus
2917 620 2963 667 et
3000 612 3153 668 vitiis.

2155 748 2468 821 SediDeus,
2499 758 2557 806 ut
2586 766 2786 822 parens
2816 751 3351 824 indulgentissimus,
3386 752 3681 823 appropin-

2078 851 2280 912 quante
2317 841 2510 898 ultimo
2557 852 2835 915 tempore,
2880 844 3127 900 nuntium
3168 844 3345 909 misit,
3394 844 3486 915 qui
3524 851 3682 901 vetus

2078 935 2210 991 illud
2248 936 2505 992 saeculum
2553 935 2896 1008 iugatamque
2931 937 3196 1009 justitiam
3241 937 3559 1006 reduceret;
3610 952 3682 995 ne

2079 1028 2371 1084 humanum
2400 1043 2573 1100 genus
2602 1030 2854 1085 maximis
2882 1038 2937 1085 et
2966 1030 3244 1102 perpetuis
3270 1030 3564 1102 agitaretur
3592 1044 3682 1086 er-

2075 1119 2309 1176 roribus.
2344 1119 2526 1176 Rediit
2551 1135 2681 1191 ergo
2708 1121 2919 1190 Species
2944 1121 3090 1184 illius
3117 1120 3269 1178 aurei
3299 1121 3592 1194 temporis,
3623 1128 3681 1176 et

2074 1213 2284 1270 reddita
2316 1214 2532 1286 quidem
2573 1225 2763 1282 terrae,
2804 1216 2899 1272 sed
2939 1216 3125 1286 paucis
3162 1215 3433 1287 assignata
3467 1213 3679 1286 iustitia

2074 1316 2185 1373 est;
2214 1323 2332 1379 quae
2365 1306 2496 1363 nihil
2526 1308 2670 1363 aliud
2701 1317 2819 1376 est,
2850 1322 3010 1378 quam
3044 1308 3138 1364 Dei
3171 1309 3313 1364 unici
3347 1309 3431 1378 pia
3460 1316 3516 1364 et
3542 1306 3675 1364 reli-

2071 1399 2224 1470 giosa
2262 1399 2493 1455 cultura.
2537 1399 2644 1455 Sed
2685 1409 2898 1455 moveat
2935 1399 3167 1470 aliquem
3206 1398 3470 1467 fortasse,
3504 1413 3602 1454 cur
3629 1396 3677 1454 si

2072 1491 2190 1548 haec
2226 1490 2297 1546 sit
2328 1492 2565 1562 justitia,
2604 1507 2709 1547 non
2740 1492 2885 1548 omni
2927 1491 3164 1548 humano
3193 1493 3380 1564 generi
3410 1493 3481 1549 sit
3516 1490 3674 1558 data;

2070 1600 2174 1642 nec
2202 1586 2252 1641 in
2285 1600 2403 1642 eam
2445 1585 2732 1641 multitudo
2769 1587 3021 1643 universa
3061 1586 3422 1642 consenserit.
3468 1584 3677 1657 Magnae

2072 1678 2176 1735 hoc
2203 1678 2579 1749 disputationis
2606 1689 2719 1746 est,
2742 1694 2839 1734 cur
2864 1694 2895 1734 a
2918 1679 3051 1745 Deo,
3078 1693 3200 1734 cum
3224 1678 3489 1748 justitiam
3518 1686 3676 1734 terrae

372 1775 483 1822 tum
520 1786 534 1822 :
574 1766 841 1837 siquidem
900 1777 1056 1839 pater
1089 1768 1230 1823 idem
1262 1770 1513 1826 omnibus
1554 1769 1696 1827 Deus
1741 1779 1857 1839 est,
1907 1781 1966 1827 ut
1992 1779 2042 1839 B
2069 1772 2255 1837 daret,
2284 1772 2354 1827 sit
2376 1780 2584 1827 retenta
2616 1770 2928 1827 diversitas:
2962 1770 3106 1841 quod
3133 1778 3187 1825 et
3211 1769 3318 1824 alio
3350 1769 3471 1825 loco
3494 1768 3678 1826 decla-

374 1857 520 1923 Dei,
573 1858 849 1929 patrisque
917 1860 1219 1915 communis
1294 1860 1553 1916 beneﬁcia
1595 1876 1716 1917 cum
1759 1862 1825 1917 iis
1874 1863 1964 1933 qui

371 1964 477 2006 non
508 1950 742 2018 habent,
765 1953 1047 2023 partiatur,
1066 1952 1195 2008 nulli
1218 1962 1441 2019 noceat,
1475 1954 1680 2010 nullum
1724 1965 1963 2026 premat,

369 2058 479 2099 non
526 2043 668 2101 fores
697 2044 911 2101 claudat
954 2046 1184 2116 hospiti,
1214 2062 1319 2102 non
1350 2062 1533 2103 aurem
1565 2049 1841 2118 precanti;
1870 2047 1966 2105 sed

357 2137 440 2192 ‘sit
466 2137 651 2208 largus
676 2179 691 2203 ,
722 2137 1026 2205 beneficus,
1055 2138 1293 2199 liberalis
1310 2180 1325 2205 ,
1349 2155 1484 2211 quas
1514 2140 1689 2211 regias
1706 2156 1827 2198 esse
1854 2141 1969 2195 lau-

367 2228 468 2285 des
494 2228 702 2285 Tullius
728 2231 1074 2287 existimavit.
1104 2231 1233 2288 Hrec
1272 2241 1357 2288 est
1379 2231 1620 2302 profecto
1644 2233 1850 2303 justitia
1874 2277 1890 2301 ,
1912 2243 1968 2291 et

368 2319 474 2377 hoc
525 2337 745 2379 aureum
774 2324 1065 2390 smculum,
1107 2324 1251 2398 quod
1285 2324 1418 2381 Jove
1447 2327 1676 2396 primum
1708 2337 1968 2400 regnante

367 2424 723 2486 corruptum,
765 2433 890 2474 mox
946 2427 1002 2475 et
1049 2418 1208 2490 ipso,
1265 2426 1321 2475 et
1362 2419 1509 2474 omni
1563 2420 1681 2491 ejus
1712 2422 1968 2493 progenie

366 2518 724 2580 consecrata,
754 2510 1089 2583 deorumque
1141 2512 1437 2569 multorum
1483 2522 1737 2585 suscepto
1783 2514 1966 2583 cultu,

365 2600 717 2660 fueratomne
744 2604 1033 2661 sublatum.

2072 1866 2184 1922 ravi
2203 1908 2218 1934 ,
2252 1875 2306 1921 et
2335 1865 2658 1935 ubicumque
2687 1873 2951 1935 oportune
2978 1862 3257 1930 inciderit,
3292 1859 3670 1931 explicabitur.

2070 1961 2223 2017 Nunc
2248 1960 2533 2030 designare
2559 1958 2610 2014 id
2639 1957 2960 2014 brevissime
2988 1958 3120 2013 satis
3144 1965 3257 2012 est:
3293 1954 3555 2010 Virtutem
3584 1961 3679 2010 aut

2069 2052 2220 2109 cerni
2248 2067 2353 2108 non
2386 2065 2577 2123 posse,
2607 2051 2708 2105 nisi
2738 2049 2932 2106 habeat
2958 2049 3087 2105 vitia
3115 2048 3421 2113 contraria;
3448 2055 3541 2103 aut
3567 2059 3674 2104 non

2070 2160 2192 2201 esse
2222 2147 2548 2215 perfectam,
2579 2143 2681 2199 nisi
2710 2151 3028 2199 exerceatur
3056 2140 3317 2197 adversis.
3349 2138 3499 2195 Hanc
3527 2138 3675 2195 enim

2073 2239 2214 2295 Deus
2239 2239 2501 2293 bonorum
2534 2253 2597 2293 ac
2625 2237 2891 2292 malorum
2913 2235 3084 2291 voluit
3108 2248 3230 2291 esse
3251 2233 3561 2290 distantiam
3580 2275 3594 2299 ,
3619 2242 3678 2289 ut

2071 2330 2382 2404 qualitatem
2410 2330 2534 2386 boni
2565 2345 2629 2385 ex
2656 2330 2797 2384 malo
2818 2327 3080 2391 sciamus,
3106 2327 3233 2382 item
3262 2326 3386 2381 mali
3413 2340 3480 2382 ex
3509 2326 3675 2394 bono;

2071 2440 2173 2480 nec
2215 2425 2436 2480 alterius
2481 2424 2619 2479 ratio
2663 2422 2922 2494 intelligi,
2967 2421 3181 2479 sublato
3222 2420 3429 2490 altero,
3475 2428 3675 2492 potest.

2075 2518 2214 2573 Deus
2242 2532 2371 2587 ergo
2397 2530 2503 2570 non
2532 2515 2762 2571 exclusit
2790 2514 2991 2571 malum
3010 2555 3025 2581 ,
3052 2522 3112 2570 ut
3137 2512 3276 2569 ratio
3302 2512 3517 2568 virtutis
3541 2525 3675 2569 con-

2070 2617 2216 2665 stare
2247 2618 2449 2680 posset.
2482 2607 2765 2678 Quomodo
2789 2608 2933 2664 enim
2967 2607 3224 2679 patientia
3256 2608 3363 2663 vim
3391 2620 3545 2663 suam
3575 2620 3678 2663 uo-

1713 2723 2074 2782 VARIORUM
2113 2723 2344 2781 ΝΟΤᾹΞ.

436 2834 786 2910 Consuetudo,
817 2853 927 2893 mos
960 2838 1123 2905 factus
1147 2846 1242 2893 est.
1272 2836 1471 2895 Contra
1498 2839 1787 2902 Arnobius.
1812 2858 1869 2897 ll.
1904 2858 1955 2910 p.

365 2907 436 2980 _58
457 2923 489 2980 ⁸ς
510 2907 627 2961 Fiet
656 2910 789 2980 enim
818 2910 1093 2980 familiaris
1118 2926 1145 2964 e
1169 2927 1305 2964 more
1349 2913 1682 2966 consuetudo.
1711 2907 1960 2969 Perottus

346 2977 939 3071 11.(ἶῖἷξ¹,⁰,999·;ξ⁶ἓίὲέ
960 2982 1098 3071 ,Atei-
1120 2980 1184 3071 .t-
1206 2981 1349 3071 ίδὲδε
1395 2980 1748 3071 Murrani?
1772 2985 1960 3071 ιιίθῖηετ
1987 3008 2031 3071 c

341 3057 444 3121 λω-
472 3050 606 3105 ratio
634 3050 831 3105 vivendi
852 3053 1217 3107 consuetudine
1238 3054 1463 3121 ﬁrmata.
1505 3050 1727 3109 Varroni
1756 3050 1863 3110 nios
1888 3067 1960 3111 est

340 3120 650 3196 institutum
677 3124 858 3196 animi,
888 3124 1026 3194 quod
1049 3124 1189 3196 sequi
1216 3120 1369 3178 debet
1387 3126 1722 3196 consuetudo.
1752 3127 1882 3183 Buu.

426 3190 673 3270 Eapulsa
688 3190 927 3270 justitia.
946 3190 1134 3270 Scribe
1164 3211 1226 3251 ex
1258 3196 1402 3270 Lips.
1429 3195 1555 3263 2,3,
1574 3199 1803 3267 expulsa.
1836 3199 1958 3270 quia

345 3266 610 3339 sequitur
640 3267 734 3320 ini.
759 3267 964 3339 justitia
993 3283 1024 3320 a
1048 3266 1177 3321 Jove
1202 3268 1388 3336 pulsa;
1435 3277 1489 3321 et
1530 3266 1763 3336 expulsio
1799 3266 1960 3339 justi-

346 3337 443 3413 tite
456 3352 494 3413 _;_
521 3336 611 3391 ubi
648 3336 821 3413 tamen
840 3337 1060 3413 _Donon.
1090 3339 1313 3413 captatio
1333 3381 1347 3407 ,
1369 3340 1521 3409 quasi
1548 3338 1779 3405 explosio
1800 3336 1953 3413 'Cap.

346 3408 405 3472 Ἰ,
437 3405 705 3477 Fugatam
717 3409 976 3477 justitiam
1002 3405 1160 3464 dicit.
1179 3409 1309 3465 BUN.

422 3476 787 3553 Imprudentes
812 3481 968 3550 igitur
990 3491 1171 3553 procne,
1202 3482 1289 3550 qui
1310 3497 1422 3553 eam
1447 3484 1738 3553 confugisse
1756 3483 1955 3537 macine--

340 3559 473 3605 runt
498 3550 569 3603 ad
588 3549 989 3622 Jovisregnum.
1012 3552 1085 3605 lta
1109 3549 1240 3608 mss.
1262 3552 1329 3607 10
1348 3551 1505 3622 Reg,
1526 3549 1557 3606 6
1578 3549 1816 3608 Colbcrt.
1837 3554 1956 3609 alii-

339 3636 459 3691 que
480 3635 596 3683 sex.
616 3632 672 3677 et
691 3621 896 3677 edit.’5.
920 3622 1117 3689 Scripti
1135 3638 1226 3678 sex
1257 3638 1367 3677 rec.
1392 3621 1465 3689 et,
1498 3623 1566 3678 12
1592 3624 1798 3689 excusi,
1834 3665 1846 3677 .
1885 3666 1897 3677 .
1937 3668 1950 3680 .

339 3694 677 3764 cecinerunt,
704 3693 759 3746 id
786 3702 859 3748 est
884 3693 954 3747 ad
979 3693 1383 3764 Jovisﬁregnum.
1421 3695 1746 3749 lloltanneus
1782 3696 1951 3751 codex

338 3772 396 3818 et
414 3762 510 3819 ed.
528 3763 745 3837 Sublae.
761 3766 839 3820 sic
861 3764 1054 3819 habent
1076 3783 1089 3819 :
1111 3762 1474 3833 Imprudentes
1488 3768 1644 3837 igitur
1666 3777 1848 3836 poetae,
1865 3770 1953 3836 qui

335 3850 461 3907 eam
488 3835 561 3888 ad
588 3836 769 3889 calum
791 3837 1079 3905 confugisse
1118 3837 1403 3890 cecinerunt
1433 3835 1675 3891 ad'Jovis
1706 3835 1952 3907 regnum:

334 3904 834 3980 Sangermanensis
863 3904 992 3962 vero
1017 3907 1144 3980 legit
1173 3924 1188 3962 :
1219 3907 1579 3980 Imprudenter
1612 3904 1776 3979 igitur
1790 3921 1953 3980 poetic

331 3978 905 4103 quideanzlcoqfugisse
932 3979 1221 4033 cecinerunt
1248 3979 1317 4032 ad
1340 3978 1486 4034 Jovis
1513 3978 1757 4050 regnum;
1784 3978 1951 4051 eligas

331 4062 430 4103 aur
480 4063 569 4103 aut
624 4064 687 4103 ve
713 4064 777 4103 ts.

373 4063 607 4103 unauutu
624 4063 777 4103 VCIIS.

331 4062 607 4117 quiaqutu
624 4062 777 4103 velis.

406 4117 910 4193 Expulsiojustitiw.
931 4123 952 4175 1
973 4121 1306 4193 Bonqn.ant.
1323 4122 1551 4191 explosio
1562 4121 1594 4175 ,Ι
1600 4123 1706 4176 ovis
1708 4123 1948 4193 justitite.

403 4188 540 4263 Non,
569 4188 746 4263 aurem
767 4194 1013 4261 precanti.
1044 4193 1070 4247 1
1097 4190 1338 4258 Colbcrt,
1373 4188 1579 4260 aurum,
1614 4188 1723 4263 pro'
1736 4210 1949 4256 aurem;

331 4260 359 4315 1
388 4261 611 4334 B_onnn.
640 4262 806 4332 antiq.
837 4279 1053 4334 avarus,
1100 4264 1265 4330 forte,
1316 4278 1415 4334 pro
1452 4260 1621 4319 aures.

403 4331 639 4402 Largus.
678 4374 690 4387 .
725 4373 738 4387 .
768 4331 945 4388 laudes
999 4333 1218 4389 Tullius.
1269 4331 1544 4390 Betuleius
1582 4345 1637 4391 et
1680 4335 1822 4390 Gali.
1865 4336 1947 4390 di-

2069 2850 2177 2898 tum
2222 2842 2469 2913 scriptis,
2511 2852 2621 2898 tttm
2666 2840 2881 2898 excusis
2919 2840 3089 2898 abest.
3123 2839 3482 2913 -7Nuntium
3523 2857 3675 2897 suum

2066 2916 2222 2969 misit.
2253 2912 2426 2983 Quum
2451 2930 2517 2971 ex
2541 2915 2747 2969 Bonon.
2774 2913 3149 2983 antiquissimo
3170 2912 3514 2981 Thomasius,
3540 2923 3676 2970 teste

2065 2984 2216 3051 Isaeo,
2250 2988 2301 3040 iu
2327 2986 2507 3050 variis,
2540 2994 2595 3040 et
2623 2986 2710 3040 hic
2727 2994 2780 3040 ct
2805 2999 2957 3053 seqq.
2980 2983 3317 3045 addiderint,
3365 2998 3470 3038 non
3511 2983 3677 3040 debe-

2067 3057 2195 3111 bant
2236 3073 2528 3128 pronotncu
2557 3055 2824 3128 Cellarius
2849 3055 3261 3128 et_reeeutiores
3302 3054 3561 3111 fastidire.
3595 3055 3672 3111 ιω

2065 3124 2303 3194 solet,'e.
2335 3144 2412 3198 g.,
2446 3129 2538 3182 lib.
2566 3144 2638 3191 tv,
2672 3142 2722 3182 c.
2748 3126 2856 3185 25:
2884 3124 3055 3192 Quum
3085 3130 3310 3199 legatum
3339 3143 3400 3182 ac
3429 3128 3671 3183 nuntium

2065 3214 2223 3273 suum
2256 3201 2495 3273 mitteret.
2527 3200 2659 3273 Buri.
2736 3269 2746 3273 _
2884 3269 2894 3273 Α
2944 3256 2955 3273 ,

2138 3269 2250 3325 Nec
2281 3272 2335 3324 in
2365 3287 2475 3324 eam
2505 3269 2777 3324 multitudo
2805 3268 3041 3339 universa
3071 3269 3399 3324 consenserit.
3432 3268 3673 3339 Reposui

2060 3341 2115 3394 in
2142 3358 2254 3395 eam
2274 3357 2339 3396 ex
2366 3355 2497 3396 mss.
2525 3341 2561 3395 2
2584 3342 2715 3411 Reg.
2744 3352 2797 3393 et
2817 3338 3413 3411 CaucLantiquissimis,
3444 3338 3673 3408 aliisque

2060 3412 2250 3467 decem
2270 3454 2284 3477 ,
2323 3420 2377 3467 et
2406 3422 2513 3467 vet.
2546 3409 2705 3467 editis
2736 3411 2894 3465 Rom.
2915 3452 2932 3476 ,
2962 3409 3219 3466 Torn.’et
3248 3411 3519 3467 Soubron.
3550 3412 3665 3468 Cte-

2060 3483 2163 3538 tcri
2206 3484 2259 3536 in
2298 3500 2379 3537 ea.
2398 3511 2473 3525 —-
2494 3481 2562 3537 In
2591 3499 2701 3537 eam
2729 3482 3002 3551 multitudo
3024 3520 3037 3535 .
3062 3520 3076 3533 .
3097 3520 3110 3534 .
3149 3483 3484 3537 consenserit.
3527 3483 3671 3551 Lego

2058 3554 2274 3629 quidem
2297 3595 2311 3615 ,
2342 3555 2396 3607 in
2426 3570 2537 3629 eam
2559 3570 2670 3629 ,εχ
2692 3552 3320 3629 ⁸ιλιιιξηαεῃιιεἚῐὶφδιη-
3340 3552 3471 3608 Ven.
3497 3554 3667 3629 1471,

2060 3624 2414 3699 7g,_utraqtt_c
2446 3624 2535 3699 78,
2564 3626 2655 3699 9'5,
2684 3625 2776 3690 97,
2814 3623 3033 3699 Pa'rr_lt_.,
3072 3624 3265 3699 [larisa
3292 3623 3467 3699 lunt.,
3497 3624 3664 3679 Torn.

2059 3696 2223 3759 1587,
2258 3694 2421 3762 1615,
2456 3696 2533 3749 uti
2565 3697 2659 3760 lib,
2695 3712 2743 3761 I,
2782 3694 2901 3764 cap.
2940 3694 3039 3749 18:
3076 3695 3338 3764 Siomnes
3367 3696 3420 3748 in
3450 3711 3666 3750 concor-

2057 3767 2196 3848 diam
2224 3767 2587 3848 consenserint.
2617 3767 2734 3848 Lib.
2765 3782 2816 3848 v,
2840 3763 3068 3848 [capsjﬁ
3089 3763 3370 3848 Linguam
3400 3776 3543 3820 tanta
3568 3766 3669 3848 [to-

2056 3838 2253 3909 tninum
2283 3838 2447 3891 millia
2470 3839 2805 3893 consentiant.
2834 3836 3059 3909 Quintil.
3092 3837 3241 3909 Decl.
3274 3836 3344 3891 12
3364 3877 3380 3903 ,
3407 3851 3527 3907 cap.
3562 3837 3664 3893 10:

2056 3907 2246 3963 Concio
2276 3911 2329 3963 in
2358 3925 2516 3963 unam
2545 3926 2715 3964 vocem
2744 3907 3046 3965 consentiat.
3082 3907 3324 3964 Alteram
3364 3919 3544 3963 tamen
3564 3949 3579 3972 ,
3611 3909 3667 3963 in

2054 3995 2115 4050 ea
2136 4022 2151 4044 ,
2184 3995 2399 4050 quoque
2428 3983 2649 4049 probam
2681 3981 2877 4050 scias,
2904 3989 2961 4034 et
3006 3979 3207 4050 habent
3248 3978 3423 4050 Lips.,
3472 3979 3662 4047 60th.,

2054 4048 2288 4106 Reim‘m.
2313 4048 2453 4106 *Vidc
2481 4052 2574 4108 lib.
2605 4068 2677 4116 tv,
2709 4066 2829 4120 cap.
2858 4049 2968 4121 ‘23.:
2999 4048 3067 4104 In
3093 4065 3193 4120 quo
3213 4089 3225 4104 .
3250 4091 3266 4106 .
3291 4048 3655 4105 (consenserit.

2052 4121 2130 4195 De
2151 4121 2255 4195 lra,
2279 4137 2396 4194 cap.
2418 4121 2483 4177 9:
2508 4123 2574 4177 In
2601 4139 2700 4195 quo
2729 4124 2922 4195 priores
2944 4122 3164 4176 universi
3181 4163 3193 4176 .
3214 4162 3226 4195 .
3249 4161 3261 4174 .
3278 4132 3662 4176 consenserant.

2052 4191 2188 4263 lbid.
2212 4208 2331 4263 eap.
2345 4191 2382 4249 ’1
2396 4202 2420 4249 1
2444 4211 2456 4247 :
2480 4191 2622 4249 Adeo
2640 4197 2696 4248 in
2717 4191 2909 4248 unitate
2929 4202 3115 4263 natura
3136 4194 3369 4245 universa
3390 4195 3657 4247 consentit.

2051 4262 2173 4333 Ipse
2200 4262 2390 4319 CiCero
2413 4280 2514 4336 pro
2544 4266 2749 4331 Sextio,
2780 4280 2898 4334 cap.
2933 4264 2994 4320 51
3023 4281 3035 4319 :
3080 4262 3144 4316 In
3174 4279 3273 4332 qua
3301 4279 3458 4317 causa
3487 4278 3659 4318 omnes

2050 4337 2389 4389 consentiunt.
2427 4336 2557 4391 Bua.

329 4412 514 4485 cunt,
546 4405 680 4495 {tunc
704 4405 887 4495 locum
914 4405 1065 4495 lto’die
1091 4408 1145 4489 in
1173 4403 1431 4495 Ciceronis
1479 4409 1943 4495 monumentismon
1972 4434 2023 4495 D
2120 4405 2359 4495 l‘i'etcnta.
2392 4406 2490 4495 his.
2526 4407 2693 4495 Bruti;
2720 4415 2941 4479 reperta.

326 4475 581 4548 inueniri.
625 4473 924 4548 Cellarius,
964 4476 1096 4546 forte
1126 4478 1180 4530 in
1206 4477 1472 4548 deperdita
1520 4478 1743 4548 quodam
1790 4477 1940 4531 libro.

330 4544 645 4618 _Walcliius,
676 4562 775 4616 quo
816 4546 927 4601 loco
956 4544 1223 4602 incertum.
1255 4544 1325 4603 At
1366 4557 1476 4604 tres
1521 4544 1848 4618 posteriores
1875 4562 1941 4604 ex

326 4614 455 4672 Issei
481 4614 726 4687 margine
764 4620 1065 4688 potuissent
1100 4618 1332 4687 discere,
1358 4614 1534 4675 locum
1557 4634 1678 4674 esse
1698 4633 1763 4674 ex
1790 4617 1941 4675 Orat.

324 4702 434 4758 pro
488 4688 763 4761 Deiotaro,
794 4705 915 4757 cap.
952 4690 987 4745 9
1019 4708 1030 4743 :
1065 4688 1229 4761 Frugi
1262 4693 1517 4745 hominem
1539 4691 1640 4744 dici
1667 4705 1774 4745 non
1813 4691 1947 4745 mul-

325 4768 447 4832 tum
484 4759 648 4832 habet
676 4761 850 4814 laudis
878 4762 931 4816 in
962 4776 1089 4830 rege
1116 4778 1128 4814 :
1158 4759 1376 4828 furteut,
1392 4762 1691 4832 justutn,...
1718 4761 1940 4832 (arguat,

321 4828 645 4903 bene/itum,
672 4832 955 4903 liberalem,
979 4828 1061 4885 Ita:
1087 4843 1205 4903 sunt
1238 4828 1639 4903 regiae'virtutes.
1696 4828 1831 4887 Buri.

405 4902 559 4974 Quas
580 4902 746 4972 regias
773 4919 879 4957 esse
896 4902 1092 4957 laudes.
1120 4902 1235 4957 Non
1264 4902 1556 4971 negatillas
1587 4904 1759 4974 regias
1775 4919 1897 4959 esse
1934 4923 1947 4959 ι

320 4974 428 5028 sed
451 4982 510 5027 et
534 4972 674 5028 hanc
705 4974 863 5029 talem
894 4982 1075 5043 putat,
1106 4989 1227 5041 qute
1249 4989 1404 5044 reges
1430 4990 1535 5029 non
1560 4972 1735 5029 minus
1764 4984 1941 5039 ornet,

316 5058 499 5114 quam
533 5044 770 5110 privatos
791 5086 806 5109 ,
849 5054 904 5100 et
944 5046 1183 5112 utrisque
1210 5048 1514 5101 communis
1538 5046 1626 5100 sit.
1654 5046 1939 5100 Fnsacws.

404 5114 633 5169 Tullius.
666 5115 783 5170 Non
812 5132 879 5171 ex
908 5114 1188 5185 deperdito
1232 5118 1512 5171 Ciceronis
1552 5117 1691 5170 libro
1712 5158 1727 5180 ,
1764 5128 1819 5169 ut
1850 5135 1945 5183 pu-

319 5194 406 5241 tat
437 5185 749 5252 Betuleius,
804 5202 869 5242 ac
915 5197 1033 5256 post
1054 5202 1177 5241 eum
1216 5185 1514 5253 Cellarius;
1544 5187 1639 5242 sed
1686 5203 1751 5241 ex
1790 5186 1939 5242 Orat.

316 5273 445 5328 pro,
466 5256 718 5325 Dejotaro
747 5260 906 5328 paulo
936 5267 1057 5327 post
1086 5260 1249 5325 med.,
1296 5273 1413 5328 cap.
1446 5260 1498 5314 9.

398 5326 675 5401 {iegnante
700 5326 945 5401 primum.
970 5328 1054 5401 Ad
1075 5326 1378 5385 cvitandaui
1402 5330 1800 5401 ambiguitatem
1841 5330 1943 5386 hoc

313 5399 658 5472 ordineedo
682 5400 923 5472 ex_Lips.
954 5400 1010 5472 ᾖ,
1042 5402 1095 5465 5,
1122 5399 1575 5472 Reimm.,ltost.;
1613 5401 1745 5456 Ven.
1780 5400 1937 5470 1411,

316 5470 501 5537 1515,
521 5469 720 5533 Paris..
748 5469 921 5535 Crat,
946 5469 1168 5540 Gymn.,
1198 5472 1365 5527 Torn.
1399 5469 1574 5536 1587;
1603 5473 1762 5527 1615.
1798 5472 1942 5527 Wal-

312 5542 490 5614 eliio,
542 5542 630 5596 ubi
676 5541 877 5610 Fasit.,
911 5542 1140 5614 Gryph.,
1169 5542 1452 5613 Thomas.,
1504 5544 1671 5612 Gall.,
1716 5543 1936 5614 Spark.,

310 5613 499 5686 Cel_l_.,
526 5614 747 5683 primum
772 5613 1033 5686 regnante.
1068 5614 1200 5686 BDN.

404 5682 670 5757 Nuntium
700 5682 855 5740 misit.
890 5685 988 5740 Ms.
1021 5687 1047 5741 1
1079 5685 1287 5742 Borion.
1333 5687 1502 5757 antiq.
1548 5695 1603 5741 et
1643 5701 1763 5742 cum
1800 5702 1866 5743 co
1906 5688 1939 5743 5

324 5752 479 5812 editi
503 5770 611 5811 rec.
645 5768 764 5827 post
785 5758 1049 5825 nuntium,
1076 5757 1277 5814 addunt
1303 5752 1479 5825 suum,
1500 5757 1642 5828 qttod
1670 5776 1697 5813 a
1724 5760 1938 5816 cancris

2119 4477 2391 4548 AllOlOCO.
2421 4476 2600 4548 Supra
2628 4478 2720 4532 lib.
2754 4475 2827 4548 tl,
2859 4490 2978 4548 cap.
3016 4475 3105 4531 18.

2122 4544 2666 4617 Explicabitueride
2713 4544 2849 4607 inl‘ra
2899 4544 2995 4603 lib.
3044 4562 3129 4615 tu,
3179 4559 3299 4617 cap.
3334 4545 3404 4602 15
3447 4554 3501 4603 et
3549 4545 3655 4615 22,

2049 4627 2211 4693 atque
2242 4619 2333 4673 lib.
2369 4618 2436 4673 de
2468 4618 2549 4673 lra
2582 4617 2715 4685 Dei,
2746 4634 2865 4693 cap.
2901 4618 2990 4674 15.

2122 4688 2246 4762 Non
2267 4706 2375 4762 esse
2397 4693 2694 4761 perfectam,
2714 4688 3128 4762 nisiiea'erceatur
3145 4689 3393 4762 adversis.
3416 4689 3657 4762 Intellige

2049 4760 2101 4815 in
2145 4760 2245 4817 hac
2282 4760 2403 4815 vita
2428 4760 2663 4816 mortali.
2706 4760 2845 4831 Quid
2874 4760 3055 4826 enim;
3106 4777 3231 4817 num
3262 4762 3315 4816 in
3348 4761 3519 4818 beatis
3548 4760 3655 4817 non

2046 4841 2129 4886 est
2174 4832 2409 4901 perfecta
2436 4832 2642 4887 virtus?
2685 4834 2755 4888 At
2784 4832 2902 4888 haec
2934 4848 3037 4887 uou
3070 4845 3352 4889 exercetur
3389 4833 3652 4889 adversis.

2120 4902 2258 4975 Deus
2286 4921 2421 4974 ergo.
2456 4903 2580 4958 Post
2612 4903 2729 4958 lucc
2759 4919 2889 4975 mss.
2925 4905 2949 4960 1
2982 4904 3114 4974 lleg.
3144 4905 3431 4975 autiquiss.
3463 4904 3651 4973 Cauc.,

2047 4972 2236 5047 (20th.,
2265 4972 2454 5029 Ma’rm.
2484 4985 2539 5030 et
2564 4976 2598 5031 5
2626 4975 2755 5031 editi
2784 4973 3021 5047 addunt,
3041 4972 3299 5047 justitiam
3326 4976 3650 5047 reducturus.

2050 5045 2153 5099 Pro
2200 5047 2422 5113 malum,
2456 5060 2558 5101 ms.
2620 5047 2753 5102 Pen.
2819 5046 2981 5102 habet
3042 5044 3315 5101 malitiam.
3363 5044 3514 5113 Quod
3557 5060 3651 5099 att-

2050 5126 2157 5171 tetn
2212 5117 2378 5177 dicit.
2426 5135 2529 5171 non
2590 5118 2807 5173 exclusit
2846 5119 3071 5183 malum,
3128 5117 3178 5171 id
3240 5128 3356 5180 est,
3411 5114 3652 5183 permisit

2048 5188 2270 5243 malum.
2329 5189 2467 5244 Ecce
2523 5187 2801 5244 Thoniasii
2853 5188 3068 5244 Scholia
3138 5188 3203 5241 ad
3257 5187 3397 5241 hunc
3448 5185 3648 5242 locum.

2047 5258 2217 5326 Hujus
2272 5259 2387 5315 hzec
2425 5260 2588 5315 verba
2628 5271 2771 5316 sunt.
2828 5259 2921 5313 Hie
2973 5259 3135 5313 etiam
3195 5271 3352 5313 voces
3397 5257 3651 5324 justitiam

2045 5332 2347 5385 reducturus
2368 5372 2383 5395 ,
2415 5332 2807 5401 expungendae,
2835 5344 2953 5398 qua:
3006 5342 3137 5382 sane
3185 5345 3271 5401 ex;
3305 5328 3547 5401 margine
3574 5333 3651 5387 vi-

2046 5401 2241 5457 dentur
2291 5404 2455 5457 luisse
2490 5399 2780 5457 translatae
2833 5401 2885 5453 itt
2956 5408 3183 5453 textum.
3252 5399 3306 5455 lu
3365 5399 3468 5456 hoc
3518 5416 3649 5458 sane

2043 5474 2217 5543 capite
2239 5474 2404 5528 multa
2424 5473 2636 5528 videtur
2656 5472 2834 5528 dicere
2852 5469 3177 5543 Lactantius,
3199 5471 3395 5543 quibus
3416 5473 3646 5542 qundam

2045 5542 2205 5599 modo
2249 5554 2522 5600 auctorem
2563 5544 2686 5598 mali
2713 5546 2911 5597 laceret
2940 5542 3130 5596 Deum.
3180 5542 3378 5600 Verum
3424 5545 3467 5599 si
3503 5558 3647 5600 recte

2043 5615 2252 5686 singula
2284 5616 2713 5680 considerentur,
2739 5612 2849 5686 hoc
2879 5615 2993 5684 ipse
3021 5630 3126 5669 non
3160 5617 3372 5672 asserit.
3406 5616 3646 5686 Namque

2041 5685 2285 5742 aut’dicit
2310 5689 2475 5743 Deum
2502 5701 2606 5740 non
2631 5685 2920 5742 excludere
2947 5687 3166 5755 malum,
3196 5689 3279 5743 vel
3312 5689 3619 5757 pt’rtuillerc

2042 5768 2099 5814 ut
2128 5759 2295 5815 virtus
2323 5774 2442 5814 cum
2476 5772 2582 5828 quo
2612 5768 2809 5830 pugnet
2837 5759 3050 5815 habeat.
3082 5773 3195 5815 iioc
3221 5773 3382 5814 etiam
3412 5774 3463 5811 Ill
3498 5771 3635 5819 ICCO,
