4142 6200
498 212 602 272 571

499 428 655 483 mur?
692 427 974 495 Quomodo
1012 427 1230 486 laudem
1269 444 1571 488 mereretur
1610 433 1802 491 devota
1847 435 1963 493 Deo
2001 452 2102 494 suo

503 519 673 585 ﬁdes,
705 518 809 573 nisi
846 528 997 576 esset
1037 520 1234 593 aliquis
1273 524 1363 591 qui
1402 540 1434 579 a
1472 523 1585 580 Deo
1622 527 1789 583 vellet
1815 530 2104 585 avertere?

502 610 637 666 Nam
666 620 723 666 et
760 610 882 667 ideo
923 612 1254 682 potentiores
1293 628 1415 673 esse
1453 616 1683 687 iniustos
1722 621 2006 693 permisit,
2048 630 2108 679 ut

504 717 701 774 cogere
725 702 796 760 ad
826 705 1024 762 malum
1052 717 1310 778 possent;
1340 709 1462 766 ideo
1490 712 1701 782 plures,
1734 723 1794 768 ut
1818 715 1988 771 virtus
2014 730 2105 772 es-

500 807 584 854 set
609 796 846 867 pretiosa
861 837 879 865 ,
908 814 1029 870 quae
1054 815 1176 856 rara
1197 812 1299 858 est.
1328 802 1482 871 Quod
1502 805 1718 875 quidem
1744 806 1920 877 ipsum
1938 808 2109 877 Quin-

500 890 715 947 tilianus
752 891 967 963 egregie
1002 907 1068 949 ac
1103 894 1342 952 breviter
1385 897 1623 954 ostendit
1652 900 1705 954 in
1732 901 1909 969 capite
1937 902 2112 958 obvo-

500 982 635 1040 luto.
664 1002 685 1035 ι
703 982 838 1038 Nam
864 1000 1017 1055 quae,
1040 985 1243 1057 inquit,
1271 988 1439 1044 virtus
1465 1001 1611 1045 esset
1636 992 1942 1048 innocentia
1960 1033 1976 1058 ,
2005 994 2109 1050 nisi

501 1076 717 1132 laudem
744 1078 940 1133 raritas
965 1078 1244 1135 dedisset?
1265 1080 1464 1136 Verum
1491 1083 1614 1153 quia
1640 1094 1833 1141 natura
1858 1085 1936 1142 sic
1953 1100 2110 1143 com-

502 1178 749 1240 paratum
786 1179 904 1239 est,
937 1180 997 1226 ut
1032 1171 1249 1239 odium,
1280 1174 1575 1245 cupiditas,
1608 1177 1718 1242 ira,
1750 1178 1805 1234 in
1848 1178 1935 1245 id,
1966 1180 2110 1250 quod

500 1262 894 1330 incubuerunt,
935 1274 1100 1335 agant
1135 1281 1342 1336 caecos,
1383 1283 1545 1340 supra
1588 1271 1861 1329 hominem
1899 1275 2112 1331 videtur

503 1354 663 1423 culpa
685 1369 902 1412 vacare.
924 1357 1141 1427 Alioqui
1177 1359 1226 1415 si
1268 1369 1459 1416 natura
1489 1377 1646 1432 pares
1674 1365 1923 1422 omnibus
1950 1366 2114 1424 aﬂ'ec-

503 1451 589 1500 tus
623 1444 891 1513 dedisset,
927 1447 1100 1517 pietas
1127 1449 1263 1505 nihil
1289 1460 1427 1506 erat.
1454 1472 1474 1506 ι

574 1537 690 1593 Iioc
711 1554 871 1609 quam
894 1555 1082 1596 verum
1105 1543 1196 1610 sit,
1219 1542 1380 1601 docet
1400 1547 1693 1605 necessitas
1714 1550 1831 1620 ipsa
1854 1552 2103 1610 rationis.

502 1629 563 1686 Si
591 1630 736 1686 enim
765 1633 936 1687 virtus
961 1641 1080 1702 est,
1114 1635 1271 1691 malis
1295 1652 1360 1692 ac
1380 1638 1524 1695 vitiis
1545 1639 1757 1697 fortiter
1777 1659 2101 1716 repugnare,

1537 219 1726 279 FIBM.
1766 221 2365 286 LAC’I‘ANTIIIMVIN.
2405 228 2649 290 INS'I‘I’I‘.

500 349 732 407 menque
760 335 1048 403 retineret,
1080 336 1127 393 si
1156 336 1289 394 nihil
1316 347 1493 408 esset,
1534 341 1679 411 quod
1720 344 1830 413 pati
1870 358 2094 416 cogere-
2116 349 2177 411 Α

3694 239 3805 301 572

2799 353 3026 413 CAPUT
3064 355 3199 413 VIII.

2206 484 2286 543 De
2306 488 2515 559 justitia
2539 488 2773 548 omnibus
2799 498 2919 546 nota
2948 509 3009 547 ac
3035 508 3138 547 non
3166 501 3424 565 suscepta;
3452 494 3516 551 de
3551 510 3668 552 vero
3702 494 3805 555 Dei

2280 584 2497 659 templo,
2537 593 2686 654 atque
2712 582 2791 640 'de
2834 586 2946 654 ejus
2985 584 3229 657 cultu,ut
3271 596 3456 643 cuncta
3478 599 3807 647 conterantur

2279 675 2420 730 vitia.

2281 792 2384 865 Qui
2411 810 2541 867 ergo
2561 803 2752 868 putant
2770 795 2974 868 justum
3005 811 3126 854 esse
3148 797 3442 864 neminem,
3466 809 3597 856 ante
3616 800 3809 858 oculos

2209 887 2412 944 habent
2430 886 2695 958 justitiam
2718 928 2735 955 ,
2780 888 2876 945 sed
2918 903 3038 944 eam
3071 888 3263 945 nolunt
3282 905 3527 947 cernere.
3558 890 3698 960 Quid
3726 902 3814 949 est

2209 981 2377 1049 enim,
2399 996 2497 1037 cur
2522 980 2669 1036 illam
2702 980 2787 1037 vel
2817 981 2872 1037 in
2913 981 3273 1051 carminibus,
3303 983 3389 1038 vel
3423 983 3479 1038 in
3519 983 3664 1039 omni
3693 998 3813 1041 ser-

2210 1087 2372 1129 mone
2401 1070 2740 1140 describant,
2765 1082 3161 1144 conquerentes
3187 1073 3305 1144 ejus
3330 1074 3655 1141 absentiam,
3682 1091 3812 1133 cum

2211 1168 2284 1222 sit
2309 1165 2623 1222 facillimum
2653 1166 2825 1222 bonos
2853 1180 2975 1222 esse
3001 1166 3047 1221 si
3079 1165 3288 1222 velint?
3328 1166 3465 1236 Quid
3506 1168 3660 1223 vobis
3691 1169 3813 1226 ina-

2209 1273 2335 1315 nem
2383 1258 2643 1328 justitiam
2672 1257 2961 1330 depingitis
2978 1299 2994 1324 ,
3027 1267 3083 1314 et
3112 1258 3310 1330 optatis
3334 1258 3530 1316 cadere
3554 1259 3622 1315 de
3648 1260 3812 1331 ctelo,

2213 1360 2465 1423 tanquam
2510 1351 2567 1406 in
2613 1351 2796 1423 aliquo
2839 1350 3132 1407 simulacro
3184 1350 3514 1422 ﬁguratam?
3571 1352 3710 1408 Ecce
3759 1352 3815 1408 in

2213 1456 2502 1518 conspectu
2533 1453 2714 1502 vestro
2734 1453 2847 1502 est:
2887 1444 3176 1516 suscipite,
3210 1444 3257 1499 si
3287 1444 3546 1515 potestis,
3584 1460 3817 1539 eamque

2214 1542 2269 1597 in
2297 1541 2571 1599 domicilio
2603 1539 2768 1597 vestri
2816 1538 3049 1611 pectoris
3098 1539 3397 1606 coiiocate;
3432 1552 3533 1595 nec
3559 1537 3817 1608 diilicile',

2212 1646 2308 1693 aut
2357 1636 2597 1693 alienum
2635 1650 2670 1691 a
2711 1633 3043 1705 temporibus
3086 1631 3426 1689 existimetis.
3457 1631 3649 1688 Estote
3668 1632 3815 1704 aequi

496 1731 722 1793 apparet
737 1724 853 1780 sine
870 1726 1011 1781 malo
1027 1741 1091 1783 ac
1108 1727 1239 1783 vitio
1271 1730 1470 1787 nullam
1504 1747 1628 1790 esse
1648 1736 1929 1794 virtutem:
1948 1754 2104 1808 quam

2214 1748 2280 1789 ac
2307 1732 2465 1800 boni;
2508 1742 2565 1788 et
2601 1739 2858 1803 sequetur
2899 1744 2996 1785 vos
3039 1743 3139 1787 sua
3174 1727 3593 1800 spontejustitia
3614 1769 3630 1794 ,
3656 1741 3823 1799 quam

504 1817 649 1873 Deus
670 1826 729 1872 ut
746 1817 1051 1874 absolutam
1075 1821 1479 1895 perfectamque
1503 1826 1783 1897 redderet,
1808 1831 2029 1887 retinuit
2055 1831 2109 1888 id

503 1911 650 1982 quod
674 1919 793 1967 erat
817 1911 865 1968 ei
891 1914 1221 1970 contrarium
1242 1956 1257 1981 ,
1286 1931 1408 1972 mim
1436 1934 1544 1988 quo
1569 1918 1879 1992 depugnare
1906 1934 2109 1995 posset.

502 2004 718 2075 Agitata
759 2004 903 2060 enim
944 2006 1100 2063 malis
1126 2008 1526 2078 quatientibus,
1557 2013 1900 2071 stabilitatem
1930 2017 2108 2088 capit;

497 2108 552 2155 et
571 2109 773 2168 quanto
793 2100 1107 2171 frequenter
1134 2101 1447 2173 impellitur,
1470 2114 1619 2162 tanto
1638 2107 1864 2164 firmiter
1885 2109 2113 2165 robora-

501 2198 612 2247 tur.
642 2190 771 2247 Iitec
796 2192 1052 2248 nimirum
1078 2209 1243 2250 causa
1267 2196 1464 2265 eilicit,
1495 2210 1554 2253 ut
1577 2201 1819 2270 quamvis
1844 2202 1915 2256 sit
1939 2202 2115 2259 homi-

502 2284 664 2339 nibus
688 2285 853 2341 missa
874 2284 1105 2355 justitia,
1131 2295 1309 2345 tamen
1332 2303 1553 2346 aureum
1575 2292 1830 2348 steculum
1855 2310 1960 2351 non
1986 2310 2109 2353 esse

500 2373 745 2443 dicatur;
772 2376 901 2448 quis
926 2378 1128 2435 malum
1153 2396 1261 2436 non
1288 2383 1539 2452 sustulit,
1564 2393 1622 2439 ut
1649 2386 1909 2443 retineret
1934 2387 2113 2445 diver-

500 2470 759 2621 suam,
789 2487 912 2545 qua
950 2485 1350 2535 sacramentum
1373 2477 1582 2552 divinae
1619 2478 1900 2553 religionis
1934 2482 2114 2540 conti-

502 2573 596 2621 net
738 2600 755 2620 .

502 2573 596 2622 net
618 2573 755 2621 8011.

2213 1824 2475 1896 quaeritis.
2531 1822 2793 1894 Deponite
2834 1835 3054 1878 omnem
3103 1820 3299 1875 malam
3344 1818 3726 1891 cogitationem
3749 1819 3823 1876 de

2216 1916 2472 1974 cordibus
2499 1915 2695 1972 vestris
2711 1932 2727 1982 ;
2744 1926 2799 1971 et
2815 1913 2997 1970 statim
3020 1912 3175 1969 vobis
3200 1911 3333 1968 illud
3356 1920 3573 1983 tempus
3588 1926 3820 1967 aureum
3846 1960 3849 1963 .

2215 2018 2519 2065 revertetur
2548 2024 2562 2064 :
2594 2006 2737 2078 quod
2766 2006 2924 2062 aliter
2949 2004 3209 2075 consequi
3237 2018 3345 2059 non
3367 2003 3618 2075 potestis,
3646 2017 3815 2074 quam

2214 2103 2266 2158 si
2318 2102 2487 2159 Deum
2539 2116 2726 2158 verum
2772 2100 2954 2157 colere
2990 2098 3287 2170 ceperitis.
3314 2095 3427 2152 Vos
3450 2105 3662 2160 autem,
3693 2109 3820 2151 ma-

2219 2202 2382 2251 nente
2421 2193 2568 2250 cultu
2620 2192 2883 2261 deorum,
2912 2190 3177 2262 justitiam
3205 2188 3528 2246 desideratis
3554 2190 3607 2244 in
3640 2196 3821 2256 terra;

2218 2288 2365 2361 quod
2413 2287 2533 2345 iieri
2581 2286 2730 2343 nullo
2783 2294 2940 2357 pacto
2986 2293 3200 2357 potest:
3232 2283 3329 2340 sed
3359 2298 3430 2340 ne
3462 2292 3572 2339 tum
3600 2281 3829 2354 quidem

2215 2381 2424 2453 potuit,
2470 2396 2595 2438 cum
2641 2380 2875 2452 putatis;
2921 2379 3047 2451 quia
3091 2377 3333 2434 nondum
3361 2377 3504 2434 natis
3528 2377 3632 2434 diis
3657 2377 3817 2445 istis,

2215 2492 2355 2550 quos
2406 2477 2572 2549 impie
2620 2475 2837 2544 colitis,
2888 2487 3114 2530 necesse
3158 2481 3244 2529 est
3292 2472 3453 2528 unius
3497 2472 3592 2527 Dei
3620 2472 3827 2529 cultum

2216 2573 2385 2629 fuisse
2430 2583 2530 2642 per
2574 2576 2775 2625 terram
2803 2585 2816 2621 :
2844 2568 2964 2639 ejus
2993 2565 3203 2623 scilicet
3229 2565 3323 2638 qui
3349 2573 3641 2623 execratur
3668 2565 3828 2623 mali-

1843 2714 2208 2777 VABIORUBI
2244 2712 2476 2774 NOTAE.

500 2834 663 2897 atque
686 2828 811 2884 alibi
837 2840 961 2906 cum
987 2830 1054 2886 de
1078 2830 1236 2886 malis
1252 2831 1383 2906 agit,
1399 2832 1620 2891 nomine
1637 2834 1925 2900 malorum,
1947 2850 2091 2906 saepe

500 2915 609 2974 non
636 2910 743 2955 tam
764 2914 854 2957 res
878 2901 1021 2971 ipsas
1049 2910 1252 2974 turpes,
1277 2901 1363 2959 vel
1387 2906 1770 2974 turpitudinem
1798 2922 1984 2963 earum
2012 2901 2090 2962 in-

498 2970 722 3043 telligit,
755 2970 915 3043 quam
944 2989 1031 3031 res
1059 2970 1311 3030 adierSas
1341 2984 1396 3030 et
1426 2970 1632 3032 natura:
1659 2980 1988 3043 contrarias;
2030 2987 2091 3034 ut

2198 2830 2668 2890 Buneman.-—In
2702 2831 2758 2886 id
2794 2830 2933 2901 quod
2957 2829 3300 2901 incubuerint.
3325 2828 3533 2886 Bonan.
3556 2830 3828 2899 Reimm.,

2199 2907 2350 2976 Lips.
2378 2904 2450 2960 2:
2482 2904 2550 2958 In
2574 2904 2662 2976 id,
2694 2904 2831 2976 quod
2859 2903 3219 2976 incitauerunt.
3251 2900 3453 2976 anes
3480 2917 3643 2976 vero,
3676 2903 3732 2956 in
3771 2903 3831 2959 id

2199 2973 2336 3051 quod
2354 3020 2368 3043 ,
2400 2990 2498 3045 pro
2523 2976 2577 3030 in
2602 2975 2684 3041 id,
2709 2973 3096 3051 'in‘quod_;_pe£
3123 2973 3336 3051 ellipsin
3366 2974 3679 3051 praepositio
3716 2987 3826 3029 an-

496 3042 744 3099 infelices
780 3042 1014 3120 eventus
1033 3088 1047 3110 ,
1075 3060 1283 3120 venena
1325 3056 1379 3120 et
1402 3047 1597 3103 similia
1615 3091 1629 3115 ,
1658 3065 1779 3119 qure
1805 3042 2019 3120 proprie
2044 3058 2098 3106 et
2123 3046 2168 3110 C
2204 3042 2457 3120 iecedens
2485 3063 2594 3120 non
2617 3042 2901 3120 repetitur.
2935 3042 3195 3120 δίζε-ξ)ρῆ
3224 3046 3294 3099 9.7
3320 3061 3336 3120 :_
3370 3042 3457 3120 N_e_
3478 3042 3592 3117 quis
3624 3046 3686 3120 in
3709 3061 3829 3101 eos-

497 3128 603 3190 per_
614 3128 674 3169 se
692 3114 833 3169 maia
854 3125 1130 3190 nonsunt,
1152 3117 1247 3172 sed
1268 3118 1393 3188 quia
1416 3120 1570 3190 nobis
1591 3114 1716 3174 sunt
1736 3114 1918 3187 nokia,
1939 3121 2096 3190 vulgo

500 3185 639 3259 mala
664 3197 942 3259 vocantur.
968 3188 1112 3243 Idem
1135 3204 1264 3244 vero
1287 3185 1430 3259 quod
1454 3191 1539 3244 hic
1561 3192 1635 3245 ait
1661 3185 1985 3254 Lactantius.
2009 3185 2095 3247 di-

496 3256 576 3328 xit
601 3255 922 3313 Ambrosius
948 3259 1001 3313 in
1030 3255 1378 3327 Expositione
1407 3259 1606 3315 Psaim.
1637 3278 1880 3328 cxxvm,
1910 3263 2090 3318 Serm.

502 3327 601 3403 I6;
628 3336 834 3403 tantum
861 3344 981 3403 quas
1007 3330 1313 3386 Lactantius
1341 3346 1491 3387 more
1516 3335 1656 3403 vulgi
1684 3327 1896 3389 vocavit
1921 3335 2058 3388 mala
2078 3377 2092 3403 ,

498 3399 588 3453 illa
628 3400 923 3475 nominavit
955 3413 1187 3475 austera.
1216 3404 1287 3475 Et
1324 3405 1465 3458 mala
1486 3444 1500 3467 ,
1544 3399 1716 3475 inquit
1742 3399 2092 3473 Ambrosius,

498 3486 608 3526 non
638 3473 840 3545 creavit
876 3472 1019 3529 Deus
1038 3516 1053 3541 ,
1086 3473 1182 3528 sed
1212 3474 1326 3545 inec
1354 3490 1475 3545 qua:
1507 3472 1756 3531 videntur
1788 3477 1943 3532 nobis
1973 3491 2098 3532 aus-

499 3550 648 3609 tera,
677 3542 905 3619 verbera
926 3587 942 3610 ,
973 3561 1117 3599 mors
1144 3556 1198 3619 et
1225 3542 1532 3617 hujusmodi
1559 3549 1695 3614 alia,
1725 3556 2098 3619 quteprnpter

498 3613 933 3688 emendationem
981 3613 1311 3688 prtescripta'
1337 3626 1463 3672 sunt
1503 3613 1805 3674 noxiorum.
1853 3613 1912 3674 In
1956 3613 2097 3673 malo

500 3686 691 3760 etiam.
714 3695 768 3739 et
794 3686 1250 3760 quovis'peccato,
1282 3689 1421 3743 sicut
1450 3688 1720 3760 theologi,
1752 3698 1806 3745 et
1834 3691 2098 3759 imprimis

500 3758 853 3831 Augustinus,
872 3759 967 3815 lib.
993 3777 1046 3825 v,
1073 3775 1192 3829 cap.
1218 3761 1272 3825 5,
1295 3770 1481 3814 contra
1498 3758 1769 3815 Iulianum
1800 3758 2101 3831 latedispu-

500 3837 608 3903 t_at,
633 3828 1093 3903 duoconsiderari
1114 3828 1362 3903 possunt,
1394 3831 1668 3901 turpitudo
1692 3833 1805 3903 ipsa
1832 3843 1887 3889 et
1913 3828 2093 3901 pinna.

499 3899 797 3972 Turpgitndo
827 3902 958 3956 nihil
992 3902 1223 3972 pertinet
1250 3900 1319 3955 ad
1351 3899 1513 3957 Deum
1538 3920 1552 3957 :
1585 3899 1757 3971 postue
1780 3899 1955 3959 tamen
1980 3919 2099 3960 rec-

501 3980 555 4027 te
603 3970 801 4025 dicitur
826 3972 967 4028 Deus
992 3970 1179 4028 auctor
1199 3988 1341 4028 esse.
1369 3974 1433 4028 Et
1458 3974 1556 4027 hac
1584 3970 1800 4040 quidem
1830 3976 2099 4030 divisione

501 4043 701 4115 poterit
738 4058 863 4098 vere
906 4044 1123 4101 defendi
1166 4044 1269 4099 hoc
1306 4047 1426 4101 loco
1466 4046 1806 4112 Lactantius,
1853 4048 2099 4115 quamvis

500 4113 639 4186 quod
683 4126 808 4170 ante
848 4116 1099 4184 diximus,
1131 4118 1467 4173 commodius
1499 4118 1738 4171 videatur
1766 4113 1943 4173 verbis
1964 4116 2098 4173 Lac-

501 4186 652 4240 tantii
703 4203 859 4257 priSse
884 4190 1076 4257 aptari.
1104 4189 1159 4246 Si
1190 4189 1275 4243 cui
1302 4201 1484 4245 tamen
1515 4188 1727 4243 videtur
1754 4189 1839 4245 hic
1866 4188 2100 4243 Lactan-

499 4258 603 4312 tius
628 4257 809 4314 dicere
832 4260 996 4315 Deum
1017 4261 1335 4331 simpliciter
1356 4276 1477 4317 esse
1494 4261 1623 4315 mali
1640 4268 1937 4327 auctorem,
1962 4262 2098 4315 sciat

501 4345 599 4384 nos
627 4347 743 4385 earn
769 4333 1098 4400 opinionem,
1122 4348 1282 4403 quam
1304 4334 1536 4387 maxime
1560 4331 1821 4398 cxecrari,
1848 4348 1910 4386 ac
1939 4346 2099 4401 prop-

502 4410 645 4475 terea
700 4402 841 4457 hunc
885 4403 1123 4462 laborem
1153 4406 1448 4475 suscipere,
1480 4413 1536 4457 ut
1563 4405 1805 4458 videatur
1830 4420 1890 4459 ca
1916 4404 2099 4475 opinio

2201 3122 2315 3176 dem
2344 3119 2551 3190 laqueos
2578 3118 2809 3190 incidat,
2836 3130 2975 3190 quos
2997 3117 3079 3171 illi
3095 3125 3292 3190 ueteres
3318 3115 3626 3190 inciderunt.
3650 3115 3791 3173 Bon.

2274 3187 2441 3261 Culpa
2474 3205 2674 3244 vacare.
2716 3187 2882 3258 Quia,
2912 3187 3521 3261 juxta_Hieronymum,
3563 3188 3619 3243 in
3656 3203 3832 3246 carne

2198 3258 2383 3318 vivere
2409 3271 2605 3333 praeter
2630 3275 2845 3333 carnem
2865 3300 2886 3333 ,Α
2910 3258 3151 3333 angelica
3180 3258 3351 3330 magis
3378 3260 3493 3333 vita
3515 3268 3830 3333 e_st,_quam

2203 3330 2456 3389 humana.
2480 3332 2734 3387 Ciceroni
2760 3330 3012 3402 quidem,
3038 3340 3095 3384 ut
3117 3331 3170 3384 in
3198 3334 3431 3401 septimo
3455 3330 3824 3399 Epistolarum

2202 3406 2341 3461 libro
2366 3404 2432 3459 ad
2466 3403 2691 3457 Marium
2717 3401 2938 3462 scribit.
2967 3401 3139 3470 Culpa
3167 3415 3364 3456 vacare
3394 3415 3646 3473 magnum
3676 3402 3826 3457 sola-

2202 3478 2336 3531 timn
2378 3484 2481 3531 est.
2529 3476 2595 3529 Et
2620 3483 2705 3529 est
2734 3489 2864 3529 sane
2901 3475 3231 3528 conscientia
3275 3473 3423 3528 mille
3462 3483 3661 3529 testes:
3722 3475 3824 3530 sed

2201 3548 2402 3603 Paulus
2442 3547 2755 3601 universum
2798 3544 3108 3598 mortalium
3149 3558 3321 3615 genus
3359 3546 3534 3615 culpa:
3578 3545 3822 3615 snbjicit.

2203 3620 2526 3675 BBTULBIUS.
2547 3647 2617 3658 —
2637 3619 2701 3672 Et
2724 3659 2738 3683 ,
2770 3617 2815 3671 si
2844 3616 3125 3670 dixerimus
3151 3617 3393 3686 quoniam
3421 3626 3684 3687 peccatum
3715 3632 3824 3673 non

2200 3692 2446 3745 habemus
2468 3732 2481 3755 ,
2509 3690 2693 3744 veritas
2717 3691 2771 3743 in
2797 3689 2942 3762 nobis
2968 3698 3187 3762 non_est.
3220 3687 3478 3762 (Unam,
3510 3704 3563 3762 t_,
3593 3689 3673 3762 8).

2276 3763 2336 3818 Si
2362 3770 2548 3817 natura
2574 3777 2724 3831 pares
2750 3761 2982 3815 omnibus
3009 3758 3492 3825 affectus'dedisset.
3518 3760 3610 3816 Sic
3629 3758 3828 3816 emen-

2202 3835 2323 3889 davi
2362 3850 2429 3890 ex
2474 3848 2606 3888 mss.
2637 3832 2982 3903 Regio-PaL,
3025 3833 3059 3887 5
3086 3831 3157 3886 al.
3201 3831 3363 3902 Reg.,
3410 3831 3445 3886 6
3483 3831 3756 3903 Colbert.,
3788 3835 3833 3890 2

2199 3907 2464 3970 Clarom.,
2498 3906 2643 3969 Em.,
2672 3902 2855 3972 eam,
2886 3904 3050 3957 Brun.
3086 3912 3142 3958 et
3169 3905 3328 3957 editis
3356 3904 3445 3957 11.
3478 3902 3676 3973 Scripti
3708 3915 3841 3963 tres

2203 3977 2535 4049 totidemque
2557 3978 2785 4049 vulgati,
2808 3975 3108 4049 affectibus;
3128 3974 3371 4030 nonnulli
3395 3973 3626 4049 eiectus,
3655 3977 3837 4049 male.

2276 4047 2494 4104 Nullam
2538 4047 2950 4105 esse'virtutem.
3002 4051 3030 4103 1
3074 4048 3283 4103 Βοηοιι.
3326 4047 3496 4117 antiq.
3539 4047 3676 4102 nilnil
3715 4062 3840 4105 esse

2200 4121 2465 4176 virtutem.

2278 4192 2345 4247 Et
2373 4201 2564 4263 quanto
2594 4196 2881 4265 frequenter
2906 4190 3212 4265 ivnpellitur,
3245 4199 3387 4265 tanta
3416 4190 3633 4265 [ir-initer
3662 4191 3835 4248 robo-

2201 4275 2364 4319 ratur.
2387 4262 2490 4322 ’Sic
2516 4262 2726 4320 restitui
2758 4280 2821 4320 ex
2850 4264 3103 4321 omnibus
3129 4277 3260 4318 mss.
3295 4263 3364 4318 Et
3393 4263 3473 4317 sic
3503 4262 3837 4323 Lactantius

2202 4337 2419 4407 scripsit
2470 4334 2650 4407 pitrasi
2699 4336 2974 4391 nonnullis
3022 4334 3375 4404 scriptoribus
3428 4336 3834 4394 ecclesiasticis

2206 4408 2460 4477 peculiari
2486 4425 2500 4474 ;
2550 4409 2601 4462 in
2635 4408 2793 4464 editis
2824 4408 2993 4477 magis
3022 4408 3218 4461 usitata
3247 4415 3329 4461 est
3358 4414 3550 4477 quanto
3579 4409 3840 4476 frequen-

503 4450 680 4550 nul'los
700 4450 1502 4550 alii?)yé“s"pi.§iér'na"iisiis
1521 4475 1790 4531 habuisse.
1815 4450 2103 4531 Hicc'Tho-
2126 4450 2182 4512 D
2537 4450 2753 4547 ﬁrmius.
2787 4479 2893 4536 Sed
2911 4450 3061 4533 IDmss.
3092 4478 3270 4533 ierunt
3306 4450 3612 4550 frequentat,
3654 4450 3842 4547 iirmi-

499 4544 689 4598 misius
717 4546 768 4599 in
795 4546 905 4601 suis
926 4548 993 4603 ad
1017 4550 1351 4605 Lactantium
1380 4551 1543 4605 notis.

574 4613 733 4692 N_am_
739 4626 785 4670 et
812 4618 945 4692 ideo.
978 4622 1297 4692 Conjuuctio
1322 4633 1369 4677 et
1396 4622 1737 4679 desideratur
1762 4623 1817 4680 in
1844 4625 1869 4680 1
1900 4624 2107 4684 Bonon.

502 4686 821 4749 Regio-Pun
852 4697 904 4743 et
933 4691 985 4745 in
1008 4694 1042 4749 5
1069 4686 1249 4748 editis.

628 4759 899 4835 otentiores
931 4778 1037 4817 esse
1064 4765 1301 4835 injustas.
1348 4760 1478 4820 Mss.
1512 4763 1580 4819 12
1608 4781 1718 4823 rec.
1754 4773 1807 4823 et
1837 4766 1964 4825 edd.
1997 4779 2107 4828 vel.

502 4831 689 4904 Bouh,
719 4840 772 4885 et
798 4831 949 4896 ΑΜ..
980 4831 1218 4904 potiores.

580 4902 710 4987 Qua:
734 4902 1096 4987 νίκης-αδκεις
1123 4903 1337 4987 reposui
1363 4922 1428 4963 ex
1455 4921 1586 4963 mss.
1617 4910 1643 4966 I
1677 4911 1887 4987 Bonon.,
1914 4916 2107 4987 antiq.,

506 4975 725 5057 _5_Rle.g_.,
811 4974 1045 5057 Clarum.
1075 4974 1367 5057 {secunda
1398 4995 1557 5034 manu
1579 5022 1594 5046 ,
1621 4994 1675 5038 et
1700 4974 2107 5057 edit.rGymnic.

504 5047 658 5126 Multi
680 5046 880 5126 habent
899 5049 1406 5126 quod;_Begio-Put.
1425 5068 1565 5126 quo;
1591 5069 1700 5109 rec.
1718 5056 1853 5126 quod
1873 5046 1990 5111 raro
2013 5069 2105 5113 est.

576 5118 756 5194 Capite
778 5120 1032 5194 obvoluto.
1057 5118 1298 5178 Fuit—hoc
1321 5118 1741 5194 declamationis
1760 5143 1955 5183 nomen
1975 5170 1989 5194 ,
2014 5129 2110 5184 sed

505 5189 819 5265 deperditze.
840 5223 912 5233 —
932 5192 996 5247 In
1022 5195 1188 5265 capite
1214 5195 1471 5251 obvoluto.
1505 5190 1668 5251 I‘eriit
1695 5197 1797 5252 hoc
1827 5189 2105 5265 scrinium.

510 5262 816 5338 prolutupt
844 5272 926 5319 est
949 5262 1180 5335 opertum
1202 5309 1214 5331 ,
1248 5275 1305 5321 ιιι
1331 5268 1422 5321 lib.
1452 5282 1501 5333 ι,
1533 5283 1653 5338 cap.
1680 5267 1780 5322 22:
1807 5262 2111 5325 Obvolutam

506 5335 610 5385 vini
636 5336 936 5418 amphoram
965 5340 1107 5408 poni.
1141 5338 1312 5393 Plaut.
1345 5338 1575 5396 Mostell.
1603 5335 1644 5394 it
1670 5383 1684 5406 ,
1718 5342 1743 5394 1
1773 5358 1785 5394 :
1814 5338 1993 5412 Capite
2017 5341 2111 5397 ob-

505 5403 678 5478 voluto
704 5415 759 5459 ut
786 5409 950 5476 fugiat
979 5449 992 5463 .
1020 5446 1035 5462 .
1063 5450 1075 5463 .
1103 5415 1226 5478 fuge
1251 5420 1401 5477 atque
1426 5411 1567 5478 operi
1594 5420 1769 5478 caput.
1802 5410 1936 5467 BUN.

594 5422 678 5459 uta
704 5422 759 5459 ut
787 5422 950 5467 tumul
979 5449 992 5463 .
1020 5446 1035 5462 .
1063 5450 1075 5463 .
1106 5422 1226 5467 [uae
1251 5422 1401 5467 atque
1426 5422 1565 5467 oneri
1594 5422 1769 5467 caput.
1804 5422 1936 5467 BUN.

596 5423 678 5459 uta
704 5423 759 5459 ut
786 5423 950 5476 jugtttl
979 5449 992 5463 .
1020 5446 1035 5462 .
1063 5450 1075 5463 .
1103 5423 1226 5481 [uge
1251 5423 1401 5477 atque
1426 5428 1565 5480 operi
1594 5423 1769 5482 caput.
1804 5423 1936 5467 BUN.

596 5473 767 5555 Virtus
792 5487 915 5531 esset
939 5481 1248 5555 innocentia.
1277 5480 1403 5537 Mss.
1431 5481 1467 5535 2
1489 5482 1720 5550 Bonon.,
1752 5483 1777 5538 1
1809 5483 1941 5555 Reg.
1971 5499 2110 5555 rec.,

507 5546 667 5613 Tax.,
696 5547 1011 5602 innocentiae.

583 5618 651 5700 in
682 5617 736 5671 id
766 5619 1285 5700 qttad_incubuerttnl.
1319 5624 1445 5700 "me
1464 5624 1631 5700 lectio
1661 5634 1743 5682 est
1767 5641 1903 5700 [ηδε.
1936 5627 2107 5700 antiq.

508 5690 545 5764 ἓ
573 5691 804 5755 Bonon.,
841 5688 1069 5764 (illegﬂ
1112 5693 1145 5746 5
1172 5691 1347 5764 Colb.,
1399 5696 1425 5749 1
1455 5696 1714 5764 Clarom.,
1767 5697 1935 5755 Brun.
1976 5699 2036 5754 In
2068 5688 2114 5757 ’4

514 5757 644 5833 Ileg.
677 5773 813 5831 rem,
841 5758 912 5821 25
933 5757 1085 5822 Gell).
1116 5770 1226 5830 est,
1248 5757 1582 5837 incubuerint,
1600 5757 1745 5841 quod
1768 5766 1928 5830 habet
1946 5770 2111 5831 etiam

2136 4588 2137 4591 η
2217 4563 2315 4635 ιιινἶ
2345 4551 2420 4608 Ita
2451 4561 2505 4606 et
2534 4551 2959 4635 SsAugustinus
2979 4591 2993 4616 ,
3025 4559 3207 4635 anmoto
3236 4550 3603 4635 comparativo
3627 4590 3643 4615 ,
3675 4553 3844 4635 (tired

2214 4626 2446 4680 reticere
2476 4630 2657 4689 amat,
2691 4621 2767 4677 ait
2798 4623 2889 4679 lib.
2923 4638 2993 4688 rt,
3039 4621 3334 4677 Retractat.
3376 4636 3495 4689 cap.
3531 4621 3633 4689 15,
3662 4622 3721 4675 n'
3756 4622 3841 4682 ϐε

2217 4696 2347 4763 Quae
2376 4696 2501 4749 mihi
2535 4695 2681 4765 quasi
2725 4693 3198 4765 declamatiolevis
3241 4696 3375 4765 (pro
3403 4693 3561 4747 levior
3582 4693 3600 4762 )
3623 4735 3639 4760 ,
3668 4709 3845 4765 quam

2212 4768 2382 4839 gravis
2408 4764 2659 4836 confessio
2682 4766 2897 4821 videtur.
2929 4796 2997 4806 —
3029 4764 3563 4891 Quantosfrequentsr.
3588 4804 3599 4816 .
3624 4803 3640 4819 .
3682 4764 3846 4821 tanta

2218 4839 2448 4891 ﬁrmiter.
2477 4837 2658 4891 Altum
2681 4838 2748 4891 de
2770 4836 2871 4891 hac
2892 4837 3125 4891 lectione
3152 4838 3204 4890 in
3274 4835 3449 4891 oark..
3483 4835 3645 4891 CelI..
3672 4834 3846 4891 Wal-

2214 4834 2448 4909 ﬁrmiter.
2477 4834 2658 4893 Altum
2681 4838 2748 4892 de
2770 4836 2871 4892 hac
2892 4837 3125 4893 lectione
3152 4838 3204 4890 in
3229 4834 3449 4905 Spark.,
3483 4835 3645 4904 Cell.,
3672 4834 3847 4909 Wal-

2212 4907 2367 4981 chio,
2403 4909 2719 4981 Heumanno
2741 4910 3046 4981 silentium;
3076 4922 3196 4963 eam
3227 4916 3695 4981 tamenprrestant
3721 4907 3848 4965 Bo—

2214 4976 2367 5049 non.,
2395 4981 2553 5047 Tax.,
2579 4979 2710 5036 Pen.
2734 4991 2788 5036 et
2806 4997 2937 5037 mss.
2964 4979 3079 5035 fere
3101 4995 3291 5034 omnes
3312 4976 3451 5033 lsa2i.
3475 4976 3670 5033 Omnia
3691 4982 3846 5037 satis

2211 5053 2374 5109 latina
2418 5062 2579 5121 sunt,
2609 5053 2771 5108 modo
2808 5052 3097 5107 subaudias
3124 5053 3311 5123 magis.
3339 5050 3469 5105 Vide
3490 5049 3739 5123 GronoV.
3762 5052 3846 5109 ad

2213 5124 2351 5181 Livii
2379 5126 2470 5182 lib.
2495 5141 2544 5193 ι,
2567 5138 2686 5193 cap.
2709 5123 2802 5193 25,
2826 5134 2881 5181 et
2900 5124 2965 5177 ad
2988 5123 3122 5193 Livii
3142 5121 3232 5176 lib.
3260 5134 3459 5188 δίκην,
3484 5136 3605 5191 cap.
3629 5121 3697 5188 ὡς
3720 5122 3844 5180 Ta-

2214 5200 2353 5276 citus
2384 5197 2483 5276 Ιώ..¹
2507 5192 2563 5252 ut
2588 5192 2822 5276 AnnaL,
2853 5211 2976 5276 cap.
3004 5192 3103 5249 46:
3132 5194 3337 5276 Quanto
3360 5193 3579 5276 pecunia
3617 5194 3752 5276 dites
3784 5204 3847 5251 et

2213 5270 2557 5341 voluptatibus
2602 5263 3099 5341 opulentos_,'tanto
3148 5263 3589 5341 magishimbellos
3615 5263 3847 5325 ﬁdus

2215 5335 2462 5405 evincite;
2492 5340 2583 5395 lib.
2618 5335 2694 5394 ittt
2722 5338 2919 5393 Annal.
2943 5380 2958 5406 ,
3000 5352 3121 5407 cap.
3157 5338 3258 5392 II:
3292 5335 3727 5409 Clementiamqu
3768 5355 3846 5395 ac

2202 5413 2496 5480 justitiam,
2541 5420 2729 5481 quanto
2770 5412 2972 5482 ignara,
2997 5409 3257 5473 barbaris,
3304 5416 3445 5482 tanta
3491 5409 3845 5482 tolerantin

2216 5492 2520 5552 capesseret.
2551 5478 2705 5551 Quod
2738 5478 2822 5537 hic
2848 5490 2902 5537 et
2929 5481 3102 5552 aliiin
3129 5492 3238 5535 uno
3265 5479 3507 5535 membro
3537 5478 3714 5552 solum
3744 5479 3844 5537 fa-

2216 5550 2397 5622 ciunt,
2431 5555 2481 5608 id
2509 5550 2654 5623 smpe
2683 5555 2736 5607 in
2767 5561 2995 5622 utroque
3023 5550 3418 5617 Tertullianus,
3458 5563 3507 5604 c.
3551 5566 3602 5621 g.
3641 5551 3733 5607 lib.
3772 5568 3792 5607 ι
3815 5595 3837 5619 ,

2215 5625 2431 5681 Naliou.
2459 5627 2525 5681 7:
2562 5625 2765 5691 Quanto
2792 5625 2940 5694 proni
2978 5624 3046 5677 ad
3084 5623 3364 5689 malitiam,
3406 5630 3547 5675 tanta
3586 5624 3659 5676 ad
3695 5627 3843 5684 mali

2217 5697 2680 5769 fidemopportuni
2711 5696 2862 5769 estis.
2894 5695 3027 5751 Buu.

2220 5757 2229 5848 ξ
2290 5757 2567 5825 Cotto'catc.
2592 5765 2717 5826 Mss.
2743 5766 2810 5824 t3
2837 5781 2947 5826 rec.
2977 5779 3032 5828 et
3054 5764 3088 5825 ϐ
3115 5762 3286 5839 editi,
3313 5757 3632 5825 οοκοιίιαὲιαι
