4142 6200
393 221 502 279 573

1595 223 1801 286 LIBER
1837 222 1904 284 V.
1948 223 2039 285 DE
2072 224 2402 288 JUSTITIA.

3552 232 3559 245 ’
3592 236 3701 294 574-

3503 306 3547 321 ι--τ

394 342 522 398 tiam
542 383 559 406 ,
586 342 859 415 exigitque
884 344 1212 413 bonitatem;
1244 344 1398 419 citius
1427 342 1689 419 templum
1719 351 1839 414 est,
1876 356 1985 401 non
2011 343 2197 425 Alide
2236 353 2293 402 et
2318 352 2520 403 aeterna
2568 346 2906 417 praeferrent.
2944 346 3062 405 Non
3091 357 3276 406 essent
3299 309 3597 420 adulteria,
3618 351 3701 411 'et

389 434 627 506 lapides,
658 442 751 491 aut
774 434 943 493 lutum
967 479 984 506 ,
1018 436 1116 495 sed
1157 436 1320 495 homo
1347 438 1461 507 ipse
1479 478 1495 505 ,
1523 436 1614 510 qui
1639 435 1864 507 figuram
1892 435 1987 492 Dei

387 536 586 601 gestat.
634 528 789 597 Quod
839 530 1097 603 templum
1128 546 1235 588 non
1259 533 1372 587 auri
1399 541 1453 588 et
1469 544 1803 602 gemmarum
1831 526 1990 586 donis

388 620 864 692 corruptibilibus,
903 619 999 679 sed
1027 623 1243 679 aeternis
1268 622 1522 679 virtutum
1559 621 1872 677 muneribus
1898 636 1989 677 or—

385 723 565 771 natur.
595 713 796 769 Discite
822 712 983 785 igitur
1001 714 1067 786 (si
1085 714 1211 786 quid
1236 714 1389 771 vobis
1410 714 1630 785 reliquae
1659 713 1854 769 mentis
1879 710 1986 784 est)

385 806 636 865 homines
666 806 790 862 ideo
834 807 1005 864 malos
1033 818 1089 864 et
1114 809 1341 879 injustos
1369 822 1491 864 esse
1511 848 1526 874 ,
1548 808 1673 878 quia
1698 805 1772 861 dii
1793 805 1985 862 colun-

386 909 508 967 tur;
538 909 592 955 et
617 897 742 956 ideo
767 900 907 954 mala
932 899 1115 957 omnia
1142 900 1305 957 rebus
1332 899 1583 956 humanis
1611 898 1852 971 quotidie
1903 898 1989 954 in-

382 1006 732 1064 gravescere,
751 993 874 1063 quia
904 993 1041 1048 Deus
1066 987 1227 1065 hujus
1255 990 1438 1048 mundi
1467 991 1692 1048 effector
1713 998 1769 1048 et
1788 989 1987 1062 guber-

381 1100 540 1147 nator
585 1091 877 1149 derelictus
922 1101 1042 1160 est;
1088 1093 1215 1167 quia
1258 1101 1528 1164 suscepta:
1577 1100 1736 1160 sunt,
1788 1098 1981 1148 contra

382 1196 544 1254 quam
588 1186 671 1239 fas
717 1193 833 1251 est,
864 1184 1041 1254 impiae
1069 1185 1396 1257 religiones;
1426 1194 1735 1256 postremo,
1759 1186 1884 1257 quia
1914 1200 1983 1241 ne

380 1274 484 1331 coli
510 1274 756 1345 quidem,
788 1274 876 1331 vel
901 1291 932 1330 a
961 1276 1144 1346 paucis
1164 1318 1181 1343 ,
1206 1277 1380 1334 Deum
1409 1277 1608 1334 sinitis.

451 1368 607 1437 Quod
632 1371 677 1426 si
702 1370 850 1426 solus
883 1370 1026 1427 Deus
1083 1371 1373 1439 coleretur,
1421 1386 1531 1429 non
1559 1379 1742 1428 essent
1770 1371 1980 1428 dissen-

373 1461 559 1517 siones
604 1469 659 1517 et
700 1461 875 1529 bella,
928 1477 1052 1519 cum
1099 1464 1302 1520 scirent
1331 1462 1575 1522 homines
1607 1464 1766 1521 unius
1796 1479 1857 1520 se
1880 1464 1979 1521 Dei

371 1552 515 1609 ﬁlios
564 1568 721 1622 esse;
773 1553 1003 1626 ideoque
1047 1554 1246 1612 divinae
1287 1556 1702 1615 necessitudinis
1740 1572 1897 1615 sacro
1922 1565 1979 1615 et

368 1645 667 1702 inviolabili
709 1646 928 1703 vinculo
985 1646 1269 1719 copulatis,
1300 1648 1463 1705 nulla:
1482 1648 1677 1706 fierent
1720 1649 1970 1719 insidiae,

367 1752 491 1794 cum
515 1739 719 1795 scirent
742 1738 1045 1810 cuiusmodi
1073 1754 1265 1813 ptenas
1294 1741 1437 1797 Deus
1464 1741 1765 1797 animarum
1795 1740 1968 1796 inter-

366 1829 659 1886 fectoribus
713 1840 1087 1901 praepararet,
1130 1833 1222 1904 qui
1270 1831 1604 1888 clandestina
1642 1832 1886 1900 scelera,
1915 1839 1971 1889 et

364 1922 511 1993 ipsas
529 1922 690 1978 etiam
717 1923 1070 1994 cogitationes
1095 1923 1357 1994 pervidet.
1377 1924 1494 1980 Non
1516 1935 1697 1980 essent
1723 1922 1963 1994 fraudes,

364 2028 544 2085 neque
574 2013 798 2084 rapinae,
818 2014 864 2068 si
897 2014 1006 2071 Deo
1031 2016 1372 2087 praecipiente
1401 2016 1739 2085 didicissent,
1757 2025 1814 2073 et
1838 2033 1960 2086 suo,

360 2115 419 2164 et
447 2118 613 2179 parvo
635 2116 759 2164 esse
778 2108 1053 2179 contenti,
1088 2117 1149 2164 ut
1169 2107 1444 2180 fragilibus
1463 2148 1480 2176 ,
1509 2117 1565 2165 et
1583 2109 1799 2167 caducis
1825 2148 1840 2176 ,
1872 2123 1960 2165 so-

2089 447 2274 509 stupra
2294 479 2310 505 ,
2362 448 2417 495 et
2460 439 2744 496 mulierum
2769 439 3176 513 prostitutiones
3198 484 3213 510 ,
3242 441 3287 498 si
3312 440 3565 503 omnibus
3596 459 3697 500 no-

2091 537 2203 585 tum
2235 538 2418 599 esset,
2448 529 2693 587 damnari
2722 546 2751 585 a
2799 532 2911 587 Deo
2973 532 3231 605 quidquid
3259 534 3526 604 appetitur
3550 533 3695 593 ultra

2088 621 2384 693 generandi
2414 622 2783 693 cupiditatem.
2818 622 2928 679 Nec
2957 624 3232 681 faeminam
3278 625 3574 680 necessitas
3605 640 3699 682 co-

2088 722 2243 787 geret
2281 714 2541 786 pudorem
2588 730 2744 771 suum
2791 715 3105 787 profanare,
3152 725 3210 771 ut
3235 717 3431 771 victum
3463 716 3564 773 sibi
3594 717 3695 775 ob-

2090 808 2492 865 sctenissimum
2520 817 2761 878 quzerat;
2791 822 2911 863 cum
2942 817 2996 864 et
3025 824 3201 865 mares
3244 806 3520 863 libidinem
3559 824 3693 865 con-

2091 899 2355 967 tinerent,
2401 906 2458 954 et
2519 897 2834 955 habentium
2870 901 2959 971 pia
2984 909 3041 956 et
3068 901 3317 972 religiosa
3340 900 3553 956 collatio
3585 917 3691 960 non

2090 989 2414 1046 habentibus
2440 989 2774 1047 subveniret.
2825 990 2942 1047 Non
2990 999 3174 1047 essent
3203 992 3396 1063 igitur,
3439 1001 3495 1047 ut
3538 991 3688 1062 dixi,

2086 1082 2202 1139 lucc
2229 1084 2411 1138 omnia
2442 1082 2492 1138 in
2526 1084 2686 1139 terris
2715 1084 2857 1139 mala
2888 1126 2903 1151 ,
2943 1085 2987 1139 si
3023 1084 3090 1140 ab
3124 1084 3374 1143 omnibus
3420 1086 3474 1141 in
3514 1086 3686 1158 legem

2087 1171 2183 1231 Dei
2229 1175 2605 1245 conjuraretur
2631 1192 2647 1241 ;
2676 1174 2721 1230 si
2748 1175 2815 1230 ab
2842 1176 3105 1233 universis
3134 1176 3342 1243 ﬁerent,
3392 1194 3511 1249 quae
3551 1194 3688 1235 unus

2083 1276 2271 1323 noster
2295 1267 2523 1338 populus
2553 1272 2826 1338 operatur.
2859 1267 3031 1337 Quam
3078 1268 3267 1324 beatus
3291 1277 3469 1336 esset,
3499 1286 3687 1342 quam-

2082 1374 2186 1431 que
2238 1375 2433 1416 aureus
2476 1360 2831 1416 humanarum
2864 1376 3043 1417 rerum
3084 1368 3285 1429 status,
3318 1361 3363 1416 si
3391 1377 3485 1432 per
3515 1370 3684 1419 totum

2079 1452 2270 1510 orbem
2298 1454 2676 1520 mansuetudo,
2707 1463 2762 1509 et
2791 1454 2961 1525 pictas
2988 1494 3004 1522 ,
3033 1463 3087 1510 et
3110 1470 3243 1526 pax,
3272 1463 3326 1510 et
3354 1455 3681 1526 innocentia,

2078 1553 2132 1601 et
2179 1545 2438 1615 aequitas,
2496 1555 2551 1601 et
2607 1545 2995 1616 temperantia,
3054 1555 3108 1601 et
3161 1545 3294 1601 fides
3342 1551 3679 1607 moraretur!

2078 1638 2321 1709 Denique
2363 1637 2432 1693 ad
2487 1638 2753 1710 regendos
2782 1638 3029 1695 homines
3082 1655 3190 1695 non
3216 1655 3352 1710 opus
3383 1651 3527 1696 esset
3571 1652 3679 1699 tam

2077 1732 2259 1787 multis
2282 1741 2337 1787 et
2367 1740 2475 1787 tam
2506 1734 2668 1788 variis
2701 1732 2907 1805 legibus
2932 1774 2947 1799 ,
2990 1747 3112 1787 cum
3158 1733 3223 1787 ad
3256 1733 3550 1802 perfectam
3582 1736 3669 1791 in-

2075 1826 2381 1881 nocentiam
2408 1824 2503 1881 Dei
2531 1824 2615 1881 lex
2641 1840 2745 1881 una
2774 1824 3085 1892 sufficeret;
3130 1840 3304 1895 neque
3329 1829 3632 1884 carceribus
3653 1871 3669 1896 ,

2070 1938 2246 1994 neque
2259 1921 2450 1993 gladiis
2467 1920 2798 1991 praesidium,
2813 1936 2989 1991 neque
3002 1929 3210 1977 terrore
3229 1935 3530 1990 pennarum,
3546 1938 3670 1979 cum

2069 2022 2462 2085 praceptorum
2479 2013 2780 2071 cmlestium
2796 2012 3087 2070 salubritas
3104 2012 3353 2069 humanis
3369 2014 3673 2083 pectoribus

2066 2105 2264 2173 infusa,
2288 2107 2430 2164 ultro
2457 2104 2759 2177 adjustitia:
2778 2119 2945 2177 opera
2966 2104 3215 2163 homines
3234 2105 3493 2163 erudiret.
3518 2105 3672 2164 Nunc

1704 2240 2071 2303 VARIORUM
2107 2241 2335 2301 NOTA‘J.

432 2386 558 2444 Non
594 2387 827 2459 lapides,
853 2395 943 2442 out
969 2386 1152 2442 lutum.
1182 2384 1309 2444 Mss.
1338 2385 1504 2443 Brun.
1533 2399 1637 2441 non
1663 2385 1799 2457 lapis
1817 2424 1834 2453 ,
1863 2392 1955 2441 aut

356 2461 557 2587 1⁸εῇἜῇ
600 2532 717 2602 auri
755 2540 802 2586 et
844 2546 1161 2602 gemmarum
1206 2528 1373 2602 donis.
1406 2528 1618 2602 Sequor
1648 2543 1786 2602 mss.
1810 2528 1951 2602 anti-

353 2603 577 2676 quiores
605 2598 639 2658 6
668 2602 799 2674 Reg.
823 2598 903 2671 ,‘4
934 2601 1168 2659 Colbert.
1201 2600 1400 2674 Scripti
1420 2601 1456 2659 8
1481 2598 1591 2658 rec.
1625 2608 1681 2657 et
1704 2598 1836 2658 editi
1874 2599 1953 2657 fe-

353 2682 486 2732 runt
523 2690 669 2730 auro.

428 2746 679 2803 Ornatur.
718 2744 972 2802 Nonnulli
997 2744 1126 2802 editi
1142 2786 1161 2815 ,
1175 2752 1412 2819 ornetur.

427 2838 637 2896 Discite.
680 2838 755 2896 lts
790 2838 1008 2909 reposui
1035 2854 1101 2894 ex
1128 2838 1536 2909 quamplurimis
1563 2838 1721 2895 editis
1747 2852 1815 2895 ex
1839 2852 1954 2895 om-

350 2912 516 2967 nibus
552 2928 698 2983 _mss.
753 2920 949 2983 praeter
992 2911 1021 2983 Vl
1070 2910 1205 2983 Reg.
1252 2925 1363 2983 rec.
1416 2912 1505 2983 qui
1534 2909 1698 2966 habet
1724 2909 1952 2983 aprima

350 2998 517 3038 manu
541 2981 692 3038 Disce
714 3025 728 3049 ,
754 2980 814 3037 ut
838 2982 891 3037 in
913 2980 1232 3054 quibusdam
1264 2982 1563 3052 impressis.

425 3074 489 3130 Si
510 3074 634 3145 quid
662 3075 798 3129 vobis
828 3073 1035 3143 reliqua:
1064 3072 1242 3145 mentis
1273 3081 1364 3127 csl.
1396 3070 1698 3137 Walcliius,
1725 3074 1943 3143 reliqua,

346 3144 555 3214 inquit,
588 3162 749 3211 mens,
777 3160 890 3215 qua:
917 3144 1205 3199 hominibus
1228 3153 1340 3215 post
1381 3145 1580 3214 lapsum
1607 3147 1784 3200 relicta
1828 3146 1946 3214 fuit.

342 3217 479 3273 Mihi
518 3218 701 3272 valent
750 3220 864 3271 tunc
911 3216 1133 3281 eadem,
1178 3232 1241 3271 ac
1282 3216 1317 3269 l.
1350 3231 1402 3281 ι,
1427 3234 1477 3271 c.
1504 3216 1570 3271 21
1602 3235 1615 3270 :
1651 3218 1710 3273 Si
1751 3217 1947 3271 habetis

342 3289 545 3370 aliquid
572 3289 806 3370 sttuite-tis
827 3288 963 3370 ;_l_ib.
996 3304 1048 3370 ν..
1067 3302 1130 3370 _c.
1255 3286 1317 3342 Si
1340 3287 1463 3357 quid
1491 3287 1628 3341 vobis
1653 3288 1822 3370 cordis
1846 3298 1939 3354 est;

343 3354 481 3416 ibid.
511 3374 560 3414 c.
584 3360 618 3416 9
644 3379 659 3414 :
689 3360 749 3415 Si
774 3359 897 3430 quid
925 3354 1125 3430 sapitis.
1172 3354 1550 3424 chmauuus,
1578 3373 1678 3429 pro
1700 3359 1943 3428 reliquae,

344 3430 539 3486 scribit
584 3431 834 3501 reliquum
864 3446 881 3485 :
922 3429 1016 3484 sed
1042 3445 1156 3501 non
1185 3438 1272 3485 est
1299 3444 1430 3497 opus
1460 3431 1539 3501 ab,
1561 3430 1789 3485 lectione
1829 3444 1947 3485 om-

343 3503 496 3557 nium
534 3500 790 3557 librorum
841 3501 1010 3555 abire.
1039 3500 1114 3554 ιω
1145 3501 1467 3555 Prudentius
1500 3500 1813 3557 Cattieiner.
1848 3516 1938 3568 ιι,

342 3574 418 3628 94
438 3616 453 3639 ,
483 3574 551 3630 95
576 3592 588 3626 :
621 3574 683 3628 Si
720 3574 997 3643 quidquam
1016 3571 1106 3625 tibi
1128 3573 1306 3643 mentis
1329 3573 1512 3643 resedit
1541 3572 1769 3642 integrat.
1803 3572 1941 3627 Bur-

340 3659 577 3699 mannus
602 3660 669 3700 ex
691 3640 929 3699 Suetonii
960 3640 1140 3697 Tiber.
1169 3658 1217 3697 c.
1249 3642 1347 3697 62:
1372 3640 1765 3697 Classiariorum
1786 3659 1943 3697 manu

341 3717 561 3770 elidente
607 3716 890 3783 cadavera,
937 3729 1028 3768 nec
1066 3714 1148 3768 cui
1182 3714 1383 3770 residui
1420 3716 1640 3785 spiritus
1660 3713 1942 3786 quidquam

342 3788 547 3842 inesset.
568 3786 699 3842 BDN.

420 3879 486 3933 Et
510 3879 732 3949 injustas
758 3894 883 3942 esse,
904 3879 1025 3950 quia
1057 3878 1130 3932 dii
1167 3878 1427 3933 coluntur.
1452 3877 1669 3935 Crimen
1696 3878 1941 3949 objecto-

337 3966 462 4007 rum
502 3950 763 4022 majorum
820 3952 1217 4022 impietatisque
1258 3950 1398 4022 bene
1435 3960 1711 4022 retorquet
1748 3952 1801 4005 in
1842 3966 1939 4007 na-

337 4022 536 4078 tiones.
566 4020 796 4077 Turtull.
832 4021 1059 4092 Apolog.
1088 4035 1206 4091 cap.
1224 4022 1289 4077 41
1318 4020 1449 4077 :Vos
1479 4020 1638 4091 igitur
1659 4022 1939 4092 importuni

337 4094 490 4149 rebus
515 4093 771 4160 humanis,
800 4110 887 4147 vos
917 4094 988 4146 rei
1016 4093 1333 4163 publicorum
1362 4094 1821 4162 incommodorum,
1848 4110 1937 4149 vos

337 4166 595 4219 malorum
623 4165 780 4219 illices
800 4181 1020 4234 semper,
1043 4165 1183 4235 apud
1206 4181 1331 4235 quos
1355 4164 1492 4218 Deus
1522 4167 1799 4235 spernitur,
1827 4175 1937 4219 sta-

338 4246 446 4291 ture
479 4237 779 4290 adorantur.
811 4235 1063 4304 Cyprian.
1106 4234 1173 4289 ad
1215 4234 1593 4291 Demetrian.:
1631 4235 1847 4302 Quando
1877 4253 1937 4291 ea

334 4308 473 4377 ﬁunt
518 4323 630 4378 quae
676 4308 807 4360 iram
834 4305 929 4361 Dei
942 4306 1271 4378 indignantis
1289 4307 1577 4378 ostendunt,
1609 4324 1710 4361 non
1730 4318 1939 4377 propter

337 4395 436 4432 nos
468 4377 620 4447 ﬁunt,
649 4393 681 4430 a
718 4379 903 4450 quibus
929 4377 1067 4450 Deus
1102 4377 1309 4450 colitur;
1331 4378 1420 4429 sed
1446 4377 1642 4450 delictis
1666 4387 1715 4432 et
1743 4380 1935 4434 meritis

2058 2392 2117 2441 et
2143 2382 2525 2453 impressorum
2556 2391 2702 2441 octo.
2725 2382 2838 2440 Hoc
2862 2383 3095 2455 probant
3120 2397 3284 2441 voces
3309 2383 3659 2454 clandestina,-

2062 2456 2190 2525 item
2220 2455 2574 2525 cogitationes.

2137 2523 2207 2581 Ut
2230 2523 2516 2597 fragilibus.
2550 2525 2743 2582 Addidi
2763 2534 2820 2581 ut
2848 2542 2914 2582 ex
2943 2525 2976 2582 6
3003 2526 3161 2582 editis
3181 2527 3498 2596 cunctisque
3526 2544 3658 2586 mss.

2058 2606 2260 2668 prater
2283 2596 2573 2668 i’Colbert.
2606 2609 2661 2652 et
2692 2598 2717 2651 Ι
2741 2597 3005 2664 Clarom.,
3035 2597 3089 2652 in
3111 2598 3307 2665 quibus
3330 2598 3464 2653 etin
3488 2601 3522 2655 9
3550 2603 3667 2656 vnl-

2060 2667 2200 2739 gatis
2231 2667 2588 2725 desideratur.
2608 2669 2676 2724 Et
2704 2669 2899 2725 ibidem
2930 2684 3025 2738 pro
3050 2669 3378 2738 ριάξῖεντεηι,
3403 2669 3665 2730 Francius

2061 2744 2128 2795 ad
2144 2754 2303 2810 oram
2335 2740 2417 2795 sui
2446 2740 2705 2797 Lactantii
2734 2740 2946 2810 legebat
2975 2740 3239 2810 prrefeire.

2133 2806 2513 2866 Familiam...
2535 2821 2751 2879 quazral.
2788 2806 2886 2866 Ms.
2916 2806 3162 2866 Brunfet
3191 2809 3319 2867 edit.
3352 2809 3528 2868 Betui.
3562 2816 3659 2887 [ως

2058 2880 2243 2936 minas.
2255 2921 2292 2937 ..
2322 2891 2575 2952 quierant.

2132 2952 2304 3008 llam
2340 2953 2599 3008 libidinem
2637 2954 2965 3008 continerent.
3009 2952 3253 3010 Genuiua
3294 2954 3455 3011 lectio
3493 2970 3521 3009 a
3566 2972 3654 3016 me

1975 3055 2020 3119 c
2055 3026 2307 3119 59291915:
2331 3025 2589 3119 esse}:
2625 3026 2898 3119 '3e::.'_:_°‘
2920 3023 3485 3119 .‘Ze'lu.;°_:'_"e_isftts
3522 3043 3655 3119 "es:

2055 3106 2251 3165 praeter
2275 3095 2309 3150 2
2331 3094 2463 3167 Reg.
2500 3111 2610 3152 rec.
2640 3095 2867 3168 quibus,
2918 3112 2981 3151 ac
3032 3096 3247 3153 caeteris
3272 3094 3524 3168 excusis,
3577 3110 3661 3157 est

2052 3175 2449 3222 contemnerent.
2496 3180 2507 3208 ε

2126 3236 2385 3311 lietigiosa
2411 3239 2639 3293 collatio.
2669 3239 2722 3293 ld
2748 3248 2831 3294 est
2864 3239 3104 3311 collectae
3125 3242 3509 3311 eleemosyaro.

2125 3309 2256 3385 Non
2274 3320 2434 3385 essent
2465 3312 2640 3382 igitur.
2666 3320 2723 3364 ut
2748 3312 2876 3365 dixi.
2906 3310 3063 3385 Ms.__l
3088 3312 3307 3385 Borion.
3335 3309 3505 3385 antiq.
3539 3323 3594 3371 et

2049 3380 2178 3453 edit.
2209 3397 2320 3453 rec.
2351 3379 2457 3453 Nec
2485 3379 2645 3453 essent
2672 3392 2891 3453 mutua,
2912 3392 2967 3434 ut
2988 3382 3098 3435 dixi
3117 3398 3135 3445 ;
3165 3384 3361 3453 inepte.

2125 3450 2187 3505 Si
2214 3446 2277 3505 ab
2300 3451 2552 3507 ontnibus.
2608 3451 2685 3505 Ex
2717 3451 2925 3507 cunctis
2965 3467 3106 3522 pene
3146 3446 3275 3506 mss".
3308 3454 3640 3511 restitutum.

2045 3521 2119 3595 In,
2150 3522 2187 3576 2
2231 3522 2364 3595 Reg.
2393 3538 2505 3579 rec.
2548 3525 2581 3579 5
2606 3521 2846 3579 Colbert.
2873 3532 2929 3579 et
2950 3523 3111 3581 editis
3153 3523 3254 3589 16,
3300 3525 3345 3577 si
3393 3526 3457 3579 ab
3487 3527 3654 3581 Itami-

2044 3594 2217 3649 uibus.

2119 3663 2187 3719 In
2235 3663 2399 3737 legem
2440 3660 2534 3718 Dei
2577 3665 2951 3733 conjuraretur.
2984 3664 3040 3719 Id
3070 3673 3189 3733 est,
3241 3669 3647 3737 conspiraretur,

2041 3748 2173 3803 seu,
2200 3745 2259 3791 ut
2287 3735 2519 3791 Callanus
2557 3744 2612 3791 et
2650 3737 2907 3791 Francius
2949 3738 3167 3804 volunt,
3204 3738 3486 3807 juraretur.
3528 3735 3649 3797 vn:

2042 3808 2187 3861 enim
2216 3808 2489 3877 conjurare
2507 3808 2825 3933 plerumque
2846 3808 2896 3861 in
2926 3809 3120 3862 malam
3152 3816 3357 3876 partem
3384 3813 3648 3879 accipitur

2042 3892 2071 3931 a
2103 3878 2474 3933 scriptoribus.
2553 3879 2817 3933 actantius
2848 3880 3011 3933 iultur
3050 3878 3268 3933 orourie
3297 3880 3469 3933 voluit
3496 3885 3645 3933 acci-

2041 3892 2071 3931 a
2103 3878 2474 3948 scriptoribus.
2507 3878 2817 3933 Lactantius
2848 3880 3011 3949 igitur
3050 3878 3268 3949 proprie
3297 3880 3469 3935 voluit
3496 3878 3645 3937 acci-

2043 3963 2171 4016 pere
2221 3965 2316 4019 pro
2360 3949 2516 4003 simul
2562 3950 2781 4018 jurare;
2814 3947 2976 4020 atque
3005 3947 3190 4003 alludit
3212 3948 3281 4003 ad
3314 3952 3547 4018 priscum
3579 3955 3645 4008 il-

2042 4020 2150 4074 lum
2205 4035 2409 4076 morem
2438 4062 2452 4085 ,
2493 4036 2599 4092 quo
2642 4021 2815 4076 sancti
2851 4022 2950 4076 viri
2970 4021 3191 4077 Judzcos
3210 4020 3524 4090 iuramento
3547 4024 3646 4080 ob-

2039 4091 2372 4162 stringebant
2394 4132 2407 4154 ,
2440 4107 2499 4146 se
2516 4091 2830 4147 servaturos
2859 4093 2951 4148 Dei
2983 4094 3179 4162 legem,
3200 4094 3389 4149 necati
3416 4095 3502 4149 illa
3529 4097 3641 4150 ullo

2038 4163 2203 4234 modo
2226 4162 2552 4219 deﬂexuros.
2576 4164 2724 4219 Talis
2753 4161 3057 4234 coniuratio
3083 4163 3221 4218 bona
3253 4170 3307 4218 et
3333 4161 3644 4221 laudabilis.

2037 4233 2325 4290 Cumas.
2350 4262 2421 4276 —-
2447 4234 2699 4290 Attamen
2723 4251 2830 4289 non
2860 4233 3249 4290 discedendum
3302 4249 3332 4287 a
3373 4249 3646 4292 consensu

2035 4307 2280 4361 omnium
2311 4307 2642 4375 scriptorum
2667 4316 2720 4361 et
2748 4306 3037 4361 editorum.
3071 4305 3206 4359 Nam
3238 4305 3365 4357 licet
3398 4305 3641 4373 plerum-

2036 4390 2143 4442 que
2198 4379 2249 4431 in
2291 4379 2485 4431 malam
2534 4393 2744 4445 partem
2794 4385 3054 4440 sumatur,
3083 4375 3308 4429 Servius
3355 4384 3531 4430 tamen
3575 4377 3642 4433 ad

333 4445 516 4505 vestris
543 4445 857 4520 irrogantur,
888 4464 919 4501 a
946 4449 1129 4519 quibus
1161 4446 1298 4502 Deus
1321 4448 1529 4502 omnino
1551 4464 1640 4503 nec
1662 4451 1930 4521 quaeritur,
1959 4449 2013 4511 D
2038 4445 2192 4521 Virg.
2218 4462 2312 4501 vnt
2501 4449 2536 4503 5
2561 4463 2575 4501 :
2611 4446 2948 4521 Notandum,
2974 4447 3191 4521 inquit;
3206 4445 3269 4498 de
3289 4462 3347 4521 re
3369 4446 3498 4521 bona
3520 4464 3643 4502 con-

334 4538 431 4576 nec
453 4523 671 4576 timetur.
706 4520 1086 4577 Enusuuonsr.

411 4614 539 4688 Ideo
569 4615 800 4688 malm...
844 4614 1215 4688 ingravescere.
1244 4611 1399 4688 Legit
1425 4612 1653 4688 vestigia
1677 4611 1934 4688 Cypriani

334 4655 1277 4753 adv..Dem‘etrianum?Objiciebant
1316 4655 1933 4744 CcntllcSOClirislianos

330 4773 460 4813 esse
504 4758 741 4813 omnium
784 4757 1045 4812 malorum
1086 4770 1298 4827 causas.
1345 4755 1500 4811 Talia
1527 4764 1585 4811 ut
1610 4755 1929 4827 refutarent,

329 4827 608 4901 Arnobius
638 4844 765 4901 suos
795 4828 963 4901 libros
988 4835 1176 4901 contra
1189 4826 1572 4901 _Centiles,ret
1602 4830 1931 4901 Augustinus

329 4916 473 4983 opus
512 4900 589 5026 tie
618 4898 863 5027 lCivitate
910 4899 1040 4968 Dei,
1085 4906 1141 4954 et
1178 4896 1404 4955 Orosius
1442 4896 1733 4979 Historiam
1777 4912 1929 4959 suam

329 4986 523 5027 SCI‘IDSI
558 5010 572 5025 .
663 4987 749 5027 us.

328 4971 572 5041 scripsit.
618 4970 749 5027 Dux.
1722 4970 1733 4979 ’

408 5041 692 5115 Copulatis.
722 5043 857 5115 Sine
887 5043 993 5098 ulla
1025 5041 1479 5115 interpunctione.
1504 5041 1596 5098 Sic
1623 5043 1834 5115 restitui
1860 5060 1929 5101 ex

325 5129 469 5170 mss.
505 5115 538 5170 7
560 5114 695 5185 Reg.
720 5113 860 5169 inter
886 5128 1022 5185 quos
1060 5113 1182 5169 duo
1203 5124 1328 5170 sunt
1366 5114 1711 5185 vetustissimi
1735 5155 1749 5181 ,
1790 5130 1858 5170 ex
1895 5119 1931 5173 4

324 5185 570 5242 Colbert.
603 5182 891 5254 multisque
907 5182 1037 5240 aliis
1060 5226 1076 5252 ,
1106 5195 1161 5242 et
1190 5195 1296 5241 vet.
1322 5185 1454 5242 edit.
1482 5182 1640 5241 Rom.
1666 5186 1864 5257 Scripti
1891 5186 1924 5242 7

325 5272 446 5329 ree.
477 5265 532 5313 et
558 5257 769 5326 plurimi
790 5257 920 5329 editi
956 5257 1153 5329 habent
1178 5257 1463 5329 copulatas.

408 5327 755 5399 Prtepararet.
804 5328 884 5383 Ita
929 5328 1149 5398 reposui
1195 5326 1262 5385 ei
1314 5343 1471 5400 mss,
1500 5326 1818 5400 Regio-Put.
1872 5339 1929 5388 et

325 5401 743 5469 quamplurimis
799 5400 957 5465 aliis,
1006 5408 1060 5455 et
1108 5408 1213 5455 vet.
1260 5401 1419 5456 editis
1458 5399 1616 5456 Rom.
1650 5399 1862 5457 favente
1894 5404 1921 5459 1

325 5472 440 5525 alio
469 5469 600 5542 Reg.
633 5471 1030 5541 antiquissimo,
1071 5471 1126 5526 in
1156 5487 1263 5539 quo
1292 5473 1485 5541 legitur
1513 5473 1842 5542 prwpararit;
1873 5475 1925 5531 in

312 5538 367 5599 ’4
397 5543 527 5614 Reg.
553 5538 696 5607 rec.,
718 5538 1023 5614 iB'Colbert.
1077 5551 1134 5598 et
1160 5538 1193 5599 9
1222 5538 1455 5605 excusis,
1505 5538 1790 5614 praeparet.

403 5612 693 5685 Pervidel._
711 5613 800 5670 Sic
826 5614 1034 5685 restitui
1061 5628 1127 5685 cx
1152 5628 1282 5668 mss.
1312 5612 1545 5668 maximo
1572 5612 1796 5685 numero
1815 5658 1830 5685 ,
1859 5631 1923 5675 ac

323 5685 367 5739 2
388 5694 495 5738 vet.
513 5685 645 5740 edit.
667 5683 826 5758 Rom.
858 5683 971 5740 lloc
993 5684 1159 5743 verbo
1182 5686 1381 5756 passim
1408 5683 1921 5758 utiturLactantius;

322 5766 386 5814 et
413 5756 792 5833 congruentius
812 5762 925 5829 est,
956 5768 1116 5829 quam
1146 5758 1277 5816 videt
1306 5757 1794 5830 manuscriptorutu
1823 5756 1922 5823 set

2026 4517 2341 4587 jurationem
2380 4519 2482 4571 dici

2528 4534 2694 4587 posse.
2738 4518 2934 4590 Notum
2978 4514 3109 4571 illud
3134 4514 3413 4573 Claudiani
3440 4517 3510 4575 de
3540 4535 3597 4575 ιιι
3619 4560 3636 4590 ,

2038 4587 2259 4645 Consul.
2292 4588 2535 4655 Honorii,
2569 4604 2689 4659 pag.
2723 4589 2814 4656 96,
2843 4588 2913 4644 98
2940 4606 2953 4644 :

2160 4681 2202 4733 Ο
2225 4683 2425 4732 nimium
2444 4681 2626 4743 dilecte
2650 4681 2775 4740 Deo,
2792 4682 2871 4730 cui
2896 4681 3070 4731 militat
3092 4681 3259 4743 ather,

2156 4744 2221 4797 Et
2236 4742 2477 4808 conjurati
2501 4745 2706 4796 veniunt
2741 4745 2799 4795 ad
2821 4744 3019 4795 classica
3044 4746 3195 4795 venti.

2106 4846 2422 4924 Horas-etut.
2452 4848 2513 4904 Ni
2547 4849 2856 4924 Lactantius
2881 4850 3131 4924 sieloqni
3154 4861 3398 4924 amaret,
3442 4862 3498 4908 ut
3524 4852 3635 4924 jam

2034 4927 2321 4986 annotavi,
2353 4921 2598 4977 lubenter
2620 4937 2745 4978 cum
2791 4923 3020 4978 Francio
3049 4923 3343 4979 scriberem
3372 4921 3633 4979 morarcno

2035 5001 2159 5116 turd:
2188 4992 2330 5063 quod
2359 5005 2546 5057 contra
2577 5008 2706 5051 mss.
2742 5002 2797 5050 et
2831 4994 3096 5052 editorum
3128 4995 3289 5051 [idem
3320 4994 3498 5052 facere
3526 5010 3633 5050 non

2035 5077 2099 5116 au
2142 5079 2227 5116 eo.

2031 5077 2227 5118 aUGBO.

2102 5133 2233 5189 Tam
2258 5135 2451 5195 multis.
2476 5136 2688 5194 Iamdiu
2710 5136 2968 5194 dixerunt
2992 5137 3199 5194 cordati
3230 5152 3292 5192 ac
3317 5135 3612 5205 sapientes,

2029 5206 2227 5279 multas
2276 5207 2420 5276 leges
2472 5221 2843 5279 argumentum
2870 5226 2991 5266 esse
3012 5218 3383 5279 corruptorum
3412 5207 3477 5279 in
3513 5207 3619 5261 lle-

2029 5276 2157 5346 pub.
2184 5293 2418 5333 morum.
2452 5276 2605 5336 Unde
2629 5280 2819 5338 Cicero
2840 5299 2878 5337 ιι
2904 5282 2970 5335 de
2999 5276 3229 5340 Officiis,
3256 5286 3310 5331 et
3337 5276 3624 5335 Sallustius

2028 5350 2277 5421 dixerunt
2296 5389 2313 5412 .
2339 5366 2406 5405 ex
2438 5352 2591 5407 malis
2617 5354 2856 5409 moribus
2883 5353 3049 5406 bonas
3073 5348 3220 5405 nasci
3245 5348 3409 5421 leges.

2100 5418 2411 5494 grauidam.
2446 5423 2543 5490 Qui
2575 5424 2864 5494 provinciis
2898 5429 3185 5494 praeerant.

2103 5490 2252 5547 Ultro
2280 5493 2350 5567 ad
2366 5490 2590 5566 justitiai
2616 5511 2772 5562 opera
2816 5490 3046 5567 homines
3085 5494 3327 5567 erudiret.
3362 5494 3630 5567 Praeposi-

2029 5562 2228 5637 t_ionem
2259 5564 2329 5618 ad
2367 5562 2436 5621 ex
2465 5579 2592 5619 mss.
2620 5574 2678 5619 et
2705 5564 2919 5637 excusis
2940 5563 3153 5631 addidi,
3208 5582 3329 5637 quae
3358 5562 3512 5624 deest
3536 5570 3629 5624 nni

2026 5633 2348 5707 Bononiensi
2378 5637 2545 5707 antiq.
2568 5645 2626 5707 et
2653 5633 2812 5707 editis
2844 5638 3105 5707 quinque.
3136 5633 3269 5695 Vide
3311 5638 3450 5694 infra
3501 5656 3619 5705 cap.

2025 5706 2149 5782 1‘0,
2172 5706 2469 5763 erudiuntur
2504 5704 2578 5782 ⁸ξιιι
2622 5704 2969 5782 iujttstt'tidur;
2993 5704 3063 5763 ct
3088 5726 3209 5782 cap.
3242 5709 3305 5768 Η
3339 5710 3405 5766 ad
3434 5704 3617 5774 θιιριη,

2025 5772 2109 5853 Ad
2130 5776 2237 5837 laws
2253 5790 2408 5850 opera
2427 5777 2646 5839 cultores
2669 5772 2798 5839 suos
2822 5778 3084 5849 erudiunt.
