4142 6200
511 269 620 329 575
1547 273 1734 333 FIRM.
1776 273 2142 334 LACTANTII
2169 273 2375 332 DlVlN.
2420 274 2669 333 INSTIT.
3711 274 3818 331 576

512 394 690 445 autem
709 389 832 445 mali
850 389 1324 463 suntignoratione
1342 395 1472 450 recti
1490 408 1553 450 ac
1569 393 1878 462 boui.Quod
1896 395 2111 466 quidem
2140 403 2190 464 Α
2217 411 2315 452 eos
2333 396 2409 463 ﬁt,
2435 411 2596 468 quam
2631 404 2690 452 ut
2726 395 3064 465 occidantur,
3103 397 3186 453 vel
3230 397 3282 453 in
3315 398 3626 454 servitutem
3650 396 3822 452 abdu-

511 478 703 538 Cicero
724 473 888 549 vidit;
918 482 1198 556 disputans
1218 487 1361 542 enim
1387 486 1456 542 de
1485 487 1728 558 legibus:
1761 505 1779 540 ‹
1807 487 1960 544 Sicut
1981 503 2108 557 una,
2211 498 2422 546 cantur.
2457 492 2572 545 Hoc
2600 506 2728 546 vero
2756 491 3118 548 inenarrabile
3142 500 3255 560 est,
3289 494 3432 564 quod
3461 493 3522 547 fit
3559 491 3822 548 adversus

512 574 709 646 inquit,
763 576 1060 649 eademque
1103 589 1292 636 natura
1325 580 1558 636 mundus
1587 581 1836 636 omnibus
1868 580 2111 651 partibus
2213 596 2307 639 eos
2353 582 2444 653 qui
2499 582 2818 640 malefacere
2861 585 3128 641 nesciunt.
3171 583 3242 640 Et
3294 585 3426 641 nulli
3478 585 3823 641 nocentiores

513 665 657 722 inter
685 681 745 723 se
770 671 1192 740 congruentibus
1214 672 1450 728 cohaeret
1470 687 1534 727 ac
1562 671 1784 727 nititur:
1819 674 1897 728 sic
1921 688 2112 729 omnes
2214 673 2504 741 habentur,
2537 691 2696 746 quam
2728 677 2820 747 qui
2847 685 2970 733 sunt
3001 693 3066 733 ex
3093 677 3343 733 omnibus
3372 677 3710 734 innocentes.

514 757 763 817 homines
782 761 920 817 inter
941 777 999 818 se
1023 771 1211 819 natura
1233 764 1463 832 confusi,
1485 765 1746 836 pravitate
1762 764 2109 829 dissentiunt;
2290 766 2506 822 Audent
2537 767 2700 838 igitur
2726 767 2975 825 homines
3003 769 3387 839 improbissimi
3401 767 3625 840 justitia:
3643 765 3825 822 facere

515 867 617 908 nec
635 854 1014 926 seintelligunt
1031 871 1152 912 esse
1172 859 1622 928 consanguineos,
1642 866 1692 913 et
1713 858 1984 927 subjectos
1999 871 2115 912 om-
2218 859 2570 926 mentionem,
2595 860 2684 930 qui
2713 860 2856 916 feras
2886 861 3220 917 immanitate
3246 862 3502 926 vincunt,
3530 861 3620 932 qui
3653 859 3823 931 placi-

513 960 613 1003 nes
633 947 734 1004 sub
754 964 914 1004 unam
933 950 1286 1021 eamdemque
1315 951 1734 1023 tutelamzquod
1750 953 1796 1007 si
1815 961 2112 1018 teneretur,
2218 954 2501 1012 dissimum
2533 956 2624 1012 Dei
2656 971 2874 1027 gregem
2903 965 3137 1023 vastant,

513 1039 738 1097 deorum
759 1041 1001 1112 profecto
1027 1045 1190 1098 vitam
1220 1044 1471 1100 homines
1496 1046 1758 1101 viverent.
1791 1065 1810 1097 ι
1853 1043 2116 1101 Universa

517 1134 678 1205 igitur
715 1134 852 1190 mala
878 1177 894 1201 ,
935 1135 1126 1206 quibus
1166 1135 1460 1192 humanum
1489 1151 1660 1208 genus
1697 1137 1936 1207 seipsum
1979 1135 2116 1191 invi-

516 1239 635 1282 cem
673 1225 888 1282 conficit
913 1267 928 1292 ,
970 1227 1199 1298 injustas
1237 1237 1397 1299 atque
1437 1229 1631 1299 impius
1670 1227 1898 1284 deorum
1937 1227 2118 1283 cultus

519 1319 748 1376 induxit.
803 1320 916 1377 Nec
959 1322 1102 1377 enim
1158 1330 1408 1392 poterant
1437 1324 1674 1378 retinere
1705 1321 1958 1392 pietatem
1981 1363 1996 1388 ,
2028 1319 2119 1391 qui

519 1426 860 1468 communem
888 1413 1125 1468 omnium
1159 1423 1365 1484 patrem
1399 1414 1566 1469 Deum
1613 1423 1864 1486 tanquam
1911 1412 2121 1485 prodigi

521 1519 584 1561 ac
613 1505 848 1562 rebelles
871 1505 1028 1562 liberi
1065 1506 1440 1577 abnegasscnt.

2349 1133 2592 1198 Baptores
2613 1141 2716 1185 atra
2741 1135 2790 1185 in
2812 1135 3016 1195 nebula,
3041 1146 3164 1197 quos
3187 1070 3616 1198 imti‘rgbbpifelntris

2347 1197 2532 1260 Exegit
2553 1210 2711 1248 caecos
2733 1199 2914 1248 rabies.

2225 1326 2424 1383 Verum
2457 1324 2557 1380 hos
2583 1340 2691 1381 non
2718 1324 2926 1380 ventris
2951 1366 2966 1390 ,
2995 1324 3089 1381 sed
3118 1324 3300 1380 cordis
3342 1324 3523 1380 rabies
3549 1323 3827 1389 efferavit;

2225 1433 2327 1476 nec
2349 1427 2464 1473 atra
2487 1418 2538 1472 in
2569 1417 2781 1485 nebula,
2802 1417 2899 1473 sed
2926 1426 3108 1488 aperta
3133 1417 3464 1489 prtedatione
3489 1424 3829 1488 grassantur;

2228 1529 2328 1571 nec
2369 1528 2464 1570 eos
2507 1528 2740 1584 unquam
2791 1512 3124 1568 conscientia
3171 1512 3438 1568 scelerum
3489 1518 3729 1576 revocat,
3764 1525 3833 1565 ne

2226 1617 2472 1664 sanctum
2493 1622 2555 1662 ac
2579 1608 2726 1678 pium
2746 1620 2941 1661 nomen
2958 1605 3180 1676 justitiae
3200 1619 3296 1660 ore
3323 1604 3414 1659 illo
3438 1603 3660 1668 violent,
3686 1599 3835 1672 quod

1135 1663 1364 1722 CAPUT
1402 1664 1496 1721 lx'
2227 1663 2420 1757 cruore
2437 1663 2825 1768 innocentium,
2846 1663 3096 1769 tanquam
3120 1698 3288 1754 rictus
3309 1697 3600 1754 beStiarum
3629 1663 3832 1750 madet.

525 1796 606 1855 De
631 1798 899 1855 sceleribus
925 1799 1236 1871 impiorum,
1279 1814 1325 1857 et
1349 1801 1758 1858 Christianorum
1792 1802 2119 1858 cruciatibus.
2152 1800 2200 1860 B
2229 1794 2399 1865 Hujus
2427 1794 2560 1848 tanti
2591 1803 2643 1849 et
2671 1805 2777 1848 tam
2809 1792 3098 1862 pertinacis
3137 1790 3246 1846 odii
3288 1805 3448 1862 quam
3492 1787 3834 1860 potissimum

2231 1901 2449 1942 causam
2481 1900 2602 1942 esse
2631 1884 2909 1942 dicamus?
2931 1883 3192 1941 Utrumne

596 1935 993 2008 Nonnunquam
1025 1947 1202 1995 ίθῐηθιὶ
1233 1945 1473 1995 sentiunt
1501 1955 1562 1996 se
1594 1947 1764 1996 malos
1795 1954 1937 2006 esse,
1962 1949 2016 1994 et
2035 1953 2129 1995 ve-
2235 1935 2449 1942 ""'"“
2485 1935 2601 1942 ""
2635 1935 2902 1942 ἠν-η’-
2939 1935 3018 1941 νν-
3038 1935 3188 2006 ν--ο---ν
3281 1997 3290 2006 ⁹
3493 1997 3503 2006 .

596 2046 700 2060 ...ω
729 2030 1045 2060 οωηιιΙΛηιιν-μι
1078 2040 1273 2060 Μυκη.
1307 2032 1523 2060 1-..,1--.
1580 2043 1628 2060 Α.
1658 2033 1722 2060 Α..
1753 2033 1863 2060 -..:..
1891 2032 2128 2060 ...λ-ηψπ
2993 1995 3191 2046 Veritas
3213 1995 3378 2046 Odlum
3405 2002 3528 2060 par"

527 2037 700 2085 terum
729 2030 1046 2086 saeculorum
1078 2040 1275 2087 statum
1307 2032 1546 2098 laudant,
1577 2043 1632 2088 et
1657 2033 1723 2089 de
1753 2033 1866 2088 suis
1891 2032 2131 2087 moribus

528 2122 846 2194 meritisque
875 2123 1183 2194 conjectant
1204 2124 1397 2180 abesse
1419 2125 1677 2196 justitiam
1705 2143 1717 2178 :
1750 2140 1910 2196 quam
1941 2124 2131 2179 obver-

531 2231 740 2277 santem
783 2221 954 2276 oculis
997 2222 1108 2276 suis
1153 2237 1260 2277 non
1300 2231 1508 2277 tantum
1537 2238 1642 2278 non
1674 2222 2002 2292 suscipiunt,
2033 2234 2134 2275 nec

531 2323 849 2383 agnoscunt,
877 2329 1064 2368 verum
1109 2316 1268 2370 etiam
1295 2315 1557 2370 violenter
1585 2317 1836 2381 oderunt,
1865 2323 1919 2370 et
1946 2328 2133 2384 persc-

2235 2137 2293 2183 ut
2317 2129 2393 2182 ait
2420 2135 2598 2198 poeta,
2631 2127 2782 2198 quasi
2808 2125 2991 2181 divino
3020 2125 3214 2196 spiritu
3253 2124 3569 2180 instinctus?
3597 2124 3678 2181 Au
3708 2138 3841 2179 eru-

2235 2219 2463 2278 bescunt
2487 2235 2668 2276 coram
2691 2219 2851 2288 justis
2873 2228 2924 2274 et
2949 2218 3102 2274 bonis
3121 2232 3245 2273 esse
3272 2217 3538 2288 nequam?
3563 2230 3633 2270 an
3657 2217 3840 2285 potius

2237 2311 2560 2382 utrumque?
2585 2311 2716 2366 Nam
2747 2319 2801 2365 et
2843 2311 3044 2366 veritas
3091 2308 3216 2364 ideo
3263 2323 3477 2379 semper
3517 2307 3692 2363 invisa
3729 2315 3838 2370 est,

530 2415 793 2474 quuntur,
826 2415 881 2462 et
903 2407 1268 2463 exterminare
1294 2408 1648 2463 contendunt.
1675 2408 1965 2478 Fingamus
1993 2406 2134 2460 hanc

534 2498 749 2553 interim
800 2513 906 2553 non
956 2514 1076 2568 esse
1114 2499 1408 2568 justitiam,
1457 2514 1616 2570 quam
1669 2513 1769 2554 nos
1817 2499 2132 2570 sequimur:

532 2591 825 2661 quomodo,
853 2592 897 2646 si
939 2592 1025 2647 illa
1071 2593 1302 2660 venerit,
1329 2608 1489 2664 quam
1535 2607 1717 2648 veram
1766 2602 1984 2664 putant,
2015 2607 2134 2648 eam

534 2685 834 2755 recipient,
865 2686 954 2755 qui
979 2671 1191 2740 laniant
1232 2695 1287 2742 et
1327 2685 1581 2742 occidunt
1607 2701 1724 2754 eos,
1752 2701 1888 2757 quos
1933 2696 1987 2742 et
2035 2686 2137 2758 ipsi

533 2775 769 2832 fatentur
799 2778 1096 2834 imitatores
1123 2793 1244 2834 esse
1262 2779 1552 2850 justorum,
1586 2780 1709 2850 quia
1737 2780 1876 2834 bona
1903 2793 2136 2850 operen-

535 2876 622 2923 tur
647 2878 702 2924 et
733 2855 906 2939 justa;
938 2884 1080 2938 cum,
1112 2871 1157 2925 si
1186 2865 1761 2948 tantummodomalos
1800 2872 2135 2938 occiderent,

533 2960 680 3032 digni
703 2957 891 3018 essent
917 2963 982 3018 ad
1010 2979 1146 3034 quos
1180 2963 1388 3033 justitia
1435 2981 1540 3019 non
1567 2949 1831 3030 veniret,
1861 2964 1947 3019 cui
1995 2964 2136 3018 nulla

535 3053 632 3109 fuit
653 3043 758 3108 alia
779 3070 939 3110 causa
969 3055 1245 3125 linquendi
1277 3067 1496 3122 terram,
1527 3071 1689 3128 quam
1728 3055 1949 3110 humani
1980 3071 2139 3111 cruo-

535 3147 610 3201 ris
642 3145 850 3201 efl‘usio.
897 3131 1108 3214 Quanto
1149 3149 1339 3222 magis,
1370 3165 1491 3205 cum
1534 3151 1653 3220 pios
1692 3149 2052 3216 interficiant,
2085 3160 2138 3206 et

535 3241 682 3310 ipsos
722 3241 944 3312 justitize
991 3253 1286 3302 sectatores
1317 3263 1412 3317 pro
1443 3247 1683 3304 hostibus
1711 3247 1943 3316 ducant;
1973 3249 2138 3304 immo

537 3347 666 3388 vero
694 3334 814 3400 plus
853 3349 1014 3404 quam
1060 3352 1156 3406 pro
1205 3337 1483 3393 hostibus?
1526 3339 1740 3410 quibus,
1787 3339 1969 3410 utique
2015 3355 2136 3395 cum

537 3425 746 3480 animas
775 3441 988 3493 eorum,
1021 3438 1075 3484 et
1102 3445 1232 3500 opes
1261 3441 1315 3486 et
1345 3431 1543 3488 liberos
1573 3433 1715 3488 ferro
1740 3441 1797 3491 et
1825 3425 1950 3505 igni
1973 3449 2137 3505 appe-

538 3528 675 3586 tant,
709 3532 884 3577 tamen
917 3523 1159 3593 parcitur
1193 3525 1384 3591 victis;
1418 3534 1472 3580 ct
1497 3535 1580 3582 est
1614 3527 1950 3583 locus..int.er
1989 3542 2138 3582 arma

536 3613 838 3672 clementiae
868 3635 878 3670 :
903 3624 999 3696 aut
1028 3617 1073 3672 si
1117 3617 1254 3678 adeo
1295 3619 1486 3675 saevire
1531 3619 1744 3690 placuit,
1780 3621 1911 3676 nihil
1939 3621 2058 3690 plus
2087 3622 2137 3676 in

2236 2405 2382 2476 quod
2409 2407 2476 2472 is,
2503 2405 2594 2476 qui
2617 2414 2823 2476 peccat,
2850 2404 2966 2459 vult
2988 2403 3189 2459 habere
3218 2402 3446 2458 liberum
3476 2400 3729 2472 peccandi
3759 2400 3841 2454 lo-

2237 2514 2396 2565 cum;
2427 2513 2527 2554 nec
2556 2498 2715 2554 aliter
2741 2513 2801 2552 se
2832 2505 2982 2566 putat
3011 2494 3417 2552 malefactorum
3448 2494 3725 2564 voluptate
3753 2507 3842 2549 se-

2239 2593 2420 2648 curius
2460 2591 2662 2663 perfrui
2705 2604 2864 2662 posse
2886 2629 2902 2657 ,
2939 2604 3096 2661 quam
3137 2589 3182 2644 si
3214 2603 3374 2644 nemo
3402 2588 3501 2656 sit,
3529 2587 3617 2643 cui
3645 2585 3841 2642 delicta

2241 2701 2346 2742 non
2379 2686 2645 2756 placeant.
2669 2684 2813 2756 Ergo
2843 2692 3092 2754 tanquam
3114 2682 3379 2738 scelerum
3403 2689 3458 2736 et
3484 2680 3702 2735 malitia:
3726 2695 3843 2734 sua:

2240 2787 2408 2835 testes
2436 2779 2707 2848 extirpare
2735 2776 2972 2832 funditus
2993 2777 3261 2841 nituntur,
3293 2785 3349 2831 et
3381 2774 3590 2839 tollere,
3619 2787 3844 2844 graves—

2241 2888 2344 2944 que
2374 2872 2475 2928 sibi
2504 2880 2711 2942 ptttaut,
2737 2881 2988 2942 tanquam
3018 2871 3126 2924 vita
3159 2883 3345 2926 eorum
3369 2877 3709 2938 coarguatur.
3735 2865 3845 2922 Cur

2241 2967 2384 3021 enim
2416 2967 2523 3020 sint
2545 2965 2706 3036 aliqui
2733 2965 3109 3034 intempestive
3133 2962 3285 3029 boni,
3314 2962 3710 3032 qui,corruptis
3731 2975 3847 3014 mo-

2243 3059 2390 3115 ribus
2428 3058 2675 3129 publicis,
2716 3057 3018 3113 convicium
3046 3055 3185 3111 bene
3215 3054 3444 3110 vivendo
3477 3053 3708 3109 faciant?
3733 3051 3847 3108 Cur

2243 3169 2349 3209 non
2389 3168 2578 3208 omnes
2607 3152 2714 3206 sint
2738 3165 2890 3220 teque
2920 3148 3069 3213 mali,
3103 3161 3344 3218 rapaces,
3376 3146 3652 3216 impudici,
3686 3146 3846 3201 adul-

2245 3248 2366 3312 teri,
2390 3245 2614 3317 perjuri,
2643 3242 2844 3314 cupidi,
2872 3241 3229 3297 fraudulenti?
3250 3241 3376 3310 quin
3400 3240 3576 3310 potius
3596 3238 3858 3294 auferan-

2247 3350 2350 3407 tur,
2374 3340 2566 3410 quibus
2594 3352 2774 3392 coram
2807 3334 2948 3390 male
2967 3336 3145 3389 vivere
3174 3333 3366 3403 pudet;
3397 3331 3484 3403 qui
3510 3331 3846 3402 peccantium

2245 3433 2474 3488 frontem
2499 3475 2512 3497 ,
2553 3432 2652 3486 etsi
2706 3445 2811 3485 non
2855 3429 3066 3494 verbis,
3091 3427 3215 3497 quia
3265 3435 3474 3491 tacent,
3508 3433 3685 3480 tamen
3727 3425 3848 3494 ipso

2249 3527 2370 3582 vitae
2395 3540 2593 3596 genere
2619 3522 2867 3578 dissimili
2900 3521 3098 3576 feriunt
3139 3529 3195 3576 ct
3223 3519 3542 3576 verberant?
3567 3517 3848 3590 Castigare

2249 3619 2392 3674 enim
2417 3617 2629 3673 videtur
2657 3616 2979 3688 quicumque
3008 3613 3276 3690 dissentit.

1886 3754 2247 3812 VARIORUM
2283 3753 2515 3811 NOTAE.

614 3889 743 3964 illati
767 3900 915 3964 sunt.
934 3889 1034 3960 Ms,
1065 3888 1382 3964 Cantabrigi
1401 3897 1454 3945 et
1481 3889 1515 3946 6
1543 3899 1650 3946 vet.
1675 3888 1807 3946 edit.
1843 3904 2127 3962 perperam

539 3958 741 4014 addunt
778 3958 1022 4014 homines.
1329 3958 1348 3960 “

615 4030 894 4105 Disputans
915 4032 1065 4086 enim.
1102 4030 1227 4105 Mss.
1259 4029 1446 4100 60th.,
1481 4033 1505 4087 1
1540 4032 1710 4102 Lips.,
1737 4034 1927 4101 Brun.,
1951 4035 2130 4105 dispu-

539 4111 653 4155 tans
677 4103 874 4170 valide,
903 4106 1105 4157 omisso
1131 4104 1285 4157 enim.

613 4172 882 4246 sicarium
903 4214 916 4236 ,
941 4185 1046 4228 etc.
1075 4173 1190 4246 Non
1221 4181 1367 4246 extat
1398 4173 1483 4228 hic
1504 4174 1678 4241 locus,
1700 4190 1875 4246 neque
1905 4175 2129 4231 inlibris

539 4243 606 4299 de
635 4243 894 4316 Legibus,
919 4260 1018 4299 nec
1049 4248 1098 4298 in
1135 4245 1253 4300 aliis
1283 4245 1560 4300 Ciceronis
1589 4243 1862 4316 operibus.
1899 4247 2032 4302 llinc
2073 4257 2129 4302 ct

537 4315 752 4370 aliunde
776 4316 1045 4383 conjicere
1069 4327 1153 4372 est
1193 4325 1471 4371 truncatos
1498 4315 1710 4373 esse’ac
1762 4319 1988 4374 multum
2031 4319 2131 4375 de-

541 4398 793 4456 pravatos
817 4384 1094 4443 Ciceronis
1126 4389 1313 4444 libros.

613 4459 723 4511 Sub
754 4475 907 4511 unam
937 4461 1260 4530 eamdeutque
1288 4459 1517 4514 tutelam.
1546 4460 1673 4516 Mss.
1704 4459 1737 4517 6
1767 4475 1900 4527 rec.,
1923 4462 2012 4515 sub
2036 4479 2139 4517 una

540 4529 810 4598 eademque
836 4530 1012 4584 tutela.

2161 4420 2217 4482 D

2240 3906 2277 3954 ι,
2307 3890 2374 3945 de
2418 3888 2534 3945 Civ.
2585 3887 2679 3944 Dei
2724 3887 3075 3958 conqueritur
3123 3887 3391 3948 civitatem
3438 3885 3668 3949 Christi,
3704 3900 3854 3958 quae

2240 3961 2477 4018 Ecclesia
2506 3970 2610 4024 est,
2639 3957 2861 4016 exulare
2897 3961 2948 4014 in
2979 3961 3081 4016 hoc
3103 3959 3334 4024 mundo,
3367 3967 3420 4014 et
3457 3957 3621 4027 afﬂigi
3664 3957 3733 4012 ab
3785 3957 3858 4011 iis

2237 4033 2392 4158 ipsis,
2415 4031 2641 4101 quorum
2684 4047 2794 4100 ars,
2835 4030 3136 4088 secundum
3186 4043 3421 4099 poetam,
3443 4041 3498 4085 et
3535 4030 3653 4084 laus
3685 4042 3861 4100 pecu-

2261 4119 2411 4159 tarts.

2361 4218 2579 4268 Parcere
2599 4217 2854 4280 subjectis,
2883 4224 2936 4280 et
2952 4215 3212 4280 debellare
3236 4214 3499 4280 superbos.

2831 4276 3040 4344 (Virgil.
3061 4295 3106 4330 vt
3123 4276 3340 4342 EtteidL,
3367 4289 3414 4327 v.
3435 4277 3585 4341 8-33.)

2245 4384 2375 4457 Etin
2399 4385 2568 4441 altero
2587 4399 2705 4457 cap.
2729 4385 2934 4456 aliquot
2955 4384 3217 4457 exemplis
3243 4383 3421 4446 docet,
3441 4383 3585 4439 nulla
3608 4398 3866 4455 unquam

2246 4455 2387 4512 bella
2418 4458 2581 4513 fuisse
2610 4455 2784 4527 gesta,
2817 4455 2876 4511 ut
2902 4456 3319 4527 victisivictores
3347 4464 3648 4527 parcerent.

2319 4527 2465 4582 Inter
2491 4525 2655 4583 arma.
2683 4529 2816 4584 Vide
2845 4527 3018 4584 Cicer.
3049 4526 3196 4582 Orat.
3231 4540 3328 4596 pro
3356 4525 3626 4582 Marcello.

615 4598 840 4652 Deorum
869 4601 1092 4668 profecto
1109 4603 1263 4654 vitam
1284 4602 1511 4656 homines
1532 4604 1774 4657 viverent.
1792 4603 1916 4658 Mss.
1943 4603 2008 4659 16
2023 4619 2133 4660 rec.

542 4679 598 4724 et
629 4671 660 4723 5
682 4670 813 4744 edit.
841 4670 1072 4744 habent,
1104 4672 1314 4727 deorum
1354 4678 1580 4744 profecto
1616 4677 1718 4729 vita
1748 4675 1977 4728 homines
2008 4676 2139 4730 vive-

541 4749 672 4815 rent.
727 4741 954 4815 ht_ips_a
998 4743 1209 4815 phrasis
1253 4755 1335 4797 est
1367 4741 1507 4797 inter
1531 4745 1809 4800 Ciceronis
1839 4745 2136 4815 fragmenta

545 4811 637 4864 lib.
670 4826 684 4864 ι
708 4810 780 4884 de
809 4810 1040 4884 [regibus
1061 4855 1076 4878 ,
1125 4814 1336 4884 deorum
1381 4815 1606 4884 profecto
1628 4817 1782 4870 vitam
1802 4810 1976 4871 omnEs
2006 4820 2138 4872 vive-

541 4891 671 4935 rent.
708 4880 774 4936 Et
801 4882 914 4937 Cic.
947 4883 1095 4936 Orat.
1129 4881 1162 4936 4
1187 4880 1422 4952 Verrin.,
1454 4880 1508 4938 ti.
1539 4887 1642 4940 118
1666 4904 1678 4940 :
1703 4885 1970 4944 Tutiorem
1984 4890 2138 4943 vitam

543 4969 650 5007 sese
690 4970 800 5007 meo
846 4955 1084 5022 prtesidio
1120 4956 1339 5008 victuros
1371 4972 1477 5010 esse
1504 4957 1834 5012 arbitrantur.
1867 4959 2136 5016 Czeterum

544 5025 772 5079 homines
810 5025 864 5079 in
913 5042 1115 5089 omnes,
1149 5037 1334 5081 contra
1369 5029 1606 5083 omnium
1660 5030 2136 5086 Lactantianorum

541 5097 788 5160 codicum
837 5095 995 5152 fidem
1019 5139 1034 5161 ,
1087 5107 1296 5152 mutare
1322 5098 1488 5154 nolui.
1522 5101 1587 5154 Et
1618 5101 1924 5156 Lactantius
1955 5115 2140 5159 noster

542 5169 668 5243 alibi
700 5184 913 5243 quoque
943 5167 1079 5222 dixit
1119 5169 1212 5223 lib.
1247 5185 1463 5243 t_._cap_.
1494 5171 1561 5226 M
1619 5192 1629 5225 :
1673 5174 1935 5243 Agrestent
1985 5175 2139 5228 vitam

545 5241 804 5315 vivebant,
838 5240 929 5295 lib.
964 5255 1032 5315 νη
1054 5281 1067 5305 ,
1102 5255 1227 5315 cap.
1257 5240 1366 5294 24:
1409 5240 1579 5296 Vivent
1621 5240 1848 5299 homines
1889 5246 2141 5315 tranquil-

545 5311 792 5365 Iissimant
817 5321 883 5383 ⁸ςί
917 5313 1321 5383 copiosissimam
1365 5315 1542 5376 vitam;
1567 5325 1621 5369 et
1649 5317 1741 5369 lib.
1771 5315 1839 5370 de
1883 5316 1964 5370 Ira
2011 5311 2137 5381 Dei,

546 5395 664 5457 cap.
697 5384 726 5434 7
758 5399 782 5457 :_
815 5381 987 5457 Vitam
1008 5384 1258 5457 pecudum
1287 5384 1378 5438 sub
1411 5385 1633 5457 humana
1660 5389 1825 5457 specie
1846 5388 1995 5441 vivet.

620 5450 854 5508 Interim.
885 5450 1016 5508 Mss.
1045 5455 1077 5508 5
1100 5470 1210 5510 rec.
1235 5466 1287 5510 et
1318 5465 1428 5510 vet.
1448 5456 1577 5510 edit.
1607 5450 1765 5510 Ro'm.
1792 5458 1996 5511 iterant.

623 5521 925 5598 Quiabona
969 5537 1258 5598 operentur.
1301 5526 1393 5581 Sic
1435 5527 1554 5598 lego
1592 5541 1714 5582 cum
1755 5527 2142 5598 antiquioribus

550 5593 749 5674 mss.
778 5593 910 5663 Reg.
954 5596 1299 5674 pluribusque
1335 5593 1580 5664 aliisfet
1625 5601 1659 5655 9
1701 5601 1859 5674 editis
1887 5593 1994 5654 vet.
2025 5600 2081 5653 ln
2110 5601 2144 5674 ζ’»

547 5665 764 5738 scriptis
797 5680 912 5738 rec.
957 5674 1062 5738 est,
1087 5668 1173 5731 qui
1222 5668 1351 5721 bona
1392 5681 1697 5738 aperentur;
1742 5673 1794 5725 in
1827 5673 1860 5728 5
1889 5686 1998 5726 rec.
2034 5681 2087 5727 et
2111 5673 2142 5726 7

547 5735 798 5824 Vttl'gatis,
827 5736 946 5808 quia
969 5735 1442 5824 bonapperantur
1467 5743 1517 5796 in
1549 5741 1826 5824 ziexcusis
1851 5744 1956 5812 qui.

622 5808 815 5866 Tamen
839 5810 1065 5880 parcitur
1091 5809 1254 5880 victis,
1277 5818 1382 5869 etc.
1407 5808 1735 5885 Augustinus
1760 5816 1816 5873 in
1842 5808 1871 5874 1
1901 5829 2020 5887 cap.
2048 5814 2141 5872 lib.

2314 4598 2471 4668 Lupi.
2504 4599 2640 4654 Vide
2666 4600 2813 4670 Virg.
2853 4616 2887 4654 ll
2920 4597 3162 4662 Encid.,
3190 4597 3316 4670 556.

2314 4667 2597 4725 Dicamus?
2618 4671 2692 4724 lta
2710 4667 2899 4726 omnes
2926 4685 3056 4724 mss.
3081 4679 3134 4724 et
3157 4668 3309 4733 editi,
3339 4675 3538 4738 praeter
3559 4667 3580 4724 1
3601 4667 3869 4726 Colbert.

2241 4750 2296 4796 et
2324 4743 2357 4797 5
2383 4742 2513 4796 edit.
2545 4742 2738 4810 quibus
2767 4753 2850 4798 est
2876 4742 3144 4795 dicemus?

2324 4811 2543 4866 Veritas.
2573 4813 2793 4868 Terent.
2825 4814 2995 4870 Andr.
3029 4823 3134 4868 act.
3166 4827 3206 4877 I,
3239 4825 3385 4866 scen.
3422 4812 3474 4866 1.
3508 4810 3620 4865 lloc
3646 4810 3720 4865 ait
3752 4811 3878 4868 So—

2242 4883 2352 4940 sius
2374 4883 2617 4938 libertus.

2315 4953 2501 5024 Divina
2539 4956 2724 5024 spiritu
2767 4955 3056 5010 instinctus.
3090 4955 3218 5010 Mss.
3247 4953 3282 5009 8
3310 4967 3417 5009 rec.
3447 4963 3502 5008 et
3527 4951 3656 5008 edit.
3681 4954 3745 5018 ι,
3775 4956 3878 5009 in-

2239 5023 2497 5089 strictus;
2522 5023 2704 5082 caeteri
2733 5028 3022 5081 instinctus.

2309 5096 2565 5152 Graves...
2618 5107 2814 5168 putant.
2866 5099 3029 5153 Plane
3073 5098 3317 5168 geminus
3357 5104 3441 5151 est
3486 5095 3759 5168 locuslib.
3805 5113 3877 5162 γ,

2240 5183 2362 5241 cap.
2393 5169 2457 5222 21
2493 5187 2504 5219 :
2542 5165 2922 5241 Persequuntur
2953 5165 3193 5240 (sanctos
3215 5181 3268 5224 et
3291 5169 3462 5238 justos
3490 5165 3660 5241 viros)
3679 5207 3692 5230 ,
3722 5184 3881 5237 quos

2242 5240 2337 5293 sibi
2382 5256 2558 5308 graves
2602 5239 2890 5296 sentiunt...
2926 5239 3049 5295 ut...
3085 5245 3322 5312 auferant
3353 5241 3560 5293 omnino
3599 5239 3663 5291 de
3710 5248 3880 5296 terra

2242 5326 2304 5365 ne
2323 5311 2432 5384 sint
2459 5314 2546 5380 qui
2578 5315 2769 5381 possint
2797 5329 2970 5367 eorum
3002 5311 3277 5384 nequitiam
3308 5327 3556 5384 com-cere.

2320 5381 2600 5455 T_amquam
2621 5385 2722 5438 vita
2767 5400 2941 5438 eorum
2981 5381 3308 5455 coarguatur.
3337 5381 3494 5455 (Ioni.
3524 5381 3589 5436 ad
3624 5395 3772 5455 rem,
3813 5398 3878 5438 c.

2244 5452 2298 5508 6.
2348 5453 2498 5522 Sulp.
2531 5471 2579 5509 c.
2629 5455 2814 5510 Sevcr.
2863 5457 2954 5509 lib.
2991 5471 3050 5519 tt,
3079 5452 3197 5525 cap.
3227 5453 3298 5508 28
3335 5468 3349 5518 ;
3382 5452 3597 5520 Semper
3636 5453 3888 5508 inimica

2244 5525 2440 5578 virtutis
2466 5527 2588 5580 vitia
2616 5535 2752 5588 sunt,
2785 5537 2832 5580 et
2863 5527 3042 5595 optimi
3077 5529 3260 5596 quique
3301 5525 3363 5577 ab
3409 5525 3655 5591 improbis
3700 5529 3888 5591 quasi

2246 5597 2607 5668 egrprobrantes
2622 5599 2998 5668 adspiciuntur.
3021 5599 3228 5655 Seneca
3246 5597 3311 5652 de
3331 5597 3444 5649 Vita
3465 5596 3648 5668 Beata,
3673 5609 3724 5648 c.
3753 5599 3784 5649 1
3801 5599 3881 5654 9:

2248 5665 2470 5740 Expedit
2495 5669 2632 5724 vobis
2659 5665 2908 5724 neminem
2933 5669 3094 5724 videri
3119 5669 3306 5722 bonum
3323 5711 3338 5732 ,
3365 5669 3510 5740 quasi
3539 5667 3706 5721 aliena
3745 5670 3887 5723 vir-

2248 5739 2678 5808 tus'exprobratio
2708 5741 3006 5796 delictorum
3033 5752 3310 5796 vestrorum
3338 5741 3422 5793 sit.
3465 5739 3597 5793 BDN.

2325 5812 2517 5879 Quibus
2563 5828 2736 5868 coram
2781 5813 2916 5868 male
2953 5814 3118 5868 vivere
3162 5811 3336 5882 pudet.
3365 5809 3436 5866 Ita
3457 5822 3646 5866 omnes
3673 5821 3892 5884 prope
