4142 6200
487 267 592 326 585

1579 256 1769 314 FIRM.
1809 253 2182 313 LACTANTII
2224 252 2429 310 DIVIN.
2469 250 2713 310 INSTIT.

3677 240 3786 303 5‘84

485 378 620 437 nihil
664 378 772 437 tale
793 376 1090 436 creduntur
1119 372 1343 442 mereri,
1374 372 1535 446 quale
1586 388 1731 445 saepe
1778 375 2072 447 patiuntur.
2101 376 2155 433 A
2180 370 2417 426 nominis
2439 368 2524 424 sui
2550 368 2770 432 formet,
2803 364 3061 437 quoniam
3090 359 3532 435 religiosissimus
3559 368 3647 416 est
3673 359 3791 416 cul-

477 470 841 529 Consolantur
861 484 921 526 se
951 477 1133 524 tamen
1159 468 1504 524 accusatione
1537 465 1769 522 fortunae
1795 491 1809 533 ;
1834 482 1934 524 nec
1960 482 2085 523 sen-

488 565 630 621 tiunt
658 562 802 634 quod
832 562 877 619 si
893 571 1038 618 esset
1054 561 1185 629 ulla,
1212 560 1512 617 cultoribus
1538 560 1652 616 suis
1673 576 1945 632 nunquam
1989 575 2089 615 no-

481 667 650 716 ceret.
683 656 876 713 Merito
924 655 1087 728 igitur
1117 654 1427 725 hujusmodi
1476 653 1733 725 pietatem
1765 668 1924 724 paena
1949 668 2083 709 con-

482 752 752 824 sequitur,
782 759 838 808 et
864 749 1071 807 offensa
1100 749 1359 806 divinitas
1379 748 1587 805 scelere
1616 747 1894 803 hominum
1923 760 2088 818 prave

483 846 860 919 religiosorum
901 845 1054 916 gravi
1083 859 1181 900 eos
1224 841 1526 898 infortunio
1573 849 1776 897 mactat
1801 859 1816 909 ;
1843 841 1934 911 qui
1957 840 2089 896 licet

483 938 687 995 sanctis
735 937 979 994 moribus
1033 937 1235 1003 vivant,
1262 935 1314 990 in
1358 949 1569 990 summa
1599 933 1703 989 ﬁde
1725 941 1886 1003 atque
1930 933 2089 987 inno-

493 1031 694 1099 centia,
724 1039 904 1086 tamen
935 1028 1057 1100 quia
1102 1028 1233 1084 deos
1254 1027 1457 1094 colunt,
1487 1040 1712 1097 quorum
1735 1024 1871 1080 ritus
1896 1023 2088 1094 impios

484 1140 549 1182 ac
589 1122 843 1196 profanos
870 1122 1012 1178 Deus
1053 1119 1373 1189 verusgodio
1409 1119 1593 1186 habet,
1645 1133 1676 1173 a
1716 1116 1943 1188 iustitia,
1973 1125 2029 1172 et
2057 1130 2088 1170 ιι

485 1218 708 1276 nomine
738 1230 883 1274 verae
909 1216 1120 1287 pietatis
1142 1213 1304 1270 alieni
1330 1223 1478 1269 sunt.

558 1313 671 1370 Nec
691 1319 778 1369 est
802 1310 1023 1367 difﬁcile
1062 1309 1282 1375 docere,
1314 1324 1411 1364 cur
1439 1306 1667 1362 deorum
1695 1305 1936 1361 cultores
1962 1303 2090 1359 boni

488 1415 543 1462 ct
564 1405 692 1476 justi
709 1418 832 1461 esse
852 1417 963 1459 non
992 1400 1219 1473 possint.
1243 1398 1527 1468 Quomodo
1552 1399 1697 1455 enim
1714 1397 1975 1468 sanguine
1995 1396 2089 1451 ab-

490 1496 771 1554 stinebunt
824 1494 917 1565 qui
962 1493 1150 1549 colunt
1185 1501 1443 1547 cruentos
1486 1490 1638 1558 deos,
1670 1489 1897 1545 Martem
1930 1497 2091 1558 atque

490 1589 817 1649 Bellonam?
842 1587 1116 1662 quomodo
1140 1597 1229 1642 aut
1262 1586 1574 1657 parentibus
1604 1593 1848 1655 parcent,
1875 1583 1968 1654 qui
1995 1597 2092 1638 ex-

491 1684 766 1755 pulsorem
796 1680 967 1752 patris
997 1679 1081 1735 sui
1126 1679 1313 1734 Jovem
1340 1696 1355 1745 ;
1388 1686 1480 1732 aut
1508 1677 1652 1732 natis
1681 1692 1745 1731 ex
1775 1691 1835 1731 se
1864 1672 2089 1729 infanti-

2189 472 2297 532 tus,
2321 460 2545 517 imitari.

2807 548 3037 607 CAPUT
3064 549 3161 605 XI.

2426 642 2505 697 De
2530 642 2833 697 crudelitate
2859 640 3126 714 gentilium
3151 640 3206 695 in
3234 641 3561 696 christianos.

2261 736 2312 792 Is
2342 736 2504 808 igitur
2532 734 2867 801 hominibus,
2918 733 3009 806 qui
3038 732 3264 790 deorum
3293 747 3514 789 suorum
3546 733 3795 792 moribus

2189 838 2519 901 congruunt,
2550 829 2675 899 quia
2720 826 2903 898 gravis
2929 836 3013 883 est
3063 835 3118 881 et
3146 825 3339 881 acerba
3386 824 3616 895 justitia,
3644 840 3798 882 eam—

2190 922 2315 979 dem
2348 920 2676 991 impietatem
2706 933 2882 983 suam,
2909 933 3013 989 qua
3037 917 3088 972 in
3112 917 3330 973 caeteris
3355 917 3519 973 rebus
3547 928 3793 983 utuntur,

2190 1013 2456 1069 adversus
2495 1013 2674 1083 justos
2726 1010 2991 1066 violenter
3020 1020 3296 1067 exercent.
3328 1010 3439 1066 Nec
3466 1011 3739 1067 immerito
3766 1025 3798 1066 a

2191 1105 2473 1177 prophetis
2502 1104 2691 1160 bestia:
2719 1105 3088 1161 nominantur.
3133 1104 3400 1161 Praeclare
3437 1103 3622 1176 itaque
3652 1104 3799 1160 Mart

2191 1213 2295 1255 cus
2316 1197 2523 1253 Tullius
2552 1196 2822 1252 :cEtenim
2850 1197 2897 1252 si
2921 1211 3080 1252 nemo
3107 1206 3212 1264 est,
3242 1196 3437 1267 inquit,
3462 1196 3591 1266 quin
3622 1196 3799 1252 emori

2174 1286 2365 1361 'malit,
2397 1307 2558 1363 quam
2616 1290 2860 1347 converti
2908 1290 2962 1345 in
3013 1292 3247 1362 aliquam
3307 1289 3531 1360 ﬁguram
3581 1288 3797 1357 bestiae,

2191 1383 2440 1456 quamvis
2471 1382 2705 1440 hominis
2750 1391 2986 1438 mentem
3015 1382 3086 1437 sit
3136 1380 3419 1437 habiturus
3443 1397 3457 1447 ;
3486 1391 3690 1449 quanto
3715 1389 3801 1437 est

2193 1478 2444 1534 miserius
2469 1477 2523 1532 in
2557 1475 2792 1533 hominis
2818 1474 2987 1548 ﬁgura
3018 1475 3200 1531 animo
3228 1489 3352 1531 esse
3380 1474 3606 1531 eﬁ‘erato
3627 1474 3798 1530 ?Mihi

2194 1570 2409 1642 quidem
2432 1579 2581 1625 tanto
2609 1570 2840 1636 videtur,
2856 1578 3060 1641 quanto
3082 1568 3448 1639 praestabilior
3478 1568 3796 1623 estanimus

2207 1678 2457 1734 corpore.
2496 1682 2515 1715 ι
2551 1663 2925 1734 Aspernantur
2973 1662 3153 1732 itaque
3182 1676 3409 1732 corpora
3464 1661 3793 1727 belluarum,

490 1752 593 1833 bus
611 1818 627 1843 ,
655 1774 747 1846 qui
771 1772 1105 1829 Saturnum?
1125 1770 1399 1843 quomodo
1429 1768 1738 1839 pudicitiam
1772 1767 2088 1833 tuebuntur,
2118 1756 2168 1817 B
2196 1756 2391 1827 quibus
2408 1766 2536 1811 sunt
2561 1755 2662 1825 ipsi
2679 1754 2965 1821 saeviores;
2991 1754 3201 1846 Sibilllle
3228 1754 3368 1846 3400
3392 1754 3630 1846 Placent.
3649 1752 3799 1824 quod

489 1869 580 1942 qui
598 1867 781 1925 colunt
817 1864 975 1921 deam
1004 1863 1202 1919 nudam
1230 1873 1284 1919 et
1324 1861 1645 1927 adulteram,
1669 1868 1726 1914 et
1753 1858 1907 1930 quasi
1948 1856 2093 1928 apud

491 1961 626 2019 deos
655 1958 999 2030 prostitutam
1025 1957 1049 2011 ?
1077 1954 1362 2024 Quomodo
1391 1970 1452 2010 se
1501 1969 1533 2008 a
1562 1953 1765 2024 rapinis
1808 1962 1864 2009 et
1891 1950 2093 2007 fraudi-

491 2057 592 2113 bus
616 2052 987 2118 abstinebant,
1007 2050 1097 2122 qui
1118 2049 1370 2106 Mercurii
1393 2049 1534 2103 furta
1565 2055 1852 2113 noverunt,
1889 2045 2090 2101 docen-

493 2148 561 2204 tis
615 2160 724 2202 non
770 2143 977 2200 fraudis
1026 2156 1149 2199 esse
1196 2141 1449 2211 decipere
1472 2180 1487 2206 ,
1516 2136 1613 2195 sed
1642 2137 1856 2194 astutia:
1894 2136 1919 2191 ?
1951 2152 2089 2208 quo-

491 2240 656 2297 modo
707 2237 963 2295 libidines
1012 2235 1364 2302 coercebunt,
1386 2233 1479 2304 qui
1528 2232 1738 2296 Jovem,
1776 2231 2083 2302 Herculem,

490 2335 771 2399 Liberum,
824 2331 1155 2404 Apollinem,
1203 2338 1542 2398 caeterosque
1569 2336 1897 2384 venerantur
1946 2341 2086 2397 quo-

490 2441 611 2484 rum
643 2424 932 2493 adulteria,
964 2431 1020 2480 et
1061 2430 1245 2494 stupra
1285 2421 1340 2476 in
1372 2434 1551 2476 mares
1597 2428 1653 2476 et
1678 2418 1946 2487 foeminas,
1976 2433 2086 2475 non

493 2529 699 2575 tantum
730 2516 907 2573 doctis
953 2525 1079 2571 nota
1133 2523 1278 2583 sunt,
1310 2513 1403 2570 sed
1434 2514 1809 2585 exprimuntur
1836 2513 1999 2569 etiam
2032 2514 2087 2568 in

493 2613 740 2682 theatris,
770 2620 933 2684 atque
983 2618 1299 2676 cantantur,
1329 2618 1389 2665 ut
1413 2608 1799 2665 sintomnibus
1828 2606 2085 2663 notiora?

490 2708 798 2765 Possumne
818 2706 960 2761 inter
994 2703 1110 2760 haec
1131 2703 1262 2776 justi
1287 2717 1409 2759 esse
1438 2702 1710 2770 homines,
1735 2702 1849 2773 qui,
1873 2700 2092 2758 etiamsi

491 2813 683 2859 natura
709 2802 819 2857 sint
862 2800 1014 2869 boni,
1045 2800 1114 2857 ab
1157 2800 1286 2871 ipsis
1328 2809 1507 2856 tamen
1535 2798 1640 2855 diis
1685 2799 2003 2856 erudiantur
2023 2798 2092 2855 ad

493 2894 851 2967 injustitiam‘t
873 2893 954 2950 Ad
1006 2892 1329 2964 placandum
1357 2893 1501 2949 enim
1541 2891 1712 2948 Deum
1734 2906 1895 2963 quem
1918 2891 2090 2962 colas,

491 2992 558 3048 iis
583 2990 745 3047 rebus
769 3005 905 3061 opus
929 2997 1034 3057 est,
1061 2988 1258 3060 quibus
1288 2987 1437 3043 illum
1475 2985 1711 3059 gaudere
1739 3000 1804 3042 ac
1833 2986 2092 3043 delectari

2199 1846 2447 1903 homines
2479 1847 2588 1902 nati
2629 1856 2776 1913 sunt,
2804 1860 3032 1916 quorum
3068 1845 3221 1911 nihil,
3250 1844 3356 1901 nisi
3388 1844 3717 1900 lineamenta
3745 1852 3802 1900 et

2199 1954 2464 1996 summam
2517 1939 2739 2011 ﬁguram
2768 1948 2981 2010 gerunt.
3012 1938 3146 1994 Nam
3173 1940 3293 2010 quis
3345 1939 3643 2006 Caucasus,
3677 1954 3801 2010 qua:

2198 2032 2372 2100 India,
2402 2047 2521 2103 qua:
2548 2032 2798 2087 Hircania
2824 2040 2931 2086 tam
2961 2032 3246 2098 immanes,
3278 2038 3387 2087 tam
3418 2030 3795 2100 sanguinarias

2199 2140 2436 2196 unquam
2470 2124 2672 2182 bestias
2696 2123 2831 2180 aluit
2851 2124 3156 2193 iQuoniam
3180 2123 3417 2180 ferarum
3442 2123 3686 2179 omnium
3707 2138 3799 2179 ra-

2200 2218 2316 2274 bies
2355 2234 2523 2291 usque
2569 2219 2638 2275 ad
2663 2219 2868 2275 ventris
2910 2219 3212 2274 satietatem
3262 2218 3412 2286 furit,
3441 2218 3690 2289 fameque
3712 2232 3804 2273 se-

2195 2313 2342 2381 data,
2375 2312 2623 2382 protinus
2648 2311 3003 2383 conquiescit.
3027 2312 3120 2369 Illa
3150 2320 3233 2368 est
3258 2326 3388 2369 vera
3414 2310 3611 2379 bestia,
3640 2309 3803 2382 cujus

2196 2422 2301 2462 una
2329 2405 2591 2476 jussione.

2290 2496 2534 2548 Funditur
2551 2502 2663 2548 ater
2684 2497 2873 2561 ubique
2899 2510 3106 2549 cruor...

2820 2560 3048 2625 Crudelis
3064 2562 3253 2625 ubique

2289 2621 2493 2686 Luctus,
2521 2623 2708 2688 ubique
2734 2634 2902 2687 pavor,
2930 2633 2983 2674 et
3006 2621 3214 2686 pluriuia
3234 2624 3406 2676 mortis
3426 2624 3609 2689 imago.

2192 2704 2363 2762 Nemo
2412 2706 2574 2777 hujus
2617 2713 2780 2762 tanta
2828 2706 3024 2763 bellua:
3076 2707 3466 2763 immanitatem
3497 2715 3676 2777 potest
3699 2722 3800 2778 pro

2197 2798 2394 2853 merito
2417 2797 2749 2866 describere,
2765 2814 2887 2869 quae
2914 2814 3022 2854 uno
3045 2800 3165 2855 loco
3191 2799 3478 2867 recubans,
3503 2811 3682 2856 tamen
3704 2816 3804 2871 per

2196 2898 2367 2946 totum
2419 2889 2608 2946 orbem
2648 2889 2904 2947 dentibus
2929 2891 3126 2949 ferreis
3149 2893 3341 2961 saevit;
3370 2902 3427 2950 et
3450 2909 3562 2950 non
3590 2903 3801 2950 tantum

2194 2994 2347 3043 artus
2370 2986 2648 3042 hominum
2668 2985 2934 3058 dissipat;
2965 2987 3062 3044 sed
3083 2997 3140 3044 et
3166 3002 3290 3044 ossa
3312 2988 3428 3059 ipsa
3454 2988 3803 3053 comminuit,

494 3084 653 3142 scias.
685 3083 775 3140 Sic
802 3083 863 3138 ﬁt
916 3091 975 3137 ut
999 3081 1165 3137 vitam
1206 3078 1498 3136 colentium
1543 3079 1685 3136 Deus
1710 3093 1807 3149 pro
1828 3070 2163 3151 qualitateC
2194 3090 2249 3137 et
2292 3079 2346 3134 in
2393 3078 2603 3136 cineres
2649 3076 2802 3149 furit,
2858 3095 2928 3136 ne
2981 3080 3102 3150 quis
3155 3089 3303 3138 extet
3357 3080 3650 3154 sepulturze
3705 3079 3795 3135 lo-

1883 3219 1972 3275 VA
1982 3216 2245 3276 RIOBUM
2282 3215 2516 3273 NOTAE.

567 3338 868 3411 Infortunio
896 3335 1212 3411 mactat._lta
1242 3343 1297 3411 e_t
1321 3332 1462 3404 apud
1491 3333 1737 3390 Plautum
1770 3333 2086 3411 §m_phytrq

495 3424 600 3469 act.
630 3404 707 3479 iv,
730 3425 877 3467 scen.
917 3410 975 3477 2,
1005 3419 1061 3465 et
1085 3406 1332 3473 Curcul.,
1363 3414 1471 3479 act.
1503 3421 1583 3472 ιν,
1602 3420 1750 3461 scen.
1770 3405 1835 3471 '5;
1865 3404 2087 3462 Terent.

498 3477 745 3549 Phorm.,
768 3499 826 3547 v,
856 3483 911 3546 8.
938 3480 1027 3537 39.
1065 3479 1138 3535 Ita
1169 3492 1331 3549 supra
1369 3477 1560 3532 honore
1588 3485 1834 3544 mactare,
1870 3491 1968 3547 pro
2000 3479 2093 3531 ho-

499 3572 621 3611 nore
650 3554 932 3610 cumulare.

571 3627 789 3684 Summa
817 3625 939 3696 ﬁde.
974 3622 1074 3696 Hic
1103 3630 1318 3696 tantum
1343 3619 1520 3696 agitur
1548 3618 1617 3696 de
1650 3617 1753 3675 ﬁde
1779 3619 1922 3675 civili
1947 3635 2092 3696 quae,

498 3699 642 3768 apud
684 3689 1004 3753 Ciceronem
1035 3694 1103 3749 de
1144 3692 1354 3749 Ofﬁciis
1375 3689 1400 3758 ,ί
1439 3689 1849 3747 fundamentum
1903 3689 1989 3748 est
2016 3690 2097 3758 iu-

499 3770 679 3825 stitiae.

575 3840 820 3905 Martem,
849 3847 954 3893 etc.
1000 3833 1199 3892 Contra
1228 3833 1497 3889 vanitates
1537 3832 1671 3888 istas
1718 3832 1849 3887 satis
1893 3832 2093 3890 dictum

501 3919 585 3967 est
614 3909 764 3964 libris
790 3925 807 3963 ι
835 3917 889 3964 et
908 3924 969 3962 Il.

576 3981 882 4036 Saturnum.
914 3976 1017 4032 Ed.
1049 3974 1267 4033 Sublac.
1300 3973 1463 4029 habet
1481 3974 1565 4044 qui
1586 3974 1758 4028 colunt
1782 3973 2085 4030 Saturnum.

510 4057 514 4061 '
578 4052 935 4107 Prostitutam.
954 4048 1102 4118 Lips.
1120 4047 1246 4112 2,5,
1267 4045 1520 4118 Reimm.,
1546 4045 1861 4118 destitutam.
1882 4046 1951 4100 At
1969 4048 2087 4117 plu-

503 4139 592 4182 res
612 4137 742 4179 mss.
765 4121 895 4178 editi
914 4116 1045 4175 vero
1066 4133 1278 4184 onmes,
1294 4116 1638 4188 prostitutam.
1656 4116 1775 4185 Ipse
1804 4117 1871 4171 de
1898 4116 2088 4188 eadem

504 4196 737 4260 Venere,
765 4193 803 4248 l.
834 4208 874 4259 ι,
903 4207 953 4247 e.
984 4191 1051 4246 i7
1082 4206 1095 4242 :
1133 4188 1269 4257 Quid
1300 4188 1484 4259 loquar
1511 4187 1885 4260 obscmnitatem
1927 4187 2091 4243 Vene-

503 4269 573 4322 ris
601 4256 828 4324 omnium
855 4256 1151 4319 libidinibus
1178 4256 1493 4330 prostitutte?
1520 4256 1702 4327 Conf.,
1726 4259 1763 4314 Ι.
1794 4275 1872 4327 ιιι,
1894 4274 1944 4315 c.
1976 4260 2048 4315 22
2073 4274 2088 4314 :

506 4339 629 4396 Non
650 4337 965 4393 adultera...
992 4333 1082 4388 sed
1109 4331 1415 4404 prostituta.
1444 4330 1578 4385 Buu.

2267 3330 2532 3387 Prwclare
2559 3332 2727 3402 itaque
2749 3331 2802 3385 Μ
2810 3330 3183 3387 arcus'l'ullius.
3202 3330 3299 3386 Hic
3317 3331 3602 3402 locusgnon
3627 3339 3802 3399 extat,

2194 3404 2271 3459 ait
2298 3402 2577 3467 Bentleius,
2605 3400 2700 3459 sed
2752 3402 2985 3458 similem
3011 3402 3196 3468 babes,
3220 3403 3316 3459 lib.
3349 3419 3429 3469 tu,
3456 3400 3637 3468 Olﬁc.,
3663 3417 3715 3458 c.
3739 3403 3799 3458 5.

2273 3473 2477 3529 Emori.
2510 3473 2665 3540 Apud
2694 3472 3034 3540 Ciceronem,
3063 3475 3217 3528 mori.

2278 3545 2531 3617 Figuram
2557 3543 2748 3600 bestite.
2780 3546 2855 3600 De
2876 3545 3064 3617 simili,
3105 3545 3202 3617 sed
3226 3543 3471 3617 fabulosa
3519 3544 3803 3617 hominum

2198 3619 2253 3673 in
2308 3617 2511 3741 bggtias
2543 3616 3052 3685 transformatione,
3105 3616 3228 3673 vide
3274 3616 3526 3684 Plinium,
3554 3616 3647 3671 lib.
3677 3631 3803 3685 vm,

2200 3703 2321 3741 can.
2424 3727 2436 3741 .

2308 3728 2321 3741 .
2343 3703 2436 3741 zz.

2200 3703 2463 3814 ca[:tnimo
2492 3775 2599 3815 esse
2622 3758 2854 3827 efferata.
2879 3758 2979 3815 Ms.
3009 3757 3415 3825 Mertonicnsis,
3439 3758 3668 3814 animum
3691 3775 3805 3814 esse

2202 3830 2491 3899 e/feratum.

2273 3902 2546 3958 Steviores.
2580 3899 2721 3957 Edit.
2750 3900 2908 3965 1476,
2930 3899 3212 3957 Brutiores.

2193 4060 2249 4100 Iv
2274 3970 2836 4099 Quigggucasusﬁlc.
2862 3972 3102 4043 Respicit
3123 3972 3190 4028 ad
3221 3971 3355 4028 illud
3381 3969 3626 4041 Didonis,
3642 3969 3802 4041 Em,

2254 4084 2273 4100 .
2303 4060 2355 4099 v.
2526 4063 2541 4098 :

2254 4084 2273 4113 ,
2303 4060 2355 4099 v.
2387 4060 2541 4099 oon:

2286 4158 2505 4222 Perﬁde,
2531 4159 2622 4224 sed
2643 4160 2784 4211 duris
2806 4162 2984 4224 genuit
3007 4166 3058 4212 te
3078 4161 3304 4213 cautibus
3320 4161 3532 4212 horrens

2286 4224 2547 4284 Caucasus,
2572 4223 2912 4287 Hyrcanaeque
2936 4224 3195 4275 admorunt
3216 4225 3376 4275 ubera
3400 4225 3579 4287 tigres.

2196 4331 2442 4388 Caucaso
2470 4331 2867 4387 immanitatem
2921 4330 3184 4396 tribuunt,
3213 4340 3436 4402 propter
3486 4328 3805 4402 Promethei

577 4399 2093 4480 ExprimunturEm.’Exponamitm—Emprimunturzjta,
2121 4399 2177 4460 D
2203 4403 2483 4480 fabulam;
2511 4419 2612 4475 ego
2665 4403 2814 4480 mal_o_
2840 4412 3063 4480 propter
3089 4399 3485 4480 multitudinem
3509 4401 3805 4480 panthera—

505 4472 733 4549 exeepto
757 4478 1033 4542 Emman.,
1053 4488 1242 4549 omnes
1257 4472 1441 4549 scripti
1456 4482 1512 4529 et
1527 4472 1749 4549 editi,_et
1768 4481 1940 4549 recte.
1964 4472 2099 4527 Pro-

506 4542 681 4622 prium
710 4551 765 4604 in
794 4550 894 4622 hac
930 4564 1000 4622 re
1039 4546 1293 4622 verbum.
1316 4542 1486 4622 _E_pit.,
1534 4560 1585 4599 c.
1635 4544 1744 4622 65;
1772 4542 2097 4622 Histrionum

507 4615 662 4678 etiam
694 4620 941 4691 impudici
952 4627 1204 4691 gestus...
1237 4615 1472 4691 libidines
1500 4631 1630 4691 quas
1646 4615 1884 4691 saltando
1910 4615 2098 4691 expri-

506 4701 682 4759 munt,
709 4685 908 4745 docent.
924 4685 1041 4744 Non
1059 4689 1288 4759 obscure
1312 4685 1567 4754 exprimit
1586 4685 2014 4759 Cyprianum].
2036 4702 2095 4753 ιι,

508 4779 599 4834 ep.
625 4756 685 4830 2,
710 4761 799 4834 ed.
820 4759 1105 4834 Erasm_._f.
1136 4758 1228 4823 55,
1259 4759 1553 4826 exprimunt
1580 4756 1891 4825 impudicam
1922 4756 2096 4813 Vene-

506 4829 644 4897 rem,
672 4832 974 4889 adulterum
1001 4829 1249 4893 Martem,
1274 4837 1379 4882 etc.

580 4904 904 4960 Erudiantur
929 4902 997 4956 ad
1020 4900 1346 4973 iniustitiam.
1375 4897 1468 4973 Sic
1487 4913 1573 4973 res
1603 4896 1796 4973 poscit,
1830 4908 1883 4973 et
1905 4914 2098 4973 omnes

509 4977 625 5033 fere
652 4990 786 5032 mss.
818 4984 873 5030 et
902 4968 1341 5030 editiCNonnulli
1365 4970 1550 5041 scripti
1568 4968 1625 5026 et
1650 4969 1876 5042 vulgati,
1896 4971 1964 5025 ad
1976 4971 2098 5042 jus-

509 5049 695 5113 titiam,
735 5046 828 5102 sed
860 5045 1020 5101 male.

579 5112 1016 5191 Religiosissimus
1079 5124 1160 5191 est
1196 5114 1360 5191 cultus
1388 5154 1403 5179 ,
1472 5113 1683 5168 imitari.
1723 5112 2047 5191 Augustinus
2081 5128 2095 5165 :

510 5181 725 5248 Summa
751 5189 1012 5266 religionis
1038 5197 1113 5242 est
1142 5185 1335 5266 imitari
1363 5200 1477 5266 eum
1505 5201 1652 5266 quem
1679 5181 1844 5266 colas.
1868 5181 2095 5249 Seneca,

509 5279 596 5333 ep.
624 5278 761 5321 xcv:
796 5256 937 5333 satis
965 5257 1301 5333 deosucoluit,
1324 5256 1552 5333 quisquis
1579 5256 1981 5333 illum‘imitatus
2001 5263 2095 5333 est.

580 5333 658 5388 Iis
700 5328 1355 5405 igituruhominibustetc.
1386 5326 1434 5405 5¹
1466 5325 1625 5405 Reg,
1651 5326 1687 5379 2
1712 5327 1891 5405 Colb.,
1914 5325 2097 5391 Bodl.,

509 5397 751 5471 Cottonf,
787 5406 809 5457 ι
845 5402 1105 5469 Clarom.,
1135 5400 1174 5455 ii
1216 5399 1372 5471 igitur
1413 5397 1711 5452 homines...
1752 5398 1873 5467 quia
1897 5413 2101 5469 gravem

511 5473 694 5529 habent
722 5472 1052 5543 acerbamque
1058 5471 1334 5543 justitiam.

585 5544 772 5600 Bestia:
799 5538 1148 5597 nominantur.
1165 5540 1301 5597 Vide
1325 5538 1649 5605 Ezechielis,
1670 5553 1720 5593 e.
1741 5554 1932 5607 xxxrv,
1962 5540 2016 5607 5,
2041 5540 2094 5606 8,

510 5615 605 5684 25,
633 5615 706 5672 28
735 5632 750 5683 ;
783 5612 1094 5683 Sophoniaa,
1124 5627 1173 5684 (ξ.
1206 5627 1266 5677 ιι,
1300 5610 1367 5684 ιι
1404 5621 1458 5668 et
1485 5612 1554 5668 i5
1587 5609 1912 5684 ;_Exodi,c.
1946 5625 2098 5677 χχιιι,

511 5689 547 5744 6
576 5681 631 5745 et
656 5681 748 5742 22.
783 5681 877 5742 Sic
919 5685 1081 5740 etiam
1130 5681 1388 5746 Danielis,
1418 5698 1491 5737 vn
1518 5682 1716 5753 capite,
1748 5696 1845 5751 per
1871 5688 2104 5751 quatuor

513 5760 786 5829 animalia,
812 5765 1042 5831 quatuor
1066 5768 1231 5827 regna
1259 5754 1537 5826 tyrannica
1559 5753 1957 5811 describuntur.

471 5922 497 5933 ο

2202 4491 2345 4541 rum,
2374 4472 2571 4544 quibus
2599 4489 2724 4530 eum
2759 4472 3013 4544 Philostr.
3046 4473 3101 4528 in
3145 4474 3253 4527 vita
3281 4473 3566 4544 Apollonii
3612 4473 3806 4544 scribit

2201 4561 2323 4602 esse
2373 4543 2648 4602 refertum.
2683 4544 2833 4599 India
2859 4554 2915 4600 et
2959 4543 3214 4601 Hircania
3257 4543 3451 4602 tigride
3481 4543 3804 4599 formidabi-

2201 4617 2281 4673 les
2311 4625 2453 4671 sunt.
2489 4617 2652 4681 Plin.,
2688 4615 2724 4669 Ι.
2757 4630 2940 4679 vm,c.
2974 4615 3061 4671 18.
3094 4615 3171 4671 De
3191 4613 3497 4684 elephante,
3530 4613 3727 4684 tigride
3749 4623 3809 4670 et

2201 4687 2421 4742 formica
2453 4686 2639 4751 Indiae,
2673 4686 2793 4755 lege
2832 4684 3146 4752 Arrianum,
3174 4686 3214 4740 ι.
3236 4702 3355 4752 vtu,
3388 4687 3481 4756 qui
3511 4695 3594 4740 est
3618 4684 3687 4741 de
3708 4701 3803 4741 re-

2200 4758 2302 4814 bus
2329 4757 2544 4827 Indicis.
2590 4756 2766 4813 Taceo
2793 4756 3140 4813 Heliodorum
3182 4758 3237 4812 in
3267 4771 3362 4813 sua
3415 4756 3723 4827 Theogenis
3748 4765 3807 4813 et

2199 4828 2501 4885 Charicles:
2524 4826 2724 4885 fabula.
2752 4827 2960 4884 BETUL.

2273 4898 2382 4981 Illa
2407 4908 2480 4981 est
2505 4914 2631 4981 vera.
2651 4898 2831 4981 bestia.
2860 4900 3131 4981 Quantum
3168 4897 3499 4981 conjecturis
3516 4980 3519 4981 γ
3536 4899 3691 4981 locus
3718 4905 3806 4954 est

2200 4969 2714 5042 dandus,_intelligit
2760 4970 3173 5042 Diocletianum,
3202 4969 3356 5042 cujus
3384 4969 3559 5042 edicta
3588 4979 3656 5042 et
3676 4984 3805 5042 per-

2202 5041 2409 5097 secutio
2424 5039 2810 5097 describuntur
2830 5040 2898 5096 ab
2915 5042 3149 5098 Eusebio
3164 5043 3215 5096 in
3238 5040 3625 5097 Ecclesiastica
3647 5041 3803 5103 hist.,

2202 5113 2239 5168 l.
2279 5128 2395 5175 VIII,
2427 5111 2567 5167 etde
2609 5111 2954 5168 Nicomedica
2976 5113 3278 5181 praesertim
3310 5112 3660 5178 truculentia,
3683 5126 3736 5168 c.
3768 5111 3803 5166 5

2202 5192 2257 5238 et
2286 5183 2319 5254 6
2350 5184 2596 5253 ejusdem
2629 5183 2776 5247 libri,
2806 5192 2859 5237 et
2884 5183 2951 5239 de
2974 5183 3185 5239 Mortib.
3216 5192 3487 5254 persecut.

2273 5250 2639 5327 Jussione.Sic
2666 5261 2721 5310 et
2748 5253 3149 5327 infrasatellites
3179 5250 3353 5323 impia:
3373 5253 3644 5327 jussionis.
3668 5250 3806 5320 Qua:

2205 5340 2311 5381 vox
2342 5340 2447 5380 non
2471 5334 2553 5380 est
2576 5325 2863 5380 admodum
2888 5326 3073 5380 latina.

2202 5466 2219 5523 Ι
2264 5394 2554 5522 ιτίύὄιιξέἓν,
2585 5405 2690 5452 etc.
2723 5394 2979 5467 Virgilius
3001 5395 3269 5464 _1Eneid.,
3303 5396 3343 5451 l.
3375 5412 3450 5464 tv,
3498 5411 3551 5451 v.
3584 5393 3716 5461 646,
3748 5405 3808 5452 et

2226 5505 2242 5522 .
2264 5481 2325 5534 ιι,
2349 5482 2400 5521 ν.
2417 5481 2542 5522 ὀῠδ.

2276 5537 2345 5593 In
2395 5540 2585 5593 cineres
2628 5537 2776 5608 furit.
2801 5536 2881 5593 Ex
2932 5538 3034 5595 hoc
3077 5538 3199 5595 loco
3226 5538 3530 5594 illustratur
3559 5537 3700 5593 liber
3729 5534 3805 5593 de

2203 5607 2364 5665 Mori.
2397 5623 2567 5679 pers.,
2590 5607 2639 5664 c.
2668 5609 2760 5674 2i,
2788 5619 2927 5665 extr.
2960 5611 3050 5680 qui
3073 5609 3221 5679 facit,
3252 5618 3312 5665 ut
3342 5608 3411 5665 de
3440 5608 3661 5665 Galerio
3688 5622 3802 5680 non

2204 5681 2384 5736 minus
2402 5678 2697 5751 explicem,
2724 5695 2884 5751 quam
2912 5678 2992 5737 de
3009 5678 3367 5747 Diocletiano,
3393 5680 3463 5735 ad
3501 5694 3665 5751 quem
3697 5678 3805 5734 Be-

2207 5751 2401 5809 tuleius
2427 5749 2705 5809 retulerat.
2747 5749 2911 5810 'Conf.
2943 5753 3143 5812 Euseb.
3175 5752 3313 5810 Hist.
3359 5749 3583 5820 eccles.,
3607 5750 3646 5807 l.
3674 5766 3800 5820 vui,
