4142 6200
478 303 585 363 581

1596 293 1783 353 FIRM.
1812 288 2182 351 LACTAN'TII
2214 291 2427 352 DlVIN.
2464 289 2713 351 INSTIT.

3671 288 3782 350 588

478 417 784 490 potationes
802 414 1227 485 iurisperitorum
1254 413 1507 484 leguntur
1527 410 1764 481 injustzn.
1782 409 2067 478 Domitius,
2096 410 2149 471 Α
2174 410 2312 465 alter
2336 410 2563 481 insignis
2585 400 2868 466 scelere'et
2897 384 3119 466 audacia
3152 416 3243 466 :et
3271 407 3317 467 si
3339 410 3469 467 ineo
3493 410 3565 467 sit
3590 425 3779 468 errore

478 513 546 567 de
571 508 749 565 ofﬁcio
777 507 1117 578 proconsulis
1156 508 1298 563 libro
1348 507 1603 576 septimo,
1633 504 1893 572 rescripta
1923 503 2073 572 prin-

475 605 655 675 cipum
698 601 901 658 nefaria
929 603 1167 673 collegit,
1200 610 1260 657 ut
1288 600 1530 665 doceret,
1560 598 1757 669 quibus
1788 597 1963 668 ptenis
1986 595 2069 651 af-

476 695 562 753 ﬁci
583 705 861 769 oporteret
888 711 984 754 eos
1026 696 1119 767 qui
1146 710 1208 751 se
1233 696 1470 751 cultores
1498 692 1593 748 Dei
1624 692 2028 748 conﬁterentur.

1048 814 1274 873 CAPUT
1313 812 1428 870 XII.

475 934 557 992 De
593 949 711 991 nera
757 931 941 989 uirtute
983 949 1005 1000 ;
1055 939 1207 1001 atque
1271 929 1351 1003 de
1386 926 1762 992 existimatione
1816 923 1935 981 boni
1980 930 2069 977 aut

1079 1025 1208 1080 mali
1244 1024 1387 1079 civis.

469 1164 473 1171 ’
541 1164 680 1235 Quid
703 1163 771 1220 iis
795 1162 980 1229 facias,
1004 1161 1094 1234 qui
1115 1162 1205 1233 jus
1230 1167 1426 1216 vocant
1449 1158 1792 1216 carnificinas
1821 1162 2069 1210 veterum

470 1262 819 1329 tyrannorum
846 1256 1106 1310 adversus
1136 1255 1452 1308 innocentes
1485 1252 1670 1307 rabide
1697 1246 2066 1305 smvientium?

472 1353 542 1408 Et
567 1367 687 1407 cum
718 1351 826 1405 sint
855 1349 1127 1416 iniustitiae
1144 1347 1580 1417 crudelitatisque
1599 1346 1870 1410 doctores,
1892 1342 2068 1413 justos

471 1458 534 1499 se
561 1457 682 1498 esse
706 1453 881 1496 tamen
907 1455 968 1495 ac
998 1439 1289 1510 prudentes
1310 1438 1478 1493 videri
1507 1437 1714 1502 volunt,
1738 1435 1867 1491 caeci
1891 1442 1945 1489 et
1974 1433 2068 1488 he—

471 1534 646 1601 betes,
663 1544 717 1590 et
738 1550 918 1589 rerum
934 1541 986 1587 et
1002 1533 1243 1588 veritatis
1258 1532 1446 1603 ignari.
1468 1530 1689 1585 Adeone
1709 1528 1882 1591 vobis,
1901 1543 1932 1581 o
1947 1542 2067 1597 per-

469 1625 596 1683 ditae
636 1634 865 1692 mentes,
900 1625 1066 1678 invisa
1092 1623 1299 1695 justitia
1329 1632 1433 1688 est,
1468 1631 1527 1675 ut
1553 1606 1670 1676 eam
1698 1618 1925 1675 summis
1949 1632 2069 1674 sce-

467 1719 671 1775 leribus
697 1716 1037 1788 aquuetis?
1065 1716 1284 1772 Adeone
1336 1714 1477 1786 apud
1507 1729 1602 1769 vos
1635 1715 1774 1783 perit
1811 1714 2066 1767 innocen-

2176 502 2461 566 civitas,ut
2492 501 2690 557 bonum
2723 501 2871 556 illum
2902 501 3100 569 virum,
3129 503 3475 565 sceleratum,
3506 501 3778 559 facinoro-

2175 609 2316 661 sum,
2346 595 2608 650 nefarium
2639 603 2807 666 putet,
2824 604 3009 650 contra
3037 606 3241 662 autem,
3274 596 3462 670 quisit
3488 596 3780 667 improbis-

2174 687 2367 754 simus,
2384 687 2657 742 existimet
2680 696 2804 742 esse
2834 701 3042 742 summa
3068 688 3359 759 probitate,
3381 704 3445 744 ac
3470 688 3614 756 fide;
3650 705 3779 760 pro-

2174 794 2277 850 que
2292 780 2391 834 hac
2413 779 2671 848 Opinione
2689 781 2928 834 omnium
2949 780 3171 849 civium,
3190 781 3366 837 benus
3392 780 3486 837 ille
3511 780 3591 836 vir
3614 797 3780 838 vexe—

2174 882 2280 941 tur,
2310 874 2570 943 rapiatur,
2604 889 2795 930 manus
2815 875 2864 930 ei
2887 874 3120 948 denique
3147 874 3486 940 auferantur,
3512 874 3777 931 effodian-

2173 973 2261 1021 tur
2281 966 2442 1031 oculi,
2470 966 2776 1031 damnetur,
2799 968 3085 1032 vinciatur,
3121 976 3327 1033 uratur,
3350 967 3775 1037 exterminetur,

2173 1067 2328 1130 egeat
2347 1068 2639 1129 postremo,
2667 1060 2789 1129 jure
2812 1061 2972 1115 etiam
3002 1062 3211 1133 optimo
3253 1060 3504 1117 omnibus
3529 1062 3778 1117 miserri-

2173 1166 2294 1205 mus
2346 1166 2467 1207 esse
2519 1152 2766 1207 videatur
2798 1171 2813 1209 :
2845 1161 3032 1212 contra
3082 1164 3265 1209 autem
3334 1153 3427 1209 ille
3498 1153 3781 1221 improbus

2174 1244 2440 1310 laudetur,
2467 1244 2697 1311 colatur,
2732 1245 2801 1299 ab
2846 1246 3100 1301 omnibus
3150 1246 3450 1317 diligatur;
3490 1242 3681 1302 omnes
3708 1245 3780 1302 ad

2172 1352 2297 1395 eum
2329 1337 2584 1407 honores,
2601 1340 2778 1394 omnia
2800 1341 3048 1411 imperia,
3071 1356 3262 1397 omnes
3284 1357 3438 1412 opes,
3463 1357 3656 1397 omnes
3682 1342 3779 1398 de-

2171 1432 2334 1501 nique
2379 1432 2549 1501 copiae
2599 1431 2987 1500 conferantur;
3024 1434 3104 1488 vir
3127 1434 3361 1505 denique
3387 1435 3625 1505 optimus
3655 1450 3776 1490 om-

2171 1523 2318 1577 nium
2349 1524 2769 1588 existimatione,
2798 1536 2853 1580 et
2880 1524 3230 1593 dignissimus
3260 1528 3408 1583 omni
3440 1527 3659 1582 fortuna
3682 1527 3776 1597 ju-

2172 1618 2561 1692 diceturzquis
2612 1620 2826 1675 tandem
2876 1619 2979 1676 erit
3011 1632 3115 1676 tam
3147 1621 3393 1684 demens,
3433 1622 3524 1690 qui
3568 1620 3779 1677 dubitet

2170 1722 2350 1767 utrum
2380 1728 2438 1768 se
2486 1727 2610 1769 esse
2642 1713 2814 1768 malit.
2849 1732 2867 1767 ι
2893 1713 3144 1770 Profecto
3171 1714 3321 1786 quasi
3349 1712 3778 1786 divinaret,qnte

466 1813 563 1879 tia,
596 1824 653 1867 ut
679 1826 748 1866 ne
786 1820 959 1865 morte
988 1809 1203 1881 quidem
1249 1808 1479 1875 simplici
1519 1806 1737 1877 dignam
1773 1803 2068 1877 iudicetis?
2100 1812 2148 1875 Β
2174 1804 2330 1859 nobis
2350 1804 2513 1871 mala,
2541 1813 2594 1860 et
2633 1804 2910 1876 quomodo
2938 1818 3201 1862 eventura
3228 1817 3412 1862 essent
3446 1816 3665 1876 propter
3685 1806 3776 1877 ju-

466 1905 574 1964 Sed
601 1922 762 1978 supra
794 1906 971 1960 omnia
1006 1903 1243 1959 facinora
1300 1902 1584 1966 habeatur,
1617 1900 1823 1955 nullum
1857 1898 2061 1954 facinus

465 2000 776 2061 admittere.
800 2009 1098 2069 pectusque
1131 2011 1323 2067 purum
1354 1994 1422 2049 ab
1453 1994 1596 2048 omni
1626 1993 1848 2049 sceleris
1875 2001 2063 2048 conta-

463 2096 624 2167 gione
646 2102 919 2164 prtestare.
944 2091 1010 2146 Et
1032 2092 1283 2161 quoniam
1312 2086 1672 2145 communiter
1697 2103 1819 2142 cum
1840 2086 2064 2142 deorum

464 2187 761 2246 cultoribus
811 2186 1104 2256 loquimur,
1131 2184 1292 2239 liceat
1331 2197 1426 2253 per
1452 2197 1543 2239 vos
1603 2179 1924 2236 benefacere
1970 2196 2065 2236 vo-

462 2281 694 2337 biscum.
726 2278 851 2334 ilice
875 2288 959 2333 est
995 2277 1137 2332 enim
1162 2276 1247 2330 lex
1278 2287 1482 2340 nostra,
1511 2273 1615 2328 hoc
1644 2288 1799 2343 opus.
1832 2273 1947 2328 haec
1974 2287 2064 2328 re-

463 2374 611 2446 ligio.
635 2371 693 2429 Si
711 2371 864 2451 vobis
889 2370 1161 2439 sapientes
1184 2367 1449 2433 videmur,
1470 2365 1788 2421 imitamini:
1816 2365 1860 2419 si
1891 2363 2061 2431 stulti,

461 2465 812 2529 contemnite,
842 2471 934 2517 aut
978 2463 1143 2516 etiam
1192 2460 1386 2525 ridete,
1429 2458 1475 2512 si
1522 2457 1653 2512 libet
1686 2474 1700 2521 ;
1731 2455 1888 2511 nobis
1919 2458 2065 2510 enim

460 2556 690 2615 stultitia
734 2563 914 2610 nostra
940 2549 1178 2623 prOdest.
1209 2550 1347 2619 Quid
1378 2548 1666 2604 laceratis?
1694 2547 1820 2619 quid
1863 2546 2063 2617 afﬂigi-

461 2650 562 2706 tis?
592 2664 697 2704 non
720 2645 1025 2702 invidemus
1051 2643 1334 2713 sapientia:
1361 2650 1579 2697 vestras.
1604 2640 1754 2696 Hanc
1783 2641 2065 2696 stultitiam

467 2745 778 2802 malumus:
815 2741 955 2796 hanc
1008 2740 1405 2810 amplectimur.
1435 2738 1550 2793 Hoc
1598 2738 1755 2793 nobis
1796 2738 2068 2794 credimus

463 2836 738 2908 expedire,
759 2846 818 2889 ut
842 2849 942 2889 vos
969 2834 1276 2905 diligamus,
1291 2842 1345 2889 et
1367 2832 1421 2887 in
1439 2847 1537 2888 vos
1556 2832 1724 2902 ipsos,
1744 2824 2063 2904 quiodis’tis,

463 2932 643 2987 omnia
674 2929 1036 2985 conferamus.

539 3021 636 3076 Est
664 3017 805 3090 apud
835 3018 1153 3073 Ciceronem
1201 3031 1308 3072 non
1338 3016 1637 3074 abhorrens
1666 3031 1697 3073 a
1734 3032 1865 3074 vero
1891 3018 2065 3090 locus,

469 3115 524 3170 in
546 3129 609 3170 ea
639 3113 1023 3182 di~putatione,
1048 3127 1170 3182 qua:
1191 3112 1423 3168 habetur
1447 3128 1477 3167 a
1501 3112 1664 3169 Furio
1690 3126 1879 3171 contra
1906 3116 2069 3186 justi-

469 3208 655 3263 tiam.t
687 3209 904 3275 Quaero.
934 3206 1127 3276 inquit,
1152 3207 1197 3262 si
1223 3206 1332 3261 duo
1356 3206 1484 3274 sint,
1506 3223 1734 3278 quorum
1763 3209 1903 3265 alter
1927 3212 2069 3281 opti-
2094 3237 2141 3301 ο

464 3314 588 3358 mus
611 3300 718 3370 vir,
746 3300 1108 3372 aequissimus,
1138 3313 1348 3357 summa
1374 3298 1606 3371 iustitia,
1631 3300 1891 3373 singulari
1912 3303 2020 3359 fide
2046 3320 2063 3371 ;

2168 1896 2390 1964 stitiant,
2409 1898 2510 1953 hoc
2536 1899 2716 1968 posuit
2734 1899 3065 1970 exemplum.
3082 1899 3209 1956 Haec
3235 1900 3380 1955 enim
3408 1900 3638 1971 populus
3669 1916 3774 1955 no-

2164 2001 2276 2048 ster
2307 1992 2504 2061 patitur
2532 1993 2733 2061 omnia,
2780 1992 3079 2048 errantium
3136 1994 3419 2063 pravitate.
3454 1989 3594 2048 Ec'ce
3626 1996 3679 2048 in
3705 2007 3775 2049 eo

2164 2097 2247 2156 est
2267 2102 2455 2144 errore
2482 2088 2692 2155 civitas,
2725 2087 2807 2143 vel
2849 2088 3026 2158 potius
3051 2089 3201 2143 orbis
3252 2088 3370 2160 ipse
3399 2098 3563 2149 totus,
3590 2098 3649 2143 ut
3677 2088 3778 2142 bo-

2166 2195 2266 2236 nos
2292 2191 2342 2234 et
2367 2180 2548 2251 justos
2580 2180 2750 2245 viros,
2797 2188 3069 2251 tamquam
3120 2181 3294 2257 malos
3321 2190 3375 2236 et
3404 2181 3617 2253 impios,
3643 2196 3774 2252 per-

2165 2283 2441 2344 sequatur,
2475 2273 2775 2339 excruciet,
2804 2273 3045 2342 damnet,
3078 2273 3313 2329 occidat.
3346 2273 3479 2329 Nam
3502 2274 3647 2346 quod
3674 2276 3773 2343 ait,

2166 2368 2439 2422 neminem
2480 2382 2600 2422 esse
2629 2378 2735 2421 tam
2781 2367 3111 2435 dementem,
3135 2368 3225 2439 qui
3265 2366 3476 2424 dubitet
3506 2380 3685 2425 utrum
3712 2382 3776 2424 se

2167 2475 2290 2517 esse
2321 2461 2471 2516 malit
2497 2480 2513 2529 ;
2545 2460 2637 2516 ille
2666 2460 2908 2531 quidem,
2942 2471 2999 2516 ut
3030 2461 3074 2515 is
3118 2460 3211 2531 qui
3263 2471 3451 2517 contra
3494 2461 3778 2532 justitiam,

2168 2552 2490 2621 disserebat,
2523 2554 2627 2610 hoc
2650 2557 2842 2622 sensit,
2874 2554 3036 2610 malle
3077 2556 3378 2625 sapientem
3414 2555 3618 2611 malum
3640 2569 3770 2613 esse

2169 2664 2291 2706 cum
2322 2651 2462 2707 bona
2487 2651 2907 2719 existimatione,
2930 2666 3090 2722 quam
3121 2650 3322 2707 bonum
3352 2665 3476 2707 cum
3504 2651 3663 2707 mala.

2240 2744 2288 2799 A
2314 2745 2472 2799 nobis
2497 2754 2677 2800 autem
2707 2744 2847 2799 absit
2892 2742 3007 2799 haec
3029 2744 3285 2811 amentia,
3316 2753 3373 2798 ut
3416 2742 3610 2798 falsum
3640 2757 3776 2800 vero

2168 2844 2579 2908 anteponamus.
2613 2838 2696 2893 An
2748 2836 2877 2891 boni
2905 2836 3076 2892 nostri
3107 2836 3341 2905 qualitas
3367 2851 3433 2892 ex
3463 2836 3645 2907 populi
3675 2850 3774 2907 po-
3835 2849 3844 2855 ‘

2170 2932 2277 2987 tius
2304 2930 2560 3001 pendebit
2589 2930 2885 2998 erroribus,
2915 2946 3077 3002 quam
3098 2944 3166 2986 ex
3199 2930 3534 2987 conscientia
3566 2940 3780 2997 nostra,
3816 2952 3821 2959 ν

2173 3032 2229 3079 et
2248 3022 2457 3094 judicio
2488 3022 2627 3078 Dei?
2657 3023 2775 3104 Aut
2793 3022 2969 3095 aliqua
3012 3038 3113 3079 nos
3142 3022 3329 3079 illiciet
3371 3039 3623 3093 umquam
3651 3023 3784 3080 feli-
3848 3048 3859 3055 π

2172 3118 2329 3184 citas,
2350 3126 2409 3171 ut
2433 3132 2540 3172 non
2562 3116 2740 3187 potius
2760 3133 2942 3173 veram
2966 3118 3264 3174 bonitatem
3281 3133 3404 3175 cum
3430 3120 3584 3175 omni
3605 3119 3783 3189 malo,

2174 3224 2339 3281 quam
2379 3209 2568 3265 falsam
2597 3225 2723 3266 cum
2752 3210 2900 3266 otnni
2932 3212 3292 3282 prosperitate
3336 3212 3595 3267 malimus
3614 3212 3640 3266 ἲ
3669 3212 3787 3269 Sua

2173 3305 2278 3361 sibi
2302 3305 2537 3362 habeant
2555 3320 2724 3378 regna
2754 3320 2935 3379 reges,
2963 3321 3089 3364 suas
3116 3304 3334 3363 divitias
3359 3303 3556 3363 divites
3585 3306 3670 3379 (ut
3698 3304 3788 3362 lo-

1837 3438 2205 3500 VARIORUM
2239 3439 2478 3500 NOTAE.

548 3581 822 3643 Domitius.
853 3579 1114 3651 Ulpianus
1166 3576 1396 3651 scilicet,
1443 3574 1665 3651 Adriani
1714 3577 2063 3648 imperatoris
2145 3596 2155 3605 ·

474 3661 808 3716 Scriniorum
857 3650 1133 3722 magister,
1186 3650 1427 3705 secundo
1469 3650 1602 3703 vixit
1651 3652 1873 3715 saeculo,
1904 3661 2066 3721 atque

479 3733 682 3804 Tyrius
723 3735 857 3804 erat.
893 3725 1059 3793 Hujus
1104 3723 1174 3804 de
1218 3722 1862 3804 principumnrescriptis
1909 3733 2069 3779 erant

480 3790 607 3859 olim
632 3800 750 3854 libri
779 3790 1014 3850 decetu':
1045 3794 1137 3848 sed
1164 3790 1393 3864 quorum
1444 3790 1577 3846 nihil
1608 3792 1644 3846 h
1668 3790 1768 3847 idie
1797 3808 2067 3864 superest,

484 3874 589 3927 nisi
633 3872 950 3939 fragmenta,
985 3865 1038 3939 in
1060 3864 1198 3918 titul.
1229 3862 1502 3939 de_0_[ﬁcio
1529 3865 1868 3939 proconsulis.

558 3935 737 3997 Libro'
756 3939 989 4008 septimo.
1020 3935 1091 3989 Ita
1121 3948 1250 4008 mss.
1285 3935 1493 4008 illico.
1520 3936 1716 4002 antiq.,
1748 3937 1775 3990 1
1809 3937 1941 4007 Reg,
1972 3954 2073 3994 an-

489 4014 583 4084 tiq.
614 4025 669 4069 et
687 4012 776 4084 alii
806 4004 877 4084 23
901 4022 1025 4084 cum
1047 4006 1268 4084 excusis
1286 4004 1367 4058 12.
1386 4005 1453 4059 Et
1482 4004 1618 4058 hanc
1642 4004 1929 4084 lectionetii
1956 4026 2081 4079 pro-

490 4073 621 4141 bant
646 4082 892 4152 tlujacius
926 4078 1095 4152 _libro_
1123 4092 1160 4152 _x
1207 4073 1518 4152 Ollservat.,
1560 4074 1735 4152 (ιτ-54,
1764 4088 1820 4133 et
1847 4073 2084 4135 Tliotita-

490 4158 603 4211 sius
630 4156 685 4209 in
721 4148 895 4207 'nulis.
926 4148 983 4204 In
1013 4148 1438 4221 editisquiuque
1475 4154 1571 4221 _est
1599 4148 1740 4201 libris
1770 4161 2005 4221 septem;
2034 4153 2087 4207 in

492 4224 841 4297 Regio-Pot.,
872 4221 1062 4289 Caua,
1091 4220 1118 4275 1
1147 4216 1389 4274 Clarum.
1413 4258 1432 4285 ,
1475 4219 1514 4273 l.
1550 4232 1625 4273 vn
1651 4223 1798 4290 quod
1827 4216 2088 4278 bifariam

495 4301 599 4371 legi
628 4303 820 4368 potest.

569 4390 835 4458 Rescripta
877 4384 1168 4456 principum
1194 4382 1414 4458 nefaria.
1444 4382 1525 4458 Ex
1578 4383 1833 4439 omnibus
1869 4400 2005 4442 mss.
2036 4395 2093 4443 et

496 4462 657 4519 editis
677 4456 848 4515 fame
871 4459 1085 4517 reposui
1118 4470 1303 4509 vocem
1328 4456 1640 4526 principum,
1669 4472 1789 4526 qua:
1808 4459 2087 4513 nonnullis

497 4533 728 4602 vulgatis
750 4533 922 4584 deest.
944 4527 1002 4602 lu
1028 4528 1056 4581 1
1092 4526 1231 4602 _Reg.
1266 4525 1645 4602 antiquissimo
1668 4525 1864 4602 legitur
1895 4531 2088 4601 scripta

502 4597 790 4676 principum
838 4599 1057 4669 nefaria.
1090 4597 1147 4651 ln
1195 4598 1513 4668 quibusdam
1550 4597 1743 4654 editis‘
1764 4599 1920 4656 deest
1948 4597 2091 4673 prin-

500 4691 714 4810 “pagi!
734 4743 797 4795 iis
825 4740 1004 4812 facias.
1041 4738 1115 4812 Ila
1144 4740 1339 4812 paSslm
1370 4737 1700 4795 Lactantius,

576 4809 884 4886 Prudentis.
918 4810 1109 4886 Pungit
1140 4811 1225 4861 hic
1267 4809 1507 4886 Lactant.
1550 4811 1973 4880 jurecoasultos,
2003 4816 2093 4886 qui

505 4889 633 4945 olim
665 4884 943 4955 prudentes
957 4880 1306 4955 vorabantur.
1330 4910 1395 4922 —
1425 4882 1602 4955 dustos
1626 4899 1681 4936 se
1724 4880 2088 4955 essetamen'...

503 4951 673 5016 videri
690 4956 881 5011 nolunt.
916 4952 1080 5010 Goth.
1110 4968 1216 5006 esse
1231 4970 1336 5006 non
1363 4951 1539 5007 habet.
1564 4953 1744 5019 Rost.,
1766 4954 1926 5021 Ven.,
1949 4968 2095 5014 utra-

505 5049 610 5103 que
652 5027 814 5103 Mi‘S,
841 5024 1001 5085 1515,
1034 5023 1231 5103 Potin,
1253 5025 1435 5103 .Crat.,
1461 5026 1684 5095 Gytun.,
1706 5028 1877 5103 justas
1907 5046 2095 5103 essene

505 5093 693 5157 tamen.
725 5099 956 5153 Reinuu.
987 5103 1042 5149 et
1078 5093 1287 5163 reliqui,
1313 5096 1480 5163 justas
1504 5093 1557 5149 se
1584 5093 1760 5151 esse...
1787 5100 1988 5154 volunt.
2018 5102 2095 5157 De

505 5178 610 5231 hoc
634 5171 935 5227 archaismo
959 5164 1119 5238 ρους.
1147 5176 1259 5238 not.
1309 5165 1376 5219 ad
1402 5166 1445 5219 1.
1473 5181 1526 5233 v,
1553 5182 1604 5222 c.
1631 5168 1724 5238 20,
1753 5177 1809 5224 et
1844 5170 1916 5225 ad
1943 5171 1981 5225 Ι.
2027 5172 2095 5229 de

506 5246 663 5300 Mort.
690 5242 929 5303 Persec.,
959 5252 1009 5292 c.
1044 5234 1132 5290 ﬂ.
1171 5236 1333 5290 Boni;

580 5313 796 5370 Sceleris
818 5309 1135 5381 contagione.
1182 5307 1310 5362 Mss.
1336 5306 1372 5362 2
1408 5306 1543 5380 Reg.
1573 5317 1628 5365 et
1649 5307 1684 5363 5
1722 5310 1922 5382 Oxon.,
1953 5314 2096 5386 cogi-

508 5389 715 5441 tatione.
1080 5386 1085 5391 ’

576 5454 921 5511 Contumaciter
946 5469 1125 5506 cum...
1161 5451 1432 5521 loquimur.
1463 5450 1589 5505 Mihi
1620 5467 1724 5507 non
1757 5453 2099 5513 incommode

505 5528 716 5585 videtur
764 5526 849 5578 hic
878 5524 1056 5577 valere
1086 5525 1137 5575 in
1168 5540 1366 5591 genere,
1396 5524 1449 5576 in
1477 5525 1811 5590 universum;
1839 5544 1942 5581 non
1970 5544 2096 5583 cmn

505 5603 592 5658 his
620 5600 792 5655 illisve
819 5606 1062 5667 tantum;
1094 5596 1165 5667 i_t_a
1196 5605 1438 5667 maneret
1468 5596 1685 5667 antiqua
1706 5599 1996 5667 elegantia.
2021 5600 2098 5656 ita
2184 5628 2187 5631 -

505 5685 692 5732 anetor
721 5663 1444 5741 Epitltalatiiii_iiiaximiano
1458 5675 1523 5741 et
1559 5663 1916 5741 Constauiino
1942 5673 2098 5741 dicti,

502 5761 553 5803 c.
667 5735 1016 5871 ϐὅὲιὲήιιηὲιεν
1034 5735 1204 5791 dicere
1221 5777 1238 5808 ,
1267 5744 1397 5795 etc.
1424 5737 1513 5807 15,
1536 5740 1813 5810 separatim
1840 5742 1982 5814 loqui
2002 5735 2101 5815 op;

500 5832 627 5889 poni
659 5855 670 5869 .
819 5852 832 5866 .

2241 3579 2415 3636 Liceat
2442 3596 2640 3654 perlvos
2678 3578 2971 3650 benefacere
3014 3580 3292 3637 vobiscum.
3327 3579 3404 3654 Ita
3446 3594 3572 3639 cum
3610 3578 3649 3637 2
3679 3596 3790 3638 an—

2171 3652 2491 3722 tiquissimis
2516 3652 2947 3723 Reg.multisque
2962 3654 3081 3707 aliis
3109 3653 3489 3724 manuscriptis
3506 3654 3632 3709 editi
3647 3654 3797 3708 duo—

2174 3725 2368 3779 decim.
2403 3724 2598 3794 Scripti
2642 3724 2674 3778 5
2712 3740 2819 3779 rec.
2866 3735 2920 3780 et
2950 3726 3145 3795 vulgati
3177 3723 3211 3778 4
3234 3766 3248 3793 ,

2175 3811 2288 3875 cere
2318 3798 2596 3875 nobiscum,
2627 3811 2755 3850 mss.
2847 3805 2900 3849 et
2927 3794 3061 3850 cdd.
3086 3796 3245 3875 Rom.
3274 3796 3431 3875 M79,
3458 3813 3666 3875 perna!
3695 3798 3798 3875 be-

2176 3867 2410 3937 nefacere
2432 3868 2713 3930 vobiscum;
2732 3868 2968 3937 quinque
3002 3867 3387 3923 manu'exarati
3409 3882 3462 3924 et
3479 3867 3794 3924 edit.Basil.

2187 3936 2348 3995 1552,
2374 3955 2463 4008 per
2500 3954 2591 3991 nos
2613 3936 2905 4005 benefacere
2931 3938 3211 3995 nobiscum.

3310 3742 3400 3793 per
3441 3742 3527 3780 ros
3581 3725 3796 3793 benefa-

2262 4008 2427 4083 Δζγοὺίδ
2468 4010 2601 4083 enim
2639 4011 2855 4063 stultitia
2898 4021 3073 4083 nostra
3095 4011 3318 4083 prodest.
3344 4009 3471 4066 Μκε.
3502 4011 3536 4066 6
3562 4011 3720 4083 Reg.,
3757 4011 3807 4066 2

2189 4077 2453 4144 Colbert.,
2475 4081 2664 4142 Bruu.,
2689 4082 2846 4147 vobis,
2882 4095 2982 4136 etc.
3012 4077 3248 4151 Utraque
3276 4081 3438 4136 lectio
3478 4077 3808 4139 habct'sen-

2189 4165 2307 4225 sum
2336 4167 2523 4225 suum-
2542 4151 2695 4225 Prior
2715 4153 2874 4225 lectio
2896 4153 3049 4207 nobis
3073 4155 3261 4207 melior
3289 4153 3646 4209 videtur.Vid.
3669 4168 3800 4225 seq.

2268 4221 2370 4297 Qui
2399 4223 2598 4277 odistis.
2630 4221 2764 4278 Cum
2789 4221 3017 4280 Francio
3042 4225 3273 4281 libenter
3298 4225 3556 4297 legerem,
3582 4227 3667 4296 qui
3693 4221 3804 4281 n63

2192 4293 2390 4349 odistis.

2271 4365 2398 4432 Quae
2425 4365 2637 4421 habetur
2661 4383 2694 4420 a
2735 4364 2896 4420 Furio
2926 4376 3104 4421 contra
3115 4367 3396 4437 justitiam.
3429 4365 3568 4422 Vide
3584 4366 3648 4424 S.
3679 4367 3811 4422 Au-

2190 4440 2488 4565 gustinum,
2523 4439 2579 4519 .I.
2614 4454 2649 4492 ιι
2677 4437 2745 4492 de
2799 4437 2955 4493 Civit.
3011 4438 3127 4519 l_)ci,
3159 4454 3209 4493 c.
3259 4439 3549 4494 2LLocus
3577 4440 3669 4494 ille
3721 4454 3813 4497 ex

2115 4501 2165 4562 Ι)
2239 4525 2473 4565 icerone.
2502 4509 2596 4564 lib.
2628 4525 2687 4565 ιιι
2714 4510 2779 4563 de
2810 4509 3102 4565 Republica
3132 4510 3484 4565 deoromntus
3532 4518 3634 4563 est.
3691 4509 3813 4565 llic

2238 4512 2473 4570 icerone.
2502 4508 2596 4564 lib.
2628 4525 2687 4565 ιιι
2714 4510 2779 4563 de
2810 4509 3102 4578 Republica
3132 4510 3484 4578 depromptus
3532 4518 3634 4563 est.
3691 4509 3813 4567 llic

2194 4581 2502 4637 Laclantius
2551 4581 2746 4636 eximie
2771 4580 2970 4635 refellit
3000 4581 3304 4650 paradaxon
3357 4578 3419 4636 L.
3452 4578 3601 4635 Furii
3644 4579 3813 4636 Phi-

2196 4652 2337 4707 lonis
2390 4653 2646 4723 oratoris,
2676 4652 2764 4721 qui
2810 4654 3031 4720 Optabat
3068 4654 3239 4721 magis
3266 4654 3481 4723 sapiens
3506 4663 3560 4707 et
3588 4653 3817 4720 probus

2195 4724 2385 4791 videri,
2404 4738 2526 4779 cum
2554 4722 2691 4793 foret
2725 4724 2920 4789 malus,
2947 4740 3104 4793 quam
3128 4723 3302 4778 malus
3330 4722 3646 4787 existimari,
3666 4739 3817 4781 cum

2195 4794 2336 4849 foret
2368 4797 2557 4849 bonus.
2584 4792 2850 4849 Crrterum
2886 4811 3165 4865 personas,
3191 4811 3310 4865 qum.
3343 4794 3574 4865 inlibris
3598 4795 3665 4865 de
3687 4793 3821 4851 Be—

2196 4865 2405 4937 pnblica
2434 4867 2810 4934 loquebantur,
2827 4878 3072 4923 recenset
3093 4864 3233 4934 Cic.,
3260 4866 3299 4921 1.
3326 4882 3381 4922 tv
3406 4864 3579 4937 Epist.
3603 4864 3669 4920 ad
3697 4867 3829 4922 At-

2199 4937 2383 5003 ticum,
2410 4953 2497 5003 ep.
2524 4953 2619 4991 xv.

2267 5009 2410 5063 Alter
2437 5009 2652 5079 insignis
2675 5008 2863 5064 scelere
2882 5018 2929 5064 et
2960 5008 3197 5063 audacia.
3216 5004 3298 5063 lto
3323 5024 3444 5063 cum
3471 5007 3506 5064 '5
3527 5017 3633 5065 vel.
3657 5007 3819 5068 edit.

2194 5078 2355 5135 Rom.
2388 5091 2440 5134 et
2461 5078 2658 5135 Cellar.
2690 5083 2814 5137 Mss.
2837 5096 3030 5135 novem
3064 5099 3077 5135 :
3110 5081 3250 5152 quod
3281 5082 3475 5152 melius
3500 5085 3828 5150 ri-Spondet

2197 5152 2663 5225 praecedentibus,
2705 5169 2861 5222 quam
2914 5152 3106 5225 insigni
3128 5150 3364 5220 scelere,
3400 5150 3468 5208 15
3493 5156 3826 5209 manuscri-

2198 5234 2408 5293 plot'utn
2440 5236 2493 5279 et
2523 5223 2587 5279 16
2614 5226 3019 5293 impressorum.

2273 5292 2568 5351 Existimat.
2612 5298 2703 5352 Sic
2748 5311 2938 5351 omnes
2982 5310 3147 5366 prope
3187 5312 3317 5351 mss.
3342 5295 3484 5350 inter
3505 5309 3639 5366 quos
3663 5307 3829 5355 sunt

2197 5365 2578 5441 antiquissimi,
2608 5375 2665 5441 et_
2704 5376 2813 5441 volt.
2864 5369 2996 5423 etlit.
3028 5365 3092 5421 ac
3116 5366 3317 5441 (_Zellar.
3345 5381 3396 5421 et
3444 5365 3821 5441 Walclt._.\ls.

2196 5435 2346 5506 Lips.
2372 5439 2625 5513 existimat
2642 5435 2665 5503 ξ
2684 5441 2705 5493 1
2744 5439 2877 5510 Reg.
2909 5455 3019 5494 rec.
3046 5449 3099 5494 et
3125 5439 3319 5508 Bruu.,
3341 5440 3575 5504 asstimet;
3600 5439 3628 5493 l
3657 5437 3826 5513 Reg.

2200 5523 2309 5563 rec.
2340 5519 2395 5563 et
2423 5526 2515 5565 Sex
2546 5511 2700 5575 edit.,
2728 5513 3060 5565 existimetur.

2276 5578 2521 5664 Omnibus
2549 5584 2861 5638 miserrimus
2887 5600 2995 5638 esse
3031 5581 3280 5638 videatur.
3308 5578 3351 5637 2
3372 5579 3531 5640 Colb.
3563 5592 3623 5639 et
3648 5580 3833 5657 Eun,

2198 5669 2448 5709 omnium.

2208 5820 2215 5823 _
2274 5745 2545 5823 [fricatura
2563 5756 2745 5823 essent.
2774 5748 2803 5804 1
2832 5746 2967 5823 Reg.
2986 5764 3097 5806 rec.
3122 5756 3181 5806 et
3200 5748 3426 5823 “editi
3444 5791 3461 5818 ,
3486 5758 3729 5823 pentum.

2201 5820 2223 5891 ξ,
2278 5818 2389 5876 Sua
2411 5819 2508 5877 sibi
2524 5820 2741 5878 habeant
2752 5818 3097 5894 regne'reges,
3113 5838 3233 5880 suas
3244 5821 3447 5880 divitias
3458 5821 3658 5891 divites,
3683 5830 3831 5883 etc.
