4142 6200
486 231 595 291 597

1740 223 1951 287 LIBER
1986 227 2052 287 ν.
2099 227 2193 287 DE
2228 226 2559 287 JUSTITIA.

3694 226 3802 284 598

485 344 729 402 omnium
758 341 1107 415 principales,
1132 358 1257 416 quae
1290 344 1358 402 ab
1404 343 1499 400 illa
1521 342 1704 400 divelli
1742 343 2095 416 separarique
2119 347 2177 407 Α
2271 344 2457 399 Altera
2496 351 2580 399 est
2618 342 2839 414 justitiae
2883 357 3009 415 pars
3049 343 3316 414 aequitas:
3346 343 3651 414 aequitatem
3678 342 3803 398 dico

482 454 591 496 non
625 445 885 509 possunt,
917 437 1092 507 pietas
1131 446 1185 493 et
1226 437 1467 509 aequitas.
1496 436 1630 492 Nam
1670 436 1845 505 ﬁdes,
1878 446 2090 507 tempe-

481 532 679 597 rantia,
707 528 966 600 probitas,
999 529 1335 594 innocentia,
1357 530 1656 599 integritas,
1681 538 1736 583 et
1766 537 1958 584 caetera
1992 528 2091 584 ltu-

475 624 739 698 jusmodi,
772 623 855 678 vel
882 634 1095 689 natura,
1123 625 1204 677 vel
1236 622 1493 678 institutis
1524 631 1828 693 parentum,
1863 630 2090 691 possunt

478 732 601 773 esse
641 716 696 770 in
739 713 804 769 iis
834 713 1142 768 hominibus
1182 715 1269 784 qui
1293 713 1555 784 justitiam
1599 714 1874 779 nesciunt,
1929 713 2088 769 sicuti

476 826 694 882 semper
732 808 969 865 fuerunt.
1017 808 1152 865 Nam
1195 808 1423 863 Romani
1470 816 1718 875 veteres,
1765 808 1852 878 qui
1879 806 2087 877 justitia

474 908 693 981 gloriari
722 905 1005 973 solebant,
1038 905 1101 959 iis
1135 905 1315 975 utique
1346 903 1632 959 virtutibus
1676 901 2082 975 gloriabantur,

472 1016 599 1074 qua:
627 1002 710 1075 (ut
737 997 873 1071 dixi)
903 999 1169 1070 proﬁcisci
1197 1014 1230 1053 a
1264 998 1469 1069 justitia
1500 1005 1754 1067 possunt,
1785 1002 1841 1050 et
1866 994 1935 1048 ab
1965 994 2085 1060 ipso

472 1094 623 1151 fonte
644 1092 876 1150 secerni.
905 1091 1083 1147 Pietas
1110 1106 1236 1146 vero
1257 1100 1312 1146 et
1339 1090 1585 1161 aequitas,
1612 1086 1765 1159 quasi
1788 1101 1937 1141 venae
1959 1094 2085 1141 sunt

471 1186 632 1257 ejus;
666 1186 752 1242 bis
778 1186 923 1241 enim
956 1184 1169 1239 duobus
1196 1182 1434 1238 fontibus
1476 1189 1687 1237 constat
1719 1190 1828 1234 tota
1850 1178 2077 1249 justitia.

472 1279 585 1337 Sed
615 1289 773 1350 caput
798 1277 915 1348 ejus
945 1289 999 1333 et
1029 1278 1179 1347 origo
1215 1278 1268 1331 in
1296 1276 1386 1330 illo
1427 1276 1600 1346 pritno
1630 1285 1734 1340 est,
1762 1273 1815 1327 in
1842 1271 2081 1328 secundo

467 1372 553 1426 vis
581 1372 755 1425 omnis
777 1385 840 1425 ac
862 1371 1020 1425 ratio.
1052 1369 1231 1425 Pietas
1253 1378 1429 1423 autem
1455 1366 1588 1422 nihil
1615 1365 1758 1421 aliud
1790 1373 1875 1421 est
1916 1380 2081 1436 quam

468 1464 566 1519 Dei
597 1464 779 1529 notio;
810 1463 946 1518 sicut
977 1463 1358 1533 Trismegistus
1390 1462 1671 1518 verissime
1714 1458 1956 1515 deﬁnivit
1976 1501 1991 1523 ,
2022 1469 2079 1516 ut

467 1557 577 1612 alio
622 1557 744 1611 loco
795 1556 1052 1611 diximus.
1096 1554 1155 1611 Si
1198 1570 1330 1626 ergo
1380 1556 1552 1625 pietas
1608 1561 1693 1609 est
1746 1566 2076 1623 cognoscere

468 1649 665 1716 Deum,
699 1650 853 1718 cujus
881 1648 1204 1719 cognitionis
1234 1648 1349 1702 haec
1377 1659 1587 1701 summa
1613 1653 1717 1712 est,
1752 1653 1808 1699 ut
1834 1660 1958 1699 eum
1984 1658 2075 1699 co-

2194 452 2302 493 non
2335 438 2517 507 utique
2552 437 2691 493 bene
2722 436 3031 507 judicandi,
3065 436 3206 505 quod
3237 445 3292 492 et
3328 437 3502 505 ipsum
3534 434 3802 491 laudabile

2192 538 2277 586 est
2302 531 2355 585 in
2380 529 2598 584 homine
2619 529 2800 599 justo;
2828 528 2926 584 sed
2964 544 3025 584 se
3053 543 3177 582 cum
3221 527 3437 583 caeteris
3460 526 3797 596 coaequandi,

2195 642 2355 698 quam
2380 624 2571 681 Cicero
2592 626 3009 695 azquabilitatem
3037 632 3211 678 vocat.
3235 623 3375 679 Deus
3400 622 3567 684 enim,
3591 621 3681 692 qui
3704 621 3804 675 lto-

2190 722 2364 776 mines
2384 713 2628 791 generat,
2654 729 2708 773 et
2734 716 2981 788 inspirat,
3007 732 3198 772 omnes
3220 731 3425 786 :eqnos,
3451 713 3505 770 id
3529 723 3613 770 est
3644 729 3799 785 pares

2190 828 2311 869 esse
2354 812 2542 867 voluit.
2585 810 2844 866 Eatndem
2881 809 3246 865 conditionem
3288 807 3503 862 vivendi
3548 806 3799 862 omnibus

2189 903 2391 975 posuit,
2419 917 2608 957 omnes
2632 904 2697 957 ad
2725 902 3041 973 sapientiam
3067 902 3271 972 genuit,
3299 900 3549 954 omnibus
3578 899 3799 955 immor-

2190 998 2447 1053 talitatem
2466 996 2756 1067 spopondit
2777 1014 2790 1051 :
2816 1012 2973 1051 nemo
2996 1012 3024 1049 a
3044 995 3326 1052 beneﬁciis
3346 994 3462 1064 ejus
3483 993 3799 1050 coelestibus

2186 1101 2519 1163 segregatur.
2561 1090 2696 1146 Nam
2728 1092 2866 1146 sicut
2894 1091 3145 1145 omnibus
3176 1088 3391 1144 unicum
3424 1103 3580 1143 suum
3613 1089 3794 1144 lumen

2184 1182 2457 1255 aequaliter
2500 1181 2732 1250 dividit,
2786 1182 2982 1238 emittit
3028 1182 3279 1238 omnibus
3329 1181 3540 1248 fontes,
3587 1180 3789 1238 victum

2184 1273 2574 1339 subministrat,
2600 1273 2834 1344 quietem
2863 1275 3037 1328 somni
3062 1273 3429 1330 dulcissimam
3460 1273 3650 1328 tribuit
3676 1292 3687 1325 :
3718 1273 3796 1329 sic

2182 1366 2431 1421 omnibus
2458 1366 2770 1435 mquitatem
2797 1346 3158 1434 virtutemque
3184 1364 3427 1434 largitur.
3457 1363 3626 1418 Nemo
3646 1363 3791 1432 apud

2184 1471 2308 1512 eum
2340 1471 2530 1511 servus
2558 1466 2658 1522 est,
2687 1471 2848 1511 nemo
2874 1456 3145 1511 dominus.
3176 1456 3232 1509 Si
3256 1455 3399 1508 enim
3421 1456 3629 1509 cunctis
3650 1455 3790 1511 idem

2180 1559 2334 1621 pater
2361 1560 2467 1614 est,
2492 1565 2648 1619 aequo
2673 1549 2794 1619 jure
2820 1564 3008 1605 omnes
3041 1550 3194 1604 liberi
3224 1563 3433 1618 sumus.
3465 1547 3636 1604 Nemo
3678 1548 3792 1605 Deo

2179 1658 2386 1714 pauper
2411 1652 2518 1708 est,
2542 1644 2649 1698 nisi
2674 1644 2765 1713 qui
2782 1644 2989 1713 juSIitia
3015 1643 3255 1712 indiget;
3288 1658 3452 1698 nemo
3478 1643 3657 1709 dives,
3686 1644 3796 1701 nisi

469 1742 570 1809 las,
605 1746 813 1813 ignorat
842 1743 1024 1814 utique
1047 1741 1334 1812 justitiam,
1361 1741 1451 1811 qui
1479 1739 1795 1810 religionem
1824 1737 1918 1793 Dei
1964 1752 2075 1794 non
2104 1751 2151 1812 Β
2179 1737 2271 1807 qui
2294 1736 2578 1792 virtutibus
2601 1735 2790 1807 plenus
2811 1747 2925 1803 est;
2961 1751 3123 1790 nemo
3142 1734 3375 1805 denique
3401 1736 3670 1806 egregius,
3690 1736 3794 1792 nisi

468 1845 631 1890 tenet.
671 1834 956 1902 Quomodo
1000 1835 1146 1889 enim
1190 1842 1368 1904 potest
1406 1846 1525 1888 eam
1556 1832 1729 1901 ipsam
1759 1844 1951 1897 nosse,
1983 1827 2075 1901 qui

464 1929 611 1985 unde
653 1930 860 1983 oriatur
904 1929 1152 1999 ignorat?
1196 1928 1353 1983 Plato
1391 1928 1608 1998 quidem
1645 1924 1811 1981 multa
1854 1923 1924 1979 de
1963 1938 2073 1979 uno

461 2018 579 2076 Deo
610 2021 818 2076 locutus
838 2027 945 2088 est,
972 2036 1002 2075 a
1028 2035 1135 2091 quo
1158 2020 1233 2075 ait
1253 2020 1602 2075 constitutum
1632 2032 1752 2073 esse
1774 2016 2068 2072 mundum:

462 2112 560 2167 sed
593 2111 725 2166 nihil
768 2113 836 2168 de
867 2114 1160 2184 religione;
1192 2112 1554 2167 somniaverat
1574 2110 1716 2166 enim
1741 2109 1932 2176 Deum,
1959 2122 2070 2164 non

462 2212 814 2277 cognoverat.
854 2203 1009 2272 Quod
1055 2206 1099 2258 si
1126 2204 1352 2275 justitize
1394 2202 1763 2259 defensionem
1796 2202 1883 2257 vel
1912 2202 2066 2271 ipse,

465 2295 553 2351 vel
584 2295 809 2366 quilibet
832 2295 970 2373 alius
997 2296 1220 2366 implere
1244 2296 1524 2362 voluisset,
1556 2294 1610 2347 in
1640 2293 1825 2363 primis
1853 2292 2070 2364 religio-

462 2403 562 2444 nes
590 2388 813 2443 deorum
838 2398 1082 2444 evertere
1107 2388 1312 2456 debuit,
1339 2386 1460 2457 quia
1488 2388 1774 2442 contrariae
1802 2396 1926 2442 sunt
1955 2388 2067 2457 pie-

466 2478 584 2535 tati.
616 2478 769 2547 Quod
798 2479 1014 2552 quidem
1045 2466 1296 2535 Socrates
1336 2479 1462 2550 quia
1502 2478 1681 2535 facere
1727 2478 1980 2545 tentavit,
2013 2479 2068 2533 iu

462 2589 739 2631 carcerem
764 2575 1043 2644 conjectus
1070 2585 1184 2640 est;
1229 2586 1285 2628 ut
1304 2572 1418 2644 jam
1447 2582 1574 2629 tunc
1608 2580 1895 2643 appareret
1940 2571 2069 2642 quid

463 2678 612 2725 esset
640 2667 875 2724 futurum
906 2668 971 2723 iis
999 2667 1325 2734 hominibus,
1353 2667 1445 2738 qui
1468 2665 1729 2736 justitiam
1760 2679 1942 2722 veram
1968 2663 2066 2720 de-

459 2761 700 2831 fendere,
733 2759 954 2836 Deoque
978 2760 1238 2834 singulari
1259 2758 1467 2818 servire
1491 2760 1803 2832 ctepissent.

2182 1832 2273 1902 qui
2319 1830 2494 1886 bonus
2518 1840 2574 1887 et
2604 1832 2862 1886 innocens
2887 1829 3080 1895 fuerit;
3109 1844 3268 1884 nemo
3295 1829 3655 1893 clarissimus,
3688 1830 3794 1885 nisi

2175 1928 2266 1997 qui
2290 1940 2453 1995 opera
2477 1923 2865 1981 misericordiae
2886 1924 3106 1993 largiter
3126 1922 3347 1987 fecerit;
3373 1935 3533 1977 nemo
3577 1920 3791 1992 perfec—

2174 2017 2437 2085 tissimus,
2478 2018 2579 2073 nisi
2621 2018 2712 2089 qui
2756 2031 2946 2072 omnes
2975 2018 3173 2087 gradus
3220 2015 3431 2069 virtutis
3462 2015 3787 2086 impleverit.

2174 2112 2351 2180 Quare
2366 2126 2540 2183 neque
2560 2111 2811 2176 Romani,
2828 2126 3003 2182 neque
3023 2110 3195 2167 Graeci
3214 2108 3475 2178 justitiam
3494 2117 3678 2165 tenere
3700 2123 3788 2180 po-

2173 2214 2414 2273 tuerunt,
2435 2206 2558 2278 quia
2575 2206 2818 2274 dispares
2839 2206 3023 2260 multis
3041 2203 3299 2274 gradibus
3317 2203 3561 2259 homines
3579 2202 3789 2259 ltabue-

2175 2309 2324 2366 runt,
2344 2316 2373 2355 a
2405 2298 2729 2370 pauperibus
2758 2298 2828 2352 ad
2856 2296 3071 2364 divites,
3088 2297 3157 2351 ab
3177 2295 3470 2350 humilibus
3496 2294 3564 2349 ad
3596 2304 3788 2365 poten—

2174 2399 2277 2457 tes,
2309 2406 2340 2444 a
2364 2390 2584 2460 privatis
2604 2389 2840 2460 denique
2871 2380 3042 2459 usque
3068 2389 3132 2443 ad
3158 2404 3343 2460 regum
3370 2387 3787 2443 sublimissimas

2171 2490 2483 2553 poteStates.
2506 2480 2606 2538 Ubi
2634 2482 2779 2536 enim
2811 2495 2918 2535 non
2938 2490 3067 2535 sunt
3098 2480 3334 2536 universi
3362 2493 3541 2548 pares,
3559 2478 3785 2548 mquitas

2173 2589 2282 2630 non
2310 2583 2423 2637 est;
2456 2582 2511 2629 et
2540 2573 2783 2628 excludit
2813 2574 3151 2643 inaequalitas
3179 2574 3292 2642 ipsa
3318 2571 3601 2641 justitiam,
3630 2569 3805 2638 cujus-

2173 2670 2259 2725 vis
2287 2668 2464 2726 omnis
2491 2670 2544 2723 in
2572 2682 2638 2723 eo
2664 2677 2768 2732 est,
2799 2675 2859 2722 ut
2886 2682 3043 2738 pares
3074 2666 3235 2721 faciat
3264 2679 3381 2733 eos,
3408 2661 3503 2735 qui
3528 2661 3596 2718 ad
3624 2660 3785 2729 hujus

2172 2762 2297 2818 vitte
2323 2761 2689 2819 conditionem
2716 2761 2836 2832 pari
2862 2769 3010 2818 sorte
3038 2765 3324 2817 venerunt.

1830 2895 2198 2958 VARIORUM
2238 2899 2473 2958 NOTAE.

544 3044 633 3101 Vel
653 3052 856 3100 natura.
885 3040 1042 3115 Apud
1065 3040 1415 3098 Plutarchum
1434 3040 1729 3114 disputatio
1753 3050 1858 3111 est,
1881 3050 2061 3099 utrum
2093 3040 2138 3105 C
2170 3041 2239 3116 de
2268 3041 2495 3108 Ofﬁciis,
2541 3057 2662 3116 cap.
2710 3042 2804 3101 25.
2843 3042 2912 3097 In
2938 3042 3089 3099 luris
3126 3033 3470 3116 aequabilitate
3502 3050 3786 3106 exercenda

456 3120 630 3175 virtus
648 3117 836 3181 doceri
872 3118 1060 3184 possit.

531 3189 834 3268 lissejnhiis
866 3181 1172 3268 hominibus.
1206 3182 1331 3268 μεθ.
1362 3182 1961 3268 4⁸3θε..ιέοειιιιςξξιηὶ
1982 3227 1996 3251 ,

455 3260 638 3327 Colb.,
661 3260 684 3316 1
708 3258 972 3326 Clarum,
996 3275 1102 3311 esse
1128 3256 1182 3311 in
1202 3255 1381 3309 iisdem
1402 3255 1717 3323 hominibus;
1746 3257 1779 3311 6
1795 3255 1926 3311 edit.
1950 3266 2059 3311 vet.

455 3334 622 3389 inesse
644 3331 823 3385 iisdem
845 3331 1151 3391 hominibus,
1176 3342 1298 3382 eum
1335 3328 1361 3383 1
1398 3329 1529 3397 lieg.
1558 3343 1669 3382 rec.

531 3401 708 3460 Pietas
733 3412 928 3468 autent,
949 3412 1055 3456 etc.
1084 3401 1279 3466 Supra.
1307 3414 1425 3468 cap.
1453 3396 1543 3465 id,
1569 3398 1663 3452 lib.
1686 3412 1746 3453 ιι.
1770 3396 1945 3454 Aliter
1967 3412 2062 3452 au-

457 3487 566 3532 tem
602 3474 1002 3545 philOStlpbike‘
1041 3483 1289 3545 oratores
1329 3473 1582 3540 pietatem
1612 3469 1893 3524 deliniunt.
1924 3468 2061 3545 Nam

457 3546 571 3604 Cic.
602 3540 657 3601 in
706 3540 864 3601 libet.
898 3542 1113 3609 Pietas,
1143 3540 1336 3609 inquit,
1376 3552 1447 3595 est
1491 3557 1580 3611 per
1623 3557 1777 3611 quant
1813 3542 2065 3610 sanguine

457 3618 766 3689 conjunctis,
803 3615 1079 3689 patriazque
1126 3611 1453 3689 etubenevolis
1492 3612 1708 3682 ofﬁcium
1755 3623 1802 3664 et
1844 3614 2062 3689 diligens

461 3683 695 3744 tribuitur
720 3683 903 3743 cultus.
932 3683 1222 3741 Cdnl‘undit
1251 3683 1407 3754 igitur
1434 3696 1668 3750 spectem
1696 3698 1816 3754 cum
1845 3683 2060 3754 specie;

461 3778 584 3817 nant
631 3764 835 3815 cultum
884 3759 1146 3819 deorum,
1198 3751 1496 3825 religionem
1544 3751 1798 3821 appellat.
1859 3753 2061 3807 Divisio

461 3847 588 3903 ergo
636 3831 724 3887 illa
774 3830 1050 3887 Ciceronis
1095 3824 1414 3903 negligenda
1450 3839 1677 3903 prorsus
1706 3832 1821 3890 est,
1854 3832 1910 3903 ut
1938 3838 2062 3903 qua:

462 3895 599 3959 banc
627 3903 1042 3972 disputationem
1085 3895 1193 3972 non
1219 3897 1385 3972 _tnod«_v
1413 3896 1540 3972 nihil
1568 3895 1867 3972 jn_t'at,_sed
1897 3897 2059 3972 etiam

461 3965 810 4030 vehenti-nter
832 3982 1151 4028 remoratur.
1174 3968 1318 4023 ldetn
1340 3967 1481 4031 th.,
1506 3968 1573 4021 de
1598 3965 1718 4020 Nat.
1738 3965 1917 4031 deor.,
1947 3965 2060 4035 pie—

463 4052 626 4101 tatem
658 4045 864 4109 delinit,
891 4045 1152 4113 justitiam
1180 4058 1299 4094 esse
1325 4039 1584 4094 adversus
1616 4040 1768 4106 deos,
1800 4040 2059 4094 Sanctita-

466 4128 569 4173 tent
598 4132 727 4172 vero
753 4110 1030 4173 scientiam
1061 4110 1411 4166 colendorum
1435 4113 1677 4165 deorum.

476 4202 485 4211 ’
535 4188 914 4259 Trismegistus.
949 4187 1002 4245 In
1031 4184 1300 4259 lg’itttandq
1330 4199 1451 4259 cap.
1481 4185 1535 4237 9.

531 4261 650 4314 Alia
681 4250 809 4314 ιοὶο.
845 4258 976 4313 Vide
1009 4257 1102 4311 lib.
1130 4270 1188 4316 ιι,
1218 4270 1337 4324 cap.
1374 4256 1469 4321 16,
1497 4263 1552 4307 et
1579 4252 1672 4308 lib.
1704 4267 1784 4314 nt.
1815 4250 2023 4324 ca_p._9.

533 4331 708 4387 Potest
738 4348 847 4385 eam
877 4332 1039 4401 ipsum
1076 4325 1242 4380 nosse:
1277 4321 1388 4379 V'ox
1415 4326 1581 4393 ipsum
1620 4325 1774 4379 abest
1807 4339 1836 4377 a
1862 4322 1896 4377 2
1921 4321 2056 4392 Reg.

463 4412 514 4458 et
537 4404 567 4457 7
599 4405 777 4459 editis.
807 4402 864 4456 ltt
896 4405 920 4455 1
952 4402 1184 4456 Clarum.
1218 4407 1298 4451 est
1327 4411 1548 4455 noscere.

532 4448 1723 4540 in?eiiieittioﬂéﬁnséliisan.suum,
1758 4463 1791 4519 6
1815 4463 2053 4540 Colb.,_i
2083 4448 2139 4512 Β

459 4534 629 4612 αὖ..
663 4546 792 4600 edit.
838 4544 999 4599 Rom.
1036 4540 1198 4606 1470,
1234 4538 1400 4594 l’atis.
1438 4535 1598 4603 1525,
1627 4534 1853 4607 altiSque
1886 4537 1966 4594 11.
1997 4537 2056 4596 In

456 4626 670 4672 canens
697 4633 830 4687 quat,
856 4617 1015 4669 male.

527 4681 718 4744 Platof
742 4687 797 4741 1n
818 4681 1049 4749 Timaeo,
1083 4682 1182 4737 sub
1206 4681 1437 4736 initium.

526 4761 789 4816 Socrates.
811 4758 945 4813 Nota
963 4757 1242 4811 Socratem
1267 4762 1546 4823 negantem
1562 4750 1746 4823 plures
1765 4750 1894 4807 deos
1912 4766 2051 4809 esse.

528 4832 671 4897 Quid
711 4841 837 4884 esset
864 4830 1097 4899 futurum
1142 4827 1207 4899 its
1254 4822 1685 4899 nominibus._Stc
1732 4826 1941 4899 restitui
1988 4839 2055 4879 ex

447 4905 664 4959 cunctis
694 4896 1011 4971 prope‘tnss.
1037 4907 1091 4971 et
1115 4896 1184 4952 l5
1211 4896 1391 4971 editis.
1417 4896 1471 4950 ln
1498 4896 1533 4949 2
1554 4896 1709 4971 Colb.
1742 4908 1824 4971 est
1843 4897 1925 4971 bis
1947 4911 2056 4949 om-

447 4977 645 5037 nibus;
678 4966 729 5026 in
760 4966 1030 5026 nonnullis
1057 4967 1334 5037 impressis
1361 4968 1554 5036 legitur
1580 4969 1631 5021 in
1659 4966 1966 5020 hominibus.

527 5044 835 5116 Defendere.
870 5045 896 5097 1
926 5041 1082 5097 Colb.
1130 5049 1185 5095 et
1225 5039 1391 5093 Bl'tlll.
1428 5038 1776 5107 defenderent.
1822 5037 2059 5109 Utraque

446 5115 619 5173 lectio
652 5118 806 5170 bona.
1091 5115 1095 5119 ’

527 5188 820 5259 Singulari.
854 5186 910 5240 ld
939 5192 1041 5247 est,
1075 5182 1243 5243 unico,
1278 5181 1444 5259 verbo
1473 5178 2056 5259 bactantioﬂfamiliarl.

526 5251 709 5314 Διιὶνιι
732 5268 807 5314 est
819 5258 1038 5330 justitia;
1068 5271 1186 5325 pars
1211 5254 1441 5330 a’qnitas.
1473 5254 1562 5308 Sic
1585 5267 1718 5330 tnss.
1745 5252 1781 5305 2
1806 5251 2059 5330 “tegant!-

452 5332 770 5402 tiquissimi,
819 5323 853 5384 3
892 5330 964 5382 al.
1013 5323 1171 5402 κερ..
1213 5326 1241 5379 1
1271 5323 1542 5402 Colbert.,
1582 5323 1797 5391 Martm,
1840 5323 2054 5393 Scripti,

452 5398 528 5459 16
559 5418 671 5458 ιρις.
706 5412 762 5457 et
793 5402 1041 5469 impressi
1072 5398 1276 5452 addunt
1305 5398 1479 5467 igitur.

534 5475 705 5542 Quam
735 5466 913 5528 Cicero
943 5466 1335 5542 aequabilitatem
1358 5478 1520 5542 micat.
1552 5466 1632 5542 Ita
1657 5466 1985 5542 antiquiores
2006 5476 2061 5542 et

454 5536 701 5618 potiores
724 5560 852 5600 mss.
886 5559 948 5599 ac
968 5536 1097 5618 edit.
1126 5544 1210 5594 12.
1242 5540 1298 5618 lu
1330 5539 1547 5618 scriptis
1576 5539 1637 5618 ιβ
1670 5552 1775 5618 rec.
1806 5547 1858 5590 et
1887 5536 1920 5589 ii
1951 5539 2061 5591 vul-

456 5610 598 5689 gatis
626 5619 821 5689 legitur
845 5610 1475 5689 (equulitatent‘illtraque
1506 5610 1661 5689 lectio
1687 5610 2059 5689 bonane-mque

460 5679 600 5755 apud
630 5679 968 5741 Ciceroneni.
1009 5684 1137 5739 Vtile
1180 5682 1526 5755 Ciceroneni,
1557 5682 1647 5735 lib.
1677 5696 1710 5755 tt
1744 5682 1810 5733 de
1834 5679 2060 5755 oratore

462 5752 519 5821 et
544 5758 637 5822 lib.
673 5760 783 5820 tde
807 5757 1031 5829 Otllciis,
1061 5768 1181 5837 cap.
1215 5752 1302 5814 '52.
1336 5752 1425 5810 Sic
1453 5754 1614 5813 etiam
1643 5754 1850 5825 Cicero,
1890 5752 1983 5811 lib.
2017 5766 2058 5812 ιι

2171 3115 2327 3186 etiam
2356 3125 2431 3170 est
2458 3115 2704 3186 facilitas.

2246 3183 2437 3240 Omnes
2459 3183 2660 3257 aquas,
2698 3195 2802 3241 etc.
2835 3185 3087 3242 Politian.
3116 3202 3183 3243 ex
3208 3188 3348 3244 Plat.
3378 3206 3486 3246 non
3515 3191 3783 3250 dubitavit

2167 3271 2417 3338 asserere
2449 3275 2462 3311 :
2499 3257 2622 3312 Non
2666 3274 2772 3312 esse
2812 3274 3115 3338 quamquam
3159 3277 3371 3338 regum,
3414 3264 3501 3332 qui
3531 3280 3633 3318 non
3660 3265 3725 3318 sit
3754 3280 3782 3321 ε

2170 3332 2327 3404 servis
2353 3338 2529 3404 ortus;
2559 3345 2649 3383 nec
2674 3344 2876 3404 servum
2904 3332 2988 3404 cui
3015 3340 3119 3404 non
3140 3333 3211 3404 sit
3242 3335 3386 3402 origo
3422 3336 3577 3404 regis,
3609 3336 3782 3390 omnia

2167 3400 2317 3477 enim
2350 3399 2449 3477 is_t_a
2501 3409 2702 3468 tempus
2753 3400 2977 3455 miscuit.
3033 3401 3298 3459 Audiatur
3322 3399 3508 3461 'vetus
3564 3399 3781 3477 Sapiens

2167 3468 2358 3526 Boeth.
2382 3470 2556 3525 Metro
2588 3486 2641 3525 vt
2674 3489 2686 3524 :

2418 3587 2577 3654 omne
2592 3589 2855 3654 hominum
2875 3602 3038 3654 genus
3062 3592 3113 3640 in
3133 3591 3283 3643 terris

2482 3650 2640 3701 Simili
2663 3656 2818 3715 surgit
2844 3650 2906 3701 ab
2929 3662 3058 3712 ortu,

2420 3713 2560 3777 Unus
2584 3716 2712 3762 enim
2732 3713 2900 3764 rerum
2925 3723 3067 3777 pater
3085 3721 3183 3775 est,

2486 3775 2623 3826 Unus
2641 3785 2816 3827 cuncta
2838 3775 3102 3839 nduistrat,
3127 3784 3225 3829 etc.

2165 3914 2538 3985 Adstipulatur
2562 3914 2808 3985 Euripid.
2838 3915 2892 3969 in
2922 3915 3187 3971 Alexand.
3219 3915 3340 3971 Jon.
3369 3915 3667 3975 Werrsws.
3760 3922 3771 3955 "

2240 3985 2408 4060 Nemo
2436 4004 2468 4039 ιι
2497 3987 2823 4060 beneﬁciis...
2850 3998 3163 4060 segregatum
3194 3988 3311 4043 Lib.
3344 4004 3380 4054 ι,
3407 4004 3454 4043 c.
3486 3990 3541 4049 5;
3572 3992 3664 4046 lib.
3692 4007 3769 4060 ιν,

2165 4072 2216 4113 c.
2256 4058 2346 4122 25;
2380 4060 2469 4112 lib.
2505 4074 2599 4124 vn,
2640 4076 2690 4128 e.
2738 4059 2821 4113 l8.
2860 4057 2915 4112 ln
2953 4058 3036 4112 bis
3079 4069 3131 4112 et
3172 4061 3523 4128 sequentibus
3553 4057 3771 4120 mutatis

2164 4131 2344 4200 verbis
2370 4132 2615 4200 sequitur
2642 4126 2971 4200 Cyprianum
3005 4128 3074 4200 de
3105 4126 3369 4185 Eleetitos.
3403 4132 3491 4185 ed.
3520 4132 3692 4188 Oxon.
3726 4135 3767 4190 f.

2165 4199 2274 4256 208
2305 4218 2316 4253 :
2350 4199 2459 4254 Nec
2484 4199 2751 4269 quisquam
2780 4218 2808 4253 a
2852 4199 3125 4253 beneﬂciis
3148 4202 3257 4263 eius
3284 4212 3333 4254 et
3361 4205 3650 4257 muneribus
3677 4220 3769 4258 ar-

2166 4281 2335 4335 cetur,
2369 4273 2643 4340 quominus
2669 4288 2819 4324 omne
2845 4272 3124 4323 humanum
3152 4287 3311 4339 genus
3331 4272 3555 4326 bonitate
3581 4290 3642 4326 ac
3663 4277 3770 4327 lar-

2164 4344 2324 4412 gitate
2353 4345 2524 4396 divina
2554 4342 2834 4409 n-qttaliter
2864 4346 3177 4412 perfruatur.
3221 4342 3310 4395 Sic
3338 4344 3618 4411 aequaliter
3657 4347 3767 4401 dies

2166 4411 2414 4473 luminat,
2449 4411 2529 4465 sol
2569 4412 2757 4475 radiat,
2802 4411 2961 4464 imber
3001 4414 3161 4481 rigat,
3202 4421 3379 4483 ventus
3422 4413 3687 4483 adspirat;
3715 4427 3768 4471 et

2164 4485 2528 4537 dormientibus
2553 4498 2760 4536 somnus
2788 4498 2919 4534 unus
2944 4491 3037 4545 est,
3068 4492 3114 4533 et
3144 4482 3407 4535 stellarum
3437 4482 3680 4552 splendor
3704 4503 3766 4542 ae

2163 4555 2298 4627 luna:
2342 4562 2785 4627 continuutsest,
2809 4553 2922 4619 Quo
2966 4552 3274 4627 wqtttt_litatis
3318 4555 3461 4627 (lego
3490 4572 3556 4610 ex
3582 4556 3764 4627 Bodl.,

2159 4625 2253 4680 lib.
2285 4642 2323 4691 ι,
2356 4640 2405 4680 c.
2434 4624 2490 4691 2,
2520 4624 2795 4694 aequitatis)
2827 4621 3061 4695 exemplo
3092 4622 3191 4677 Dei
3227 4621 3641 4695 patris'imitator
3667 4621 3765 4684 est;

3482 4698 3615 4754 Bon.

2233 4766 2423 4823 Servus
2440 4774 2531 4821 est.
2553 4765 2649 4823 Jns
2665 4763 2825 4820 civile
2843 4764 3110 4832 quoddam
3132 4773 3215 4821 est
3234 4767 3435 4823 civitati
3454 4774 3763 4828 christiana;

2161 4841 2509 4912 constitutum
2534 4838 2818 4907 aequabile,
2847 4851 2953 4906 quo
2980 4839 3232 4912 ot_nnes_it
3268 4851 3505 4905 utantur,
3534 4842 3623 4912 qui
3652 4845 3765 4899 Deo

2161 4924 2357 4965 nomen
2402 4908 2667 4965 dederunt
2705 4924 2719 4962 :
2757 4922 2879 4978 qua:
2914 4909 3128 4974 quidem
3170 4910 3314 4966 Jnris
3344 4908 3762 4969 communicatio

2160 4983 2345 5055 multis
2377 4982 2507 5055 locis
2533 4996 2561 5034 a
2590 4981 2651 5034 Β.
2684 4980 2850 5034 Paulo
2886 4990 3255 5055 nt_emoraturL
3263 4982 3329 5036 ad
3358 4982 3600 5036 Corinth.
3627 4984 3760 5055 Epi-

2162 5054 2296 5107 stula
2332 5053 2515 5123 priori.
2547 5068 2666 5123 cap.
2699 5067 2799 5118 χιι,
2838 5060 2894 5105 et
2920 5051 3090 5120 Epist.
3121 5055 3184 5105 ad
3217 5053 3501 5121 Ενιιοιδίυε,
3528 5068 3649 5123 cap.
3675 5051 3755 5109 iv.

2233 5122 2629 5179 Clarissimus...
2663 5124 3076 5195 perfectissimus.
3122 5124 3214 5177 llis
3245 5123 3499 5193 epithetis
3524 5122 3759 5195 Lactan-

2162 5197 2267 5251 tius
2294 5205 2440 5250 atnat
2466 5195 2707 5250 alludere
2738 5196 2803 5248 ad
2838 5195 3049 5257 titulos,
3083 5195 3276 5262 quibus
3308 5210 3403 5262 pro
3437 5194 3642 5249 ratione
3670 5197 3759 5250 dl-

2160 5268 2377 5337 gnitalis
2410 5267 2564 5322 mulli
2602 5266 2937 5321 coltonestati
2966 5275 3108 5316 sunt.
3136 5264 3273 5337 Nam
3320 5264 3611 5337 prtefecttts
3639 5267 3760 5323 urbi

2159 5334 2237 5393 iir
2261 5339 2659 5409 gloriosissimus
2689 5338 2983 5409 dicebatur;
3018 5334 3247 5409 υΐξιεῖεοιί
3281 5335 3533 5409 ριιξὲοτίο
3572 5352 3666 5406 Per
3690 5337 3758 5393 n'

2163 5404 2423 5477 lyricum,
2464 5411 2558 5463 viri
2588 5404 3003 5466 eminentissimi;
3043 5404 3119 5456 vir
3156 5406 3443 5474 spectabilis
3472 5404 3758 5477 pnetectns

2238 5483 2413 5552 gypti;
2437 5483 2533 5535 viri
2550 5478 2824 5552 clarissimi
2834 5486 3078 5552 rectores
3099 5478 3527 5552 provinciarum;
3552 5480 3627 5533 vir
3643 5497 3756 5546 per-

2162 5547 2468 5622 [ρειῖεζδίηιιιε
2490 5567 2689 5622 ρι’ίιξδρε
2710 5547 2915 5622 Galli-fe.
2936 5550 3048 5622 Qua
3078 5548 3143 5600 tle
3171 5548 3365 5622 re_\_'itle
3393 5552 3574 5620 Cnngii
3604 5553 3747 5622 glos-

2164 5571 2468 5622 jecussmms
2490 5571 2689 5622 pra-ses
2710 5571 2915 5604 υςιιιιιιε.
2937 5571 3048 5609 utut
3078 5571 3143 5600 ue
3171 5571 3228 5600 re
3250 5571 3365 5601 um:
3393 5571 3574 5620 hilltgll
3608 5571 3623 5600 ι
3643 5571 3747 5604 tos-

2164 5626 2351 5676 sarinm
2385 5624 2467 5676 bis
2498 5624 2702 5685 verbis,
2736 5618 3173 5687 l’erfectissimus;
3205 5616 3559 5681 Clarissimus;
3592 5571 3750 5689 Egre-

2162 5696 2348 5766 gialtts.
2374 5695 2503 5747 Vide
2530 5692 2648 5766 δίη.
2674 5689 2739 5766 ad
2758 5698 2917 5766 caput
2936 5689 3027 5766 2i,
3048 5690 3170 5766 libri
3194 5691 3261 5742 de
3288 5692 3540 5766 Mortibus
3569 5705 3749 5757 persc-

2164 5760 2408 5831 eutorum
2428 5781 2444 5839 ;
2467 5774 2523 5823 et
2545 5762 2754 5825 Pancir.
2778 5760 2834 5818 iu
2854 5760 3018 5821 Nutit.
3042 5760 3391 5837 Dignitatum,
3409 5778 3460 5821 c.
3478 5760 3513 5815 2
3528 5771 3580 5815 et
3596 5774 3750 5839 seqq.
