4142 6200
485 249 591 310 599

1078 376 1304 434 CAPUT
1336 376 1474 432 XVI.

597 509 675 564 De
715 510 891 580 officiis
921 511 1013 566 viri
1032 513 1184 583 justi,
1214 523 1259 566 et
1285 511 1519 584 tequitate
1546 510 1975 567 Christianorum.

482 642 485 649 ’
557 639 779 697 Duobus
804 641 964 713 igitur
997 644 1100 723 illis
1121 646 1341 716 jUstititc
1370 646 1604 702 fontibus
1628 647 1942 713 immutatis,
1971 660 2086 701 om-

482 733 568 789 nis
595 734 766 790 virtus
785 776 801 802 ,
834 744 889 791 et
931 738 1106 792 omnis
1136 738 1336 794 veritas
1376 739 1613 807 tollitur,
1658 748 1713 796 et
1742 741 1856 810 ipsa
1880 739 2086 810 justitia

479 829 740 900 remigrat
767 829 819 884 in
849 832 1065 886 coelum.
1094 830 1221 886 ltleo
1252 848 1356 887 non
1397 843 1481 888 est
1509 831 1636 887 illud
1667 847 1852 888 verum
1884 833 2084 888 bonum

482 936 515 976 a
568 921 905 993 philosophis
950 933 1258 994 repertum,
1292 927 1414 996 quia
1443 926 1761 997 ignorabant
1816 927 1899 982 vel
1945 925 2086 981 unde

484 1014 747 1081 oriretur,
778 1015 863 1071 vel
889 1015 1018 1087 quid
1044 1016 1316 1083 efficeret;
1344 1019 1485 1088 quod
1517 1019 1677 1074 nullis
1696 1019 1838 1087 aliis,
1864 1028 2086 1089 praeter-

482 1122 645 1179 quam
694 1119 882 1165 nostro
924 1110 1125 1181 populo
1161 1111 1457 1167 revelatum
1506 1122 1610 1167 est.
1653 1112 1804 1168 Dicet
1846 1112 2082 1183 aliquis:

482 1199 680 1260 Nonne
718 1212 846 1260 sunt
882 1203 1025 1276 apud
1054 1217 1151 1261 vos
1178 1201 1267 1262 alii
1304 1220 1591 1278 pauperes,
1619 1205 1713 1261 alii
1739 1205 1965 1272 divites;
1994 1206 2085 1262 alii

1566 250 1749 306 FlRil.
1792 247 2161 311 LACTANTII
2204 245 2406 303 DIVIN.
2448 243 2688 304 INSTIT.

2111 378 2164 435 Α
2186 371 2350 439 servi,
2378 370 2468 426 alii
2495 368 2740 426 domini?
2767 366 2960 424 Nonne
2980 362 3183 436 aliquid
3207 364 3351 420 inter
3377 361 3618 435 singulos
3647 362 3793 417 inte-

3685 238 3795 299 600

2190 465 2333 520 real?
2363 464 2535 531 nihil;_
2571 477 2672 518 nec
2716 461 2818 517 alia
2866 473 3030 515 causa
3060 468 3177 526 est,
3220 472 3317 513 cur
3360 454 3517 512 nobis
3561 454 3792 511 invicem

2189 556 2417 613 fratrum
2441 572 2637 612 nomen
2665 555 3056 620 impertiamus,
3082 551 3187 607 nisi
3206 551 3328 622 quia
3352 564 3509 621 pares
3533 564 3655 606 esse
3692 565 3792 607 nos

2192 651 2479 707 credimus.
2508 649 2641 705 Nam
2667 665 2790 705 eum
2819 648 2998 703 omnia
3027 647 3260 702 humana
3284 661 3390 701 non
3419 659 3673 715 corpore,
3697 645 3794 701 sed

2192 746 2383 816 spiritu
2414 747 2729 811 metiamur,
2764 743 2973 798 tametsi
3003 756 3294 811 corporum
3322 741 3393 795 sit
3422 739 3634 795 diversa
3660 752 3794 795 con-

2193 836 2346 902 ditio,
2386 834 2542 890 nobis
2578 848 2754 891 tamen
2783 836 2925 890 servi
2955 849 3062 888 non
3092 842 3248 901 sunt;
3283 832 3378 888 sed
3419 845 3518 887 eos
3543 841 3600 886 et
3625 829 3795 888 babe-

2190 942 2331 995 mus,
2364 936 2419 983 et
2444 926 2669 982 dicimus
2696 926 2887 995 spiritu
2925 912 3140 990 fratres,
3168 923 3428 994 religione
3475 936 3790 978 conservos.

2192 1018 2400 1074 Divitiae
2428 1032 2641 1088 quoque
2671 1032 2777 1071 non
2804 1016 3005 1071 faciunt
3034 1014 3303 1084 insignes,
3333 1013 3436 1069 nisi
3481 1013 3627 1084 quod
3667 1028 3797 1085 pos-

2189 1120 2314 1167 sunt
2367 1111 2523 1167 bonis
2564 1110 2818 1181 operibus
2877 1109 3058 1165 facere
3108 1108 3389 1164 clariores.
3431 1107 3635 1163 Divites
3673 1118 3798 1166 sunt

2190 1206 2357 1276 enim,
2390 1217 2498 1260 non
2524 1206 2647 1274 quia
2674 1200 2890 1258 divitias
2914 1199 3135 1269 habent,
3160 1197 3258 1255 sed
3278 1199 3403 1272 quia
3434 1206 3663 1255 utuntur
3690 1198 3797 1256 illis

1794 1358 1803 1368 '
1838 1343 2203 1403 VARIORUM
2240 1342 2474 1401 ΝΟΤᾸΣ.

559 1475 746 1532 Nonne
772 1486 889 1533 sunt
917 1478 1057 1548 apud
1089 1493 1177 1533 vos
1202 1479 1294 1532 alii
1320 1495 1588 1548 pauperes,
1626 1478 1719 1533 alii
1746 1478 1945 1545 divites,
1971 1487 2079 1533 etc.

2186 1495 2283 1549 que
2328 1489 2447 1533 ante
2489 1479 2662 1533 omnia
2711 1479 2897 1533 sectari
2924 1478 3085 1542 soliti,
3136 1493 3273 1532 nunc
3317 1493 3431 1549 quae
3472 1478 3716 1535 habemus
3744 1483 3797 1537 in

480 1547 588 1641 llic
610 1548 747 1641 infra
771 1549 1137 1641 Iobservlamus.
1163 1565 1228 1604 ex
1272 1547 1537 1632 Salmasio
1555 1591 1570 1615 ,
1590 1564 1677 1641 Lett
1709 1550 2081 1641 appellatique
2116 1582 2163 1641 B
2188 1547 2453 1641 geniumne
2466 1549 2807 1641 conferente},
2831 1550 2967 1604 omni
2993 1549 3241 1641 indigenti
3261 1547 3796 1641 eaL‘communicamus.

479 1619 836 1674 fraternitatis
882 1630 1064 1674 mutua
1124 1621 1263 1674 inler
1309 1622 1511 1687 primos
1556 1619 1912 1686 christianos,
1962 1620 2086 1675 illos

490 1690 690 1745 vixisse
725 1692 887 1744 etiam
938 1700 1190 1760 tanquam
1222 1690 1434 1757 fratres,
1469 1692 1520 1744 in
1566 1706 1854 1746 commune
1897 1690 2083 1746 confe-

480 1770 676 1832 rentes
692 1760 837 1829 quod
870 1761 1159 1825 habebant,
1194 1772 1391 1832 prtrter
1428 1777 1648 1831 uxores,
1680 1772 1738 1818 ut
1770 1771 1921 1817 notat
1948 1760 2086 1816 Ter.

481 1830 901 1904 tull.AHocAvero
931 1847 1038 1886 non
1069 1836 1138 1887 ita
1166 1830 1537 1902 accipiendum
1560 1848 1702 1904 esse,
1732 1832 1884 1904 quasi
1905 1833 2086 1904 omnia

481 1902 722 1956 omnium
754 1902 894 1957 bona
923 1908 1228 1959 communia
1270 1906 1409 1958 inter
1438 1904 1559 1958 illos
1590 1902 1811 1969 fuerint,
1838 1915 1897 1957 ut
1924 1902 2087 1959 fuisse

480 1982 691 2029 certum
712 1984 795 2029 est
819 1975 1199 2043 Apostolorum
1230 1985 1473 2043 tempore
1501 1975 1555 2028 in
1582 1975 1808 2030 ecclesia
1843 1974 2089 2029 Hieroso-

480 2043 764 2114 lymitana,
788 2060 858 2100 ex
884 2045 986 2100 hoc
1010 2045 1273 2102 Lactantii
1304 2047 1421 2099 loco
1446 2044 1789 2105 manifestum
1812 2055 1915 2107 est,
1945 2054 1999 2100 et
2020 2060 2087 2099 ex

484 2115 604 2184 ipso
625 2114 851 2169 Tertull.
882 2117 1002 2171 loco
1029 2118 1240 2171 laudato
1266 2116 1423 2184 Apol.
1448 2118 1639 2171 eadem
1670 2118 1888 2186 pagina:
1913 2114 2088 2169 Etiam

482 2188 528 2238 si
556 2187 694 2255 quod
721 2202 856 2240 arca:
880 2204 1035 2257 genus
1050 2199 1143 2254 est,
1164 2189 1356 2257 inquit,
1379 2203 1481 2240 non
1507 2187 1572 2240 de
1592 2188 1867 2240 honoraria
1891 2204 2090 2241 summa

482 2257 625 2329 quasi
655 2258 930 2329 redempta:
956 2260 1216 2325 religionis
1240 2266 1594 2329 congregatur.
1640 2257 1900 2311 Modicam
1931 2274 2089 2313 unus-

483 2328 696 2395 quisque
723 2328 903 2397 stipem
945 2339 1201 2383 menstrua
1231 2329 1340 2388 die,
1389 2328 1465 2397 vel
1491 2344 1608 2381 cum
1635 2328 1772 2393 velit,
1798 2338 1845 2382 et
1868 2330 1912 2382 si
1939 2328 2089 2382 modo

485 2397 691 2459 velit,_et
715 2398 758 2449 si
782 2399 931 2462 modo
953 2400 1127 2468 possit,
1154 2400 1386 2469 apponit.
1413 2396 1550 2451 Nam
1573 2415 1719 2453 nemo
1746 2399 2085 2466 compellitur,

485 2469 579 2541 sed
602 2477 781 2535 sponte
813 2474 1026 2541 confert.
1061 2469 1189 2524 Hazc
1232 2472 1377 2540 quasi
1433 2471 1665 2541 deposita
1698 2470 1899 2538 pietatis
1936 2480 2083 2541 sunt.

486 2536 547 2610 §i
577 2548 835 2608 quantum
863 2536 1091 2610 quisque
1130 2536 1317 2603 vellet.
1350 2536 1870 2609 conferebat,'idque
1900 2540 2087 2608 singu-

486 2608 556 2663 lis
584 2610 881 2677 mensibus,
908 2608 1015 2666 uoti
1046 2613 1416 2667 universorum
1446 2611 1710 2665 bonorum
1742 2608 1899 2666 fiebat
1922 2612 2089 2665 colla~

486 2681 590 2759 tio,
625 2681 733 2759 sed
771 2682 929 2759 stipis
962 2692 1165 2759 tantum
1212 2682 1458 2759 modicae.
1501 2680 1687 2759 Genus
1712 2684 1892 2759 ἓρᾴνου
1934 2683 2091 2759 plane

486 2749 592 2823 hoc
622 2751 738 2813 fuit,
770 2753 820 2805 in
850 2749 1077 2823 Singulis
1117 2754 1536 2808 Christianorum
1577 2749 1823 2808 ecclesiis
1850 2749 1947 2823 per
1975 2756 2088 2807 siu-

483 2821 639 2891 gulos
670 2838 883 2878 menses
912 2821 1092 2893 colligi
1121 2826 1286 2878 soliti.
1324 2823 1405 2878 Ad
1437 2839 1594 2895 quem
1624 2838 1777 2877 usum
1809 2821 2089 2893 dispensa-

484 2901 670 2965 retur,
698 2895 895 2965 statim
926 2896 1171 2964 subjicit,
1202 2895 1268 2949 ad
1298 2909 1499 2965 egenos
1530 2910 1723 2964 nempe
1752 2895 2004 2959 alendos,
2035 2902 2090 2949 et

485 2964 809 3036 humandas.
843 2963 984 3019 Nam
1024 2962 1143 3019 inde
1185 2983 1285 3021 non
1332 2962 1516 3036 epulis,
1566 2962 1968 3036 nec—potaculis,
1998 2980 2089 3019 nec
2117 2962 2165 3027 C

482 3033 700 3109 ingratis
728 3037 999 3090 voratrinis
1044 3033 1389 3109 dispensatur,
1417 3038 1506 3090 sed
1533 3033 1702 3107 egenis
1731 3035 1962 3109 alendis,
1988 3036 2089 3109 ltu-

483 3105 805 3175 ritandisque,
838 3118 885 3161 et
916 3108 1085 3175 pueris
1128 3105 1187 3160 ac
1219 3108 1400 3177 puellis
1433 3124 1493 3177 re
1517 3105 1577 3159 ac
1606 3107 1898 3176 parentibus
1928 3107 2089 3161 desti-

484 3176 627 3246 tutis,
653 3178 867 3246 jamque
900 3177 1188 3232 domesticis
1218 3176 1441 3232 senibus.
1472 3176 1715 3232 Justinus
1746 3177 1945 3245 Martyr
1975 3180 2026 3231 in
2054 3177 2091 3231 2

484 3243 745 3321 Apologia
775 3243 1017 3321 ejusdem
1043 3248 1317 3321 collatitize
1345 3249 1520 3318 stipis,
1554 3249 1667 3321 sive
1691 3243 1917 3321 ἐρᾴνορέι
1944 3247 2092 3321 chri-

481 3317 676 3371 stianis
710 3318 822 3372 fieri
869 3318 1015 3373 soliti
1055 3320 1329 3385 meminit,
1358 3317 1461 3373 nisi
1496 3320 1637 3388 quod
1670 3317 1799 3374 nihil
1833 3318 1992 3373 habet
2023 3319 2090 3373 de

483 3396 763 3461 menstrua
789 3388 895 3444 die.
930 3389 1216 3456 Quomodo
1246 3391 1426 3461 igitur,
1454 3392 1497 3443 si
1531 3391 1632 3444 hoc
1660 3404 1859 3461 genere
1881 3399 2086 3461 tantum

486 3459 795 3530 collationis
826 3461 938 3525 ttsi,
989 3459 1282 3515 indiscreta
1324 3462 1506 3515 omnia
1537 3459 1681 3530 apud
1719 3463 1865 3529 ipsos
1905 3459 2088 3516 dicere

483 3528 657 3597 potuit
701 3530 838 3585 idem
871 3531 1268 3586 Tertullianus?
1295 3533 1376 3587 An
1424 3548 1527 3585 non
1576 3528 1688 3586 haec
1726 3528 1866 3586 inter
1892 3545 1951 3585 se
1990 3547 2086 3599 pu-

480 3601 687 3668 gnant?
718 3601 849 3655 Nam
877 3604 1148 3671 generalis
1175 3604 1391 3659 collatio
1422 3603 1794 3657 universorum
1823 3601 2085 3657 bonorum

481 3685 745 3747 pauperes
788 3672 1363 3747 divitibus__ex:equat;
1409 3684 1483 3747 et_
1510 3684 1763 3747 praestat.
1817 3675 2087 3747 lll_ln~80

481 3754 648 3803 costa,
681 3743 734 3815 in
764 3758 870 3813 quo
897 3745 1089 3814 singuli
1119 3743 1311 3811 omne,
1343 3744 1487 3815 quod
1513 3743 1713 3799 habent
1733 3785 1747 3806 ,
1776 3743 2083 3811 conferunt,

452 3827 646 3885 mento
676 3813 825 3868 dives
847 3815 919 3885 sit
939 3813 1282 3885 autipauper,
1306 3813 1401 3870 sed
1431 3831 1619 3870 omnes
1650 3815 1878 3868 invicem
1907 3831 2089 3885 arqua-

481 3882 584 3938 les.
617 3884 777 3952 Atqui
800 3884 894 3955 vel
902 3882 1358 3955 _exiTertulliano
1402 3886 1567 3955 liquet
1604 3885 1739 3955 alios
1770 3894 1878 3937 tum
1902 3882 2088 3955 fuisse

484 3967 754 4024 pauperes
797 3954 852 4007 in
898 3952 1161 4019 Ecclesia,
1194 3957 1327 4010 alios
1358 3952 1570 4010 divites.
1603 3954 1735 4009 Nam
1768 3955 1834 4008 ad
1865 3954 2087 4010 alendos

481 4038 750 4093 pauperes
769 4065 785 4089 ,
813 4024 1161 4079 conferebant
1188 4027 1402 4080 divites.
1432 4027 1563 4092 Quae
1592 4024 1870 4094 mqualitas
1904 4028 2087 4080 nescio

483 4109 554 4150 an
585 4110 815 4163 unquam
836 4095 889 4149 in
912 4095 1152 4151 Ecclesia
1174 4096 1464 4152 christiana
1497 4096 1808 4158 obtinuerit,
1834 4112 1901 4150 ne
1929 4102 2087 4153 aetate

484 4166 704 4236 quidem
723 4165 1124 4234 Apostolorum.
1147 4167 1460 4237 Hujusmodi
1483 4168 1625 4223 enim
1649 4166 1902 4221 collectas
1923 4167 2083 4222 etiam

481 4236 586 4291 sub
609 4238 880 4307 Apostolis
910 4253 974 4291 ex
1004 4252 1190 4308 eorum
1225 4236 1536 4308 praescripto
1566 4238 1930 4308 frequentatas
1955 4251 2086 4292 con-

481 4317 590 4378 stat
614 4325 679 4364 ex
704 4309 872 4363 Paulo
896 4308 1067 4377 Epist.
1093 4307 1111 4361 l
1133 4309 1200 4362 ad
1224 4307 1497 4373 Corinth.,
1520 4324 1640 4378 cap.
1663 4307 1774 4363 xvr.
1798 4308 2081 4375 Quomodo

480 4375 756 4460 faciendas
800 4375 1125 4460 instituerit,
1165 4380 1360 4460 ibidem
1393 4375 1821 4460 legere—est._Ab
1850 4394 1915 4433 eo
1946 4390 2078 4460 tem-
2103 4397 2161 4460 D

481 4462 617 4521 pore
641 4450 986 4521 collectarum
1018 4450 1105 4505 ille
1129 4466 1264 4511 mos.
1293 4451 1364 4506 de
1386 4466 1495 4521 quo
1515 4450 1573 4506 S.
1597 4451 1841 4506 Justinus
1869 4461 1922 4504 et
1948 4449 2079 4505 Ter-

482 4519 764 4581 tulliauus.
795 4523 847 4574 in
880 4520 1137 4576 Ecclesiis
1163 4519 1417 4577 servatus
1443 4532 1543 4575 est.
1563 4524 1634 4577 At
1659 4521 1786 4591 quid
1813 4536 1948 4589 opus
1976 4521 2078 4577 hu-

477 4591 717 4658 iusmodi
743 4591 1008 4658 collectis,
1038 4592 1083 4646 si
1106 4592 1369 4647 bonorum
1395 4608 1423 4646 a
1450 4594 1677 4661 singulis
1703 4593 1839 4647 facta
1870 4592 2082 4647 univer-

479 4672 665 4713 sorum
722 4661 973 4735 collatio?
1037 4661 1095 4715 In
1162 4664 1389 4735 ecclesia
1441 4662 1931 4735 llierosolytnitana
1990 4664 2081 4719 illa

480 4729 793 4785 communio
820 4731 995 4785 locum
1042 4740 1246 4787 tantum
1277 4733 1489 4789 videtur
1516 4729 1794 4800 habuisse,
1823 4743 1879 4787 ut
1909 4733 2082 4789 Lucas

480 4800 651 4873 refert
671 4802 723 4856 in
750 4800 919 4873 Actis,
951 4816 1070 4871 cap.
1102 4817 1171 4856 tv.
1193 4803 1347 4870 Quod
1375 4814 1429 4860 et
1452 4805 1623 4873 ipsum
1648 4817 1827 4860 tamen
1852 4804 2081 4859 liberum

481 4872 678 4944 Cuique
706 4872 800 4944 fuit
828 4872 1023 4939 facere,
1046 4880 1103 4929 et
1132 4890 1236 4927 nun
1261 4872 1549 4939 facere,’ut
1575 4876 1766 4930 Petrus
1795 4875 1970 4944 capite
1990 4890 2080 4931 se-

479 4943 667 5016 quenti
692 4943 758 4998 ad
787 4947 1046 5016 Ananiam
1076 4944 1234 5011 dixit,
1263 4947 1351 5016 qui
1385 4946 1538 5015 pretii
1572 4957 1778 5014 partem
1804 4943 1874 5001 ex
1898 4945 2081 5001 diven-

481 5014 610 5086 ditis
640 5015 798 5070 bonis
827 5015 1195 5082 subtraxerat,
1223 5014 1568 5086 et'reliqnum
1599 5017 1666 5070 ad
1696 5015 2078 5085 Aposmlorum

479 5085 649 5153 pedes
668 5086 960 5156 abjecerat.
979 5086 1084 5142 Sed
1108 5087 1377 5155 quomodo
1398 5085 1769 5141 conciliabitur
1789 5089 1931 5156 quod
1955 5101 2083 5143 auc-

478 5162 628 5210 tores
654 5160 901 5211 scrtbuut
927 5158 994 5213 de
1021 5158 1511 5212 communicatione
1534 5160 1607 5211 rei
1637 5158 1914 5212 familiaris
1939 5156 2083 5213 inter

475 5222 812 5282 Christianos
845 5228 962 5283 fieri
1002 5239 1290 5291 consueta,
1324 5229 1368 5282 si
1399 5227 1708 5282 communio
1743 5229 1833 5282 illa
1878 5227 2079 5295 abfuit,

473 5309 638 5369 quam
666 5299 909 5368 plerique
936 5299 1100 5354 fuisse
1124 5298 1519 5369 imaginantur?
1546 5298 1703 5353 Certe
1737 5309 1790 5354 et
1813 5298 2079 5367 Justinus,

480 5367 570 5443 qui
600 5367 840 5422 collectae
867 5369 1007 5424 illius
1034 5367 1295 5443 meminit,
1321 5384 1423 5443 qua
1448 5368 1961 5443 quisquearbitratu
1981 5386 2082 5424 suo

478 5442 535 5496 in
564 5451 744 5511 arcam
777 5453 1117 5511 communem
1153 5441 1484 5507 conferebat,
1518 5442 1570 5495 in
1602 5441 1789 5496 eadem
1823 5443 2082 5511 Apologia

475 5508 665 5582 tradit,
699 5507 803 5561 hoc
826 5510 1241 5582 christianorum
1266 5514 1565 5582 disciplina:
1590 5512 1753 5567 fuisse
1782 5507 2077 5581 proprium,

475 5587 537 5636 ut
573 5578 1313 5654 in__c3tnmtt_ne_conferrent
1361 5578 1479 5654 qua:
1509 5578 1800 5654 haberent;
1833 5578 2081 5639 Ostendit
2116 5651 2120 5654 ,

516 5665 597 5703 ure
625 5647 930 5704 differentia
961 5650 1120 5704 fuerit
1156 5667 1220 5705 ea
1255 5654 1307 5706 in
1338 5647 1397 5706 re
1426 5653 1655 5710 Gentilis
1682 5665 1736 5709 et
1762 5651 2079 5710 Christiani.

525 5721 633 5794 lim,
679 5721 873 5794 inquit,
902 5737 1019 5784 cum
1059 5719 1285 5806 Gentiles
1312 5739 1535 5798 eramus,
1577 5734 1824 5810 qutvstum
1848 5725 2074 5788 lucrum-

2191 1620 2329 1676 Toto
2369 1631 2517 1677 certe
2562 1618 2702 1677 cmlo
2740 1621 3056 1675 deerrarunt
3083 1618 3113 1683 ,“
3137 1621 3226 1690 qui
3255 1618 3355 1675 sibi
3387 1636 3705 1690 persuasere
3730 1639 3796 1679 ex

2189 1691 2297 1748 illis
2345 1693 2699 1756 testimoniis,
2750 1700 2962 1747 veteres
3003 1691 3330 1746 cltriStianos
3380 1692 3560 1746 omnia
3610 1709 3799 1750 revera

2191 1761 2330 1818 bona
2365 1765 2504 1819 inter
2531 1778 2589 1818 se
2616 1763 2867 1819 habuisse
2911 1762 3251 1833 communia,
3302 1762 3497 1831 quibus
3525 1778 3624 1833 pro
3649 1764 3801 1825 ,indi-

2190 1834 2307 1889 viso
2348 1835 2403 1888 in
2443 1834 2679 1890 medium
2719 1833 2932 1889 collatis
2973 1832 3342 1904 unusquisque
3387 1832 3677 1889 frueretur.
3731 1835 3800 1891 Ut

2190 1906 2469 1974 aequalitas
2493 1904 2811 1973 dignitatum
2840 1905 2981 1960 inter
3002 1903 3147 1975 ipsos
3174 1919 3280 1958 non
3308 1903 3361 1958 in
3388 1904 3519 1972 ipsis
3551 1908 3800 1975 personis

2191 1976 2309 2042 fuit,
2340 1976 2435 2031 sed
2466 1976 2519 2031 in
2551 1978 2752 2037 animo.
2784 1990 2893 2045 quo
2922 1990 2982 2030 se
3012 1974 3185 2045 major
3215 1990 3395 2044 parem
3435 1975 3628 2031 minori
3652 1974 3798 2032 fere-
3866 1989 3872 1994 '

2192 2047 2304 2109 bat.
2334 2058 2387 2102 et
2414 2047 2663 2102 dominus
2688 2062 2903 2102 servum
2929 2063 3035 2101 non
3062 2047 3220 2101 aliter
3246 2046 3531 2111 tractabat,
3558 2063 3718 2116 quant
3746 2050 3794 2103 si

2193 2116 2356 2173 frater
2385 2130 2552 2185 esset,
2582 2119 2652 2173 ita
2680 2126 2734 2173 et
2763 2119 3072 2172 communio
3101 2120 3362 2172 bonorum
3394 2117 3537 2186 apud
3563 2133 3662 2173 eos
3687 2134 3798 2173 non

2191 2188 2246 2242 in
2290 2205 2350 2243 re
2377 2188 2490 2259 ipsa
2538 2189 2701 2244 fuisse
2728 2190 3060 2259 dignoscitur
3084 2230 3100 2253 ,
3128 2189 3223 2243 sed
3271 2189 3325 2242 in
3372 2189 3651 2244 voluntate
3676 2190 3797 2245 sola

2192 2262 2647 2325 communicandi,
2677 2276 2837 2330 quam
2872 2270 2927 2315 et
2952 2260 3178 2315 en‘ectus
3215 2259 3558 2330 sequebatur,
3588 2260 3636 2315 si
3664 2275 3797 2318 usus

2192 2332 2420 2386 veniret.
2456 2332 2777 2388 SALIASIUS.

2266 2422 2512 2478 Fratrum
2542 2441 2723 2478 nomen
2754 2424 3129 2492 impertiamus.
3162 2421 3416 2478 Clemens
3462 2423 3667 2478 Strom.
3700 2439 3740 2479 ιι
3775 2441 3792 2479 :

2193 2492 2327 2549 Ideo
2356 2511 2450 2549 nos
2471 2498 2683 2563 fratres,
2715 2494 3057 2566 quod_eodem
3079 2494 3230 2547 verbo
3253 2496 3551 2566 regenerati.
3590 2495 3793 2551 Euseb.

2194 2566 2393 2620 Emiss.
2443 2566 2641 2621 Homil.
2697 2564 2750 2621 tv
2781 2584 2794 2620 :
2828 2564 3060 2626 Fratres.
3090 2564 3321 2632 sorores,
3339 2581 3439 2620 non
3469 2577 3676 2633 natura,
3703 2567 3801 2620 sed

2196 2636 2373 2708 ofﬁcio
2393 2646 2439 2690 et
2468 2634 2776 2704 affectione;
2800 2652 2928 2708 quos
2970 2636 3106 2689 enim
3146 2636 3431 2708 diligimus,
3465 2637 3543 2692 Itis
3572 2638 3801 2692 nomini-

2196 2654 2373 2704 OHICIO
2393 2654 2439 2690 et
2468 2654 2776 2704 dilectione;
2838 2654 2928 2690 ιιοε
2970 2654 3106 2689 etum
3146 2654 3431 2701 autqtmus,
3465 2654 3543 2692 ms
3572 2654 3800 2692 nomint-

2196 2706 2288 2760 bus
2316 2723 2497 2762 vocare
2526 2708 2767 2763 solemus.
2791 2654 3081 2763 alouwstt.
3107 2736 3175 2747 ——
3193 2700 3375 2762 Noluit
3410 2709 3566 2773 Deus,
3602 2719 3659 2762 ut
3680 2709 3800 2778 jam

2195 2786 2322 2832 ante
2373 2784 2698 2850 notavimus,
2728 2780 2893 2834 ullutn
2943 2778 3171 2850 reperiri
3203 2790 3450 2849 egentem
3497 2782 3549 2833 itt
3592 2780 3804 2850 populo

2197 2862 2319 2910 suo.
2346 2848 2440 2904 sed
2468 2865 2657 2905 omnes
2701 2859 2953 2921 tanquam
2999 2848 3195 2921 fratres
3228 2848 3366 2921 inter
3390 2865 3450 2905 se
3482 2848 3668 2906 vivere
3692 2892 3707 2915 ,
3737 2861 3799 2905 ut

2195 2929 2353 2974 erant
2388 2921 2457 2975 ab
2489 2937 2595 2974 uno
2634 2919 2855 2990 parente
2886 2934 3097 2991 omnes.
3131 2919 3257 2975 Haec
3290 2920 3515 2976 fratrum
3549 2921 3803 2991 appella-

2197 2991 2270 3063 tio
2298 2993 2437 3047 inter
2466 2992 2789 3046 chriStianos
2815 2992 2988 3063 etiam
3002 2990 3314 3063 aliquandiu
3359 2993 3542 3063 viguit,
3573 2990 3675 3047 nec
3704 3008 3806 3048 so-

2194 3061 2303 3115 lum
2336 3064 2594 3131 tantiSper
2620 3063 2746 3117 dum
2777 3063 2923 3133 intra
2950 3061 3489 3133 Hierosolymitanatn
3518 3064 3804 3120 civitatem

2194 3133 2296 3188 sub
2321 3130 2578 3203 apostolis
2605 3133 2844 3187 Ecclesia
2887 3130 3090 3186 Christi
3116 3130 3286 3199 stetit,
3318 3134 3412 3189 sed
3440 3136 3615 3189 etiam
3630 3135 3753 3189 aliis
3784 3178 3801 3200 ,

2194 3203 2249 3257 in
2277 3205 2470 3271 quibus
2498 3213 2789 3276 propagata
2809 3215 2893 3259 est
2912 3203 3395 3276 locisaprtesertim
3416 3206 3672 3275 quamdiu
3696 3206 3807 3262 fuit

2194 3273 2659 3344 persecutionibus
2684 3285 2900 3330 vexata.
2934 3274 3044 3344 Nec
3068 3273 3262 3330 fratres
3288 3273 3449 3330 modo
3481 3277 3706 3331 invicem
3735 3292 3807 3333 se

2191 3343 2570 3414 appellabant,
2607 3345 2743 3415 quod
2784 3346 2937 3400 unius
2978 3343 3076 3399 Dei
3103 3348 3328 3415 parentis
3358 3348 3586 3402 homines
3609 3390 3624 3408 ,
3656 3350 3808 3415 quod

2191 3427 2448 3472 consortes
2473 3418 2703 3485 ejusdem
2724 3417 2866 3482 ﬁdei,
2891 3427 2939 3470 et
2967 3417 3076 3486 spei
3105 3417 3416 3481 cohaeredes,
3444 3430 3500 3471 ttt
3519 3419 3594 3473 ait
3614 3418 3805 3474 Minu-

2191 3487 2327 3553 cius,
2359 3488 2454 3543 sed
2477 3488 2636 3544 etiam
2668 3490 2790 3557 quia
2823 3487 3061 3542 fraterno
3089 3488 3229 3543 inter
3263 3503 3323 3543 se
3351 3504 3500 3544 more
3527 3490 3803 3557 viverent,

2191 3569 2250 3629 ut
2273 3558 2699 3623 solentfratres,
2730 3558 2820 3627 qui
2852 3573 2950 3629 pro
2974 3558 3204 3612 indiviso
3236 3560 3476 3629 paternis
3498 3561 3657 3615 bonis
3688 3578 3804 3618 una

2190 3626 2463 3712 fruuntur.
2491 3629 2547 3683 In
2579 3626 2868 3712 commune
2890 3626 3292 3712 quodquisque
3319 3629 3573 3712 habebat,
3600 3631 3802 3712 confe-

2191 3701 2421 3767 rebant,
2470 3700 2716 3755 convivia
2777 3700 3083 3770 communia
3133 3700 3438 3770 agitabant,
3488 3702 3805 3758 dilectionis

2172 3772 2411 3829 nomine
2430 3771 2661 3826 vocitata
2681 3789 2695 3838 ;
2716 3771 2851 3826 nihil
2873 3769 3224 3843 indiscretum
3245 3771 3480 3843 denique
3499 3772 3801 3841 habebant,

2193 3851 2398 3914 praeter,
2433 3857 2653 3914 uxores,
2695 3852 2754 3897 ut
2795 3843 2867 3914 ait
2898 3841 3261 3914 Tertullianus
3309 3844 3361 3896 in
3395 3841 3801 3914 ‘Apologetico,

2189 3925 2308 3980 cap.
2342 3913 2431 3978 '59,
2465 3914 2556 3983 qui
2592 3912 2729 3967 hanc
2754 3912 2916 3967 etiam
2945 3911 3167 3983 fraterni
3192 3915 3427 3969 nominis
3452 3911 3806 3971 inter-chris-

2191 3983 2365 4057 tianos
2391 3982 2769 4057 communicati
2800 3998 3016 4038 causam
3040 3982 3219 4057 Aatfert.
3260 3986 3324 4038 At
3340 3997 3567 4054 quanta',
3599 3989 3801 4057 inquit,

2189 4053 2395 4127 dignius
2408 4056 2593 4124 fratres
2611 4065 2656 4127 et
2674 4055 2933 4127 dicuntur,
2958 4064 3004 4108 et
3028 4054 3296 4119 habentur,
3319 4053 3406 4127 qui
3423 4072 3583 4109 unum
3598 4053 3805 4127 patrem

2190 4122 2357 4177 Deum
2381 4122 2699 4194 agnoverint,
2734 4126 2821 4195 qui
2847 4142 3003 4179 unum
3031 4127 3269 4193 spiritum‘
3312 4122 3526 4180 biberint
3551 4122 3805 4195 sanctita-

2187 4195 2272 4256 tis,
2301 4196 2386 4263 qui
2413 4197 2476 4249 de
2493 4212 2593 4250 uno
2612 4194 2753 4249 utero
2781 4197 3084 4268 ignorantia:
3104 4198 3331 4268 ejusdem
3358 4198 3427 4251 ad
3454 4214 3608 4251 unam
3631 4194 3804 4254 lucem

2187 4268 2479 4335 expaverint
2499 4268 2742 4321 veritatis.
2769 4265 2875 4338 Sed
2887 4284 2944 4320 eo
2962 4265 3179 4336 fortasse
3200 4269 3365 4321 minus
3387 4268 3596 4338 legitimi
3622 4270 3805 4323 existi-

2189 4352 2416 4410 uramur,
2430 4340 2549 4407 quia
2576 4338 2719 4392 nulla
2744 4337 2807 4410 de
2823 4347 2995 4391 nostra
3015 4337 3334 4410 fraternitate
3352 4337 3603 4410 tragoedia
3622 4342 3805 4393 excla-

2186 4417 2309 4475 mat,
2340 4407 2416 4461 vel
2440 4412 2559 4478 quia
2587 4425 2649 4463 ea:
2675 4409 2955 4462 substantia
2980 4409 3226 4481 familiari
3247 4407 3657 4479 fratres'sumus,
3683 4427 3803 4481 qua:

2186 4494 2337 4548 penes
2356 4493 2442 4533 vos
2459 4482 2565 4550 fere
2580 4480 2769 4533 dirimit
2787 4481 3174 4550 fraternitatem.
3194 4478 3220 4532 I
3228 4478 3376 4548 taque
3390 4481 3476 4550 qui
3492 4486 3666 4534 animo
3685 4478 3805 4535 ani-

2185 4565 2368 4618 maque
2403 4553 2672 4605 miscemur
2694 4592 2708 4615 ,
2755 4550 2886 4603 nihil
2907 4551 2969 4604 de
2988 4551 3063 4604 rei
3091 4551 3547 4605 communicatione
3591 4552 3805 4607 dubita-

2184 4636 2316 4674 mus.
2343 4620 2529 4675 Omnia
2554 4622 2827 4675 indiscreta
2864 4632 2981 4675 sunt
3006 4622 3148 4693 apud
3174 4638 3267 4676 nos
3290 4663 3306 4689 ,
3341 4632 3525 4692 prater
3549 4639 3760 4679 uxores.

2257 4712 2558 4782 Corporum.
2604 4712 2951 4770 Heumannus
3000 4715 3282 4786 legendum
3341 4730 3462 4771 esse
3502 4726 3656 4787 putat
3698 4735 3804 4774 ser-

2184 4798 2383 4839 varum.

2258 4872 2378 4929 Nisi
2405 4876 2541 4951 quod
2563 4883 2794 4951 possunt,
2823 4887 2929 4951 etc.
2962 4877 3088 4933 Mss.
3119 4876 3308 4951 Cauc.,
3342 4877 3468 4932 Jun.
3498 4893 3563 4935 ac
3593 4881 3626 4934 5
3654 4880 3797 4951 Reg.

2186 4959 2298 5018 rec.
2327 4954 2383 5000 et
2420 4945 2490 5001 M
2511 4945 2784 5017 impressi,
2816 4949 2918 5003 nisi
2946 4966 3092 5018 quos.
3142 4948 3378 5018 Utraque
3432 4950 3595 5005 lectio
3626 4945 3796 5007 bona.

2187 5014 2293 5071 Sed
2320 5031 2385 5090 ea
2414 5032 2533 5090 qum
2567 5014 2651 5073 est
2668 5022 2732 5090 in
2780 5029 2927 5074 textu
2954 5014 3186 5090 genuina
3230 5014 3386 5075 nobis
3426 5022 3544 5075 visa
3588 5032 3674 5077 est
3721 5038 3795 5077 ex

2185 5086 2386 5161 mss._2
2416 5086 2643 5161 Bonon.,
2663 5088 2697 5143 5
2718 5089 2850 5160 Reg.
2878 5086 3010 5157 vet'.,
3043 5093 3078 5145 6
3100 5092 3335 5146 Colbert.
3356 5093 3646 5161 multisque
3668 5093 3800 5148 aliis

2185 5167 2239 5212 et
2267 5158 2397 5213 edit.
2430 5160 2496 5214 ls.
2540 5162 2703 5233 petita
2728 5202 2744 5227 ,
2776 5158 2831 5217 et
2862 5162 3294 5232 praecedentibus
3339 5170 3396 5217 et
3438 5158 3797 5233 sequentibus

2184 5232 2523 5305 conﬁrmata.
2560 5230 2691 5305 Yide
2721 5230 2903 5302 supra,
2945 5233 3045 5287 nisi
3069 5234 3191 5305 quia
3221 5248 3373 5305 pares
3403 5230 3644 5290 esse—nos
3677 5251 3798 5290 cre-

2185 5299 2396 5367 dimus;
2428 5311 2480 5356 et
2513 5299 2671 5369 infra,
2703 5299 2824 5374 quia
2853 5315 2899 5358 et
2926 5321 3030 5359 non
3056 5299 3221 5376 egent.

2260 5390 2314 5446 Ν
2318 5408 2384 5464 on
2412 5393 2533 5462 quia
2558 5395 2763 5448 divitias
2803 5395 3020 5463 habent,
3048 5399 3137 5452 sed
3162 5398 3282 5464 quia
3307 5405 3518 5452 utuntur
3554 5397 3681 5451 illis.
3713 5396 3794 5453 Ita

2185 5476 2317 5538 mss.
2351 5463 2385 5519 8
2399 5464 2565 5538 Reg,
2586 5463 2877 5538 5gColbert.
2907 5470 3069 5521 Brun.
3102 5463 3324 5538 aliique,
3356 5483 3479 5522 cum
3516 5468 3793 5524 nonnullis

2185 5532 2560 5610 editiquen'e.
2595 5536 2894 5610 Videinfra
2908 5538 3029 5607 quia
3052 5549 3098 5610 et
3125 5532 3232 5592 non
3255 5548 3423 5610 egent.
3457 5539 3582 5594 Mss.
3613 5540 3788 5593 Cauc.

2185 5603 2332 5683 iuta,
2359 5606 2396 5660 2
2427 5606 2558 5683 Reg.
2590 5622 2701 5683 rec.
2734 5608 2761 5663 1
2784 5603 2938 5683 (ιριιί.
2963 5621 3017 5665 et
3037 5609 3071 5665 8
3097 5603 3316 5681 vulgati,
3341 5627 3443 5667 non
3464 5612 3550 5683 qui
3575 5610 3790 5666 divitias

2185 5675 2393 5750 habent,
2423 5675 2669 5751 sed—qui;
2698 5692 2809 5741 nou
2833 5681 3015 5753 inepte
3044 5675 3246 5739 tamen.
