4142 6200
335 290 435 349 601

1586 287 1793 345 LIBER
1832 289 1898 345 V.
1940 288 2031 347 DE
2070 288 2398 349 JUSTITIA.

3536 283 3642 341 60‘2

336 411 405 467 ad
434 422 603 483 opera
628 406 872 479 iustitiae.
908 405 979 461 Et
1004 406 1096 477 qui
1127 419 1392 478 pauperes
1421 405 1709 474 videntur,
1744 421 1812 463 eo
1850 415 1934 464 ta-
1961 408 2017 470 Α
2040 416 2145 463 tur.
2178 405 2290 462 Nec
2319 403 2467 461 enim
2498 401 2632 459 falsa
2663 406 2749 456 est
2774 386 2865 454 illa
2893 395 3186 462 sententia,
3219 409 3339 466 quae
3366 396 3507 468 apud
3531 398 3644 456 Eu.

336 518 463 560 men
495 500 692 557 divites
717 508 865 566 sunt,
891 498 1014 570 quia
1045 507 1102 557 et
1130 514 1237 555 non
1268 505 1460 571 egent,
1493 507 1548 556 et
1574 498 1709 555 nihil
1740 514 1940 558 concu—

337 595 573 667 piscunt.

409 687 544 743 Cum
578 685 744 758 igitur
775 693 830 742 et
855 684 1012 741 liberi
1052 685 1250 756 servis,
1283 694 1338 743 et
1379 686 1579 743 divites
1610 688 1941 764 pauperibus

337 777 641 835 humilitate
656 777 820 832 animi
837 791 993 847 pares
1006 777 1197 843 simus,
1214 778 1354 848 apud
1375 779 1539 835 Deum
1555 790 1731 836 tamen
1746 782 1942 838 virtute

337 871 794 928 discernimur.Et
813 879 960 927 tanto
971 872 1199 943 quisque
1214 872 1495 930 sublimior
1508 876 1943 948 est,quantojus-

337 966 463 1021 tior.
481 963 535 1020 Si
558 964 702 1019 enim
727 963 933 1034 justitia
955 972 1062 1029 est,
1080 980 1263 1036 parem
1281 981 1342 1023 Se
1366 966 1526 1023 etiam
1542 967 1841 1024 minoribus
1863 969 1942 1024 fa-

337 1072 793 1128 cere.quanquam
810 1056 914 1113 hoc
927 1056 1044 1126 ipso
1059 1058 1350 1128 praecellat,
1364 1058 1506 1129 quod
1524 1074 1583 1115 se
1596 1057 1941 1117 inferioribus

337 1150 657 1220 coaequavit;
674 1159 852 1205 tamen
866 1150 910 1205 si
927 1165 1033 1205 non
1049 1159 1252 1205 tantum
1267 1152 1420 1220 quasi
1441 1166 1648 1221 parem,
1664 1151 1760 1206 sed
1776 1153 1939 1208 etiam

338 1242 493 1315 quasi
513 1242 769 1297 minorem
784 1256 843 1297 se
855 1243 1105 1312 gesserit,
1124 1242 1309 1315 utique
1331 1243 1499 1298 multo
1521 1243 1764 1298 altiorem
1779 1242 1945 1314 digni-

340 1335 470 1389 tatis
494 1333 742 1404 gradum,
776 1333 884 1388 Deo
900 1332 1109 1402 judice,
1134 1342 1516 1404 consequetur.
1542 1332 1676 1388 Nam
1704 1334 1943 1400 profecto

337 1427 394 1482 in
425 1426 526 1480 hac
556 1426 660 1481 vita
692 1424 963 1492 szeculari,
991 1424 1246 1494 quoniam
1286 1425 1470 1481 brevia
1498 1433 1554 1481 et
1590 1424 1791 1481 caduca
1817 1433 1944 1480 sunt

338 1519 539 1583 omnia,
575 1527 630 1574 et
659 1517 958 1589 praeferunt
986 1533 1046 1573 se
1075 1517 1265 1574 alteris
1295 1517 1563 1583 homines,
1597 1529 1649 1574 et
1675 1517 1744 1575 de
1764 1518 1940 1590 digni-

339 1619 448 1665 tate
474 1610 848 1665 contendunt:
878 1624 984 1680 quo
1011 1608 1147 1665 nihil
1178 1610 1391 1676 fmdius,
1422 1610 1554 1665 nihil
1573 1613 1937 1681 arrogantius,

338 1702 471 1757 nihil
495 1717 524 1755 a
555 1701 815 1771 sapientis
839 1702 1049 1757 ratione
1069 1702 1353 1758 semotius.
1380 1701 1563 1758 Rebus
1584 1703 1728 1757 enim
1745 1702 1940 1759 cretes-

2046 500 2274 572 ripidem
2307 497 2479 555 fertur
2509 496 2560 551 in
2586 496 2730 551 hunc
2757 490 2976 549 modum
2995 488 3160 560 :Quas
3184 487 3274 547 hic
3294 490 3433 549 mala
3453 499 3645 566 putan-

2048 602 2157 662 tur,
2187 593 2303 649 hzec
2331 598 2460 648 sunt
2481 589 2537 646 in
2563 589 2704 645 coelo
2730 586 2890 643 bona.

2617 740 2845 800 CAPUT
2884 739 3051 797 XVII.

2153 886 2231 943 De
2255 885 2660 942 Christianorum
2679 880 2935 950 wquitate,
2954 877 3206 949 sapientia
3233 885 3281 934 et
3304 877 3543 935 stultitia.

2122 1064 2360 1135 Exposui
2389 1077 2607 1120 causam
2645 1076 2745 1116 cur
2769 1058 3078 1130 philosOphi
3119 1072 3220 1114 nec
3263 1057 3506 1115 invenire
3530 1057 3647 1131 jus-

2050 1158 2243 1226 titiam,
2274 1171 2374 1213 nec
2419 1153 2711 1212 defendere
2750 1160 3058 1223 potuerunt.
3110 1149 3262 1206 Nunc
3288 1148 3453 1205 redeo
3479 1148 3545 1204 ad
3591 1149 3648 1206 id

2048 1250 2191 1320 quod
2222 1248 2580 1305 intenderam.
2602 1245 2910 1302 Carneades
2931 1259 3083 1316 ergo,
3108 1243 3361 1314 quoniam
3389 1251 3545 1298 erant
3561 1242 3649 1299 in-

2051 1342 2204 1398 firma
2235 1358 2356 1413 quae
2392 1356 2422 1395 a
2450 1340 2787 1411 philosophis
2811 1337 3198 1404 aiferebantur,
3228 1336 3456 1406 sumpsit
3478 1336 3647 1391 auda-

2048 1436 2189 1492 ciam
2229 1434 2512 1491 reiellendi
2540 1475 2555 1499 ,
2607 1433 2730 1504 quia
2758 1431 2934 1487 refelli
2980 1444 3139 1501 posse
3185 1429 3469 1484 intellexit.
3517 1427 3649 1499 Ejus

2049 1527 2429 1599 disputationis
2458 1540 2664 1581 summa
2699 1522 2816 1579 haec
2862 1521 2960 1577 fuit
2990 1539 3003 1576 :
3065 1539 3084 1573 ‹
3113 1519 3242 1577 Jura
3271 1520 3372 1576 sibi
3403 1519 3649 1577 homines

2049 1637 2148 1692 pro
2178 1621 2412 1676 utilitate
2442 1620 2712 1684 sanxisse,
2746 1616 2953 1672 scilicet
2990 1616 3137 1670 varia
3168 1630 3267 1685 pro
3297 1615 3568 1680 moribus;
3594 1622 3651 1671 et

2049 1715 2189 1787 apud
2209 1715 2428 1771 eosdem
2453 1728 2551 1785 pro
2572 1709 2904 1782 temporibus
2928 1723 3073 1780 saepe
3094 1717 3332 1763 mutata:
3357 1707 3443 1778 jus
3467 1717 3645 1764 autem

339 1793 482 1848 tibus
508 1795 779 1848 contraria
808 1803 935 1848 sunt
956 1794 1057 1849 ista
1082 1794 1332 1849 universa
1358 1805 1595 1851 terrena.
1618 1794 1772 1850 Sicut
1798 1794 1943 1850 enim
1974 1796 2021 1858 B
2049 1806 2291 1861 natm-ale
2320 1820 2443 1861 esse
2489 1804 2693 1858 "unum
2723 1820 2736 1855 ε
2779 1800 2981 1856 omnes
3026 1811 3075 1854 ei
3108 1797 3376 1865 homines,
3408 1806 3463 1853 et
3512 1798 3647 1855 alias

334 1889 597 1960 sapientia
626 1887 907 1943 hominum
936 1903 1145 1943 summa
1173 1888 1399 1943 stultitia
1439 1898 1523 1943 est
1548 1869 1689 1959 apud
1730 1888 1896 1945 Deum
1923 1932 1938 1956 ,

336 1988 773 2044 stultitia-autem
806 1985 889 2060 (ut
935 1986 1123 2055 docui)
1154 2001 1362 2041 summa
1401 1987 1662 2056 sapientia
1703 1995 1788 2042 est
1823 2004 1835 2039 :
1866 1987 1945 2042 sic

337 2080 452 2136 Deo
474 2077 695 2134 humilis
724 2086 779 2134 et
809 2075 1056 2147 abjectus
1080 2088 1182 2143 est,
1212 2078 1301 2147 qui
1351 2078 1510 2132 fuerit
1535 2078 1859 2147 conspicuus
1888 2089 1945 2133 et

332 2172 586 2228 sublimis
612 2172 665 2227 in
708 2180 871 2228 terra.
917 2171 1050 2226 Nam
1081 2181 1138 2226 ut
1178 2180 1417 2239 taceam,
1456 2171 1598 2243 quod
1641 2171 1757 2227 haec
1800 2188 1941 2242 prce-

333 2264 512 2321 sentia
547 2271 707 2319 terrae
738 2262 913 2327 bona,
957 2263 1153 2334 quibus
1180 2278 1407 2334 magnus
1438 2264 1611 2319 honos
1643 2263 1899 2319 tribuitur
1922 2305 1938 2330 ,

333 2358 528 2412 virtuti
559 2358 829 2413 contraria
869 2366 1012 2425 sunt,
1061 2366 1116 2412 et
1139 2358 1379 2428 vigorem
1409 2358 1606 2414 mentis
1634 2368 1934 2426 enervant;

333 2463 457 2520 quae
485 2449 705 2504 tandem
736 2456 912 2519 potest
939 2448 1093 2505 ﬁrma
1139 2464 1262 2504 esse
1292 2449 1563 2516 nobilitas,
1596 2466 1715 2521 quae
1765 2466 1895 2521 opes
1919 2493 1933 2518 ,

332 2556 457 2612 quae
482 2542 759 2613 potentia,
789 2555 912 2595 cum
961 2542 1130 2611 possit
1161 2542 1302 2596 Deus
1349 2558 1502 2614 reges
1543 2558 1759 2614 quoque
1794 2544 1938 2615 ipsos

332 2635 625 2691 inferiores
654 2635 816 2690 etiam
863 2634 1062 2690 infimis
1106 2635 1322 2693 facere?
1371 2637 1438 2693 Et
1482 2637 1605 2693 ideo
1648 2639 1938 2695 consulens

333 2729 495 2785 nobis
527 2731 704 2796 lleus,
760 2714 1112 2785 inter‘divina
1162 2732 1613 2802 prarcepta'iliud
1667 2735 1938 2804 pracipne

328 2822 519 2894 posuit
542 2839 554 2873 :
582 2820 680 2887 Qui
700 2837 753 2875 se
768 2820 988 2887 extollit,
1016 2822 1403 2888 humiliabitur;
1423 2833 1471 2878 et
1495 2826 1584 2894 qui
1603 2842 1657 2880 se
1677 2826 1937 2893 humiliat,

331 2912 663 2967 excitabitur.
690 2909 857 2983 Cujus
880 2914 1135 2985 przecepti
1161 2915 1452 2970 salubritas
1473 2915 1652 2983 docet,
1677 2919 1819 2989 quod
1848 2921 1938 2990 qui

330 3020 393 3062 se
421 3006 565 3077 apud
594 3006 841 3061 homines
872 3008 1091 3076 planum
1124 3007 1310 3063 fecerit
1335 3052 1350 3076 ,
1384 3009 1752 3082 humilemque
1798 3029 1937 3083 prae-

2049 1897 2354 1952 animantes
2380 1894 2447 1950 ad
2497 1894 2759 1949 utilitates
2798 1906 2926 1947 suas
2974 1900 3165 1945 natura
3208 1889 3440 1945 ducente
3468 1887 3643 1956 ferri;

2049 1992 2279 2065 proinde
2307 2000 2400 2046 aut
2427 1990 2624 2045 nullam
2657 2003 2777 2044 esse
2802 1986 3065 2065 justitiam
3087 2027 3104 2054 ,
3135 1994 3229 2039 aut
3254 1986 3300 2040 si
3326 1985 3395 2039 sit
3429 1984 3642 2055 aliqua,

2047 2060 2310 2143 summam
2335 2099 2457 2140 esse
2484 2082 2765 2139 Stultitiam
2791 2122 2807 2149 ,
2847 2060 3103 2152 quoniam
3135 2078 3238 2135 sibi
3270 2087 3490 2135 noceret
3511 2078 3645 2136 alie-

2049 2183 2137 2237 nis
2169 2178 2470 2236 commodis
2522 2174 2837 2232 consulens.
2875 2193 2894 2227 ι
2930 2173 2998 2228 Ει
3040 2170 3306 2228 inferebat
3335 2171 3455 2227 haec
3482 2185 3645 2242 argu-

2047 2283 2228 2329 menta
2259 2291 2273 2328 :
2311 2290 2330 2325 ‹
2362 2270 2625 2326 Omnibus
2657 2267 2874 2339 populis
2899 2266 2992 2337 qui
3021 2264 3281 2321 ﬂorerent
3309 2264 3557 2335 imperio,
3589 2273 3645 2320 et

2043 2365 2298 2422 Romanis
2321 2379 2533 2435 quoque
2562 2365 2712 2433 ipsis,
2747 2362 2839 2433 qui
2878 2360 3042 2416 totius
3071 2360 3219 2415 orbis
3246 2360 3568 2430 potirentur,
3599 2359 3646 2415 si

2036 2457 2168 2529 justi
2198 2456 2364 2512 velint
2395 2470 2515 2510 esse
2548 2495 2564 2520 ,
2595 2454 2695 2509 hoc
2719 2463 2823 2519 est,
2848 2452 2894 2506 si
2920 2452 3096 2508 aliena
3124 2451 3433 2515 restituant,
3467 2450 3533 2505 ad
3556 2464 3646 2506 ca-

2042 2554 2131 2606 sa‘s
2159 2564 2280 2605 esse
2310 2546 2665 2615 redeundum,
2696 2546 2823 2601 etin
2851 2553 3091 2616 egestate
3115 2559 3178 2599 ac
3208 2543 3441 2599 miseriis
3458 2542 3645 2614 jacen-

2044 2641 2195 2707 dnm.
2223 2661 2242 2694 ι
2264 2640 2401 2695 Tum
2416 2640 2630 2694 omissis
2646 2638 3027 2693 communibus
3050 2636 3116 2691 ad
3134 2639 3347 2707 propria
3369 2635 3638 2691 veniebat.

2049 2751 2071 2786 ς
2106 2732 2284 2787 Bonus
2307 2732 2410 2796 vir,
2443 2730 2632 2801 inquit,
2668 2730 2710 2784 si
2740 2728 2936 2783 habeat
2959 2743 3174 2783 servum
3201 2725 3483 2797 fugitivum
3505 2768 3521 2795 ,
3554 2727 3644 2783 vel

2046 2826 2266 2882 domum
2295 2825 2625 2881 insalubrem
2655 2838 2719 2883 ac
2751 2823 3098 2894 pestilentem
3126 2864 3142 2889 ,
3171 2836 3293 2893 qua:
3339 2821 3465 2877 vitia
3493 2821 3645 2877 solus
3690 2868 3697 2875 ,

2045 2923 2202 2989 sciat,
2233 2929 2290 2976 et
2316 2920 2436 2976 ideo
2463 2918 2767 2990 proscribut
2797 2927 2853 2972 ut
2879 2917 3096 2982 vendat,
3129 2925 3380 2970 utrumne
3416 2916 3642 2986 profite-

2046 3017 2192 3073 bitnr
2241 3016 2523 3087 fugitivum
2572 3028 2788 3069 servum
2828 3028 2891 3067 ac
2938 3010 3278 3082 pestilentem
3333 3007 3551 3064 domum
3584 3022 3643 3064 se

331 3096 536 3167 buerit,
562 3096 651 3154 hic
679 3097 822 3171 apud
852 3098 1020 3157 Deum
1054 3101 1377 3170 prsecellens
1397 3110 1454 3157 et
1482 3102 1711 3175 insignis
1730 3106 1934 3162 habea-
1962 3099 2008 3162 C
2041 3109 2307 3177 vendere,
2338 3123 2405 3163 an
2453 3106 2653 3163 celabit
2680 3105 3018 3176 emptorem?
3044 3102 3098 3158 Si
3150 3101 3508 3187 proft‘tebitur,
3544 3099 3643 3156 bo-

1697 3246 1781 3301 VA
1791 3244 2051 3303 RIORUM
2091 3245 2319 3302 ΝΟΤᾹΞ.

409 3381 478 3436 Ει
506 3383 594 3452 qui
626 3397 872 3448 pauperes
896 3381 1149 3452 videntur.
1193 3381 1282 3437 Sic
1311 3382 1518 3438 reStitui
1541 3396 1606 3436 ex
1636 3382 1769 3438 mssl
1793 3383 1928 3449 Reg.

334 3451 461 3507 Put.
485 3450 541 3509 et
569 3452 603 3507 5
630 3455 699 3507 al.
731 3453 888 3523 Reg.,
917 3454 942 3508 1
975 3450 1155 3516 Colh.,
1184 3453 1219 3506 ‘2
1239 3452 1476 3507 Clarum.
1505 3452 1752 3522 aliisque,
1783 3464 1837 3509 et
1866 3454 1933 3510 15

334 3523 640 3607 impressis.
689 3524 887 3594 Scripti
927 3524 961 3579 9
1009 3534 1062 3579 et
1112 3524 1359 3578 nonnulli
1405 3524 1606 3596 vulgati
1658 3525 1855 3581 habent
1885 3536 1933 3581 et

332 3611 483 3665 quia.

415 3667 553 3733 Quia
578 3676 624 3721 et
654 3683 755 3721 non
785 3675 947 3739 egent.
997 3666 1247 3739 Itaumss.
1280 3664 1316 3718 4
1352 3666 1483 3733 Reg.
1526 3676 1639 3720 vet.
1673 3669 1935 3739 multique

329 3736 450 3797 alii.
472 3754 593 3792 cum
618 3734 858 3806 pluribus
878 3738 1057 3793 editis.
1082 3734 1282 3792 Vocém
1306 3754 1407 3792 non
1431 3747 1693 3807 respuunt
1718 3741 1779 3794 11
1803 3734 1932 3796 mss.

330 3822 454 3863 rec.
491 3822 544 3862 et
563 3810 767 3879 5‘vulg.
1424 3878 1427 3879 ν
1754 3852 1757 3855 ,

413 3880 699 3935 Sublimior
726 3878 818 3934 est.
849 3878 1105 3935 Alludere
1130 3879 1341 3933 videtur
1369 3878 1434 3932 ad
1463 3879 1593 3933 illud
1619 3879 1895 3936 Ciceronis
1918 3921 1933 3947 ,

329 3952 431 4021 qui
461 3952 513 4005 in
541 3952 676 4007 libro
697 3951 1007 4005 Ollicittl‘lllll
1035 3951 1128 4013 ait,
1152 3966 1396 4020 quemque
1421 3959 1561 4004 tanta
1586 3951 1935 4007 sublimiorem

327 4037 449 4092 esse
475 4034 666 4092 quanto
693 4022 936 4076 humilius
963 4038 1017 4075 se
1041 4022 1272 4092 gesserit.

413 4090 495 4146 Iuv
526 4094 623 4149 hac
646 4098 758 4148 vita
786 4094 1042 4147 saeculari.
1088 4091 1143 4144 Id
1166 4103 1281 4157 est,
1334 4092 1634 4159 temporali,
1687 4102 1745 4147 ut
1794 4094 1930 4149 infra

329 4178 459 4235 cap.
495 4164 582 4230 18,
612 4175 666 4220 et
695 4165 788 4220 lib.
816 4180 912 4223 vn.
965 4179 1083 4234 cap.
1114 4161 1148 4216 4
1175 4174 1225 4216 et
1256 4165 1342 4217 11.
1377 4163 1473 4218 Hic
1510 4164 1702 4219 deesse
1728 4164 1930 4235 aliquid

329 4237 587 4301 videtur;
622 4251 807 4290 manca
833 4244 918 4289 est
944 4237 1085 4289 enim
1113 4235 1309 4289 oratio.

409 4310 457 4360 Α
486 4307 747 4375 Sapientis
772 4309 992 4360 ratione.
1027 4307 1150 4359 Mss.
1185 4306 1239 4371 6,
1263 4305 1537 4375 sapientia.
1575 4305 1650 4358 Ex
1681 4322 1810 4360 mss.
1840 4322 1934 4363 ve-

334 4374 578 4434 terrimis
631 4377 971 4447 pluribusque
1016 4377 1136 4431 aliis
1188 4374 1425 4445 expunxi
1467 4385 1535 4441 et,
1570 4376 1713 4444 quod
1738 4378 1933 4433 eratin

332 4450 662 4519 quibusdam
693 4450 872 4519 editis.

328 4516 379 4581 ti,
411 4520 692 4575 Scmotius.
712 4518 908 4585 Mss.5,
926 4518 1239 4582 subntotius;
1257 4517 1309 4579 6,
1328 4516 1663 4580 sumntotius;
1689 4516 1744 4578 2,
1762 4533 1934 4570 remo-

332 4591 460 4644 tius.
483 4592 674 4645 leeri
698 4605 749 4644 et
773 4607 959 4644 omnes
984 4589 1413 4651 editi.semotius.
1429 4587 1584 4657 Apud
1599 4587 1931 4656 Lucretium,

330 4662 429 4716 lib.
468 4679 503 4723 ι,
537 4676 676 4715 vers.
706 4662 796 4723 46,
826 4679 857 4714 a
882 4661 1019 4714 curis
1045 4671 1283 4715 semotus.

407 4734 568 4800 Apud
597 4732 777 4786 Deum.
808 4732 973 4786 ICor.
1007 4746 1043 4786 ι.

410 4803 614 4857 Firma.
650 4804 985 4869 Mss.Brnn.,
1019 4818 1239 4856 summa.

408 4876 487 4929 Se
506 4874 719 4929 extollit.
753 4875 883 4930 Luc.
912 4891 998 4928 xw
1026 4884 1079 4927 et
1105 4887 1265 4937 xvm;
1307 4872 1433 4927 Mat.
1459 4889 1647 4928 xxvttr.

410 4945 668 5015 Exposui,
684 4957 787 5001 etc.
811 4947 1095 5013 annsque
1114 4944 1933 5013 integraEpitomeLactantiana

327 5018 632 5071 caruimus.
685 5017 1062 5083 Fragmentum
1110 5014 1253 5069 illius
1294 5017 1392 5067 hnc
1446 5014 1566 5068 loco
1620 5015 1930 5082 incipiebat.

322 5087 494 5143 Nunc
549 5104 674 5143 cura
726 5089 898 5141 Pl'aflii
954 5086 1215 5141 habemus
1263 5086 1523 5155 integrant
1579 5085 1711 5139 fere.
1775 5086 1931 5150 Quod

324 5170 624 5231 propterea
657 5176 875 5231 moneo,
901 5169 962 5231 ut
996 5157 1267 5231 studiosus
1305 5173 1423 5231 eam
1451 5172 1570 5211 cum
1619 5155 1739 5231 ipso
1766 5170 1932 5224 opere

325 5225 628 5299 ailigenter
652 5227 912 5285 cunfera‘t.
943 5229 1031 5284 Sic
1059 5228 1203 5283 enim
1234 5228 1496 5295 intelliget
1525 5225 1765 5299 eamdem
1816 5242 1927 5279 rem

322 5298 539 5369 saepius
569 5301 702 5355 bene
733 5303 834 5356 dici
866 5315 1059 5370 posse;
1091 5300 1300 5367 augebit
1324 5307 1583 5368 prwterea
1605 5298 1704 5351 hac
1722 5299 1931 5353 ratione

323 5372 554 5427 dicendi
596 5374 843 5443 copiam;
872 5372 1260 5443 etpexpcrietur
1283 5412 1298 5435 ,
1348 5370 1397 5423 id
1428 5370 1566 5434 quod
1604 5382 1792 5443 verum
1815 5377 1925 5443 est,

323 5443 584 5512 ejusdem
611 5438 733 5499 esse
760 5441 981 5497 artificis
1010 5438 1243 5495 breviter
1264 5452 1316 5495 et
1346 5444 1563 5503 copiose
1584 5440 1783 5493 dicere.
1815 5438 1931 5495 Fiet

323 5529 508 5586 porro
532 5525 608 5580 ut,
632 5515 873 5570 detracto
898 5512 1217 5586 eltuntentize
1238 5512 1554 5581 copiosioris
1577 5521 1787 5575 ornatu,
1815 5526 1929 5565 rem

323 5583 563 5656 propius
589 5595 932 5640 contueatur.
962 5583 1287 5656 Bgrucstus.

417 5656 545 5722 Qute
569 5674 600 5710 a
618 5657 935 5728 philosophis
954 5653 1317 5728 offerebantur.
1347 5654 1576 5728 Itamss.
1601 5652 1929 5728 antiquiores

325 5735 398 5805 et
424 5721 673 5783 meliores
698 5744 761 5805 ac
784 5721 853 5783 i0
880 5727 1028 5805 editi.
1059 5725 1121 5805 In
1144 5726 1359 5797 scriptis
1385 5726 1453 5781 10
1482 5739 1607 5805 rec._
1625 5732 1679 5778 et
1697 5721 1732 5776 4
1763 5736 1928 5805 excu-

326 5798 422 5857 sis
449 5808 534 5857 est
568 5799 922 5858 auerebanlur
949 5813 968 5865 ;
1004 5799 1059 5856 in
1089 5800 1125 5857 ὅ
1151 5794 1283 5857 mss.
1331 5812 1443 5856 rec.
1493 5804 1549 5855 et
1577 5796 1611 5854 3
1641 5805 1750 5855 vet.
1792 5794 1921 5854 edit.

2039 3384 2198 3440 Rom.
2210 3427 2224 3451 ,
2259 3386 2659 3440 disserebantur.

2062 3498 2070 3505 .
2116 3455 2432 3525 Relellendi.
2460 3457 2518 3511 In
2550 3472 2651 3512 ms.
2678 3454 2802 3511 Jun.
2836 3454 2951 3509 bmc
2978 3454 3279 3525 sequentia,
3311 3467 3433 3525 qua:
3458 3456 3510 3508 in
3537 3454 3641 3508 im-

2062 3498 2070 3505 .
2116 3470 2432 3525 uetettenat.
2460 3470 2518 3511 In
2550 3472 2651 3512 ms.
2678 3470 2802 3511 Jun.
2836 3470 2951 3509 ι)ωο
2978 3470 3037 3510 se
3080 3470 3279 3519 uenua,
3311 3470 3433 3523 qua:
3459 3470 3510 3508 in
3537 3470 3641 3508 tm-

2044 3530 2248 3597 pressis
2280 3545 2387 3581 non
2417 3537 2636 3591 extant,
2689 3527 2985 3597 habentur:
3016 3470 3398 3597 volensjaliud
3422 3540 3532 3579 esse
3551 3531 3642 3594 jus

2042 3595 2209 3663 civile,
2242 3597 2385 3652 aliud
2418 3599 2655 3651 naturale
2676 3614 2694 3651 :
2720 3595 2867 3651 civile
2878 3598 2968 3666 jus
2989 3595 3091 3648 dici
3120 3595 3318 3648 cmitem
3335 3597 3641 3665 sapientiam

2042 3678 2088 3723 et
2119 3671 2356 3723 naturale
2381 3672 2490 3723 sine
2519 3668 2767 3737 sapientia
2799 3665 2909 3733 ﬁefi
2933 3709 2948 3726 .
2979 3683 3038 3719 ac
3064 3667 3109 3720 si
3134 3676 3405 3734 utrumque
3440 3665 3641 3719 nullum

2045 3744 2197 3811 foret.
2227 3740 2397 3805 Quam
2424 3741 2747 3795 sententiam
2776 3738 2828 3793 in
2849 3747 3053 3793 textum
3081 3737 3375 3811 admittere
3398 3737 3641 3811 ttonpla-

2040 3807 2182 3877 cuit;
2216 3812 2265 3864 in
2301 3812 2446 3865 nullo
2471 3812 2614 3866 enim
2646 3811 2751 3863 alio
2789 3825 2893 3864 ms.
2921 3823 3173 3879 expressa
3193 3807 3633 3879 deprehenditur.

2040 3880 2329 3937 GALLEUS.
2365 3883 2494 3937 Vide
2521 3881 2858 3945 Ciceronem,
2890 3878 3074 3935 libIm
3104 3880 3171 3933 de
3199 3878 3421 3934 Ofﬁciis.

2116 3954 2215 4018 Qui
2254 3955 2406 4007 totius
2442 3954 2577 4007 orbis
2614 3953 2918 4020 potirentur.
2948 3951 3037 4006 Sic
3067 3965 3256 4004 omnes
3283 3948 3396 4004 fere
3428 3963 3558 4004 mss.
3584 3959 3640 4007 et

2040 4023 2190 4078 editi.
2226 4024 2288 4078 Et
2321 4033 2494 4091 recte;
2529 4026 2631 4078 hoc
2656 4023 2799 4077 enim
2822 4022 3044 4077 verbum
3076 4022 3236 4091 etiam
3264 4020 3462 4091 gaudet
3481 4022 3636 4091 geni-

2042 4094 2150 4165 tivo
2168 4097 2305 4165 apud
2325 4090 2639 4150 Ciceronem
2660 4110 2710 4148 tv
2729 4093 2922 4160 Acad.,
2945 4092 3174 4165 126,νθι1
3196 4090 3396 4165 Finib_.,
3417 4093 3475 4158 7;
3495 4090 3637 4160 apud

2039 4161 2303 4221 Velleium
2354 4166 2716 4229 Paterculum,
2745 4164 2886 4234 regni
2932 4164 3122 4233 potiri;
3151 4162 3290 4231 apud
3322 4161 3591 4234 Cll'Sal‘CIl]
3616 4203 3632 4227 ,

2040 4237 2193 4291 totius
2224 4237 2410 4291 Gallia:
2434 4253 2540 4291 sese
2592 4236 2745 4306 potiri
2776 4233 2923 4306 posse
2960 4244 3205 4306 sperant;
3237 4243 3291 4285 et
3335 4233 3489 4306 potiri
3516 4233 3636 4285 hos-

2039 4310 2195 4379 tium,
2218 4309 2357 4379 apud
2388 4301 2650 4379 llautumi.
2677 4301 2941 4379 Nonnulli
2957 4305 3266 4373 ignorantes
3287 4301 3631 4379 addiderunt,

2039 4372 2284 4441 dominio,
2317 4389 2372 4431 ut
2395 4378 2446 4431 in
2480 4393 2590 4433 mss
2613 4378 2737 4431 .Ittn.
2770 4384 2824 4429 et
2849 4375 2887 4429 ‘2
2910 4372 3038 4442 Reg.
3071 4389 3180 4427 rec.
3210 4382 3263 4426 ct
3290 4373 3325 4425 2
3367 4381 3468 4424 vet.
3498 4372 3630 4426 edit.

1960 4467 2014 4526 D
2040 4446 2221 4529 Rom,
2252 4449 2344 4529 sed
2373 4443 3192 4529 admodumfrustransiquidem
3211 4458 3333 4529 mox
3362 4444 3635 4529 prgacessit

2038 4519 2269 4587 imperio.
2304 4519 2559 4573 Romanis
2587 4518 2718 4585 ipsis
2736 4512 3034 4587 Ainjusﬁtias
3060 4514 3391 4587 exprobrant
3415 4512 3475 4587 _S_.
3522 4513 3633 4569 Au-

2037 4584 2283 4658 gustinus
2315 4592 2365 4643 itt
2422 4589 2571 4643 Itbris
2612 4584 2683 4643 de
2720 4584 2948 4642 Civitate
2979 4585 3071 4640 Dci
3095 4627 3110 4652 ,
3142 4594 3198 4640 et
3242 4584 3628 4651 'l'ertullianus,

2037 4674 2158 4729 cap.
2190 4660 2262 4715 25
2286 4659 2641 4728 Apologetici.

2110 4724 2177 4785 Et
2206 4733 2259 4786 in
2285 4724 2521 4801 egestate.
2560 4730 2635 4784 Ita
2676 4728 2888 4801 restitui
2928 4742 2992 4782 ex
3022 4726 3223 4801 _ms_s._i
3259 4724 3475 4801 Borion.
3504 4735 3568 4801 et
3600 4729 3628 4781 1

2035 4799 2171 4872 Reg.
2221 4795 2696 4872 antiquissimists
2724 4800 2795 4853 al.
2821 4802 2980 4870 Reg.,
3014 4799 3039 4852 1
3076 4795 3341 4872 Colbert.,
3392 4799 3429 4872 i_
3455 4798 3628 4872 Lips.,

2037 4869 2227 4934 60th..
2259 4869 2451 4937 erm...
2482 4872 2613 4927 edit.
2644 4871 2715 4926 Is.
2750 4880 2806 4927 et
2833 4869 3061 4938 ipsemet
3083 4869 3366 4923 Lactantio
3392 4869 3624 4938 Epitom.

2035 4957 2156 5010 cap.
2178 4942 2274 4998 56:
2299 4944 2453 5011 Quod
2471 4945 2513 4997 si
2537 4960 2711 4997 omnes
2738 4940 2914 5011 populi
2938 4958 3089 5011 penes
3110 4957 3233 5008 quos
3255 4941 3317 4992 sit
3340 4940 3625 5011 imperium,

2034 5013 2232 5083 ipsique
2280 5010 2534 5080 Romani,
2575 5015 2661 5084 qui
2692 5014 2859 5067 orbem
2891 5010 3051 5065 totum
3082 5012 3393 5080 possederint
3414 5050 3430 5074 ,
3469 5010 3629 5084 justi-

2037 5080 2159 5153 nam
2189 5101 2326 5155 sequi
2354 5086 2529 5150 velint,
2558 5080 2618 5139 ac
2651 5102 2797 5139 suum
2851 5084 3029 5152 cuique
3056 5084 3319 5136 restituere
3352 5081 3484 5147 quod
3514 5080 3560 5131 vi
3580 5088 3627 5132 et

2035 5156 2192 5227 arntis
2214 5166 2593 5227 occupaverunt
2610 5198 2623 5217 .
2651 5160 2718 5209 ad
2745 5172 2891 5209 casas
2916 5167 2964 5227 et
2990 5163 3259 5227 egestatem
3298 5159 3621 5227 revqteutur.

2034 5224 2163 5280 Mss.
2195 5219 2358 5283 Cane:
2389 5242 2440 5282 et
2474 5226 2541 5281 15
2572 5243 2685 5281 rec.
2720 5227 2922 5281 habent
2945 5219 3354 5277 in'necessitate.
3387 5219 3626 5286 Quatuor

2032 5296 2125 5349 illa
2159 5300 2315 5353 verba
2348 5299 2543 5353 desunt
2569 5299 2620 5351 itt
2646 5296 2967 5362 Regio-Pal.
3178 5360 3189 5362 _
3343 5338 3379 5344 μ-

2108 5366 2169 5422 Si
2198 5370 2536 5440 proﬁtebitur.
2561 5358 2965 5440 bonus’quitlem.
2987 5363 3125 5440 quia.
3146 5360 3270 5440 Mss.
3299 5376 3406 5440 nec.
3438 5360 3473 5415 5
3498 5358 3625 5417 Col-

2033 5439 2169 5495 bert.
2181 5432 2247 5503 [2
2261 5432 2495 5495 Clarum.
2513 5449 2565 5494 et
2588 5441 2656 5494 10
2673 5432 2800 5492 edit.
2827 5436 3030 5489 ferunt:
3053 5432 3115 5487 Si
3130 5433 3467 5504 proﬁtebitur.
3484 5451 3626 5505 emp-

2037 5512 2131 5565 tori
2159 5512 2425 5583 fugitit'uut
2450 5528 2574 5574 esse,
2610 5511 2767 5563 bonus
2796 5507 3018 5583 quidem.
3052 5506 3117 5557 At
3149 5506 3244 5583 tria
3270 5505 3384 5558 haec
3415 5506 3585 5583 verba
3605 5547 3621 5569 .

2033 5578 2621 5652 qttm'interponuntLa
2653 5580 2863 5652 caeteris
2892 5578 3107 5652 absunt.
3141 5578 3220 5630 Ac
3259 5591 3319 5630 ea
3352 5578 3618 5652 eradenda

2033 5648 2152 5709 esse
2179 5648 2509 5708 rectedocct
2532 5650 2873 5714 Thomasius,
2892 5648 3017 5718 quia
3045 5652 3159 5702 haec
3186 5661 3288 5703 non
3321 5650 3384 5702 ad
3407 5663 3619 5704 servum

2032 5732 2239 5779 tantum
2268 5724 2549 5795 fugitivum
2569 5722 2862 5795 respiciunt
2882 5760 2898 5786 ,
2923 5734 3107 5795 verum
3133 5719 3294 5777 etiam
3313 5719 3380 5776 ad
3400 5720 3618 5775 domum

2032 5790 2371 5866 pestilentem
2414 5806 2468 5854 et
2494 5790 2691 5855 similia
2721 5790 3019 5869 referenda
3042 5797 3189 5849 sunt.
