4142 6200
343 323 455 386 605

1607 309 1812 378 LIBER
1852 306 1918 377 ι.
1960 305 2051 377 DE
2089 303 2420 377 .lUSTl‘i'lA.

3543 301 3646 371 606

348 459 484 514 Opus
525 439 725 499 certius
772 415 844 497 sit
887 446 1110 497 necesse
1153 439 1270 507 est,
1295 445 1433 512 quos
1464 421 1604 495 beas
1624 425 1827 496 docuit.
1856 426 1939 495 illi
1965 429 2021 503 Α
2046 454 2151 522 non
2185 433 2345 494 modo
2373 437 2488 509 ipse
2508 433 2708 494 caedem
2751 435 2952 504 facere,
2985 425 3083 493 sed
3113 432 3376 491 interesse
3397 429 3645 491 facienti-

346 540 490 597 enim
519 535 880 609 depingebant
903 533 1109 602 verbis,
1136 535 1191 590 et
1218 523 1643 606 imaginabantur
1659 531 1946 605 justitiam,

345 643 466 704 quae
510 631 565 686 in
608 635 907 699 conspectu
935 635 1042 684 non
1084 631 1230 693 erat;
1262 643 1360 683 nec
1384 627 1740 697 praesentibus
1769 642 1950 682 exem-

341 725 448 798 plis
476 719 800 782 confirmare
829 729 1099 793 poterant,
1122 736 1241 792 quae
1266 713 1584 775 afferebant.
1609 713 1947 789 Responderi

342 821 488 875 enim
521 822 705 885 posSet
730 816 799 869 ab
826 815 1168 870 audientibus
1194 856 1207 879 ,
1232 828 1346 867 non
1372 828 1531 883 posse
1553 812 1624 867 ita
1651 807 1780 878 vivi,
1809 809 1951 868 sicut

344 911 422 967 illi
482 924 580 965 sua
646 907 1010 978 disputatione
1051 907 1495 976 praescriberent;
1545 905 1680 962 adeo
1727 917 1782 960 ut
1820 897 1952 961 nulli

343 999 523 1056 adhuc
552 998 872 1064 extiterint,
906 995 995 1068 qui
1025 997 1074 1052 id
1100 1013 1266 1068 genus
1294 996 1417 1053 vita:
1443 1005 1815 1068 sequerentur.
1843 991 1952 1053 Nos

344 1101 524 1149 autem
555 1107 661 1148 non
689 1083 868 1146 verbis
895 1089 1078 1156 modo,
1109 1085 1203 1146 sed
1231 1089 1389 1144 etiam
1428 1083 1687 1161 exemplis
1723 1106 1788 1146 ex
1818 1104 1951 1146 vero

345 1187 528 1260 petitis
552 1229 568 1254 ,
594 1202 720 1242 vera
750 1201 871 1241 esse
901 1200 1020 1256 qua:
1048 1199 1077 1238 a
1102 1183 1258 1240 nobis
1297 1175 1549 1240 dicuntur
1589 1183 1947 1241 ostendimus.

349 1281 534 1337 Sensit
558 1281 716 1352 igitur
741 1279 1065 1346 Carneades,
1098 1295 1218 1350 quae
1245 1280 1314 1333 sit
1342 1287 1532 1334 natura
1552 1275 1774 1350 justitia:
1796 1321 1812 1346 ,
1847 1275 1949 1336 nisi

345 1374 491 1446 quod
511 1389 695 1444 parum
712 1371 816 1427 alte
836 1373 1126 1442 perspexit,
1154 1370 1435 1427 stultitiam
1465 1387 1572 1426 non
1595 1387 1715 1428 esse
1745 1389 1949 1444 :quan-

343 1480 505 1535 quam
552 1464 851 1534 intelligere
896 1463 1026 1518 tnihi
1054 1459 1278 1530 videor,
1316 1479 1419 1534 qua
1447 1478 1627 1520 mente
1655 1459 1705 1520 id
1736 1463 1945 1522 fecerit.

341 1555 460 1613 Non
500 1557 643 1612 enim
698 1571 826 1613 vere
872 1557 1204 1612 existimavit
1249 1574 1372 1613 eum
1403 1558 1626 1614 stultum
1667 1575 1824 1628 esse,
1856 1553 1947 1632 qui

339 1647 523 1721 justus
545 1657 628 1705 est
659 1668 673 1706 :
706 1649 801 1705 sed
827 1654 947 1706 cuin
973 1649 1138 1706 sciret
1165 1645 1269 1706 non
1298 1665 1450 1716 esse,
1479 1663 1532 1707 et
1573 1653 1833 1707 rationem
1865 1662 1947 1708 ta-

344 1763 472 1802 men
519 1763 615 1802 cur
643 1748 715 1802 ita
745 1745 1048 1814 videretur,
1081 1762 1187 1802 non
1225 1735 1743 1820 comprehenderet,
1779 1749 1949 1804 voluit

2049 527 2149 590 bus
2171 575 2185 600 ,
2213 548 2276 588 ac
2304 539 2548 603 spectare
2572 531 2732 586 ducat
2754 523 2926 586 nefas.
2981 529 3088 585 Sed
3134 528 3326 584 omitto
3358 525 3487 592 ista;
3518 542 3651 596 quo-

2051 625 2194 681 niam
2222 617 2334 681 tleri
2361 631 2566 696 potest,
2595 635 2650 679 ιιι
2678 623 2760 680 vel
2792 623 2989 678 invitus
3014 620 3078 676 ad
3109 621 3223 676 haec
3250 617 3526 674 subeunda
3552 633 3648 674 cod

2050 725 2228 791 gatur.
2269 717 2490 774 Adeone
2511 733 2638 788 ergo
2669 709 2962 787 justitiam,
2996 732 3029 771 ο
3058 714 3223 781 Furi,
3253 713 3337 769 vel
3371 714 3545 782 potius
3571 753 3585 780 ,
3617 717 3649 770 ό

2051 793 2347 876 Carneade,
2393 811 2545 880 cujus
2587 819 2670 866 est
2695 807 2784 864 illa
2823 807 2998 864 omnis
3027 809 3218 874 oratio,
3253 815 3358 862 tam
3395 807 3645 874 inanem,

2052 907 2159 959 tam
2191 919 2600 974 supervacuam,
2641 907 2853 971 tamque
2892 903 3257 970 coalentptam
3309 900 3415 955 Deo
3448 907 3600 970 putas
3628 941 3643 966 ,

2053 1007 2111 1052 ut
2140 989 2268 1052 nihil
2293 999 2477 1067 possit,
2507 993 2749 1065 nihilque
2780 995 2972 1051 habeat
3002 996 3053 1051 in
3081 1010 3200 1050 sese
3219 1037 3233 1061 ,
3268 995 3408 1065 quod
3434 996 3498 1049 ad
3527 1010 3650 1050 cus--

2053 1088 2250 1144 todiam
2282 1089 2361 1143 sui
2393 1088 2605 1144 valeat?
2625 1087 2731 1164 Sed
2755 1083 3001 1143 videlicet
3024 1087 3114 1158 qui
3142 1087 3536 1142 sacramentum
3560 1079 3649 1141 ho-

2051 1175 2209 1237 minis
2256 1183 2522 1254 igttorant,
2575 1181 2798 1251 ideoque
2825 1169 2891 1235 ad
2926 1179 3064 1234 hanc
3104 1180 3264 1234 vitam
3298 1177 3647 1248 temporalem

2053 1273 2298 1330 referunt
2349 1273 2551 1341 omnia,
2597 1279 2793 1343 quanta
2844 1271 2914 1326 sit
2967 1272 3047 1325 vis
3072 1270 3313 1340 justiti-az,
3363 1271 3501 1325 scire
3541 1287 3644 1324 nttll

2052 1375 2295 1437 possunt.
2327 1351 2461 1420 Nam
2507 1373 2560 1420 et
2598 1379 2718 1419 cum
2759 1361 2826 1418 de
2852 1363 3046 1417 virtttle
3075 1363 3367 1430 disputant,
3401 1361 3649 1431 quamvis

2051 1449 2347 1529 intelligant
2367 1459 2623 1513 a’értlmnis
2653 1471 2717 1511 ac
2741 1456 2972 1510 miseriis
3000 1469 3122 1510 esse
3149 1451 3539 1525 plenissimam,
3565 1461 3648 1506 ta-

2051 1533 2172 1610 men
2213 1547 2568 1623 eXpetendam
2609 1555 2730 1606 esse
2777 1549 2927 1603 aiunt
2968 1562 3063 1602 sua
3111 1551 3302 1612 causa;
3354 1545 3469 1615 ejus
3504 1547 3648 1601 enim

2051 1644 2294 1717 prtctttia,
2319 1659 2438 1715 qua:
2467 1643 2593 1698 sunt
2623 1647 2823 1696 aeterna
2853 1641 2902 1695 et
2933 1637 3281 1703 immortalia,
3316 1636 3459 1689 nullo
3488 1635 3649 1693 modo

2053 1735 2258 1794 vident.
2288 1737 2379 1795 Sic
2400 1737 2559 1794 rebus
2593 1735 2844 1791 omnibus
2878 1731 2943 1788 ad
2975 1731 3111 1786 hanc
3143 1737 3459 1800 prtesentetn
3485 1730 3647 1784 vitam

343 1839 632 1896 ostendere
681 1839 850 1896 latere
897 1839 951 1895 in
993 1840 1176 1896 abdito
1215 1841 1496 1896 veritatem
1523 1882 1538 1907 ,
1581 1850 1640 1896 ut
1666 1839 1942 1897 decretum
1972 1823 2020 1896 Β
2048 1833 2253 1899 relatis,
2277 1831 2528 1886 virtutem
2559 1829 2716 1899 plane
2758 1823 2825 1881 ad
2851 1824 3134 1880 stultitiam
3172 1823 3451 1891 redigunt;
3483 1821 3649 1890 siquia

342 1931 639 2006 disciplina:
661 1949 773 1990 suae
797 1943 1036 1991 tueretur
1069 1953 1083 1990 :
1114 1933 1268 2005 cujus
1289 1950 1497 1992 summa
1525 1938 1792 1991 sententia
1819 1944 1905 1992 est
1927 1978 1942 2004 ,

343 2026 498 2083 Nihil
528 2019 720 2101 percipi
741 2047 908 2103 posse.

415 2124 709 2180 Videamus
739 2142 906 2196 ergo,
955 2135 1204 2182 utrumne
1253 2125 1459 2196 jttstitia
1503 2125 1676 2182 foedus
1729 2125 1946 2198 aliquod

343 2217 546 2274 habere
591 2233 711 2274 cum
767 2217 989 2273 stultitia
1037 2220 1228 2288 possit.
1285 2217 1493 2284 Justus,
1547 2218 1750 2289 inquit,
1782 2218 1827 2274 si
1857 2225 1949 2274 aut

343 2325 542 2380 equum
589 2310 774 2364 saucio
796 2352 809 2374 ,
839 2319 931 2365 aut
960 2309 1192 2365 tabulam
1220 2311 1474 2381 naufrago
1516 2325 1619 2364 non
1643 2310 1905 2366 ademerit
1928 2351 1945 2378 ,

343 2411 405 2457 ut
451 2402 565 2471 ipse
610 2401 843 2456 animam
914 2417 1066 2456 suam
1115 2392 1327 2469 liberet,
1356 2402 1548 2457 stultus
1571 2411 1672 2457 est.
1705 2401 1946 2458 Primum

348 2492 616 2557 omnium,
649 2507 786 2563 nego
813 2492 921 2546 ullo
943 2491 1103 2548 modo
1135 2493 1250 2548 ﬁeri
1275 2508 1433 2563 posse
1455 2533 1470 2558 ,
1518 2501 1576 2549 ut
1602 2492 1826 2560 homini,
1859 2483 1948 2565 qui

338 2585 561 2658 quidem
613 2601 742 2642 vere
793 2587 971 2656 justus
1015 2587 1119 2654 sit,
1172 2586 1438 2657 ejusmodi
1484 2602 1643 2643 casus
1699 2588 1946 2655 eveniat;

344 2677 672 2749 quiajustus
712 2693 886 2744 neque
910 2679 1156 2749 cuiquam
1195 2689 1322 2734 nato
1364 2679 1610 2735 inimicus
1636 2689 1741 2746 est,
1777 2696 1951 2752 neque

342 2771 637 2841 quidquam
666 2769 886 2844 omnino
907 2771 1110 2842 appetit
1141 2772 1393 2826 alienum.
1419 2771 1526 2828 Cur
1546 2773 1688 2827 enim
1715 2773 1947 2844 naviget,

341 2874 439 2920 aut
453 2863 580 2934 quid
598 2863 736 2934 petat
752 2879 816 2919 ex
831 2863 1002 2921 aliena
1027 2866 1279 2945 terra,ctti
1298 2865 1494 2922 sufficit
1513 2867 1635 2921 sua?
1651 2865 1759 2922 Cur
1771 2867 1949 2923 autem

341 2957 652 3030 belligeret,
675 2974 738 3016 ac
754 2975 811 3015 se
830 2959 1019 3015 alienis
1046 2959 1316 3016 furoribus
1335 2962 1577 3026 misceat,
1594 2964 1643 3016 in
1669 2962 1820 3034 cujus
1833 2962 1951 3018 ani-

339 3064 437 3104 m0
464 3065 561 3119 pax
588 3065 710 3104 cum
732 3050 1037 3106 hominibus
1057 3061 1310 3123 perpetua
1330 3056 1599 3109 versetur?
1620 3054 1838 3112 Scilicet
1861 3070 1952 3127 pe-

340 3142 572 3210 regrinis
591 3143 884 3205 mercibus.
911 3153 1003 3198 aut
1035 3144 1270 3200 ltumano
1297 3133 1556 3217 sanguine
1572 3146 1947 3216 delectabitur,

2047 1924 2170 1981 dem
2199 1924 2376 1979 tantos
2405 1921 2560 1992 hujus
2588 1921 2710 1975 Vitae
2738 1919 2950 1973 labores
2980 1915 3176 1970 frustra
3205 1921 3258 1969 et
3284 1914 3512 1968 inaniter
3528 1919 3649 1968 sus-

2047 2017 2193 2088 cipit.
2215 2007 2323 2073 Sed
2355 2009 2468 2070 hzec
2499 2014 2605 2068 alio
2636 2014 2752 2067 loco
2779 2007 3012 2082 plenius.

2119 2105 2338 2166 Interim
2358 2105 2426 2164 de
2451 2103 2676 2179 justitia,
2698 2109 2754 2160 ut
2780 2103 3062 2174 coepimus,
3091 2099 3243 2171 cujus
3271 2102 3414 2154 tanta
3443 2093 3520 2154 vis
3542 2107 3644 2166 est,

2049 2211 2106 2260 ut
2131 2213 2252 2260 eum
2294 2202 2481 2257 oculos
2528 2201 2581 2256 in
2612 2197 2808 2255 coelum
2834 2193 3133 2261 sustulerit,
3166 2211 3194 2247 a
3227 2189 3338 2248 Deo
3379 2201 3648 2248 mereatur

2049 2299 2248 2355 Omnia.
2280 2291 2444 2353 Recte
2483 2296 2643 2365 igitur
2671 2293 2896 2348 Flaccus
2925 2297 3125 2346 tantam
3155 2293 3274 2345 esse
3305 2279 3440 2343 dixit
3488 2287 3646 2343 inito-'-

2049 2393 2241 2451 centite
2267 2392 2397 2459 vim,
2426 2397 2484 2446 ut
2509 2389 2575 2445 ad
2606 2387 2826 2444 tutelam
2869 2387 2951 2441 sui
2979 2395 3084 2451 non
3121 2393 3274 2456 egeat
3316 2398 3415 2440 nec
3441 2383 3609 2438 armis
3630 2425 3644 2449 ,

2050 2501 2150 2544 nec
2172 2483 2406 2552 viribus,
2437 2497 2770 2555 quacumque
2802 2481 2905 2535 iter
2931 2475 3138 2541 fecerit;

2299 2601 2504 2664 integer
2527 2601 2639 2664 vitae
2659 2598 3034 2664 scelerisﬁatque
3056 2607 3223 2664 purus,

2299 2655 2564 2729 ﬁonveget
2582 2659 2737 2729 ﬂaurl
2758 2655 2966 2729 jaculis,
2978 2655 3078 2729 neti
3092 2661 3228 2729 arcu,

2300 2726 2408 2780 Nec
2424 2722 2685 2777 venenatis
2709 2723 2910 2786 gravida
2937 2722 3149 2783 sagittis,

2457 2787 2615 2837 Fusce
2639 2823 2654 2849 ,
2694 2787 2959 2849 pharetra:
3011 2801 3022 2814 ι

2299 2850 2418 2900 SIVe
2441 2823 3119 2911 peigvrie'sllieriaaustuosas,

2301 2865 2418 2900 Slve
2476 2865 2530 2898 er
2554 2865 2724 2911 Syrtes
2749 2865 2843 2896 lter
2865 2865 3119 2905 testuusas,

2301 2913 2420 2962 Sive
2441 2865 2659 2960 l‘itcturus
2693 2922 2782 2972 per
2809 2906 3152 2972 inhospitalem

2304 2975 2586 3030 Caucasum,
2616 2968 2821 3030 vel-quae
2847 2968 3244 3029 loca’fabulosus,

2523 2989 2586 3030 tn,
2616 2985 2692 3022 vet
2782 2985 2821 3020 τε
2848 2985 2954 3019 toea
2976 2985 3001 3017 ιε

2520 2985 3001 3098 ιδηιὺιιἫ)·ᾶδςμρ8.

2051 3145 2168 3203 Non
2200 3152 2378 3216 potest
2406 3158 2536 3215 ergo
2590 3138 2729 3206 fleri,
2775 3138 2903 3209 quin
2949 3131 3222 3192 hominem
3268 3131 3472 3206 justum
3508 3133 3648 3186 inter

336 3237 435 3307 qui
464 3252 563 3294 nec
588 3237 796 3293 lucrum
831 3239 969 3294 sciat
990 3247 1273 3310 appetere,
1302 3240 1386 3296 cui
1416 3239 1612 3297 sufﬁcit
1647 3242 1815 3297 victus
1841 3258 1856 3310 ;
1888 3251 1942 3297 et
1969 3232 2015 3297 C
2046 3239 2355 3297 discrimina
2387 3243 2765 3310 tempestatum
2798 3240 2958 3304 atque
2989 3227 3258 3286 bellorum
3289 3225 3527 3284 etelestis
3560 3237 3646 3280 tu-

1696 3378 2062 3438 VARIORUM
2098 3375 2332 3437 NOTAE.

417 3512 572 3584 Quos.
604 3509 678 3564 Ita
707 3511 1102 3584 quamplurimi
1143 3520 1198 3567 et
1223 3512 1579 3584 antiquissimi
1629 3529 1757 3570 mss.
1809 3523 1865 3570 et
1907 3513 1941 3569 4

332 3584 495 3640 editi.
527 3581 720 3636 Cteteri
746 3599 865 3636 cum
895 3582 928 3638 9
959 3599 1068 3638 rec.
1095 3584 1329 3648 scriptis,
1354 3581 1518 3653 quod.

417 3653 730 3720 Alferebant.
763 3653 853 3708 Sic
882 3656 1089 3708 restitui
1112 3670 1180 3709 ex
1214 3669 1344 3709 mss.
1372 3657 1748 3723 5veterrimis,
1784 3659 1810 3712 1
1841 3660 1943 3713 Βο-

334 3742 502 3791 ηοη.,
531 3725 566 3778 2
597 3726 752 3793 Reg.,
785 3726 818 3780 5
854 3725 924 3779 al.
972 3725 1102 3795 Reg.
1130 3768 1144 3791 ,
1177 3727 1212 3780 2
1252 3723 1520 3792 Colbert.,
1555 3728 1589 3781 2
1618 3726 1851 3783 Claram.
1881 3729 1944 3784 1n

333 3797 560 3858 serintis
592 3799 656 3853 10
677 3808 730 3851 et
754 3798 819 3853 10
847 3796 1001 3852 editis
1033 3797 1226 3869 legitur
1256 3804 1581 3864 asserebant;
1614 3800 1667 3855 in
1695 3800 1810 3856 aliis
1839 3801 1946 3856 dis-

333 3869 594 3922 serebant.

420 3941 706 4012 Pet-spexit.
746 3941 819 3994 Ita
850 3939 1128 3994 emendavi
1153 3956 1218 3995 ex
1246 3954 1375 3994 mss.
1411 3941 1444 3996 5
1469 3941 1602 4010 Reg.
1626 3942 1946 4012 antiquiori-

333 4011 466 4076 bus,
490 4011 522 4064 4
552 4010 814 4073 Colbert.,
840 4014 872 4065 ‘2
902 4013 1164 4077 Clarom.,
1202 4012 1365 4065 Brun.
1401 4021 1454 4065 et
1480 4014 1610 4067 edit.
1641 4010 1840 4078 Bettil.,
1865 4013 1946 4069 fa-

334 4085 592 4137 ventibus
623 4083 809 4143 Cauc..
844 4086 868 4137 1
903 4084 1110 4138 Bonon.
1151 4097 1261 4138 rec.
1297 4093 1351 4136 et
1388 4082 1522 4139 Tax.
1554 4086 1604 4138 in
1635 4085 1830 4154 quibus
1860 4095 1944 4140 est

338 4156 678 4223 perspexerit.
716 4158 734 4208 1
770 4155 978 4209 Bonon.
1007 4155 1201 4222 antiq.,
1243 4154 1277 4208 5
1303 4154 1435 4225 Reg.
1466 4171 1605 4224 rec.,
1636 4156 1672 4210 2
1700 4156 1853 4212 Colb.
1888 4165 1944 4214 et

339 4225 408 4279 11
429 4225 639 4296 )‘lilgttli
669 4226 886 4285 habent.
914 4227 1194 4296 prospexit.

417 4294 483 4349 Et
511 4298 756 4350 rationem
797 4294 987 4352 tamen.
1023 4294 1213 4352 Addidi
1239 4308 1404 4351 tamen
1435 4314 1502 4352 ex
1533 4298 1598 4353 10
1620 4297 1780 4354 editis
1806 4314 1938 4354 cun-

330 4366 546 4437 ctisque
574 4383 702 4423 mss.
731 4384 926 4439 printer
951 4369 976 4423 1
1009 4368 1140 4423 Βοη.
1171 4369 1365 4439 antiq.,
1387 4367 1515 4424 Pen.
1542 4367 1645 4424 et4
1663 4369 1795 4425 edit.
1821 4385 1931 4426 rec.

331 4439 533 4509 quibus
562 4441 732 4494 deest.

417 4510 684 4565 Decretum
712 4511 1016 4579 disciplima.
1053 4511 1125 4566 De
1155 4510 1347 4565 talibus
1373 4510 1586 4565 decretis
1627 4511 1790 4565 multa
1831 4511 1932 4567 Se-

327 4597 469 4636 neca
502 4584 551 4636 in
585 4584 744 4652 epist.
776 4581 864 4636 95.
903 4583 1103 4636 Arnob.
1149 4583 1181 4634 Ι.
1213 4599 1269 4645 ιι,
1304 4598 1354 4650 p.
1394 4581 1462 4637 48
1497 4600 1508 4636 :
1546 4582 1644 4645 Qui
1674 4582 1938 4651 (philoso-

323 4652 452 4722 pht)
487 4654 608 4707 dum
641 4655 768 4706 alter
802 4654 1012 4707 alterius
1047 4654 1374 4722 labefactant,
1402 4655 1700 4719 destruunt,
1735 4655 1938 4709 convel-

320 4726 546 4794 luutque
574 4728 794 4789 decreta,
826 4735 1005 4778 cuncta
1031 4727 1223 4777 incerta
1247 4727 1491 4794 fecerunt.
1515 4725 1645 4780 BUN.

414 4793 483 4849 Ut
525 4798 782 4849 decretum
831 4797 1118 4864 disciplina:
1162 4793 1268 4848 sure
1307 4807 1551 4851 tueretur.
1598 4795 1937 4853 Academicae

323 4867 584 4922 factionis
602 4867 850 4931 scilicet,
883 4867 1012 4920 nihil
1041 4877 1176 4921 certo
1205 4867 1362 4929 sciri;
1405 4868 1518 4923 sive
1569 4877 1627 4921 ut
1651 4869 1895 4934 sequitur
1919 4908 1934 4931 ,

319 4939 467 4992 nihil
497 4940 691 5006 percipi
722 4948 778 4992 ut
805 4949 1012 4992 certum
1048 4952 1223 5008 posse.
1265 4941 1545 4992 Decretum
1586 4947 1763 4992 autem
1791 4939 1935 4995 dixit

318 5010 525 5087 dogma
560 5009 886 5087 ἰιιβιίιιιιιιιιι,
914 5012 1150 5087 apertior.
1178 5008 1779 5087 Partimeailis'rutmo.

403 5079 510 5133 Cur
534 5082 670 5135 enim
691 5082 907 5154 nauiget,
923 5079 1027 5154 etc.
1058 5081 1147 5135 Sic
1171 5081 1335 5154 etiam
1357 5080 1446 5134 alii
1470 5080 1935 5154 Patresneggtia-

317 5155 535 5208 tionem
578 5151 830 5221 tanquam
861 5168 972 5206 rem
1003 5153 1240 5214 illicitum
1271 5152 1614 5205 damnarunt.
1646 5151 1774 5207 Vide
1799 5151 1933 5206 Ter-

321 5223 476 5283 tull..
515 5222 607 5276 lib.
649 5222 717 5278 de
747 5222 1094 5286 ldololat.,c.
1139 5238 1215 5276 χι.
1259 5222 1457 5276 Eorum
1491 5223 1728 5277 rationes
1777 5232 1935 5278 erant

317 5296 474 5364 quod
497 5295 582 5348 illa
606 5295 691 5348 vix
717 5294 888 5363 possit
909 5294 1148 5350 exerceri
1168 5296 1286 5350 sine
1309 5293 1602 5364 cupiditate
1627 5295 1930 5351 etmenda-

311 5369 435 5422 cio.
466 5363 752 5421 Cncn/eus.
1029 5424 1031 5426 η

411 5435 670 5492 Versetur.
705 5436 986 5505 Francius,
1031 5446 1283 5491 versatur.
1315 5435 1452 5492 Vide
1483 5436 1864 5507 prteccdentia.
1897 5440 1922 5493 1

305 5511 462 5578 Reg.
517 5523 625 5563 rec.
671 5518 898 5563 versatur
932 5524 959 5562 a
1007 5507 1242 5565 secunda
1282 5521 1462 5563 manu.
1501 5507 1764 5565 Heuman.
1801 5509 1930 5580 legit

304 5581 490 5634 etiam
522 5589 770 5633 versatur.

399 5650 505 5717 Qui
546 5667 636 5702 nec
658 5652 856 5704 lucrum
880 5652 1006 5706 sciat
1036 5660 1295 5719 appetere,
1325 5659 1429 5705 etc.
1459 5651 1631 5718 Supra
1660 5651 1817 5718 dixit,
1848 5651 1928 5705 vi-

297 5721 677 5846 tlltll'jttSlllm
710 5723 839 5776 nihil
867 5724 1156 5795 quidquam
1203 5733 1458 5792 appetere
1502 5722 1695 5785 alieni,
1737 5732 1792 5775 et
1839 5722 1925 5780 hic

299 5808 424 5846 nec
485 5807 692 5846 uerum.
728 5805 829 5846 etc.
860 5794 992 5846 (luat
1022 5798 1100 5846 sic
1131 5795 1300 5846 aeeini
1332 5811 1436 5846 non
1477 5794 1621 5846 volo.
1648 5795 1798 5846 ouasi
1843 5795 1923 5846 in-

299 5808 424 5851 nec
462 5794 692 5861 lucrum,
728 5805 829 5849 etc.
860 5794 992 5863 Qua:
1018 5794 1100 5850 isic
1131 5795 1300 5863 accipi
1332 5811 1436 5850 non
1477 5794 1621 5860 volo,
1648 5795 1798 5861 quasi
1843 5795 1923 5850 in-

286 5869 323 5958 j
342 5864 548 5928 ustitize
587 5865 660 5941 sit
705 5867 1007 5946 arguettdus
1033 5866 1124 5955 qui
1160 5865 1371 5942 luctum
1402 5864 1922 5955 διι).θιίιο1ιι¹⁰(1.¹ιίο

1963 4553 2016 4614 D

2047 3515 2375 3588 generaliter
2403 3517 2598 3574 asserit
2637 3525 2825 3573 auctor
2862 3520 3066 3581 noster,
3100 3532 3230 3573 sane
3260 3517 3327 3588 de
3361 3519 3647 3575 immodico

2048 3587 2286 3659 appetitu
2333 3589 2602 3659 intelligit,
2640 3605 2746 3658 quo
2777 3603 2936 3643 sensu
2969 3589 3083 3658 ejus
3112 3587 3338 3644 assertio
3386 3606 3508 3647 vera
3540 3599 3641 3647 est.

2127 3662 2392 3730 Spectare.
2427 3661 2664 3728 ReSpicit
2711 3661 2776 3713 ad
2811 3661 2958 3730 leges
2983 3661 3426 3726 cbrisdauorum,
3454 3662 3647 3733 quibus

2049 3731 2129 3787 fas
2154 3747 2258 3788 non
2281 3743 2397 3787 erat
2426 3733 2748 3802 spectaculis
2776 3733 3112 3801 gladiatoriis
3143 3733 3430 3787 intercsae.

2134 3803 2224 3858 Vel
2252 3805 2438 3857 invitus
2467 3805 2536 3856 ad
2562 3806 2668 3858 haec
2697 3803 2959 3856 subeunda
3000 3813 3229 3872 cogatur.
3271 3803 3528 3865 Nimirum
3579 3805 3645 3859 ad

2051 3875 2254 3930 caedem
2313 3874 2632 3941 faciendam,
2681 3874 2804 3928 dtttn
2839 3875 3066 3928 militare
3110 3876 3354 3945 cogitur;
3405 3892 3524 3930 nam
3554 3875 3647 3929 illo

2049 3961 2189 4013 wvo,
2223 3961 2328 4000 non
2375 3947 2549 4000 solum
2598 3947 2697 4000 sub
2729 3947 3142 4014 imperatoribus
3177 3947 3464 4016 gentilibus
3488 3988 3503 4013 ,
3551 3946 3648 4002 sed

2048 4019 2208 4072 etiam
2241 4018 2580 4083 cliristianis,
2637 4025 2758 4070 ctttn
2805 4017 3045 4072 delectus
3087 4018 3321 4071 tironum
3355 4027 3646 4088 ageretur,

2046 4090 2242 4158 quibus
2297 4088 2542 4143 militaris
2581 4096 2712 4160 anas
2757 4101 2821 4160 ac
2861 4097 3064 4143 Statura
3093 4098 3270 4153 esset,
3323 4098 3378 4140 et
3406 4090 3496 4160 qui
3529 4089 3647 4157 ejus

2047 4171 2203 4215 erant
2240 4161 2586 4222 conditionis,
2623 4159 2698 4213 uti
2735 4159 2939 4214 militiae
2968 4162 3300 4213 vacationem
3332 4175 3437 4212 nott
3483 4159 3648 4212 habe-

2047 4241 2192 4296 rent,
2214 4233 2279 4285 ad
2308 4233 2537 4285 militare
2563 4241 2956 4285 sacramentum
2983 4231 3355 4298 adigebantur,
3383 4245 3481 4282 nec
3511 4229 3640 4281 illud

2044 4302 2302 4374 defugere
2333 4311 2602 4372 poterant.
2633 4302 2733 4367 Qui
2762 4302 2930 4374 semel
2957 4309 3132 4374 autem
3165 4300 3213 4352 id
3231 4309 3640 4374 sacramentum

2043 4371 2345 4437 dixissent,
2365 4382 2492 4426 ante
2522 4387 2741 4426 emensa
2772 4373 3066 4438 Stipendia,
3107 4382 3158 4425 ct
3191 4371 3290 4424 nisi
3320 4387 3383 4423 ex
3412 4371 3555 4438 jnsta
3583 4385 3647 4424 ac

2044 4446 2235 4499 merita
2275 4459 2440 4496 causa
2470 4444 2753 4513 impetrata
2786 4442 3062 4506 tttissione,
3106 4442 3386 4513 discedere
3419 4459 3446 4493 ιι
3475 4442 3644 4509 signis

2045 4531 2149 4568 non
2175 4515 2410 4568 habuere
2442 4513 2520 4566 fas
2548 4511 2562 4566 Ξ
2593 4513 2682 4579 qui
2706 4515 2861 4566 aliter
2891 4513 3132 4564 militiam
3157 4511 3484 4566 deseruisset
3510 4552 3524 4574 ,
3551 4527 3645 4566 ca-

2044 4589 2153 4655 pite
2181 4585 2531 4656 plectebatur.
2558 4583 2703 4656 Ergo
2742 4582 2814 4635 illi
2848 4590 2992 4656 sunt,
3026 4597 3160 4652 quos
3184 4584 3380 4656 invitos
3409 4582 3476 4636 ad
3509 4583 3648 4636 mili-

2044 4653 2194 4725 tiam,
2229 4655 2280 4710 id
2309 4666 2392 4709 est
2423 4655 2860 4725 trucidandorutn
2897 4653 3176 4708 hominum
3221 4654 3526 4725 legitimam
3560 4669 3649 4708 ar-

2042 4739 2152 4782 tem
2184 4728 2537 4794 subeundam,
2560 4743 2623 4780 ex
2649 4724 2971 4780 necessitate
2997 4727 3172 4794 legum
3196 4733 3312 4796 cogi
3342 4725 3478 4779 dixit
3513 4724 3646 4780 Lac-

2042 4801 2260 4866 tantius,
2294 4807 2347 4852 et
2387 4814 2521 4868 qttos
2549 4800 3242 4869 prOptereaAexcusandos.
3277 4807 3383 4852 tattt
3413 4799 3534 4869 ipse
3565 4796 3646 4851 ill-

2038 4871 2217 4928 sinuat
2255 4867 2415 4942 quam
2463 4867 2653 4926 Patres
2693 4867 2920 4924 Concilii
2969 4867 3158 4923 Nicen.
3213 4869 3348 4942 (Jan.
3400 4868 3486 4922 12.

3250 4941 3570 4996 ὃλωιιιειυε.

2113 5014 2158 5068 0
2187 5014 2469 5070 Carneade.
2503 5013 2575 5066 Ita
2609 5013 2788 5079 plures
2809 5027 2937 5067 mss.
2961 5017 3018 5067 et
3044 5011 3192 5066 editi.
3223 5011 3259 5064 2
3292 5012 3422 5079 lteg.
3449 5024 3556 5063 rec.
3587 5019 3642 5064 et

2034 5085 2069 5138 2
2098 5086 2252 5140 Colb.
2285 5101 2315 5139 ο
2346 5084 2656 5146 Carneades;
2684 5084 2850 5138 Brutt.
2881 5094 2935 5137 tu
2965 5083 3285 5149 Carneades;
3321 5086 3343 5137 1
3389 5079 3634 5134 Colbert.

2043 5167 2117 5220 tu,
2149 5174 2177 5212 ο
2197 5155 2634 5212 Carneades.—0
2661 5155 2944 5210 Carneade.
2971 5155 3060 5209 Sic
3084 5168 3214 5208 tnss.
3239 5164 3294 5208 et
3316 5150 3467 5213 editi,
3501 5151 3641 5216 quod

2033 5239 2179 5283 recte
2207 5239 2384 5285 tuetur
2414 5229 2775 5289 Heumannns,
2810 5237 2864 5280 et
2892 5227 3121 5279 illustrat
3149 5240 3217 5277 ex
3250 5221 3438 5276 Vossio
3471 5221 3564 5273 lib.
3598 5236 3637 5275 ιι

2033 5300 2216 5362 Anal.,
2257 5317 2309 5356 c.
2357 5300 2391 5354 5
2425 5310 2482 5355 et
2521 5316 2571 5354 c.
2612 5299 2694 5354 10.
2751 5296 2999 5352 Defendit
3042 5309 3267 5364 quoque
3303 5292 3639 5348 Gronovius.

2037 5369 2082 5422 Ο
2112 5371 2344 5438 Socrate,
2379 5371 2609 5426 vocandi
2640 5385 2790 5431 rasu,
2826 5369 2879 5422 itt
2907 5363 3194 5437 fragment.
3234 5363 3517 5419 Ciceronis
3547 5364 3638 5434 ed.

2031 5439 2320 5519 Verbttrg”
2351 5458 2401 5512 p.
2429 5442 2592 5499 5956.
2624 5442 2756 5519 BqN-
2806 5509 2816 5519 ,
2863 5509 2873 5519 ,
2935 5507 2946 5519 ,

2108 5515 2211 5580 Qui
2245 5507 2622 5570 sacramentum
2677 5509 2899 5564 hominis
2929 5507 3186 5580 ignorant.
3222 5507 3278 5562 Id
3321 5515 3428 5580 est,
3458 5523 3641 5563 veram

2029 5578 2290 5640 rationem
2321 5598 2374 5640 et
2400 5585 2765 5639 conditionem
2809 5579 3062 5633 hominis.
3095 5578 3268 5650 Supra
3300 5579 3393 5635 lib.
3429 5595 3486 5643 tt,
3517 5595 3637 5649 cap.

2030 5656 2097 5709 18
2124 5673 2137 5710 :
2171 5658 2484 5727 Quicumque
2512 5657 2668 5721 igitur
2685 5663 3058 5727 sacramentum
3085 5652 3328 5721 hominis,
3363 5653 3640 5708 rationem-

2027 5743 2126 5803 que
2145 5723 2330 5782 natura
2354 5723 2462 5803 sua:
2484 5727 2659 5803 nititur
2680 5725 2920 5803 obtinere:
2954 5723 3189 5803 Vy‘tttxxti.

2095 5796 2322 5869 Integer.
2351 5799 2535 5855 Horat.
2567 5797 2813 5869 tCartn.,
2841 5795 3062 5869 0d._22.

2098 5865 2301 5944 Lanibit
2327 5869 2620 5958 Hydaspes.
2653 5868 2744 5942 sic
2762 5866 3090 5950 antiquiores
3117 5875 3171 5929 et
3210 5865 3459 5933 meliores
3482 5879 3623 5932 mss.
