4142 6200
533 262 639 324 607

1609 267 1801 326 FIRM.
1840 261 2207 324 LACTANTII
2246 262 2452 324 DIVIN.
2493 266 2737 325 INSTI'I‘.

3729 273 3836 330 608

539 383 645 440 tela
669 383 970 450 custodiat;
1002 397 1066 440 ac
1088 396 1220 449 non,
1248 383 1465 440 etiamsi
1484 397 1608 440 cum
1638 383 1926 456 parricidis
1952 393 2006 440 et
2028 398 2127 439 no-
2156 385 2209 445 A
2237 391 2347 440 tum
2381 399 2444 442 ac
2471 385 2669 442 bonum
2702 384 2913 453 nescit;
2956 394 3010 443 et
3047 385 3170 444 ideo
3196 402 3409 460 semper
3434 399 3638 460 peccat.
3675 392 3836 446 Duci-

537 477 789 533 centibus
809 478 1048 550 naviget,
1071 487 1164 533 aut
1194 478 1350 534 malis
1379 494 1595 550 quoque
1628 490 1902 551 parcatur,
1933 488 1991 534 ut
2025 493 2133 534 una

533 570 678 642 justa
704 580 759 626 et
787 572 1051 628 innocens
1079 574 1260 628 anima
1291 573 1568 640 liberetur,
1599 583 1695 628 aut
1729 582 1878 628 certe
1901 588 2132 643 pereun-

537 665 681 721 tibus
705 666 919 720 caeteris
960 666 1077 722 sola
1117 676 1389 722 servetur.
1430 667 1536 723 Sed
1564 666 1926 722 concedamus
1977 680 2136 736 posse

533 754 676 823 ﬁeri,
707 756 850 827 quod
899 758 1152 828 proponit
1201 757 1587 828 philosophus;
1616 757 1744 829 quid
1787 773 1918 829 ergo
1952 756 2132 827 juStus

531 849 738 918 faciet,
789 852 835 906 si
917 860 1103 907 nactus
1166 851 1329 907 luerit
1390 862 1481 908 aut
1537 853 1590 907 in
1659 867 1802 923 equo
1865 852 2134 918 saucium,

531 951 625 999 aut
699 944 754 999 in
825 943 1004 999 tabula
1054 943 1429 1014 naufragum?
1498 944 1615 999 Non
1694 944 1894 998 invitus
1965 942 2134 998 conﬁ-

533 1044 675 1103 teor,
724 1036 988 1091 morietur
1040 1037 1238 1107 potius,
1269 1053 1430 1107 quam
1478 1037 1710 1092 occidet.
1763 1036 1875 1092 Nec
1903 1035 2026 1090 ideo
2057 1044 2138 1090 ta-

532 1145 657 1186 men
677 1129 904 1200 justitia,
933 1131 1078 1202 quod
1104 1141 1186 1186 est
1203 1131 1472 1202 singulare
1499 1131 1734 1187 hominis
1755 1133 1976 1196 bonum,
2003 1131 2138 1187 stul-

535 1222 669 1278 titiae
715 1238 913 1279 nomen
943 1223 1193 1294 accipiet.
1217 1224 1356 1292 Quid
1383 1225 1528 1279 enim
1558 1226 1776 1292 melius,
1797 1223 1925 1295 quid
1954 1224 2139 1280 carius

538 1328 662 1371 esse
713 1314 919 1369 homini
969 1315 1152 1383 debet,
1180 1331 1339 1385 quam
1382 1316 1731 1372 innocentia?
1780 1333 1900 1386 qua:
1953 1317 2137 1387 Utique

540 1417 692 1464 tanto
719 1407 1010 1478 perfectior
1038 1409 1110 1463 sit
1137 1423 1362 1465 necesse
1393 1417 1496 1476 est,
1527 1420 1733 1480 quanto
1763 1411 1908 1466 illam
1933 1409 2136 1482 perdu-

535 1504 681 1556 xeris
725 1499 794 1556 ad
835 1509 1164 1569 extremum,
1214 1501 1458 1573 morique
1489 1505 1766 1571 malueris,
1816 1519 1884 1560 ne
1911 1503 2039 1575 quid
2069 1505 2136 1560 de

538 1593 864 1648 innocentiae
907 1596 1118 1649 ratiOne
1167 1593 1459 1650 minuatur.
1511 1594 1753 1651 Stultitia
1792 1606 1907 1662 est,
1937 1595 2133 1666 inquit,

533 1684 722 1740 aliena:
751 1683 946 1738 animae
977 1699 1201 1753 parcere
1222 1701 1344 1740 cum
1377 1687 1618 1756 pernicie
1643 1703 1775 1743 suaa.
1807 1685 1944 1743 Num
1974 1689 2134 1743 etiam

534 1789 633 1844 pro
660 1774 900 1836 amicitia
931 1775 1131 1844 perire,
1154 1778 1378 1832 stultutn
1402 1777 1706 1849 judicabis?

613 1867 750 1937 Quid
781 1884 914 1940 ergo
955 1869 1034 1924 illi
1090 1870 1379 1926 familiares
1407 1871 1743 1942 Pythagorici
1789 1873 2078 1928 laudantur
2103 1889 2132 1928 a

540 1960 718 2027 vobis,
767 1975 996 2031 quorum
1046 1965 1182 2019 alter
1211 1979 1269 2019 se
1295 1974 1527 2036 tyranno
1575 1969 1765 2021 vadem
1817 1969 2008 2024 mortis
2037 1984 2134 2037 pro

534 2055 712 2111 altero
739 2055 908 2123 dedit,
936 2057 1074 2112 alter
1101 2057 1167 2112 ad
1213 2059 1569 2129 priestitutum
1605 2069 1838 2132 tempus,
1869 2077 1991 2117 cum
2020 2065 2130 2132 jam

533 2163 769 2221 sponsor
792 2148 911 2217 ejus
940 2148 1250 2218 duceretur,
1281 2153 1624 2220 praesentiam
1673 2155 1755 2208 sui
1801 2153 1948 2220 fecit,
1977 2170 2135 2209 eum-

532 2256 640 2313 que
669 2242 978 2296 interventu
1007 2256 1105 2297 suo
1133 2242 1416 2298 liberavit?
1447 2261 1678 2315 quorum
1702 2246 1872 2300 virtus
1895 2247 1947 2301 in
1985 2256 2132 2303 tanta

531 2333 702 2403 gloria
753 2348 859 2387 non
897 2333 1210 2402 haberetur,
1253 2337 1398 2406 quod
1443 2338 1580 2392 alter
1631 2353 1726 2407 pro
1774 2338 1972 2402 amico,
1996 2339 2136 2396 alter

537 2428 700 2483 etiam
727 2441 827 2498 pro
859 2427 962 2484 ﬁde
993 2429 1131 2484 mori
1179 2429 1366 2495 voluit,
1395 2431 1440 2485 si
1485 2431 1636 2486 stulti
1667 2440 2001 2500 putarentur.
2032 2433 2134 2488 De-

531 2521 696 2591 nique
722 2521 793 2576 ob
830 2519 969 2576 hanc
997 2521 1170 2592 ipsam
1201 2523 1455 2580 virtutem
1490 2531 1751 2594 tyrannus
1794 2526 1879 2582 his
1904 2527 2132 2597 gratiam

537 2615 741 2682 retulit,
773 2625 1060 2687 utrumque
1099 2617 1388 2684 servando,
1418 2629 1472 2675 et
1503 2619 1738 2674 hominis
1763 2621 2127 2678 crudelissimi

536 2717 729 2764 natura
759 2717 960 2764 mutata
993 2718 1096 2766 εει.
1131 2709 1270 2777 Quin
1311 2711 1472 2766 etiam
1500 2712 1820 2782 deprecatus
1844 2727 1966 2769 esse
2000 2713 2134 2769 dici-

533 2810 642 2866 tur,
673 2811 729 2856 ut
759 2817 820 2858 se
843 2803 1057 2857 tertium
1111 2803 1164 2858 in
1192 2805 1484 2860 amicitiam
1528 2805 1856 2873 reciperent,
1887 2821 1993 2860 non
2026 2807 2134 2862 uti-

533 2909 640 2966 que
673 2903 926 2966 tanquam
953 2896 1171 2962 stultos,
1201 2897 1295 2952 sed
1326 2906 1580 2968 tanquam
1611 2898 1784 2954 bonos
1813 2907 1868 2954 et
1910 2900 2127 2968 sapien-

531 2994 613 3041 tes
631 2987 796 3041 viros.
839 2987 1024 3058 Itaque
1065 3004 1172 3043 non
1203 2989 1381 3056 video,
1419 2979 1587 3060 quare
1617 3005 1738 3045 cum
1773 3007 1874 3062 pro
1899 2992 2131 3048 amicitia
2165 3058 2168 3060 τ

531 3085 586 3132 ει
633 3077 739 3133 ﬁde
780 3081 939 3144 mori,
981 3095 1189 3134 summa
1233 3081 1402 3152 gloria
1445 3093 1807 3151 computetur,
1837 3099 1943 3138 non
1973 3085 2132 3140 etiam

2239 488 2324 535 tur
2359 481 2501 536 enim
2542 481 2694 552 quasi
2717 480 2959 552 captivus
2999 496 3030 537 a
3062 482 3239 548 vitiis;
3285 498 3385 540 nec
3434 484 3689 540 resistere
3718 486 3830 544 ullo

2237 573 2398 630 modo
2427 583 2621 645 potest,
2653 577 2777 645 quia
2799 583 2948 630 caret
2977 575 3196 643 virtute,
3226 592 3386 649 quam
3418 577 3610 633 nescit.
3635 577 3823 636 Justus

2237 677 2416 723 autem
2454 667 2523 722 ab
2565 667 2712 722 omni
2744 678 2965 739 peccato
2993 683 3054 724 se
3095 668 3349 736 abstinet,
3379 669 3524 741 quod
3552 670 3708 726 aliter
3753 671 3832 725 fa-

2239 774 2362 814 cere
2388 775 2495 814 non
2535 769 2730 830 potest,
2761 776 2920 832 quam
2949 761 2994 816 si
3035 760 3230 817 habeat
3250 761 3382 816 recti
3412 761 3669 834 pravique
3697 761 3834 818 noti-

2241 853 2389 909 tiam.

2312 946 2535 1002 Rectum
2561 956 2739 1002 autem
2771 947 3082 1003 discernere
3105 963 3134 1002 a
3167 963 3331 1018 pravo
3360 947 3480 1019 quis
3511 956 3708 1019 potest,
3733 948 3836 1006 nisi

2239 1038 2494 1107 sapiens?
2521 1039 2594 1094 Ita
2619 1039 2696 1105 ﬁt,
2742 1047 2798 1094 ut
2833 1055 3122 1110 numquam
3153 1041 3323 1110 possit
3349 1055 3469 1096 esse
3504 1043 3700 1111 justus,
3748 1043 3836 1111 qui

2241 1129 2436 1185 stultus
2486 1140 2589 1195 est,
2641 1145 2816 1201 neque
2844 1131 3081 1202 sapiens,
3105 1131 3194 1202 qui
3221 1131 3380 1186 fuerit
3405 1132 3654 1203 injustas.
3684 1133 3838 1202 Quod

2241 1222 2285 1278 si
2313 1231 2396 1278 est
2422 1223 2786 1289 verissimum,
2816 1223 3158 1279 manifestum
3190 1232 3273 1280 est
3299 1239 3446 1290 eum,
3477 1227 3566 1296 qui
3589 1236 3680 1280 aut
3701 1241 3839 1281 nau-

2241 1315 2390 1384 frago
2419 1315 2671 1381 tabulam,
2691 1324 2783 1370 aut
2813 1331 3010 1387 equum
3048 1316 3230 1371 saucio
3260 1331 3366 1372 non
3399 1317 3680 1384 ademerit,
3701 1318 3839 1373 stul-

2242 1415 2352 1462 tum
2393 1421 2499 1462 non
2531 1421 2652 1463 esse
2679 1424 2693 1473 ;
2721 1407 2844 1478 quia
2881 1406 2997 1462 haec
3024 1406 3203 1463 facere
3233 1419 3510 1478 peccatum
3542 1419 3646 1473 est.
3672 1425 3702 1464 a
3731 1425 3838 1481 quo

2242 1513 2301 1555 se
2345 1500 2559 1570 sapiens
2603 1500 2858 1555 abstinet.
2897 1499 3080 1556 Videri
3109 1509 3288 1556 tamen
3319 1511 3374 1558 et
3412 1502 3526 1571 ipse
3553 1488 3836 1572 cenﬁteor,

2242 1607 2339 1660 per
2363 1577 2639 1646 hominum
2671 1607 2914 1646 errorem
2944 1592 3301 1663 ignorantium
3327 1593 3589 1664 cujusque
3617 1594 3693 1650 rei
3715 1610 3840 1665 pro-

2243 1683 2543 1754 prietatem.
2574 1683 2758 1754 Itaque
2789 1686 2963 1738 omnis
3008 1685 3123 1740 haec
3151 1687 3378 1755 quaestio
3407 1702 3513 1740 non
3543 1696 3650 1741 tam
3675 1702 3836 1757 argu-

2167 1785 2214 1844 B
2241 1777 2458 1842 mentis,
2492 1792 2652 1846 quam
2692 1776 3007 1832 deﬁnitione
3048 1776 3376 1832 dissolvitur.
3403 1778 3640 1835 Stultitia
3674 1778 3834 1850 igitur

2237 1880 2319 1925 est
2349 1871 2401 1924 in
2431 1869 2585 1924 factis
2612 1869 2896 1940 dictisque,
2929 1884 3024 1940 per
3049 1870 3404 1941 ignorantiam
3437 1873 3567 1927 recti
3593 1887 3656 1927 ac
3682 1872 3832 1939 boni,

2237 1964 2452 2018 erratio.
2489 1963 2630 2031 Ergo
2659 1962 2854 2017 stultus
2877 1977 2982 2016 non
3009 1971 3112 2026 est,
3141 1964 3229 2032 qui
3253 1978 3320 2018 ne
3346 1963 3448 2018 sibi
3467 1964 3680 2034 quidem
3712 1980 3841 2034 par-

2236 2055 2327 2118 cit,
2358 2054 2485 2108 dum
2516 2069 2584 2108 ne
2628 2061 2818 2109 noceat
2863 2053 3040 2120 alteri,
3082 2053 3226 2123 quod
3284 2063 3367 2108 est
3409 2055 3630 2109 malum.
3679 2056 3842 2123 Quod

2235 2147 2451 2218 quidem
2483 2148 2638 2202 nobis
2661 2156 2717 2202 et
2755 2146 2914 2208 ratio,
2961 2155 3010 2202 et
3043 2147 3241 2202 veritas
3272 2148 3384 2216 ipsa
3430 2149 3750 2217 praascribit.
3784 2148 3844 2206 lu

2237 2239 2486 2293 omnibus
2537 2238 2679 2292 enim
2730 2236 2974 2292 videmus
3012 2237 3354 2304 animalibus,
3400 2239 3523 2308 quia
3564 2239 3836 2309 sapientia

2237 2341 2444 2398 carent,
2476 2330 2892 2386 conciliatricem
2924 2331 3008 2384 sui
3045 2345 3167 2386 esse
3203 2340 3469 2387 naturam.
3495 2331 3706 2388 Nocent
3728 2334 3838 2404 igi-

2239 2432 2325 2480 tur
2352 2425 2491 2488 aliis,
2534 2431 2591 2478 ut
2619 2423 2719 2477 sibi
2750 2422 2990 2492 prosint;
3018 2423 3262 2477 nesciunt
3285 2423 3428 2479 enim
3457 2425 3582 2493 quia
3629 2425 3841 2481 malum

2237 2525 2340 2584 est,
2374 2531 2588 2572 nocere.
2622 2515 2796 2571 llomo
2840 2530 2988 2582 vero,
3017 2518 3106 2586 qui
3137 2517 3416 2572 scientiam
3447 2517 3573 2573 boni
3603 2533 3668 2574 ac
3701 2521 3836 2574 mali

2237 2608 2420 2676 habet,
2454 2609 2688 2663 abstinet
2714 2623 2772 2663 se
2797 2623 2827 2662 a
2848 2607 3112 2674 nocendo,
3145 2609 3305 2663 etiam
3335 2624 3455 2664 cum
3492 2611 3847 2667 incommodo

2237 2716 2358 2768 suo,
2392 2701 2535 2772 quod
2565 2701 2764 2755 animal
2810 2699 3117 2755 irrationale
3144 2701 3322 2757 facere
3371 2717 3479 2756 non
3535 2713 3754 2772 petest;
3789 2716 3847 2760 et

2239 2794 2360 2849 ideo
2383 2793 2522 2848 inter
2543 2807 2779 2848 summas
2803 2791 3039 2847 hominis
3063 2792 3288 2848 virtutes
3318 2794 3619 2850 innocentia
3648 2813 3851 2853 nume-

2238 2897 2407 2942 ratur.
2462 2885 2670 2952 Quibus
2709 2884 2872 2964 rebus
2915 2893 3139 2954 apparet
3185 2886 3638 2956 sapientissimum
3691 2904 3850 2954 esse,

2238 2979 2330 3050 qui
2363 2978 2569 3033 mavult
2621 2977 2797 3048 perire
2828 2991 2897 3032 ne
2927 2985 3151 3041 noceat;
3188 2988 3240 3030 ut
3281 2976 3333 3030 id
3381 2977 3640 3042 ofﬁcium,
3670 2994 3788 3048 quo
3821 2996 3852 3034 a

2240 3073 2401 3128 mutis
2428 3070 2772 3134 discernitur,
2815 3079 3016 3125 servet.
3065 3069 3198 3124 Nam
3243 3071 3332 3140 qui
3373 3071 3658 3127 vendentis
3687 3088 3857 3129 erro-

531 3184 629 3239 pro
681 3171 988 3226 innocentia
1029 3173 1223 3243 perire,
1269 3174 1340 3228 sit
1379 3173 1580 3228 homini
1626 3175 1935 3244 gloriosum,
1993 3173 2206 3246 ErgoC
2243 3181 2354 3222 rem
2389 3181 2494 3218 non
2525 3163 2816 3232 redarguit,
2851 3169 2908 3215 ut
2953 3177 3140 3216 aurum
3187 3177 3350 3232 parvo
3396 3172 3554 3230 emat,
3605 3173 3698 3217 aut
3754 3169 3859 3235 qui

535 3263 838 3320 stultissimi
886 3279 1030 3329 sunt,
1075 3267 1164 3336 qui
1196 3267 1350 3322 nobis
1381 3267 1592 3323 crimini
1636 3267 1787 3334 dant,
1835 3271 1971 3324 mori
1999 3270 2133 3326 velle

537 3371 636 3426 pro
668 3356 800 3424 Deo,
833 3371 951 3412 cum
979 3357 1079 3427 ipsi
1106 3373 1251 3424 eum,
1281 3360 1368 3429 qui
1403 3374 1500 3429 pro
1530 3359 1748 3415 homine
1777 3361 1913 3416 tuori
1937 3361 2126 3429 voluit,

528 3449 582 3506 in
614 3451 813 3507 caelum
864 3453 1088 3507 summis
1131 3453 1375 3509 laudibus
1412 3455 1622 3510 tollant.
1650 3455 1890 3527 Denique
1917 3465 1973 3512 ut
1999 3472 2131 3512 con-

527 3544 745 3600 cludam
799 3545 1242 3617 disputationem,
1291 3564 1397 3603 non
1441 3564 1598 3618 posse
1637 3549 1884 3605 eumdem
1923 3550 2128 3620 justum

525 3650 668 3704 esse,
702 3653 765 3692 ac
815 3639 1059 3703 Stultum,
1088 3639 1338 3695 eumdem
1378 3642 1697 3710 sapientem,
1741 3651 1796 3696 et
1840 3641 2118 3711 injustam,

2240 3246 2344 3318 non
2379 3262 2660 3334 proﬁtetur
2692 3264 2969 3334 fugitivum
3010 3278 3245 3330 servum,
3278 3263 3361 3318 vel
3407 3263 3757 3334 pestilentem
3793 3281 3860 3321 se

2237 3357 2458 3413 domum
2494 3357 2746 3424 vendere,
2776 3357 2926 3412 lucro
2966 3365 3018 3410 et
3053 3356 3338 3409 commodo
3385 3372 3481 3410 suo
3521 3355 3857 3426 consulens,

2237 3465 2342 3506 non
2375 3461 2456 3504 cst
2497 3451 2586 3504 ille
2610 3451 2846 3518 sapiens,
2875 3459 2930 3502 ut
2961 3447 3269 3502 Carneades
3292 3447 3456 3502 videri
3481 3448 3716 3516 volebat,
3751 3452 3859 3505 sed

2234 3543 2455 3598 callidus
2486 3553 2536 3596 et
2564 3552 2788 3614 astutus.
2821 3540 3096 3596 Calliditas
3125 3550 3300 3595 autem
3325 3549 3378 3595 et
3406 3539 3599 3595 astutia
3626 3541 3680 3594 in
3708 3559 3858 3597 tnu-

2237 3639 2305 3694 tis
2334 3653 2547 3710 quoque
2575 3637 2894 3692 animalibus
2925 3645 3075 3703 sunt,
3100 3635 3180 3690 vel
3210 3650 3330 3690 cum
3356 3633 3682 3689 insidiantur
3705 3635 3860 3690 aliis

525 3729 684 3787 docet
714 3731 830 3803 ipsa
858 3732 1016 3788 ratio.
1043 3731 1145 3801 Qui
1187 3733 1331 3788 enim
1368 3734 1564 3789 stultus
1595 3743 1698 3801 est,
1743 3731 1870 3804 quid
1902 3733 1971 3788 sit
1993 3734 2116 3805 jus-
2225 3740 2280 3787 et
2304 3730 2430 3786 dolo
2458 3730 2674 3800 capiunt
2704 3737 2763 3783 ut
2784 3727 3064 3793 devorent,
3095 3727 3180 3782 vel
3202 3741 3321 3782 cum
3346 3725 3567 3780 insidias
3605 3725 3864 3782 aliorum

1881 3868 2244 3926 VARIORUM
2283 3867 2516 3924 NOTAE.

526 4015 582 4079 et
601 4007 670 4061 12
697 4007 829 4063 edit.
856 4024 919 4064 ac
942 4009 1060 4064 libri
1088 4010 1385 4066 Horatiani.
1409 4010 1604 4079 Seripti
1630 4010 1698 4066 16
1730 4025 1838 4065 rec.
1887 4009 2117 4066 Lactan-

529 4078 656 4150 tiani
688 4089 742 4133 ει
757 4080 800 4150 75
827 4090 934 4134 vet.
965 4081 1094 4136 edit.
1129 4083 1285 4138 Rom.
1317 4084 1509 4150 Ambit,
1538 4078 1638 4137 nec
1668 4082 1827 4137 male.

599 4148 667 4202 In
693 4149 867 4205 tabula
892 4157 1224 4225 naufragum,
1257 4163 1359 4208 etc.
1391 4148 1535 4208 Idem
1555 4153 1714 4208 habet
1734 4162 1786 4225 ot
1812 4153 1976 4208 sentit
1995 4167 2114 4207 cum

525 4218 806 4293 Lactantio
835 4218 1150 4279 Ambrosius
1179 4226 1269 4279 lib.
1303 4241 1379 4289 ιιι,
1413 4225 1553 4279 ofﬁc.
1588 4239 1706 4293 cap.
1735 4224 1790 4278 4.

601 4292 738 4358 Quid
761 4297 949 4348 carius.
981 4294 1106 4349 Mss.
1136 4295 1203 4349 12
1231 4312 1338 4351 rec.
1369 4307 1420 4352 et
1449 4298 1482 4351 '5
1520 4292 1882 4350 edit.’clarius.

602 4363 937 4437 Perduxeris.
969 4381 1099 4421 mss.
1135 4367 1168 4421 6
1197 4383 1331 4432 rec.,
1363 4367 1676 4437 perduxerit,
1709 4382 1813 4419 non
1849 4365 2006 4421 male.

2217 4011 2373 4073 Saepe
2404 4009 2505 4063 hoc
2536 4023 2696 4062 sensu
2737 4007 2983 4062 Veteres.
3018 4005 3151 4060 Βυκ.

2293 4080 2624 4135 Dissolvitur.
2673 4077 2879 4134 lColb.
2934 4073 3274 4135 dissolvetur:
3321 4073 3612 4142 iColb.,i
3660 4075 3872 4150 Lips.,

2224 4153 2325 4208 Em
2340 4190 2378 4217 .,
2410 4152 2645 4205 solvitur.

2298 4245 2431 4298 Dum
2460 4259 2541 4298 ne.
2570 4244 2645 4297 lta
2694 4243 2940 4312 autiq.et
2993 4241 3120 4296 mel.
3175 4255 3306 4296 mss.
3355 4249 3411 4296 et
3450 4239 3576 4295 edd.
3629 4242 3869 4298 locutio

2224 4315 2578 4371 Ciceroniana
2613 4329 2710 4383 pro
2735 4313 3014 4367 dummodo
3046 4329 3148 4366 nou
3179 4312 3541 4366 recentiorum
3575 4331 3589 4367 :
3619 4312 3752 4369 Cic.
3794 4316 3876 4370 ad

602 4385 937 4420 rerauxeris.
969 4385 1099 4421 mss.
1135 4385 1168 4421 υ
1197 4385 1331 4432 rec.,
1363 4385 1676 4437 perduxerit,
1709 4385 1813 4419 non
1849 4385 2006 4421 male.

599 4432 892 4507 Iudicabat.
939 4437 1064 4491 Mss.
1104 4437 1168 4493 10
1197 4454 1305 4493 rec.
1351 4451 1406 4492 et
1446 4439 1514 4492 15
1542 4437 1670 4491 edit.
1692 4437 2043 4507 judicabitur,
2084 4436 2119 4488 2

2240 4387 2460 4442 \tticum
2493 4386 2586 4440 lib.
2617 4402 2688 4448 v1,
2718 4401 2837 4450 cap.
2866 4385 2891 4440 1
2927 4403 2939 4437 :
2971 4385 3092 4436 dum
3141 4401 3203 4437 ne
3242 4385 3586 4454 negotiatori;
3617 4394 3672 4439 et
3725 4401 3872 4451 VIII,

2240 4474 2311 4507 an.
2340 4459 2428 4507 13-
2462 4458 2584 4507 dum
2615 4473 2678 4507 ne
2701 4457 2812 4507 tibi.
2842 4472 2944 4507 non
2977 4455 3174 4507 laboro.

879 4455 1305 4529 ςπῖδδςηἪῘῖἳς
1351 4455 1410 4529 ⁶ΞΈ
1439 4455 2043 4529 ΪέξΨιε’-1ί⁴-ίῗῖ⁶ἔέῗ²¹ί¹ῗῗ.ῖ
2084 4455 2202 4529 ἓν
2225 4459 2428 4529 ett-J3.
2462 4458 2584 4511 dum
2615 4473 2678 4510 ηε
2701 4457 2944 4529 ιίθῖεΙιρη
2976 4455 3174 4529 Labor!!-

531 4503 771 4585 Eolbcrt.
801 4508 1014 4585 etPen.
1039 4510 1316 4585 judicabit.
1350 4503 1895 4585 Alscri_bo__jtid.eabis
1925 4522 2045 4561 cum
2091 4509 2116 4560 1

2240 4503 3212 4583 ὀὶὲζίἰὺ.
3270 4541 3287 4580 ι
3337 4526 3404 4580 (Ιε
3444 4525 3646 4581 Natura
3709 4526 3880 4585 deo-

531 4573 840 4665 ?Pnoneti
870 4579 999 4665 R'eg.
1025 4573 1430 4665 antiquis-simis,
1609 4573 1737 4648 Reg.
1774 4579 1930 4665 home
1951 4587 2120 4665 notae,

530 4648 987 4758 “9.111223333'5
1009 4650 1580 4758 :.‘,§d':;,.“*':,".';j'dj
1613 4649 1987 4758 rasere":
2308 4691 2440 4758 ρ...
2470 4691 2662 4745 mat...
2688 4699 2779 4746 ε...
2803 4688 2858 4744 ιιι
2890 4698 2992 4758 εει,
3321 4690 3520 4743 an...
3551 4698 3655 4744 ρει.

607 4714 958 4794 ρψήαθοηεξ.
1007 4719 1133 4772 MSS.
1168 4735 1275 4775 rec.
1319 4722 1353 4774 2
1379 4722 1507 4790 Reg.
1532 4731 1583 4774 el
1615 4714 1641 4774 ιι
1671 4721 1908 4773 Clarum.
1958 4733 1986 4771 a
2036 4733 2123 4773 εθ-
2308 4714 2440 4758 gula
2470 4714 2662 4745 mtuum
2688 4714 2779 4746 eu.
2803 4714 2858 4744 tu
2890 4714 2992 4758 cat,
3024 4714 3288 4758 quutcnus
3321 4714 3520 4743 lllilllllll
3551 4714 3655 4744 cst.

531 4779 706 4862 cunila
737 4779 918 4862 nianu,
945 4790 1076 4845 edit.
1109 4791 1264 4848 Rom.
1298 4779 1892 4862 1470,”εῐΡΙοι·ειιιιιιςι,
1924 4788 2122 4862 Pituita-
2262 4779 2549 4862 mNesciunt
2569 4782 2738 4862 fuit".
2781 4781 2903 4849 quia
2948 4781 3139 4862 {nulum
3163 4791 3267 4862 est,
3292 4779 3881 4862 ηοεετεηιπιερῑίιιε

2227 4851 2427 4933 aliique
2476 4852 2768 4933 scriptores
2823 4853 3002 4933 sacri,
3044 4851 3428 4933 Tertullianus,
3465 4851 3875 4933 _Augustinus,

529 4857 740 4934 gorici__:
777 4859 976 4914 Damon
1009 4863 1217 4934 scilicet
1259 4879 1322 4919 ac
1353 4864 1591 4934 Pythias,
1615 4861 1697 4934 με
1744 4859 1940 4934 quibus
1965 4859 2124 4934 Vale-
2227 4857 2427 4933 aliique
2476 4857 2768 4934 scriptores
2823 4857 2961 4934 sacri
2987 4893 3002 4915 ,
3044 4857 3186 4933 'l‘ertt

2228 4925 2462 4977 maxime
2486 4922 2786 4993 Cyprianus
2835 4924 2916 4978 vel
2949 4924 3270 4982 sexcenties.
3307 4932 3363 4976 ιιι
3393 4923 3662 4991 vulgatam
3729 4922 3881 4980 ver;

2228 4995 2437 5049 sionem
2475 4995 2740 5056 omittam,
2796 5003 2918 5063 post
2945 4995 3051 5047 scio
3077 4995 3288 5062 aliaque
3333 4999 3492 5047 verba
3534 4993 3876 5061 sentiendi,

2228 5065 2348 5121 loco
2371 5064 2656 5120 accusativi
2685 5079 2806 5119 cum
2837 5065 3120 5129 ittlinitivo,
3153 5075 3244 5118 aut
3272 5066 3542 5132 quodcum
3571 5065 3884 5133 couinno-

2230 5138 2361 5198 tivo,
2393 5137 2581 5191 eadem
2609 5137 2660 5190 vi
2687 5137 2806 5202 quia
2853 5151 2974 5190 cum
3009 5137 3302 5190 indicativo
3343 5145 3565 5206 ponunt.
3603 5135 3883 5193 Lactan-

2231 5209 2336 5262 tius
2358 5209 2449 5262 lib.
2477 5223 2550 5271 Vl,
2577 5222 2698 5276 cap.
2727 5205 2799 5260 22
2835 5226 2846 5262 :
2876 5205 2987 5260 Scit
3009 5207 3166 5271 enim,
3208 5207 3330 5276 quia
3350 5205 3546 5260 mortis
3572 5216 3644 5278 est
3667 5209 3882 5278 fabri-

2230 5280 2396 5334 catria:
2423 5279 2679 5349 voluptas.
2711 5278 2968 5332 Notamus
2998 5279 3195 5332 ibidem
3229 5279 3404 5349 plura,
3435 5287 3490 5330 et
3529 5276 3597 5349 ad
3632 5276 3750 5333 lib.
3786 5297 3877 5349 tv,

2229 5363 2349 5419 cap.
2382 5349 2487 5404 ηε
2519 5348 2586 5404 Ut
2617 5351 2769 5413 scias,
2803 5350 2926 5420 quia
2966 5365 3056 5420 ego
3098 5365 3209 5415 sunt
3243 5347 3688 5420 Dominusaliuu.

2307 5420 2475 5475 Homo
2505 5436 2640 5480 vero.
2691 5421 2794 5488 qui.
2848 5419 2920 5472 lta
2977 5419 3105 5474 mss.
3140 5421 3414 5474 veterrimi
3465 5422 3485 5473 1
3526 5419 3800 5489 Bonum,
3839 5425 3884 5481 5

2229 5492 2364 5562 Reg.
2399 5507 2625 5562 quorum
2658 5507 2793 5545 unus
2837 5501 2918 5544 est
2941 5494 3159 5558 Optima:
3200 5500 3359 5550 nutze.
3408 5490 3604 5558 aliique
3632 5505 3762 5546 sex
3803 5510 3886 5551 ac

2231 5563 2466 5620 todidem
2521 5563 2674 5628 editi,
2719 5572 2826 5615 tum
2864 5563 3025 5614 etiam
3075 5577 3168 5616 sex
3207 5571 3416 5616 veteres
3455 5562 3748 5620 editiones
3798 5581 3886 5620 xv

2231 5635 2436 5693 saeculi.
2468 5632 2526 5688 In
2554 5633 2622 5688 12
2645 5648 2773 5698 mss.
2805 5641 2860 5687 et
2889 5635 2922 5688 8
2949 5635 3160 5689 excusis
3184 5641 3266 5686 est
3291 5633 3430 5701 quia.

2310 5707 2424 5771 Quo
2455 5723 2485 5759 a
2515 5705 2689 5760 mutis.
2725 5704 2851 5760 Mss.
2881 5704 2914 5759 '5
2953 5720 3064 5761 rec.
3096 5715 3152 5760 et
3179 5703 3214 5758 2
3243 5705 3373 5760 edit.
3407 5702 3601 5757 multis.

2305 5777 2574 5836 Calliditas
2603 5787 2774 5835 autem
2797 5785 2844 5834 et
2869 5778 3060 5833 astutia
3083 5777 3138 5833 in
3156 5777 3307 5834 mutis
3345 5774 3682 5833 animalibus.
3720 5776 3834 5839 Ad
3851 5812 3875 5825 -

531 4928 650 5001 rius
676 4929 765 4982 lib.
803 4947 874 4993 tv,
905 4946 1023 5001 cap.
1070 4933 1101 4986 7
1129 4951 1142 4998 ;
1174 4932 1347 4990 Cicer.
1377 4928 1470 4988 lib.
1504 4949 1560 4987 ιιι
1603 4928 1841 4986 Officior.
1882 4945 1999 5000 cap.
2033 4931 2120 4986 10.

607 4998 868 5077 ζειναηηο.
893 4998 1108 5077 scilicet
1137 5005 1394 5077 Dionysio
1421 5005 1782 5077 Syracusano.

607 5069 909 5147 Duceretur.
931 5075 1062 5147 Scil.
1089 5076 1156 5129 ad
1181 5069 1509 5147 supplicium.
1539 5073 1834 5147 Absoluta,
1847 5087 2006 5147 more
2030 5088 2124 5147 ve:

531 5149 726 5214 terum.
771 5144 862 5200 Sic
911 5155 992 5199 ter
1020 5146 1225 5202 Seneca
1247 5143 1340 5203 'de
1386 5148 1601 5206 Pisone,
1631 5146 1720 5214 qui
1749 5143 1973 5199 militem
2005 5143 2125 5197 duci

526 5212 784 5287 iusserat,
815 5215 882 5287 tle
915 5215 994 5271 Ira
1023 5217 1115 5272 lib.
1143 5234 1181 5282 ι,
1207 5235 1326 5287 cap.
1362 5219 1447 5273 16.
1492 5217 1622 5271 Bon.

494 5332 496 5334 .
544 5350 558 5359 _
607 5283 757 5350 Quod
795 5285 944 5359 alter.
975 5283 1349 5359 Antiquiorum
1382 5301 1434 5343 et
1462 5289 1742 5342 meliorum
1775 5300 1901 5340 mss.
1933 5295 2035 5359 est.
2069 5285 2125 5340 In

531 5350 568 5432 ᾖ
598 5368 706 5432 rec.
735 5365 786 5409 et
810 5357 844 5410 4
872 5358 1000 5432 edit.
1027 5350 1352 5431 est-quorum
1367 5361 1526 5425 alter;
1561 5362 1612 5414 iu
1637 5360 1703 5414 15
1726 5373 1836 5414 rec.
1862 5368 1916 5412 et
1943 5355 2128 5426 vulga-

533 5425 602 5477 tis
632 5425 664 5477 5
692 5433 775 5479 est
802 5443 915 5481 cum
941 5430 1094 5485 alter.

608 5493 726 5552 llis.
759 5497 833 5554 ita
859 5503 1068 5558 reStitui
1093 5519 1159 5559 ex
1210 5519 1341 5560 mss.
1373 5513 1428 5561 et
1462 5502 1644 5559 multis
1684 5501 1862 5558 editis.
1897 5499 1955 5554 In
1992 5513 2128 5554 non-

531 5564 693 5624 nullis
721 5578 804 5625 est
830 5571 931 5626 hic.

607 5637 943 5716 Deprecutus.
973 5645 1026 5699 ld
1057 5655 1157 5710 est,
1194 5657 1444 5716 precatus.
1476 5646 1594 5702 Lib.
1625 5659 1697 5716 vt,
1726 5658 1844 5716 cap.
1887 5642 1992 5698 20:
2026 5639 2130 5693 Mi-

535 5711 869 5786 sericordiam
901 5711 1248 5786 deprecantes.
1277 5716 1434 5773 Conf.
1478 5718 1572 5772 lib.
1606 5715 1676 5772 de
1716 5711 1871 5771 Mo‘rt.
1917 5727 2125 5786 persec.

537 5793 588 5834 ς.
617 5782 706 5846 tt,
736 5797 854 5855 cap.
885 5782 978 5853 46;
1005 5801 1128 5857 cap.
1158 5787 1249 5861 52,
1277 5799 1330 5848 et
1353 5788 1475 5846 Val.
1501 5788 1638 5848 Max.
1669 5786 1766 5849 lib.
1809 5800 1888 5857 tv,
1924 5798 2044 5854 cap.
2072 5785 2124 5838 7.
