4142 6200
352 254 458 322 609

1607 272 1812 329 LIBER
1843 273 1913 332 V.
1955 271 2046 332 DE
2073 273 2395 338 JUSTITIA.

3555 301 3661 360 610

353 404 504 458 vario
553 415 753 474 genere
777 373 1075 461 deludunt.
1106 377 1375 477 Sapientia
1402 424 1534 466 vero
1583 411 1636 467 in
1679 384 1948 472 hominem
1979 395 2028 454 Α
2056 393 2158 488 fias
2185 397 2447 467 ObjiCieS?
2468 415 2586 471 αυτε
2609 400 2835 475 imperia
2853 405 2878 460 ?
2897 420 3016 480 qua?
3036 411 3239 482 τεςθεῖ
3267 414 3357 483 (illi
3378 414 3477 471 ῖειθ
3509 427 3664 488 Dum

353 499 529 556 solum
562 497 724 555 cadit.
766 496 1038 568 Sapientia
1083 513 1163 557 est
1193 505 1335 559 enim
1365 505 1715 575 intelligentia
1747 509 1832 564 vel
1882 509 1949 565 ad

353 591 554 648 bonum
600 601 916 662 rectumque
949 592 1276 662 faciendum,
1324 596 1409 651 vel
1456 597 1522 652 ad
1567 598 1946 655 abstinentiam

355 684 620 740 dictorum
679 684 1051 755 factorumque
1097 688 1486 758 improborum.
1548 688 1724 747 Lucro
1769 701 1947 748 autem

355 794 626 847 nunquam
678 779 895 850 sapiens
944 779 1156 846 studet,
1205 780 1330 850 quia
1371 782 1510 838 bona
1569 784 1683 839 haec
1739 793 1948 842 terrena

354 872 687 937 contemnit;
749 887 848 928 nec
901 889 1222 944 quemquam
1258 875 1367 929 falli
1414 876 1632 947 patitur,
1669 879 1794 948 quia
1825 879 1952 934 boni

351 963 454 1018 viri
482 963 716 1018 officium
740 972 846 1030 est,
872 980 1087 1020 errores
1110 967 1390 1021 hominum
1422 970 1716 1040 corrigere,
1748 986 1951 1042 eosque

354 1056 408 1112 in
434 1058 575 1111 viam
608 1057 888 1113 reducere.
933 1057 1209 1129 Siquidem
1251 1061 1468 1116 socialis
1512 1073 1594 1118 est
1624 1063 1858 1120 hominis
1889 1080 1952 1120 ac

355 1146 597 1205 benefica
641 1159 852 1217 natura,
898 1164 1006 1221 quo
1075 1151 1192 1207 solo
1238 1154 1611 1224 cognationem
1665 1171 1785 1242 cum
1840 1158 1952 1214 Deo

355 1241 537 1298 habet.

945 1379 1171 1436 CAPUT
1211 1381 1351 1436 XIX.

352 1515 431 1572 De
473 1515 687 1582 virtute,
720 1525 766 1570 et
805 1515 1209 1572 Christianorum
1257 1519 1590 1586 cruciatibus;
1630 1537 1690 1575 ac
1738 1522 1800 1576 de
1828 1524 1950 1594 jure

906 1611 1068 1680 patris
1096 1619 1142 1664 et
1169 1610 1384 1665 domini.

417 1766 523 1822 Sed
543 1765 793 1821 nimirum
818 1765 934 1822 haec
953 1781 1112 1822 causa
1128 1767 1312 1834 efficit,
1330 1777 1388 1822 ut
1412 1769 1606 1824 stultus
1627 1784 1748 1825 esse
1770 1770 1950 1826 videa-
1981 1786 2028 1845 Β
2055 1787 2342 1833 sustentat.
2381 1799 2400 1832 ι
2434 1780 2643 1848 Quibus
2667 1785 2908 1841 solatiis?
2925 1805 3034 1858 qno
3059 1791 3224 1848 decor

348 1867 452 1926 tur,
477 1861 564 1930 qui
593 1875 753 1930 egere
774 1871 865 1914 aut
888 1861 1022 1914 ntori
1046 1860 1214 1928 malit,
1235 1874 1392 1930 quam
1417 1872 1628 1927 noceat,
1651 1863 1731 1918 vel
1757 1865 1951 1934 eripiat

343 1950 547 2022 aliquid
573 1951 754 2016 alteri,
783 1950 926 2021 quod
954 1951 1225 2007 hominem
1245 1961 1420 2009 morte
1440 1952 1610 2010 deleri
1643 1965 1846 2025 putant.
1870 1957 1948 2014 Ex

341 2058 442 2114 qua
473 2043 822 2113 persuasione
849 2058 1037 2100 omnes
1067 2054 1177 2099 tum
1201 2045 1361 2115 vulgi,
1389 2054 1500 2100 tum
1525 2046 1684 2102 etiam
1710 2048 1947 2118 philoso:

341 2137 573 2208 phorum
593 2147 884 2193 nascuntur
909 2151 1141 2194 errores.
1174 2137 1228 2193 Si
1245 2138 1386 2193 enim
1417 2148 1538 2209 post
1564 2148 1792 2196 mortem
1819 2142 1948 2197 nihil

338 2247 564 2300 sumus,
605 2230 850 2302 profecto
898 2231 1200 2286 stultissimi
1249 2240 1331 2286 est
1377 2231 1611 2288 hominis
1668 2250 1775 2288 non
1823 2235 1948 2291 huic

344 2325 465 2381 vitae
495 2324 800 2390 consulere,
825 2333 884 2378 ut
907 2325 976 2379 sit
1003 2339 1163 2395 quam
1193 2323 1398 2379 diutina
1428 2333 1482 2379 et
1509 2326 1807 2381 commodis
1831 2342 1948 2382 om-

343 2419 503 2475 nibus
535 2417 715 2489 plena.
747 2417 902 2485 Quod
950 2419 1040 2489 qui
1087 2417 1268 2483 faciet,
1299 2434 1328 2472 a
1351 2417 1573 2489 jnstitiae
1609 2419 1791 2490 regula
1834 2421 1946 2476 dis-

346 2511 502 2568 cedat
524 2525 746 2566 necesse
770 2520 870 2565 est.
904 2511 960 2567 Si
987 2519 1165 2567 autem
1193 2521 1440 2582 superest
1469 2510 1673 2566 homini
1699 2514 1803 2568 vita
1833 2529 1947 2570 me-

347 2605 446 2661 lior
495 2613 549 2660 et
593 2605 820 2675 longior,
865 2603 1008 2674 quod
1046 2614 1102 2660 et
1143 2603 1584 2676 philosophorum
1626 2621 1941 2677 magnorum

343 2699 675 2770 argumentis
695 2740 709 2764 ,
744 2709 799 2754 et
823 2709 1002 2753 vatum
1032 2699 1327 2769 responsis,
1357 2708 1412 2754 et
1439 2699 1818 2770 prophetarum
1865 2702 1945 2758 di-

343 2793 482 2847 vinis
526 2791 747 2846 vocibus
792 2791 1076 2856 discimus;
1129 2791 1268 2846 hanc
1316 2800 1633 2863 praesentem
1682 2809 1802 2850 cum
1833 2797 1945 2850 suis

347 2884 500 2941 bonis
537 2892 907 2948 contemnere,
935 2883 1194 2952 sapientis
1222 2892 1323 2948 est,
1356 2883 1508 2954 cujus
1533 2887 1710 2941 omnis
1733 2886 1942 2956 jactura

344 2977 750 3034 immortalitate
778 2985 1049 3047 pensatur.
1097 2977 1254 3047 Apud
1303 2977 1615 3034 Ciceronem
1662 2979 1804 3034 idem
1855 2981 1944 3037 ille

340 3071 560 3142 iustitiae
597 3069 852 3126 defensor
895 3069 1108 3124 Laelius.
1139 3088 1157 3121 ‹
1201 3069 1342 3136 Vult,
1373 3070 1561 3140 inquit,
1591 3071 1746 3142 plane
1774 3073 1944 3128 virtus

2054 483 2313 555 humana,
2368 506 2464 548 sua
2513 493 2652 550 bona
2703 497 2881 556 divina
2928 501 3167 571 judicat?
3201 523 3220 557 ι
3255 505 3386 575 Quis
3430 483 3562 580 ergo
3609 520 3663 570 te

2054 581 2373 650 sapientem,
2406 585 2556 652 Lreli,
2587 598 2758 659 putet,
2789 607 2909 648 cum
2936 593 3050 665 ipse
3078 597 3169 652 tibi
3201 598 3421 669 loquare
3445 613 3662 658 contra-

2055 671 2175 726 ria?
2205 682 2257 729 et
2290 678 2446 745 paulo
2471 689 2591 749 p03t
2621 686 2800 739 virtuti
2853 687 3080 754 adimas,
3123 705 3242 762 quae
3280 693 3513 750 dedisti?
3554 696 3662 754 Sed

2055 763 2304 822 videlicet
2343 768 2646 840 ignorantia
2673 777 2785 832 veri
2818 778 2946 835 facit
2984 781 3243 840 incertam
3285 785 3662 862 labantemque

2054 859 2400 915 sententiam.
2634 867 2642 874 '

2129 946 2336 1005 Deinde
2385 953 2513 1022 quid
2565 957 2849 1030 adjungis?
2885 979 2903 1014 ι
2938 963 3044 1018 Sed
3073 965 3120 1020 si
3164 977 3256 1022 aut
3298 969 3488 1041 ingrati
3535 975 3660 1030 uni-

2056 1039 2218 1104 versi,
2250 1053 2342 1096 aut
2372 1043 2536 1101 invidi
2583 1049 2758 1116 multi,
2786 1061 2878 1107 aut
2909 1053 3108 1111 inimici
3144 1039 3391 1128 potentes
3416 1063 3529 1120 suis
3555 1066 3663 1121 vir-

2058 1140 2222 1188 tutem
2258 1137 2494 1202 praemiis
2529 1141 2782 1211 spoliant.
2833 1163 2852 1197 ι
2891 1145 3132 1218 quuam
3185 1150 3446 1223 fragilem,
3499 1173 3659 1228 quam

2056 1223 2270 1281 inanem
2324 1229 2574 1288 virtutem
2625 1234 2915 1304 induxisti,
2946 1241 2990 1295 si
3023 1243 3240 1311 spoliari
3293 1251 3514 1318 praemio
3561 1267 3660 1308 suo

2058 1319 2262 1386 petest!
2295 1319 2425 1388 Quae
2471 1326 2515 1378 si
2564 1325 2702 1381 bona
2756 1344 2848 1382 sua
2897 1330 3075 1386 divina
3114 1334 3337 1405 judicat,
3370 1349 3428 1394 ιη
3453 1341 3659 1411 aiebas,

2055 1410 2143 1478 qui
2171 1423 2394 1480 possunt
2418 1415 2659 1473 existere
2688 1427 2794 1474 tam
2828 1421 3042 1491 ingrati,
3078 1434 3182 1480 tam
3210 1429 3399 1496 invidi,
3433 1441 3537 1487 tam
3565 1410 3661 1504 ι)οέ

2057 1507 2232 1556 tentes
2253 1543 2267 1568 ,
2315 1505 2404 1574 qui
2455 1507 2702 1564 virtutem
2736 1511 2970 1580 spoliare
3000 1517 3211 1572 valeant
3242 1519 3306 1574 iis
3333 1521 3509 1591 bonis,
3538 1540 3662 1596 qua:

2057 1591 2252 1648 fuerint
2275 1595 2326 1648 in
2349 1611 2467 1650 eam
2500 1600 2697 1656 collata
2729 1603 3026 1661 divinitus?
3059 1626 3078 1659 ‹
3113 1608 3204 1665 Na:
3235 1611 3324 1666 illa
3354 1629 3435 1682 se,
3463 1616 3656 1690 inquit,

2057 1685 2238 1740 multis
2261 1687 2468 1742 solatiis
2491 1690 2761 1760 oblectat;
2793 1697 3130 1768 maximeque
3152 1716 3250 1756 suo
3275 1703 3468 1762 decore
3484 1685 3661 1779 seipsa

3226 1794 3294 1848 e?
3319 1810 3440 1850 cum
3469 1799 3523 1853 in
3555 1802 3660 1858 cri-

2057 1887 2176 1926 men
2218 1887 2363 1941 smpe
2407 1877 2610 1938 veniat.
2645 1888 2700 1933 et
2737 1881 2788 1935 in
2830 1897 3043 1951 ptenam
3084 1885 3249 1942 decor
3276 1888 3367 1945 ille
3395 1902 3653 1952 vertatur.

2055 1963 2192 2030 Quid
2220 1966 2383 2031 enim,
2414 1967 2460 2022 si
2489 1981 2545 2022 ut
2572 1968 2766 2026 Furius
2795 1972 3032 2042 dicebat,
3070 1995 3089 2029 ‹
3123 1980 3379 2049 rapiatur,
3413 1994 3656 2055 vexetur,

2052 2057 2476 2125 exterminetur;
2509 2073 2686 2132 egeat,
2728 2065 3043 2124 auferantur
3069 2072 3117 2125 ei
3159 2089 3371 2143 manus,
3400 2077 3663 2135 effodian-

2051 2157 2139 2204 tur
2165 2151 2327 2218 oculi,
2363 2153 2666 2224 damnetur,
2699 2159 2986 2229 vinciatur,
3015 2175 3219 2231 uratur,
3255 2169 3469 2226 miseris
3495 2173 3659 2231 etiam

2050 2242 2226 2297 modis
2256 2253 2496 2312 necetur,
2530 2266 2549 2300 ι
2577 2249 2838 2319 perdetne
2867 2269 3021 2309 suum
3053 2260 3330 2327 praemium
3359 2263 3659 2324 virtus?An

2051 2337 2228 2404 potius
2253 2339 2442 2406 peribit
2469 2340 2618 2410 ipsa?
2638 2344 2876 2402 Minime.
2907 2349 3013 2404 Sed
3054 2360 3109 2406 et
3152 2355 3456 2414 mercedem
3500 2375 3654 2418 suam

2051 2427 2163 2484 Deo
2186 2429 2368 2499 judice
2393 2434 2640 2505 accipiet,
2669 2437 2722 2493 et
2749 2441 2916 2506 vivet,
2944 2451 3000 2498 et
3027 2457 3242 2516 semper
3268 2451 3489 2522 vigebit.
3522 2454 3654 2523 Quae

2047 2521 2092 2575 si
2122 2523 2296 2586 tollas,
2330 2525 2462 2580 nihil
2494 2539 2670 2596 potest
2712 2531 2763 2587 in
2805 2533 2911 2588 vita
2953 2535 3233 2594 hominum
3289 2521 3396 2599 tam
3442 2547 3650 2615 inutile,

2050 2624 2160 2669 tam
2192 2617 2414 2673 stultum
2442 2620 2608 2677 videri
2638 2638 2778 2695 esse,
2805 2643 2962 2697 quam
2985 2629 3185 2700 virtus;
3216 2635 3370 2705 cujus
3393 2641 3654 2696 naturalis

2047 2705 2257 2764 bonitas
2285 2720 2339 2765 et
2364 2711 2614 2770 honestas
2641 2715 2840 2774 docere
2880 2735 2980 2776 nos
3024 2733 3219 2792 potest,
3260 2728 3492 2785 animam
3538 2747 3647 2788 non

2047 2812 2170 2857 esse
2199 2805 2503 2872 mortalem,
2540 2807 2889 2882 divinumque
2920 2814 2992 2868 illi
3021 2831 3050 2870 a
3081 2816 3192 2872 Deo
3214 2822 3495 2890 praemium
3527 2840 3657 2881 con-

2045 2894 2309 2949 stitutum.
2348 2897 2453 2952 Sed
2486 2898 2687 2954 idcirco
2716 2903 2965 2960 virtutem
3007 2907 3175 2976 ipsam
3222 2910 3361 2967 Deus
3388 2916 3489 2970 sub
3519 2932 3650 2987 per-

2045 2999 2177 3040 sona
2230 2987 2468 3046 stultitia:
2523 2992 2688 3047 voluit
2738 3010 2860 3050 esse
2912 2998 3180 3068 celatam,
3222 3009 3288 3058 ut
3338 3010 3654 3076 mysterium

2045 3079 2284 3133 veritatis
2309 3095 2370 3136 ac
2394 3082 2665 3153 religionis
2687 3100 2800 3141 sua:
2827 3099 2972 3145 esset
2997 3107 3251 3150 arcanum
3275 3112 3290 3163 ;
3317 3107 3375 3152 ut
3400 3098 3498 3155 has
3525 3103 3659 3158 reli-

347 3164 644 3228 IIOHOI'em;
689 3177 790 3217 nec
835 3171 920 3217 εει
966 3161 1175 3216 νίτιυιίε
1214 3161 1320 3215 ""8
1370 3163 1473 3217 alia
1519 3178 1744 3219 merces.
1781 3182 1799 3216 θ
1847 3165 2011 3238 Ele
2043 3171 2693 3248 giones,sapientiamque
2721 3189 2988 3237 terrenam
3013 3187 3360 3244 extollentem
3387 3207 3446 3248 se
3467 3193 3652 3264 altius,

349 3257 527 3328 plane,
551 3265 606 3310 et
627 3253 845 3326 quidem
884 3253 1081 3309 virtute
1107 3253 1442 3324 dignissima,
1467 3271 1623 3324 quam
1655 3265 1708 3310 tu
1730 3297 1744 3321 ,
1776 3255 1906 3312 Laeli
1925 3299 1940 3325 ,

344 3366 620 3422 nunquam
668 3357 883 3419 poteras
931 3349 1218 3418 suspicari;
1263 3348 1397 3403 nihil
1444 3351 1588 3404 enim
1638 3349 1942 3406 divinarum

349 3458 583 3500 noveras
613 3443 932 3498 litterarum.
963 3441 1133 3508 Quam
1165 3449 1341 3496 tamen
1383 3441 1495 3509 illa,
1524 3441 1716 3512 inquit,
1749 3444 1946 3514 accipit

349 3534 525 3602 facile,
556 3535 722 3605 exigit
746 3548 851 3589 non
880 3533 1094 3589 acerbe.
1131 3532 1290 3587 Erras
1319 3532 1690 3600 vehementer,
1713 3535 1756 3588 si
1791 3546 1944 3604 putas

350 3628 416 3684 ab
460 3627 678 3682 homine
723 3625 1002 3699 praemium
1049 3625 1183 3681 solvi
1237 3640 1393 3695 posse
1441 3624 1642 3692 virtuti,
1675 3640 1795 3681 cum
1827 3628 1941 3697 ipse

351 3722 455 3779 alio
476 3722 597 3779 loco
620 3722 902 3779 verissime
931 3719 1169 3776 dixeris:
1209 3736 1228 3770 ‹
1267 3718 1400 3775 Huic
1429 3727 1482 3774 tu
1507 3713 1622 3774 viro
1641 3734 1774 3791 quas
1802 3721 1940 3777 divi-

2047 3262 2256 3332 sibique
2282 3265 2504 3320 multum
2539 3269 2858 3339 placentem,
2890 3277 3140 3332 vanitatis
3166 3283 3479 3354 errorisque
3509 3262 3659 3343 dam;-

2049 3363 2201 3409 naret
2221 3371 2234 3420 ;
2257 3365 2313 3410 ut
2335 3360 2606 3428 proposita
2630 3362 2862 3432 denique
2883 3365 3217 3438 difﬁcultate,
3242 3379 3656 3444 angustissimas

2046 3455 2245 3501 trames
2283 3448 2350 3502 ad
2390 3450 2807 3508 immortalitatis
2845 3457 3124 3524 praemium
3165 3462 3398 3521 sublime
3448 3469 3650 3536 perdu-

2045 3551 2212 3594 ceret.

2099 3629 2289 3694 Docui,
2307 3638 2362 3684 ut
2376 3631 2586 3700 opinor,
2612 3649 2708 3689 cur
2733 3637 2958 3706 populus
2972 3649 3156 3696 noster
3167 3645 3310 3712 apud
3322 3647 3518 3704 stultos
3532 3651 3656 3708 stul-

2051 3732 2134 3780 tus
2155 3721 2434 3780 habeatur.
2455 3724 2588 3782 Nam
2607 3729 2839 3785 cruciari
2861 3738 3020 3802 atque
3044 3733 3272 3792 interfici
3299 3739 3482 3809 malle,
3498 3757 3660 3814 quam

1715 3859 2078 3920 VARIORUM
2119 3862 2350 3919 ΝΟΤᾸΞ.

351 3985 460 4041 didi
490 3994 660 4039 autem
706 3997 774 4038 ex
803 3981 1026 4038 Ql‘mss.
1063 3982 1190 4038 Post
1237 3982 1389 4036 mutis
1433 3981 1466 4036 8
1501 3978 1683 4050 scripti
1732 3996 1841 4038 rec.
1883 3986 1949 4037 'et

354 4051 1114 4136 “excusiadduntquoque‘.‘
1382 4123 1392 4135 .
1629 4122 1658 4136 Α
1745 4124 1755 4135 ,
1821 4123 1832 4136 ο
1900 4123 1911 4135 ⁸

433 4127 524 4181 νει
553 4128 621 4180 ad
650 4125 1026 4179 abstinentiam.
1063 4126 1152 4180 Sic
1181 4125 1394 4194 reposui
1441 4140 1504 4178 ex
1551 4125 1946 4192 antiquissimis

353 4214 482 4252 mss.
516 4200 538 4252 1
579 4198 786 4251 Βοηυιι.
813 4198 923 4278 et?
948 4197 1077 4265 Reg.
1101 4195 1226 4278 edd.
1258 4195 1510 4278 Tornesv
1542 4194 1855 4278 Sophron...
1875 4196 1918 4250 is

354 4269 486 4324 Vide
514 4268 743 4338 prmced.
775 4267 843 4319 ad
874 4268 1079 4320 bonum.
1110 4266 1496 4335 Quamplurinti
1527 4267 1712 4334 scripti
1745 4280 1798 4322 et
1841 4267 1944 4321 im-

354 4343 522 4421 pressi
552 4339 854 4421 habentvet
893 4338 1214 4421 abstinentia.
1303 4407 1314 4421 I
1389 4408 1418 4421 __
1565 4417 1574 4421 _
1807 4409 1819 4421 _
1895 4409 1906 4421 _

424 4409 694 4464 Dictorum
724 4409 1094 4478 factorumque.
1129 4408 1256 4462 Haec
1303 4407 1458 4462 lectio
1500 4417 1581 4462 est
1606 4409 1938 4477 quampluri-

355 4498 562 4536 morum
611 4495 740 4535 mss.
775 4481 1094 4555 in_ter__quos
1123 4490 1247 4555 sunt
1299 4479 1655 4555 antiquissimi
1701 4479 1856 4555 Reg._
1888 4490 1942 4555 et
1967 4482 2020 4542 D
2044 4514 2103 4555 sc

359 4554 562 4608 Βοιιοη.
593 4561 751 4620 atque
780 4551 843 4605 11
876 4551 1161 4606 editorum.
1214 4549 1401 4603 Recte.
1439 4549 1570 4604 Vide
1601 4565 1717 4620 seq.
1743 4549 1940 4622 seripti

357 4626 424 4680 10
451 4636 506 4679 ct
534 4625 568 4679 5
593 4623 720 4678 edit.
754 4632 859 4676 vet.
894 4624 1074 4692 legunt
1100 4622 1398 4676 delictorum
1428 4622 1796 4690 factorumque.

428 4697 539 4764 Quo
568 4693 698 4748 solo.
728 4695 761 4748 4
790 4708 921 4747 mss.
954 4708 1060 4746 rec.
1084 4702 1141 4764 et
1174 4693 1204 4745 7
1243 4693 1520 4764 edit.vet.,
1543 4710 1644 4762 qua
1664 4693 1804 4760 sola;
1835 4710 1947 4764 quae

351 4769 488 4831 sola;
514 4763 693 4828 Colb.,
719 4780 832 4835 qua:
853 4762 1176 4829 solm—Quo
1200 4764 1328 4816 solo.
1367 4763 1539 4835 idest,
1569 4780 1670 4831 qua
1706 4781 1764 4820 re
1804 4762 1942 4832 sola,

355 4838 472 4892 scil.
505 4837 801 4904 sapientia;
833 4851 952 4904 quia
983 4850 1089 4919 Ytnt
1141 4837 1390 4904 quoniam
1441 4834 1539 4919 fuit
1582 4837 1738 4919 paulo
1769 4853 1948 4919 remo-

356 4911 481 4973 liur,
510 4923 640 4962 usus
667 4917 769 4972 cst,
795 4917 852 4960 ut
873 4917 926 4960 et
954 4907 1101 4968 alibi,
1137 4916 1344 4971 neutro,
1390 4905 1528 4975 quod
1575 4907 1638 4961 ad
1672 4908 1850 4962 omnia
1882 4909 1950 4964 de

355 4980 616 5059 sapientia
646 4978 785 5059 dicta
816 4977 1197 5059 referendum;
1236 5048 1264 5059 η
1355 5058 1361 5059 7
1447 5047 1486 5059 η
1564 5055 1571 5059 _
1732 5048 1772 5059 κ
1844 5049 1854 5059 ,

324 5063 330 5068 ’
419 5047 536 5105 Sed
558 5050 795 5103 nimirum
818 5049 924 5102 Itwc
944 5065 1099 5101 causa
1122 5048 1286 5118 efﬁcit,
1316 5058 1418 5130 etc.
1447 5047 1715 5130 [lactentis
1732 5048 1948 5104 Furium

355 5121 675 5183 confutavit.
701 5120 1297 5202 injustitianpatronum.
1317 5118 1442 5203 Jan).
1459 5118 1713 5203 indicabit
1735 5136 1949 5203 causas,

356 5210 452 5248 cur
484 5193 712 5256 Laelius,
742 5191 829 5261 qui
871 5191 1308 5273 sapientissimus
1360 5189 1687 5255 habebatur,
1732 5191 1953 5273 justitite

356 5275 539 5336 partes
572 5277 685 5344 non
719 5277 814 5332 pro
852 5261 1109 5344 dignitate
1139 5271 1379 5344 tueatur;
1411 5277 1608 5344 nempe
1644 5261 1784 5344 quod
1813 5261 1954 5344 illius

357 5332 618 5405 sapientia
669 5349 774 5414 non
821 5335 1033 5388 coalitus
1081 5332 1195 5416 fnit_.
1225 5332 1466 5416 Qstendit
1513 5332 1953 5416 autemLLtelittm

356 5403 458 5461 sibi
509 5407 778 5462 contraria
830 5419 1096 5486 asserere.
1118 5403 1208 5484 _Ab
1248 5405 1399 5457 initio
1433 5419 1561 5458 vero
1587 5404 1778 5486 capitis
1808 5404 1957 5486 inve-

357 5479 520 5548 stigat
551 5492 796 5532 errorum
825 5476 1343 5557 philoSOphicorum,
1373 5485 1533 5544 atque
1558 5475 1698 5544 vulgi
1729 5476 1955 5557 scaturi-

356 5545 572 5621 giiietn;
605 5561 796 5617 nempe
828 5545 969 5617 quod
1011 5546 1289 5626 articulus
1308 5546 1499 5626 de._.sp_e
1545 5546 1958 5626 resuriectimtis

360 5615 467 5675 non
497 5622 629 5674 STtliS
655 5615 927 5673 constater
966 5616 1219 5672 creditur.
1251 5616 1327 5670 Ex
1352 5616 1432 5672 his
1457 5615 1819 5671 fundamentis
1842 5617 1956 5672 col-

322 5703 337 5717 '
361 5692 498 5762 ligit,
531 5689 674 5760 quod

461 5805 596 5858 V’ivit
619 5804 747 5868 apud
771 5817 994 5869 superos,
1017 5810 1066 5859 et
1089 5804 1243 5858 habet
1262 5814 1350 5857 sua
1371 5814 1577 5856 munera
1597 5803 1769 5858 virtus.

2056 3979 2332 4071 Yirtutem'
2354 3980 2532 4071 autem
2568 3986 2706 4071 dicit
2742 3989 2923 4071 ipsam
2969 3992 3256 4064 justitiam,
3288 4013 3409 4071 qua:
3435 4003 3662 4060 materia

2055 4055 2400 4129 toti_tts_ltujns
2428 4061 2599 4129 quinti
2635 4061 2755 4115 libri
2777 4055 2882 4117 est.

2126 4125 2226 4190 Qui
2274 4125 2508 4209 egerefi
2559 4130 2764 4186 Bonon.
2801 4135 2970 4206 antiq.
3014 4138 3119 4192 eti
3157 4138 3392 4196 Clarom.
3426 4158 3457 4197 a
3489 4145 3662 4214 prima

2049 4211 2232 4259 manu,
2261 4215 2402 4267 quia.

2121 4267 2204 4320 Ea:
2231 4285 2330 4350 qua
2373 4272 2717 4336 persuasione.
2748 4273 2848 4330 Ms.
2875 4274 3030 4332 Cant.
3062 4289 3118 4334 et
3138 4279 3268 4336 edit.
3301 4282 3357 4348 5,
3387 4282 3472 4337 Ea:
3507 4302 3666 4356 eaque

2047 4354 2402 4408 persuasione.

2119 4428 2270 4509 flanc
2300 4433 2888 4512 prasentem._Subaudi
2935 4439 3136 4512 uitam,
3170 4442 3310 4512 quod
3356 4444 3520 4502 Goth.
3568 4449 3665 4506 ad-

2107 4502 2303 4570 ritptum
2337 4503 2519 4566 habet.
2551 4507 2769 4574 Opinor,
2803 4523 2868 4564 ex
2896 4510 3076 4580 glossa
3105 4502 3406 4584 receptum.
3436 4518 3602 4576 CELL.

2123 4593 2425 4687 lytﬁiquam.
2460 4597 2607 4654 MsJ
2635 4600 2771 4669 Reg.
2800 4618 2909 4687 rec.
2937 4616 2992 4687 et
3022 4605 3090 4660 15
3120 4608 3276 4677 cdit.,
3309 4623 3663 4687 nequaquam;

2048 4665 2102 4721 in
2135 4667 2159 4721 1
2197 4667 2332 4738 Reg.
2368 4685 2478 4724 rec.
2513 4665 2774 4742 nunquam
2805 4678 3012 4745 poteris.

2120 4757 2499 4840 Latrat-itemque
2527 4767 2847 4840 sententiam.
2877 4769 3078 4840 Scripti
3109 4773 3140 4828 7
3163 4782 3219 4830 et
3244 4775 3282 4831 2
3322 4778 3448 4835 edd.
3489 4781 3666 4839 laben-

2050 4841 2182 4894 tem;
2208 4833 2232 4886 1
2268 4831 2540 4903 Βεεζιέθ.
2571 4831 3010 4908 ιαὸοναηιεηιᾳιιεξ

2124 4921 2456 5016 lvi/fodiantur;
2485 4916 2657 5016 “oculi.
2703 4928 2834 4986 Mss.
2863 4932 3034 5016 5Lrec.
3067 4946 3122 4994 et
3151 4939 3218 4995 12
3253 4939 3382 4998 editi
3411 4942 3660 5016 interpo-

2052 5003 2188 5047 nunt
2217 4995 2284 5061 ei,
2316 4995 2456 5066 quod
2485 5013 2609 5053 mox
2654 5004 2952 5068 praecessit.

2124 5089 2774 5172 Angustissimustrames.
2817 5095 2914 5172 Ms.
2962 5096 3126 5156 Brun.
3160 5105 3522 5172 angustissimo
3549 5117 3661 5165 tra-

2055 5157 2305 5239 mite-3:14“
2339 5161 2595 5239 Colbert._
2625 5167 3012 5239 angustissimos
3080 5157 3658 5239 tramit'es,ﬂmenvdos‘e.

2054 5229 2307 5311 Scripti_6
2339 5247 2449 5311 r_ec.
2482 5242 2535 5311 et
2561 5229 2817 5311 Svuigati
2859 5255 2949 5306 per
2981 5229 3372 5311 angustissimos
3411 5229 3662 5308 tramites;

2056 5301 2197 5368 Lege
2242 5300 2310 5356 de
2361 5302 2478 5386 hoc.
2517 5305 2649 5360 infra
2827 5300 2901 5370 vi,
2933 5300 3074 5377 cap."
3092 5313 3145 5366 5.
3170 5300 3664 5386 —Angttstissiinus

2056 5381 2310 5452 trames...
2352 5375 2670 5452 perduceret.
2694 5377 2844 5452 __Nam
2883 5375 3039 5452 unam
3085 5390 3288 5440 tantum
3317 5375 3471 5452 viam.
3504 5375 3663 5449 unum

2059 5443 2309 5496 tramitem
2325 5445 2400 5526 ad
2436 5446 2895 5526 immortalitatem
2929 5451 3126 5526 ubique
3155 5459 3372 5526 statuit;
3407 5443 3659 5520 hine-"liii:

2058 5529 2152 5597 vit,
2171 5514 2393 5606 ocap120
2415 5534 2431 5596 ε
2461 5517 2721 5606 Angustus
2751 5514 3250 5606 admodum'trames
3275 5514 3372 5606 est;

2049 5585 2254 5656 justitia
2289 5585 2795 5659 homiitern’deducit
2825 5591 2880 5645 in
2919 5595 3123 5653 caelum.
3158 5585 3660 5659 t.temdo?é..i"iitil

2061 5673 2136 5720 Vl,
2184 5670 2338 5740 capp.
2360 5657 2394 5712 5
2423 5667 2475 5712 et
2569 5658 2794 5740 integra,
2838 5667 3072 5740 maxime
3115 5655 3268 5737 ibid.,
3300 5655 3418 5740 cap.
3440 5655 3530 5728 '77-:
3567 5655 3662 5730 via

2065 5729 2364 5808 mendax...
2409 5729 2596 5783 multos
2635 5734 2861 5789 tramites
2904 5736 3132 5793 habet...
3159 5729 3579 5800 via'veritatis...
3608 5729 3665 5808 et

2065 5798 2352 5870 simplex...
2382 5810 2435 5857 et
2463 5811 2747 5872 angusta...
2782 5814 2836 5863 et
2860 5810 3046 5876 ardua,
3069 5820 3175 5869 etc.
3204 5812 3338 5868 Bon.
