4142 6200
370 307 477 364 617

1640 305 1843 364 LIBER
1883 305 1949 363 V.
1989 305 2082 366 DE
2121 306 2453 368 JUSTITIA.

3568 316 3673 374 618

364 419 713 481 criﬁcaudum
733 419 987 490 veniunt,
1033 422 1169 480 nihil
1194 423 1471 489 intimum,
1511 422 1648 479 nihil
1687 424 1960 495 proprium
1986 435 2043 495 Α
2065 427 2192 482 cet?
2213 426 2354 495 Quid
2383 425 2630 484 adultera
2653 468 2668 496 ,
2699 426 2803 483 nisi
2829 433 2889 484 ut
2911 434 3142 486 mortem
3167 430 3270 486 viri
3297 438 3468 502 optet,
3499 442 3593 489 aut
3613 445 3673 491 ut

366 517 468 572 diis
510 515 624 572 suis
652 515 922 582 oﬁ'erunt;
953 529 1059 572 non
1091 517 1450 590 integritatem
1480 516 1697 583 mentis,
1739 532 1848 573 non
1877 531 1968 574 re-

365 608 684 677 verentiam,
717 622 827 664 non
871 611 1140 665 timorem.
1173 609 1413 666 Peractis
1460 609 1642 681 itaque
1685 609 1969 667 sacriﬁciis

365 704 635 772 inanibus,
669 720 888 762 omnem
917 706 1234 777 religionem
1261 708 1314 763 in
1344 709 1568 780 templo,
1601 717 1803 765 etcum
1837 719 1968 766 tem-

366 799 474 870 plo,
500 804 640 855 sicut
669 799 1010 869 invenerant,
1039 801 1379 872 relinquunt;
1410 801 1650 873 nihilque
1687 818 1869 858 secum
1900 817 1968 859 ex

363 909 424 950 ea
454 909 630 965 neque
671 893 921 962 alierum,
970 909 1144 966 neque
1186 895 1451 952 referunt.
1499 897 1628 953 lude
1671 905 1772 963 est,
1826 897 1967 967 quod

360 986 626 1056 ejusmodi
654 987 943 1058 religiones
971 1003 1144 1058 neque
1170 989 1342 1044 bonos
1367 988 1543 1044 facere
1573 999 1820 1058 possunt,
1869 1004 1964 1046 ne-

361 1097 464 1152 que
493 1081 661 1136 ﬁrmae
689 1090 850 1152 atque
880 1082 1242 1138 immutabiles
1265 1097 1404 1138 esse.

429 1173 806 1229 Traducuntur
834 1173 1013 1245 itaque
1037 1175 1106 1231 ab
1134 1174 1219 1230 his
1243 1175 1493 1240 homines
1524 1176 1703 1241 facile,
1729 1176 1852 1244 quia
1877 1166 1960 1230 ιιῖ-

362 1267 436 1322 hil
467 1267 539 1322 ibi
565 1267 631 1322 ad
661 1268 822 1322 vitam
845 1309 859 1333 ,
891 1267 1026 1323 nihil
1054 1269 1122 1324 ad
1151 1270 1495 1339 sapientiam,
1531 1269 1666 1324 nihil
1694 1271 1761 1324 ad
1797 1271 1958 1325 ﬁdem

359 1361 606 1416 discitur.
639 1360 767 1427 Quae
797 1370 882 1416 est
927 1363 1071 1416 enim
1100 1363 1417 1432 superstitio
1442 1362 1661 1418 illorum
1693 1362 1964 1418 deorum?

357 1471 481 1526 qua:
505 1455 624 1509 vis?
645 1470 764 1525 quae
785 1454 1109 1525 disciplina?
1130 1471 1248 1527 quae
1275 1456 1464 1527 origo?
1485 1472 1604 1527 qua:
1626 1457 1801 1511 ratio?
1820 1455 1963 1526 quod

358 1547 811 1603 fundamentum?
838 1564 957 1619 qua:
989 1549 1332 1606 substantia?
1357 1564 1464 1620 quo
1491 1548 1700 1605 tendit?
1720 1557 1813 1605 aut
1835 1550 1964 1620 quid

358 1644 670 1714 pollicetur,
705 1653 763 1699 ut
784 1645 851 1701 ab
879 1645 1100 1702 homine
1127 1648 1299 1717 possit
1329 1645 1560 1703 lideliter
1583 1649 1826 1714 servari,
1851 1647 1963 1704 for-

359 1737 591 1807 titerque
619 1737 876 1794 defendi?
902 1737 960 1793 In
989 1754 1094 1809 qua
1124 1738 1256 1794 nihil
1283 1739 1428 1794 aliud
1450 1740 1607 1796 video
1633 1783 1649 1808 ,
1678 1756 1836 1809 quam
1885 1742 1961 1797 ri-

2071 532 2169 574 sua
2214 520 2546 591 impudicitia
2586 521 2830 577 celetur?
2873 521 3013 590 Quid
3042 524 3198 591 lena,
3233 524 3334 580 nisi
3376 534 3434 580 ut
3474 528 3675 583 multos

2070 609 2230 666 bonis
2257 613 2452 668 exuat?
2496 599 2638 680 Quid
2685 611 2790 679 fur,
2821 613 2927 668 nisi
2959 622 3015 668 ut
3042 614 3195 694 plura
3225 615 3527 686 compilet?
3575 617 3676 675 Hic

2071 719 2201 760 vero
2225 706 2387 761 etiam
2411 707 2512 761 levi
2543 707 2924 778 communique
2946 717 3168 778 peccato
3189 710 3340 766 locus
3361 719 3447 766 est
3468 711 3670 768 nullus.

2073 798 2141 853 Et
2161 799 2206 852 si
2226 799 2347 870 quis
2376 799 2444 854 ad
2474 800 2799 855 sacriﬁcium
2834 815 2939 856 non
2971 801 3178 872 integra
3209 804 3545 859 conscientia
3572 819 3671 862 ve-

2072 889 2211 944 nerit
2232 930 2248 956 ,
2291 890 2442 945 audit
2479 906 2600 962 quae
2653 891 2732 946 illi
2765 891 2908 947 Deus
2938 893 3322 959 comminetur,
3355 895 3445 950 ille
3473 895 3563 964 qui
3591 897 3675 952 la-

2073 981 2254 1038 tebras
2281 982 2462 1039 cordis
2487 982 2656 1052 videt,
2678 985 2769 1056 qui
2801 985 3038 1054 peccatis
3070 1001 3290 1057 semper
3317 987 3544 1043 infestus
3569 999 3676 1058 est,

2071 1076 2161 1144 qui
2191 1077 2363 1148 exigit
2384 1077 2671 1148 justitiam,
2702 1079 2794 1149 qui
2825 1078 2988 1135 ﬁdem
3021 1081 3214 1150 poscit.
3247 1082 3377 1150 Quis
3404 1083 3490 1138 hic
3517 1085 3678 1140 mala:

2072 1171 2276 1233 menti,
2322 1179 2418 1224 aut
2457 1172 2612 1227 malae
2643 1171 2793 1242 preci
2819 1172 2968 1228 locus
3000 1174 3123 1228 est?
3171 1176 3241 1229 At
3291 1175 3365 1230 illi
3397 1176 3675 1246 infelices,

2071 1275 2170 1316 nec
2202 1277 2268 1317 ex
2298 1262 2598 1318 sceleribus
2629 1263 2742 1318 suis
2801 1265 3108 1335 intelligunt
3151 1282 3308 1336 quam
3344 1267 3543 1322 malum
3571 1269 3674 1336 sit,

2070 1354 2214 1424 quod
2242 1355 2487 1423 colunt,‘
2511 1356 2946 1426 quandoquidem
2977 1357 3191 1427 ﬂagitiis
3221 1359 3473 1413 omnibus
3504 1359 3677 1429 inqui-

2069 1449 2212 1514 nati,
2260 1448 2482 1502 veniunt
2520 1449 2588 1503 ad
2621 1449 2986 1518 precandum;
3039 1458 3095 1504 et
3136 1465 3195 1505 se
3239 1451 3324 1520 pie
3369 1452 3680 1508 sacriﬁcare

2068 1540 2376 1611 epinantur,
2403 1542 2446 1595 si
2475 1550 2651 1596 cutem
2677 1541 2904 1596 laverint
2934 1559 2948 1595 :
2975 1550 3228 1612 tanquam
3254 1542 3506 1599 libidines
3535 1544 3678 1601 intra

2068 1639 2256 1701 pectus
2285 1632 2518 1688 inclusas
2546 1632 2636 1687 ulli
2667 1648 2854 1688 amnes
2880 1633 3225 1702 abluant,aut
3253 1635 3357 1688 ulla
3378 1637 3551 1692 maria
3575 1653 3680 1706 pu-

2066 1724 2298 1780 riﬁcent.
2349 1724 2562 1793 Quanto
2591 1725 2758 1780 satius
2801 1734 2884 1780 est
2933 1736 3168 1782 mentem
3217 1727 3395 1798 potius
3445 1729 3670 1796 eluere,

359 1841 470 1885 tum
494 1831 558 1886 ad
584 1832 735 1887 solos
756 1832 954 1904 digitos
976 1833 1356 1902 pertinentem.
1387 1832 1578 1889 Nostra
1607 1849 1736 1891 vero
1763 1835 1956 1907 religio
1993 1828 2042 1888 Β
2069 1831 2189 1886 qua?
2233 1816 2398 1871 malis
2436 1817 2824 1886 Cllpidilalibus
2852 1816 3195 1884 sordidam";
3233 1826 3286 1872 ει
3317 1833 3424 1872 υηο
3456 1820 3672 1875 Virtutis

355 1937 421 1979 eo
449 1923 600 1978 ﬁrma
628 1935 742 1991 est,
766 1935 820 1980 et
844 1925 1035 1991 solida,
1067 1934 1122 1980 et
1148 1925 1519 1994 immutabilis,
1547 1927 1666 1998 quia
1687 1927 1952 1997 justitiam

353 2014 546 2084 docet,
579 2017 704 2088 quia
733 2017 1013 2074 nobiscum
1061 2033 1276 2090 semper
1304 2028 1386 2074 est
1406 2060 1422 2086 ,
1451 2020 1576 2090 quia
1609 2028 1717 2074 tota
1749 2020 1801 2075 in
1832 2020 1952 2075 ani-

2063 1922 2126 1963 ac
2152 1907 2276 1962 ﬁdei
2304 1907 2519 1963 lavacro
2549 1909 2802 1963 universa
2860 1908 2991 1963 vitia
3039 1909 3354 1979 depellere?
3381 1910 3536 1978 Quod
3580 1912 3675 1982 qui

2058 2001 2280 2066 fecerit,
2331 2002 2626 2072 quamlibet
2656 2002 2991 2073 inquinatum
3037 2017 3101 2058 ac
3146 2002 3426 2061 sordidum
3459 2019 3660 2076 corpus

356 2123 445 2163 mo
472 2107 702 2164 colentis
745 2118 862 2175 est,
911 2110 1035 2179 quia
1087 2120 1322 2166 mentem
1355 2110 1527 2180 ipsam
1557 2125 1655 2182 pro
1681 2111 1953 2168 sacriﬁcio
2055 2103 2207 2164 gem
2226 2134 2241 2160 ν
2269 2093 2401 2148 satis
2421 2108 2590 2164 Purus
2617 2103 2721 2150 εει·

356 2201 536 2257 habet.
568 2200 686 2258 lllic
711 2200 844 2256 nihil
871 2202 1104 2273 exigitur
1130 2201 1272 2258 aliud
1296 2245 1311 2270 ,
1341 2218 1501 2273 quam
1535 2203 1752 2274 sanguis
1781 2219 1948 2275 pecu-

355 2293 480 2349 dum
505 2335 520 2360 ,
552 2301 607 2350 et
635 2292 812 2349 fumus
834 2336 848 2362 ,
879 2302 934 2350 et
965 2295 1144 2365 inepta
1178 2295 1363 2350 libatio
1397 2313 1410 2348 :
1444 2294 1531 2350 hic
1552 2337 1566 2361 ,
1599 2295 1739 2351 bona
1769 2311 1947 2364 mens,

353 2403 548 2458 purum
583 2397 768 2458 pectus
787 2430 804 2455 ,
837 2388 1100 2444 innocens
1123 2389 1252 2444 vita.
1283 2388 1416 2446 Illuc
1449 2390 1678 2446 veniunt
1704 2391 1824 2446 sine
1850 2391 1950 2448 de-

355 2479 496 2534 lectu
523 2479 781 2536 adulterio
807 2480 1092 2551 impudicae
1114 2524 1128 2549 ,
1159 2481 1295 2537 lena:
1332 2497 1624 2553 procaces,
1674 2484 1951 2542 obscenae

356 2573 698 2639 meretrices;
735 2573 957 2629 veniunt
980 2575 1304 2646 gladiatores
1326 2617 1340 2642 ,
1367 2577 1628 2645 latrones,
1660 2577 1826 2645 fures,
1854 2593 1946 2635 ve-

356 2663 514 2720 neﬁci
535 2710 549 2736 ,
576 2672 631 2720 et
657 2676 948 2735 precantur
976 2666 1106 2721 nihil
1135 2667 1302 2733 aliud,
1339 2683 1496 2738 quam
1527 2678 1586 2724 ut
1615 2670 1824 2727 scelera
1851 2670 1959 2727 im-

355 2771 498 2824 pune
548 2758 908 2814 committant.
940 2758 1079 2827 Quid
1119 2760 1262 2815 enim
1293 2759 1431 2816 latro
1473 2763 1821 2831 sacriﬁcans,
1865 2773 1960 2820 aut

353 2850 618 2920 gladiator
647 2863 836 2924 roget,
881 2853 984 2910 nisi
1016 2863 1073 2910 ut
1103 2855 1392 2912 occidant?
1421 2855 1560 2924 Quid
1589 2859 1913 2915 venenarius
1934 2900 1950 2926 ,

354 2942 458 2997 nisi
488 2953 546 2999 ut
573 2943 762 3000 fallat?
787 2944 925 3014 Quid
953 2947 1209 3004 meretrix
1233 2989 1247 3014 ,
1276 2949 1380 3004 nisi
1408 2958 1466 3004 ut
1502 2948 1793 3019 plurimum
1821 2967 1944 3022 pec-

2653 2227 2885 2286 CAPUT
2929 2228 3072 2284 XXI.

2056 2344 2136 2400 De
2163 2346 2304 2400 cultu
2353 2345 2566 2401 deorum
2591 2353 2638 2401 et
2665 2346 2761 2400 Dei
2787 2347 2923 2412 veri;
2946 2358 3100 2419 atque
3129 2349 3194 2404 de
3222 2349 3394 2406 bestiis
3422 2367 3550 2422 quas
3591 2369 3679 2409 co-

2613 2439 2819 2494 luerunt
2851 2437 2925 2492 1E
2931 2441 3119 2512 gyptii.

2126 2573 2215 2630 Isti
2240 2581 2444 2640 autem,
2463 2573 2586 2644 quia
2613 2574 2880 2642 nesciunt,
2897 2575 2984 2630 vel
3008 2575 3155 2645 quid,
3181 2578 3266 2633 vel
3291 2579 3568 2648 quomodo
3597 2581 3672 2637 sit

2067 2667 2376 2734 colendum,
2393 2669 2519 2724 caeci
2543 2677 2597 2724 et
2622 2669 2993 2739 imprudentes
3013 2669 3067 2724 in
3090 2664 3669 2732 contrarium'cadunt.

2061 2759 2305 2816 Aderant
2327 2761 2507 2831 itaque
2535 2759 2721 2816 hostes
2748 2775 2875 2816 suos
2901 2777 2913 2814 :
2939 2762 3180 2818 latrones
3207 2771 3262 2818 et
3290 2765 3672 2824 interfectores

2057 2866 2185 2909 suos
2206 2851 2440 2907 victimis
2469 2852 2718 2922 placant;
2752 2862 2807 2907 et
2828 2854 3037 2909 animas
3063 2869 3190 2910 suas
3211 2871 3335 2912 cum
3359 2857 3520 2915 thure
3548 2861 3670 2931 ipso

2055 2953 2372 3010 cremandas
2414 2953 2522 3010 aris
2551 2952 2958 3010 detestabilibus
3006 2954 3306 3024 imponunt.
3362 2956 3671 3014 Irascuntur

1686 3089 2053 3148 VARIORUM
2089 3088 2322 3148 NOTAE.

427 3227 494 3304 in
525 3229 735 3299 templo,
775 3238 822 3304 et
858 3246 974 3304 cum
1010 3231 1218 3300 templo.
1268 3231 1427 3286 Deest
1461 3239 1510 3286 et
1537 3245 1651 3285 cum
1678 3230 1866 3300 templo
1901 3229 1955 3284 in
1982 3231 2028 3296 C
2063 3236 2144 3284 ter
2169 3229 2205 3283 2
2234 3227 2371 3304 Reg.
2397 3235 2453 3283 et
2476 3228 2538 3284 11
2563 3227 2695 3284 edit.
2724 3227 2782 3282 In
2806 3228 2869 3282 iis
2896 3236 2997 3294 est,
3026 3228 3372 3298 sacriﬁcasse;
3399 3229 3450 3285 in
3475 3232 3498 3286 1
3533 3231 3667 3304 Reg.

351 3299 528 3355 tribus
554 3316 666 3356 rec.
697 3301 931 3372 scriptis.

427 3391 678 3465 Nihilque
706 3409 874 3447 secum
902 3409 965 3448 ex
1002 3411 1062 3448 ea
1093 3409 1250 3465 neque
1293 3393 1538 3461 aﬁ'erunt.
1582 3392 1640 3448 In
1688 3394 1712 3446 1
1744 3392 1952 3450 Bonon.

350 3465 522 3534 antiq.
552 3463 706 3519 deest
733 3481 796 3519 ea:
824 3481 917 3530 ea;
947 3466 970 3518 l
1002 3465 1134 3535 Reg.
1163 3463 1316 3521 abest
1344 3480 1523 3535 neque.

425 3562 605 3636 Neque
631 3566 793 3632 firma:
811 3575 962 3636 atque
988 3566 1347 3621 immutabiles.
1372 3566 1444 3620 Ita
1470 3579 1599 3620 mss.
1626 3565 1650 3619 1
1674 3565 1904 3632 Βοηοη.,
1922 3566 1954 3621 6

349 3633 502 3708 Coll).
524 3633 589 3690 'et
614 3636 787 3708 5ralii,
822 3633 885 3692 ac
913 3637 946 3692 9
975 3647 1081 3692 vet.
1112 3637 1242 3692 edit.
1263 3638 1382 3692 alia:
1411 3652 1560 3702 vero,
1591 3653 1754 3708 neque
1777 3638 1955 3704 ﬁrmos

347 3722 411 3758 ac
443 3706 797 3778 immutabiles.
840 3710 910 3762 At
947 3719 1128 3764 nostra
1168 3709 1328 3764 lectio
1365 3708 1554 3763 melior
1581 3706 1695 3773 est;
1729 3709 1954 3778 opponit

347 3777 494 3902 ῗιὶίιιι
524 3777 686 3834 falsas
715 3778 1003 3850 religiones
1031 3794 1196 3848 verae,
1228 3795 1348 3851 quae
1374 3781 1528 3848 ﬁrma
1553 3789 1694 3834 estet
1720 3777 1954 3834 immuta-

382 3865 396 3900 ι
424 3864 486 3902 88.
1606 3863 1620 3871 “

382 3863 486 3902 uss.
1606 3863 1620 3871 “

420 3939 577 3996 Lena:
621 3957 878 4015 procaces.
932 3943 1142 4010 Lenes,
1198 3959 1320 4015 quae
1368 3943 1542 4015 infra,
1578 3944 1763 3999 multos
1813 3944 1956 3998 bonis

348 4022 584 4086 exuunt,
609 4014 768 4069 docte
790 4023 948 4070 vocat
968 4014 1224 4086 procaces.
1247 4014 1440 4072 Festus
1468 4034 1480 4070 :
1506 4014 1724 4069 Procari
1752 4031 1960 4085 poscere

344 4094 420 4137 est
437 4084 614 4210 until;
633 4096 677 4139 et
707 4087 868 4154 proci,
901 4097 948 4140 et
970 4084 1208 4156 procaces
1234 4088 1515 4143 meretrices
1534 4088 1596 4142 ab
1616 4084 1818 4142 assidue
1841 4104 1960 4158 pos-

344 4171 434 4209 ccn
478 4172 529 4210 ο.
606 4171 696 4210 UN.

343 4171 529 4210 cenao.
560 4171 696 4211 HUN-

422 4265 491 4342 (Jt
519 4269 774 4342 occidant.
805 4269 840 4342 9
867 4269 998 4342 Reg.
1029 4286 1185 4338 mss.,
1217 4273 1242 4326 1
1275 4271 1512 4327 Clarom.
1545 4281 1599 4328 et
1629 4273 1663 4328 8
1692 4271 1824 4328 edit.
1863 4288 1954 4327 oc-

343 4339 513 4392 cidat.
547 4337 787 4410 Utraque
811 4337 972 4398 lectio
1001 4342 1162 4398 bona.

419 4431 559 4497 Quid
607 4435 944 4488 venenarius?
973 4434 1100 4490 Mss.
1139 4434 1194 4488 2.
1245 4433 1380 4501 Reg.
1421 4449 1558 4494 rec..
1590 4450 1607 4488 ι
1654 4433 1891 4491 Colbert.
1922 4450 1953 4491 a

341 4504 582 4558 secunda
633 4521 839 4574 mann.,
891 4506 1081 4571 Torn.,
1131 4507 1274 4570 Em.,
1332 4504 1486 4559 Cant.
1516 4515 1570 4560 et
1610 4507 1644 4561 5
1674 4516 1784 4573 vet.
1815 4507 1948 4562 edit.

343 4576 530 4648 Rom.,
563 4576 894 4645 fwnerarius?
923 4578 1020 4632 nisi
1051 4586 1107 4632 ut
1145 4579 1315 4648 fallat,
1343 4577 1396 4631 id
1415 4586 1518 4648 est,
1551 4577 1779 4632 latenter
1805 4588 1948 4648 agat,

341 4646 774 4716 machinationes
826 4663 952 4703 suas
1005 4646 1257 4704 occultet.
1307 4677 1380 4689 --
1436 4647 1574 4716 Quid
1627 4646 1946 4703 venenarius.

352 4715 669 4790 Venenarius
713 4719 927 4788 ponitur
974 4734 1072 4789 pro
1127 4719 1346 4788 veneﬁco
1389 4735 1584 4790 supra;
1622 4728 1676 4774 et
1701 4720 1949 4789 quisnam

340 4791 516 4857 magis
561 4788 719 4855 fallit,
749 4805 906 4860 quam
938 4788 1208 4846 veneﬁcus
1233 4833 1249 4857 ,
1281 4788 1639 4847 venenarius?
1668 4788 1803 4846 Hinc
1830 4791 1950 4847 loco

337 4861 563 4928 gemino
611 4861 703 4933 lib.
750 4875 804 4927 v,
846 4877 896 4916 c.
928 4861 962 4916 9
1000 4879 1013 4914 :
1045 4862 1106 4916 Si
1137 4862 1313 4932 palam
1357 4863 1580 4933 grassari
1629 4878 1732 4933 non
1781 4862 1946 4930 licuit,

339 4945 557 4985 venena
583 4932 722 4986 clam
751 4941 1063 4999 temperent;
1088 4933 1174 5003 qui
1199 4932 1382 4987 uxores
1401 4941 1594 4999 necent,
1621 4943 1674 4987 ut
1692 4932 1834 4988 dotes
1862 4950 1948 4988 ea-

333 5018 462 5075 rum
493 5003 770 5075 lucrentur,
815 5013 904 5056 aut
934 5005 1176 5068 maritos,
1206 5013 1261 5057 ut
1292 5003 1541 5058 adulteris
1569 5004 1829 5059 nubant...
1858 5005 1948 5075 qui

329 5072 528 5128 caelum
567 5074 732 5143 ipsum
758 5075 1009 5145 veneﬁciis
1037 5084 1299 5146 appetant.
1332 5075 1493 5136 Βυκ..

416 5184 615 5260 Nisiut
637 5199 849 5260 mortem
869 5189 964 5243 viri
988 5199 1146 5260 optet,
1175 5198 1338 5260 autut
1367 5205 1463 5243 sua
1481 5188 1800 5260 impudicitia
1819 5189 1947 5244 cele-

332 5270 448 5312 tur.
504 5258 593 5314 Sic
638 5259 914 5315 editiones
950 5258 1207 5328 Bctuleii,
1237 5259 1488 5325 Cellarii,
1519 5258 1767 5325 Walchi,
1801 5261 1945 5316 Heu-

333 5329 565 5403 manni,
599 5339 759 5402 atque
788 5333 942 5403 pauci
969 5346 1122 5396 mss.,
1153 5331 1602 5403 Cantabrigiense
1629 5330 1840 5387 scilicet
1890 5343 1945 5387 et

333 5399 747 5470 Lipsiense;'in
779 5399 901 5458 aliis
951 5411 1063 5458 tum
1096 5417 1225 5457 mss.
1262 5412 1373 5457 tum
1404 5399 1563 5458 editis
1594 5403 1808 5471 legitur,
1845 5404 1946 5458 nisi

331 5482 435 5526 aut
465 5483 672 5528 mortem
710 5475 825 5540 viri,
856 5484 943 5527 aut
987 5483 1039 5527 ut
1086 5491 1181 5528 sua
1208 5473 1528 5544 impudicitia
1557 5473 1769 5540 celetur,
1800 5475 1943 5545 quod

333 5557 594 5598 mancam
624 5545 848 5601 exhibet
867 5545 1188 5601 orationem.

419 5637 559 5705 Quid
600 5638 762 5723 lena?
807 5637 932 5723 Mss.
970 5641 1036 5697 l0
1061 5681 1076 5708 ,
1125 5641 1264 5707 leno,
1295 5639 1435 5695 virili
1481 5654 1698 5712 genere.
1744 5639 1944 5696 Caneri

333 5725 539 5769 omnes
560 5719 618 5765 ut
642 5719 694 5767 in
727 5719 897 5768 textu.

414 5802 749 5875 Sacriﬁcarc.
772 5805 847 5861 Ita
881 5805 916 5861 6
944 5813 1053 5862 vet.
1081 5805 1212 5865 edit.
1238 5821 1360 5866 cum
1381 5806 1634 5867 omnibus
1653 5820 1783 5867 mss.
1806 5821 1946 5880 prae-

634 5901 912 5966 ΡΑι-ιιοι..
950 5900 1058 5964 VI.

2061 3315 2176 3356 rec.
2203 3301 2520 3373 satisfacere.

2131 3392 2194 3448 Si
2213 3403 2380 3447 cutem
2417 3391 2650 3463 laverint.
2680 3391 2894 3463 Qumvis
2915 3391 3132 3463 scelera
3177 3405 3315 3462 aqua
3342 3393 3666 3463 expiabant.

2059 3461 2194 3518 Cato
2223 3463 2372 3534 Orig.
2417 3467 2447 3515 5
2473 3481 2488 3530 ;
2533 3462 2769 3534 Tertull.
2798 3461 3094 3534 de__Bapt.,
3118 3461 3242 3531 cap.
3268 3464 3340 3528 5;
3371 3461 3577 3520 Séneca
3608 3467 3667 3524 in

2059 3535 2292 3590 Hercule
2315 3531 2558 3598 furente;
2584 3533 2841 3601 Apuleius
2863 3531 2973 3602 Mil.
2998 3531 3034 3586 l.
3058 3548 3145 3598 x1;
3175 3535 3332 3587 Dion.
3359 3534 3453 3589 lib.
3478 3551 3664 3602 vam;

2059 3606 2244 3675 Eurip.
2297 3605 2350 3659 in
2397 3605 2567 3675 lphig.
2613 3605 2813 3667 Taurx,
2857 3601 3106 3675 Clemens
3149 3603 3413 3658 Alexand.
3464 3605 3556 3661 lib.
3591 3601 3668 3664 vn

2059 3673 2261 3734 Strom.
2288 3673 2501 3742 Corpus
2522 3673 2724 3730 'autem
2759 3681 2949 3740 totum,
2976 3673 3060 3728 vel
3082 3689 3272 3728 manus
3295 3679 3667 3734 tantummodo

2060 3748 2340 3815 lavabant,
2360 3747 2510 3818 juxta
2539 3745 2795 3816 Sophocl.
2820 3755 3122 3818 enarrator.
3147 3745 3468 3818 Athenaeum
3493 3747 3528 3801 Ι.
3553 3765 3611 3803 ix
3643 3768 3662 3805 :

2061 3819 2179 3874 Mos
2223 3828 2331 3872 erat
2362 3816 2645 3882 ueteribus,
2676 3816 2879 3886 quando
2911 3819 3014 3870 sive
3063 3818 3252 3870 ccedam
3297 3817 3518 3871 hominis
3559 3821 3666 3876 sive

2059 3892 2132 3944 ali
2159 3907 2216 3945 as
2241 3890 2402 3944 ccedes
2453 3892 2711 3958 fecissent,
2741 3888 2914 3941 lavare
2967 3903 3166 3951 manus,
3222 3888 3277 3940 in
3309 3890 3664 3958 purgationem

2065 3961 2272 4031 piaculi.
2303 3959 2462 4030 Apud
2486 3969 2672 4031 veteres
2696 3959 2828 4031 enim
2849 3959 3096 4031 Optimum
3116 3966 3185 4031 _et
3211 3975 3364 4031 grave
3388 3960 3667 4015 habebatur

2064 4029 2244 4086 manus
2273 4029 2460 4086 lavare.
2493 4030 2690 4087 Justiti.
2725 4029 2946 4100 Martyr.
2991 4029 3150 4098 Apol.
3181 4044 3218 4083 ιι
3251 4045 3264 4082 :
3301 4030 3366 4083 Et
3423 4031 3664 4086 balneum

2062 4105 2265 4173 quidem
2296 4103 2386 4158 hos
2408 4104 2728 4158 resciscentes
2753 4101 3006 4154 daemones
3045 4117 3077 4152 a
3125 4101 3373 4173 propheta
3403 4104 3660 4171 praedica-

2063 4171 2170 4229 tum
2219 4175 2416 4245 operati
2445 4183 2581 4235 sunt,
2614 4183 2660 4226 et
2687 4173 2826 4241 ipsos
2851 4187 3119 4245 aspergere
3147 4171 3393 4245 adsacra
3418 4189 3514 4226 sua
3566 4190 3658 4227 ac—

2060 4241 2310 4309 cedentes,
2338 4255 2386 4300 et
2414 4245 2683 4298 immittere
2711 4245 2780 4297 eis
2806 4243 3175 4296 constituerunt
3199 4241 3466 4306 libamina,
3500 4253 3548 4296 et
3577 4246 3660 4296 ni-

2059 4318 2209 4371 dores
2235 4317 2360 4371 talia
2385 4316 2700 4388 perﬁcientes
2731 4331 2750 4367 :
2776 4312 3103 4388 per/Sciebant
3143 4327 3258 4388 vero
3287 4322 3342 4364 ut
3363 4313 3659 4388 accedentes

2057 4404 2110 4442 se
2132 4383 2395 4453 lavarent,
2409 4383 2703 4458 priusquam
2729 4386 3056 4458 ascenderem
3085 4383 3152 4458 ad
3178 4398 3327 4436 sacra
3345 4383 3499 4458 ;_inde
3530 4400 3656 4454 pur-

2057 4462 2162 4530 gati
2188 4453 2529 4530 operabantur
2549 4453 2745 4530 sacris._
2764 4455 2869 4508 Sed
2919 4464 2973 4508 et
2982 4453 3201 4530 caedem
3246 4453 3655 4530 credebatit_as-

2057 4522 2295 4600 pergine
2331 4528 2465 4594 tolli,
2523 4526 2666 4596 quod
2698 4525 2844 4579 Maro
2894 4522 3175 4600 nAiJneid.
3234 4525 3468 4600 attingit.
3513 4525 3652 4582 Hinc

2053 4595 2257 4655 Pila'tns
2287 4599 2429 4653 lavat
2477 4595 2689 4662 manus,
2745 4605 2800 4650 ut
2827 4609 2885 4650 se
2916 4596 3214 4660 innoxium,
3264 4595 3351 4649 vel
3381 4599 3654 4654 insontem

2053 4673 2244 4727 mortis
2297 4669 2499 4724 Christi
2527 4668 2785 4724 declaret.
2844 4665 2976 4736 Vide
3026 4666 3174 4720 Matt.
3211 4681 3382 4735 xxvn,
3443 4683 3496 4723 v.
3553 4668 3648 4736 24,

2123 4742 2364 4798 Abluaut.
2397 4740 2472 4796 Ita
2498 4740 2612 4796 fere
2630 4737 2785 4794 Ovid.
2807 4737 2860 4793 in
2887 4735 3065 4800 Fastis
3097 4753 3111 4790 :

2175 4882 2217 4934 Ο
2242 4881 2447 4933 nimium
2469 4877 2758 4942 faciles,gqui
2783 4878 2944 4927 tristia
2969 4876 3174 4942 crimina
3198 4878 3348 4942 caedis

2300 4943 2558 4994 Fluminea
2587 4941 2701 4992 tolli
2719 4953 2861 5003 posse
2882 4941 3064 5004 putatis
3086 4941 3238 5004 aqua!

2123 5071 2454 5128 Sordidatur.
2504 5069 2623 5124 Vox
2667 5067 3032 5124 ecclesiastica
3055 5111 3068 5132 ,
3107 5081 3266 5135 quam
3295 5067 3434 5137 apud
3463 5068 3648 5138 proba:

2049 5144 2328 5199 latinitatis
2353 5151 2601 5197 auctores
2623 5156 2729 5195 non
2755 5140 3028 5208 reperies:
3057 5139 3151 5208 sed
3191 5138 3513 5206 adjectivum
3534 5157 3646 5194 sor-

2049 5215 2257 5270 didatus
2280 5214 2478 5284 passim
2499 5211 2642 5284 apud
2662 5207 3126 5284 Cicerbnem.—_—_U
3132 5209 3186 5261 lli
3209 5224 3384 5284 amnes
3408 5209 3642 5284 abluunt.

2047 5287 2120 5342 Ut
2145 5303 2208 5342 ex
2239 5278 2359 5354 cap.
2390 5285 2461 5340 ‘20
2490 5278 2625 5337 infra
2655 5291 2822 5352 patet,
2854 5282 3015 5354 etiam
3041 5278 3388 5354 hicrespcxit
3418 5279 3486 5334 ad
3518 5280 3638 5337 Cic.

2048 5359 2084 5412 I.
2120 5375 2188 5420 ll,
2221 5358 2289 5412 de
2308 5349 2444 5426 'Leg.
2477 5355 2548 5410 10
2575 5349 2759 5409 :Caste
2778 5353 2920 5426 jubet
2949 5351 3031 5402 lex
3059 5349 3288 5426 adiread
3311 5349 3645 5426 deo_s,animo

2047 5428 2306 5492 videlicet,
2338 5419 2530 5497 in'quo
2558 5434 2677 5497 sunt
2707 5419 2876 5497 omnia
2918 5436 2936 5474 :
2976 5435 3067 5497 nec
3113 5419 3244 5473 tollit
3287 5423 3646 5497 castimoniam

2047 5490 2343 5568 corporis...
2375 5490 2498 5552 nam
2524 5495 2655 5552 illud
2692 5493 2774 5568 vel
2801 5490 3117 5560 aspersione
3136 5507 3353 5558 aqum...
3407 5496 3602 5568 tollitur
3625 5514 3645 5551 :

2047 5565 2207 5624 animi
2233 5569 2370 5625 labes
2399 5585 2488 5623 nec
2514 5565 2852 5621 diuturnitate
2863 5579 3150 5630 vanescere,
3171 5578 3270 5620 nec
3291 5566 3539 5622 amnibus
3561 5568 3647 5622 ul-

2047 5642 2113 5696 lis
2138 5642 2245 5697 elui
2274 5649 2456 5712 potest.
2472 5639 2605 5694 Ben.

2119 5733 2217 5789 Isti
2241 5743 2429 5789 autem.
2464 5731 2590 5786 Mss.
2620 5729 2656 5784 4
2685 5737 2741 5796 et
2769 5737 2892 5785 octo
2937 5727 3088 5796 editi,
3134 5725 3266 5800 Ipsi.
3306 5727 3500 5786 Caeteri
3532 5737 3643 5788 tum

2051 5820 2206 5879 mss.,
2231 5813 2342 5863 tum
2367 5803 2635 5876 impressi,
2677 5801 2702 5856 Ι
2711 5801 2795 5858 sti.

2839 5892 2921 5959 20
