  <div class='ocr_page' id='page_1' title='image "/cluster/home/n/w/nwhite01/storage/ocr_20150623/6/hvd.32044096580345/317.png"; bbox 0 0 4142 6200; ppageno 0'>
   <div class='ocr_carea' id='block_1_1' title="bbox 424 295 532 354">
    <p class='ocr_par' dir='ltr' id='par_1_1' title="bbox 424 295 532 354">
     <span class='ocr_line' id='line_1_1' title="bbox 424 295 532 354; baseline 0 0"><span class='ocrx_word' id='word_1_1' title='bbox 424 295 532 354; x_wconf 75' lang='lat'><strong>625</strong></span> 
     </span>
    </p>
   </div>
   <div class='ocr_carea' id='block_1_2' title="bbox 1494 285 2612 350">
    <p class='ocr_par' dir='ltr' id='par_1_2' title="bbox 1494 285 2612 350">
     <span class='ocr_line' id='line_1_2' title="bbox 1494 285 2612 350; baseline -0.004 -2"><span class='ocrx_word' id='word_1_2' title='bbox 1494 291 1678 348; x_wconf 78' lang='lat' dir='ltr'><strong>FIRM.</strong></span> <span class='ocrx_word' id='word_1_3' title='bbox 1719 288 2094 350; x_wconf 82' lang='lat' dir='ltr'><strong>LACTANTII</strong></span> <span class='ocrx_word' id='word_1_4' title='bbox 2124 286 2331 347; x_wconf 84' lang='lat' dir='ltr'><strong>DIVIN.</strong></span> <span class='ocrx_word' id='word_1_5' title='bbox 2370 285 2612 345; x_wconf 85' lang='lat' dir='ltr'><strong>lNSTI&#39;l&#39;.</strong></span> 
     </span>
    </p>
   </div>
   <div class='ocr_carea' id='block_1_3' title="bbox 3619 277 3764 348">
    <p class='ocr_par' dir='ltr' id='par_1_3' title="bbox 3619 277 3764 348">
     <span class='ocr_line' id='line_1_3' title="bbox 3619 277 3764 348; baseline 0.014 -10"><span class='ocrx_word' id='word_1_6' title='bbox 3619 277 3731 341; x_wconf 55' lang='grc'><strong>624</strong></span> <span class='ocrx_word' id='word_1_7' title='bbox 3753 343 3764 348; x_wconf 35' lang='grc' dir='ltr'><strong><em>ρ</em></strong></span> 
     </span>
    </p>
   </div>
   <div class='ocr_carea' id='block_1_4' title="bbox 419 397 3728 479">
    <p class='ocr_par' dir='ltr' id='par_1_4' title="bbox 419 397 3728 479">
     <span class='ocr_line' id='line_1_4' title="bbox 419 397 3728 479; baseline -0.005 -10"><span class='ocrx_word' id='word_1_8' title='bbox 419 428 485 470; x_wconf 89' lang='lat' dir='ltr'><strong>ea</strong></span> <span class='ocrx_word' id='word_1_9' title='bbox 527 423 650 468; x_wconf 89' lang='lat' dir='ltr'><strong>cum</strong></span> <span class='ocrx_word' id='word_1_10' title='bbox 691 418 876 468; x_wconf 90' lang='lat' dir='ltr'><strong>contra</strong></span> <span class='ocrx_word' id='word_1_11' title='bbox 909 416 1089 466; x_wconf 91' lang='lat' dir='ltr'><strong>metus</strong></span> <span class='ocrx_word' id='word_1_12' title='bbox 1115 406 1424 478; x_wconf 88' lang='lat' dir='ltr'><strong>disserunt,</strong></span> <span class='ocrx_word' id='word_1_13' title='bbox 1455 408 1593 465; x_wconf 87' lang='lat' dir='ltr'><strong>nihil</strong></span> <span class='ocrx_word' id='word_1_14' title='bbox 1619 409 1763 465; x_wconf 82' lang='lat' dir='ltr'><strong>aliud</strong></span> <span class='ocrx_word' id='word_1_15' title='bbox 1803 410 2019 466; x_wconf 84' lang='lat' dir='ltr'><strong>efﬁcere</strong></span> <span class='ocrx_word' id='word_1_16' title='bbox 2044 414 2099 477; x_wconf 75' lang='grc' dir='ltr'><strong>Α</strong></span> <span class='ocrx_word' id='word_1_17' title='bbox 2123 407 2410 479; x_wconf 75' lang='lat' dir='ltr'><strong>quiverint,</strong></span> <span class='ocrx_word' id='word_1_18' title='bbox 2434 405 2684 462; x_wconf 89' lang='lat' dir='ltr'><strong>auferant</strong></span> <span class='ocrx_word' id='word_1_19' title='bbox 2707 397 2931 460; x_wconf 82' lang='lat' dir='ltr'><strong>omnino</strong></span> <span class='ocrx_word' id='word_1_20' title='bbox 2953 401 3022 458; x_wconf 90' lang='lat' dir='ltr'><strong>de</strong></span> <span class='ocrx_word' id='word_1_21' title='bbox 3046 406 3188 459; x_wconf 87' lang='lat' dir='ltr'><strong>terra</strong></span> <span class='ocrx_word' id='word_1_22' title='bbox 3212 442 3228 470; x_wconf 94' lang='lat'><strong>,</strong></span> <span class='ocrx_word' id='word_1_23' title='bbox 3250 413 3321 457; x_wconf 91' lang='lat' dir='ltr'><strong>ne</strong></span> <span class='ocrx_word' id='word_1_24' title='bbox 3349 399 3458 457; x_wconf 90' lang='lat' dir='ltr'><strong>sint</strong></span> <span class='ocrx_word' id='word_1_25' title='bbox 3485 399 3574 470; x_wconf 88' lang='lat' dir='ltr'><strong>qui</strong></span> <span class='ocrx_word' id='word_1_26' title='bbox 3601 415 3728 471; x_wconf 87' lang='lat' dir='ltr'><strong>pos-</strong></span> 
     </span>
    </p>
   </div>
   <div class='ocr_carea' id='block_1_5' title="bbox 421 502 2019 574">
    <p class='ocr_par' dir='ltr' id='par_1_5' title="bbox 421 502 2019 574">
     <span class='ocr_line' id='line_1_5' title="bbox 421 502 2019 574; baseline -0.003 -12"><span class='ocrx_word' id='word_1_27' title='bbox 421 515 725 573; x_wconf 88' lang='lat' dir='ltr'><strong>conantur,</strong></span> <span class='ocrx_word' id='word_1_28' title='bbox 757 519 917 574; x_wconf 91' lang='lat' dir='ltr'><strong>quam</strong></span> <span class='ocrx_word' id='word_1_29' title='bbox 949 512 1008 558; x_wconf 91' lang='lat' dir='ltr'><strong>ut</strong></span> <span class='ocrx_word' id='word_1_30' title='bbox 1053 517 1216 559; x_wconf 92' lang='lat' dir='ltr'><strong>nemo</strong></span> <span class='ocrx_word' id='word_1_31' title='bbox 1260 502 1395 558; x_wconf 90' lang='lat' dir='ltr'><strong>deos</strong></span> <span class='ocrx_word' id='word_1_32' title='bbox 1455 502 1660 558; x_wconf 88' lang='lat' dir='ltr'><strong>timeat.</strong></span> <span class='ocrx_word' id='word_1_33' title='bbox 1703 503 1769 558; x_wconf 86' lang='lat' dir='ltr'><strong>Et</strong></span> <span class='ocrx_word' id='word_1_34' title='bbox 1798 502 1914 557; x_wconf 66' lang='lat' dir='ltr'><strong>haec</strong></span> <span class='ocrx_word' id='word_1_35' title='bbox 1941 512 2019 558; x_wconf 87' lang='lat' dir='ltr'><strong>ta-</strong></span> 
     </span>
    </p>
   </div>
   <div class='ocr_carea' id='block_1_6' title="bbox 424 596 2019 666">
    <p class='ocr_par' dir='ltr' id='par_1_6' title="bbox 424 596 2019 666">
     <span class='ocr_line' id='line_1_6' title="bbox 424 596 2019 666; baseline -0.002 -10"><span class='ocrx_word' id='word_1_36' title='bbox 424 616 549 657; x_wconf 92' lang='lat' dir='ltr'><strong>men</strong></span> <span class='ocrx_word' id='word_1_37' title='bbox 577 599 646 654; x_wconf 92' lang='lat' dir='ltr'><strong>ab</strong></span> <span class='ocrx_word' id='word_1_38' title='bbox 683 599 995 656; x_wconf 89' lang='lat' dir='ltr'><strong>hominibus</strong></span> <span class='ocrx_word' id='word_1_39' title='bbox 1022 606 1079 654; x_wconf 91' lang='lat' dir='ltr'><strong>et</strong></span> <span class='ocrx_word' id='word_1_40' title='bbox 1121 597 1417 654; x_wconf 91' lang='lat' dir='ltr'><strong>audiuntur</strong></span> <span class='ocrx_word' id='word_1_41' title='bbox 1458 596 1712 666; x_wconf 75' lang='lat' dir='ltr'><strong>libenter,</strong></span> <span class='ocrx_word' id='word_1_42' title='bbox 1745 606 1800 654; x_wconf 89' lang='lat' dir='ltr'><strong>et</strong></span> <span class='ocrx_word' id='word_1_43' title='bbox 1842 597 2019 653; x_wconf 89' lang='lat' dir='ltr'><strong>disse-</strong></span> 
     </span>
    </p>
   </div>
   <div class='ocr_carea' id='block_1_7' title="bbox 425 692 878 764">
    <p class='ocr_par' dir='ltr' id='par_1_7' title="bbox 425 692 878 764">
     <span class='ocr_line' id='line_1_7' title="bbox 425 692 878 764; baseline 0 -16"><span class='ocrx_word' id='word_1_44' title='bbox 425 699 619 749; x_wconf 79' lang='lat' dir='ltr'><strong>runtur</strong></span> <span class='ocrx_word' id='word_1_45' title='bbox 635 692 878 764; x_wconf 88' lang='lat' dir='ltr'><strong>impune.</strong></span> 
     </span>
    </p>
   </div>
   <div class='ocr_carea' id='block_1_8' title="bbox 1003 804 1471 862">
    <p class='ocr_par' dir='ltr' id='par_1_8' title="bbox 1003 804 1471 862">
     <span class='ocr_line' id='line_1_8' title="bbox 1003 804 1471 862; baseline -0.006 0"><span class='ocrx_word' id='word_1_46' title='bbox 1003 804 1233 862; x_wconf 84' lang='lat' dir='ltr'><strong>CAPUT</strong></span> <span class='ocrx_word' id='word_1_47' title='bbox 1261 804 1428 861; x_wconf 78' lang='lat' dir='ltr'><strong>XXII.</strong></span> <span class='ocrx_word' id='word_1_48' title='bbox 1456 805 1471 836; x_wconf 48' lang='grc' dir='ltr'><strong>Ἰ</strong></span> 
     </span>
    </p>
   </div>
   <div class='ocr_carea' id='block_1_9' title="bbox 423 923 2023 996">
    <p class='ocr_par' dir='ltr' id='par_1_9' title="bbox 423 923 2023 996">
     <span class='ocr_line' id='line_1_9' title="bbox 423 923 2023 996; baseline -0.003 -14"><span class='ocrx_word' id='word_1_49' title='bbox 423 926 502 982; x_wconf 86' lang='lat' dir='ltr'><strong>De</strong></span> <span class='ocrx_word' id='word_1_50' title='bbox 526 925 700 996; x_wconf 76' lang='lat' dir='ltr'><strong>furore</strong></span> <span class='ocrx_word' id='word_1_51' title='bbox 727 925 1015 983; x_wconf 57' lang='lat' dir='ltr'><strong>daemonum</strong></span> <span class='ocrx_word' id='word_1_52' title='bbox 1041 927 1096 981; x_wconf 87' lang='lat' dir='ltr'><strong>in</strong></span> <span class='ocrx_word' id='word_1_53' title='bbox 1123 925 1441 982; x_wconf 85' lang='lat' dir='ltr'><strong>Christianos</strong></span> <span class='ocrx_word' id='word_1_54' title='bbox 1465 967 1481 994; x_wconf 93' lang='lat'><strong>,</strong></span> <span class='ocrx_word' id='word_1_55' title='bbox 1546 933 1594 980; x_wconf 88' lang='lat' dir='ltr'><strong>et</strong></span> <span class='ocrx_word' id='word_1_56' title='bbox 1616 941 1787 980; x_wconf 83' lang='lat' dir='ltr'><strong>errore</strong></span> <span class='ocrx_word' id='word_1_57' title='bbox 1831 923 2023 994; x_wconf 79' lang='lat' dir='ltr'><strong>inﬁde-</strong></span> 
     </span>
    </p>
   </div>
   <div class='ocr_carea' id='block_1_10' title="bbox 434 1012 1306 1084">
    <p class='ocr_par' dir='ltr' id='par_1_10' title="bbox 434 1012 1306 1084">
     <span class='ocr_line' id='line_1_10' title="bbox 434 1012 1306 1084; baseline 0.001 -11"><span class='ocrx_word' id='word_1_58' title='bbox 434 1012 448 1021; x_wconf 73' lang='grc'><em>’</em></span> <span class='ocrx_word' id='word_1_59' title='bbox 1123 1071 1130 1084; x_wconf 83' lang='grc'>,</span> <span class='ocrx_word' id='word_1_60' title='bbox 1160 1019 1306 1074; x_wconf 86' lang='lat' dir='ltr'><strong>lium.</strong></span> 
     </span>
    </p>
   </div>
   <div class='ocr_carea' id='block_1_11' title="bbox 496 1154 2025 1235">
    <p class='ocr_par' dir='ltr' id='par_1_11' title="bbox 496 1154 2025 1235">
     <span class='ocr_line' id='line_1_11' title="bbox 496 1154 2025 1235; baseline -0.007 -16"><span class='ocrx_word' id='word_1_61' title='bbox 496 1163 615 1219; x_wconf 86' lang='lat' dir='ltr'><strong>Non</strong></span> <span class='ocrx_word' id='word_1_62' title='bbox 654 1177 783 1235; x_wconf 91' lang='lat' dir='ltr'><strong>ergo</strong></span> <span class='ocrx_word' id='word_1_63' title='bbox 830 1161 953 1218; x_wconf 89' lang='lat' dir='ltr'><strong>ideo</strong></span> <span class='ocrx_word' id='word_1_64' title='bbox 992 1161 1250 1216; x_wconf 86' lang='lat' dir='ltr'><strong>adversus</strong></span> <span class='ocrx_word' id='word_1_65' title='bbox 1293 1173 1396 1215; x_wconf 91' lang='lat' dir='ltr'><strong>nos</strong></span> <span class='ocrx_word' id='word_1_66' title='bbox 1444 1158 1740 1224; x_wconf 90' lang='lat' dir='ltr'><strong>insaniunt,</strong></span> <span class='ocrx_word' id='word_1_67' title='bbox 1789 1155 1911 1227; x_wconf 90' lang='lat' dir='ltr'><strong>quia</strong></span> <span class='ocrx_word' id='word_1_68' title='bbox 1951 1154 2025 1210; x_wconf 91' lang='lat' dir='ltr'><strong>dii</strong></span> 
     </span>
    </p>
   </div>
   <div class='ocr_carea' id='block_1_12' title="bbox 424 1252 2024 1322">
    <p class='ocr_par' dir='ltr' id='par_1_12' title="bbox 424 1252 2024 1322">
     <span class='ocr_line' id='line_1_12' title="bbox 424 1252 2024 1322; baseline -0.006 -12"><span class='ocrx_word' id='word_1_69' title='bbox 424 1270 533 1310; x_wconf 91' lang='lat' dir='ltr'><strong>non</strong></span> <span class='ocrx_word' id='word_1_70' title='bbox 559 1255 808 1312; x_wconf 90' lang='lat' dir='ltr'><strong>coluntur</strong></span> <span class='ocrx_word' id='word_1_71' title='bbox 828 1270 859 1310; x_wconf 89' lang='lat' dir='ltr'><strong>a</strong></span> <span class='ocrx_word' id='word_1_72' title='bbox 880 1253 1038 1309; x_wconf 86' lang='lat' dir='ltr'><strong>nobis</strong></span> <span class='ocrx_word' id='word_1_73' title='bbox 1063 1271 1077 1309; x_wconf 92' lang='lat'><strong>:</strong></span> <span class='ocrx_word' id='word_1_74' title='bbox 1107 1253 1201 1308; x_wconf 93' lang='lat' dir='ltr'><strong>sed</strong></span> <span class='ocrx_word' id='word_1_75' title='bbox 1223 1252 1348 1322; x_wconf 88' lang='lat' dir='ltr'><strong>quia</strong></span> <span class='ocrx_word' id='word_1_76' title='bbox 1370 1252 1571 1308; x_wconf 89' lang='lat' dir='ltr'><strong>veritas</strong></span> <span class='ocrx_word' id='word_1_77' title='bbox 1605 1263 1774 1322; x_wconf 88' lang='lat' dir='ltr'><strong>penes</strong></span> <span class='ocrx_word' id='word_1_78' title='bbox 1801 1263 1898 1303; x_wconf 92' lang='lat' dir='ltr'><strong>nos</strong></span> <span class='ocrx_word' id='word_1_79' title='bbox 1920 1257 2024 1313; x_wconf 90' lang='lat' dir='ltr'><strong>est,</strong></span> 
     </span>
    </p>
   </div>
   <div class='ocr_carea' id='block_1_13' title="bbox 424 1342 2030 1420">
    <p class='ocr_par' dir='ltr' id='par_1_13' title="bbox 424 1342 2030 1420">
     <span class='ocr_line' id='line_1_13' title="bbox 424 1342 2030 1420; baseline -0.005 -17"><span class='ocrx_word' id='word_1_80' title='bbox 424 1364 544 1420; x_wconf 71' lang='lat' dir='ltr'><strong>qua:</strong></span> <span class='ocrx_word' id='word_1_81' title='bbox 572 1347 652 1419; x_wconf 93' lang='lat' dir='ltr'><strong>(ut</strong></span> <span class='ocrx_word' id='word_1_82' title='bbox 677 1357 762 1403; x_wconf 93' lang='lat' dir='ltr'><strong>est</strong></span> <span class='ocrx_word' id='word_1_83' title='bbox 790 1349 1070 1417; x_wconf 71' lang='lat' dir='ltr'><strong>verissime</strong></span> <span class='ocrx_word' id='word_1_84' title='bbox 1098 1345 1325 1415; x_wconf 88' lang='lat' dir='ltr'><strong>dictum)</strong></span> <span class='ocrx_word' id='word_1_85' title='bbox 1353 1346 1533 1401; x_wconf 91' lang='lat' dir='ltr'><strong>odium</strong></span> <span class='ocrx_word' id='word_1_86' title='bbox 1559 1345 1719 1416; x_wconf 82' lang='lat' dir='ltr'><strong>parit.</strong></span> <span class='ocrx_word' id='word_1_87' title='bbox 1767 1342 1904 1411; x_wconf 87' lang='lat' dir='ltr'><strong>Quid</strong></span> <span class='ocrx_word' id='word_1_88' title='bbox 1932 1342 2030 1412; x_wconf 85' lang='lat' dir='ltr'><strong>igi-</strong></span> 
     </span>
    </p>
   </div>
   <div class='ocr_carea' id='block_1_14' title="bbox 423 1433 2029 1506">
    <p class='ocr_par' dir='ltr' id='par_1_14' title="bbox 423 1433 2029 1506">
     <span class='ocr_line' id='line_1_14' title="bbox 423 1433 2029 1506; baseline -0.005 -12"><span class='ocrx_word' id='word_1_89' title='bbox 423 1448 512 1495; x_wconf 86' lang='lat' dir='ltr'><strong>tur</strong></span> <span class='ocrx_word' id='word_1_90' title='bbox 537 1439 996 1502; x_wconf 72' lang='lat' dir='ltr'><strong>existimabimus,</strong></span> <span class='ocrx_word' id='word_1_91' title='bbox 1027 1438 1130 1492; x_wconf 90' lang='lat' dir='ltr'><strong>nisi</strong></span> <span class='ocrx_word' id='word_1_92' title='bbox 1167 1437 1376 1492; x_wconf 87' lang='lat' dir='ltr'><strong>nescire</strong></span> <span class='ocrx_word' id='word_1_93' title='bbox 1403 1438 1524 1491; x_wconf 90' lang='lat' dir='ltr'><strong>illos</strong></span> <span class='ocrx_word' id='word_1_94' title='bbox 1553 1435 1678 1506; x_wconf 88' lang='lat' dir='ltr'><strong>quid</strong></span> <span class='ocrx_word' id='word_1_95' title='bbox 1709 1433 2029 1506; x_wconf 86' lang='lat' dir='ltr'><strong>patiantur?</strong></span> 
     </span>
    </p>
   </div>
   <div class='ocr_carea' id='block_1_15' title="bbox 420 1528 2032 1603">
    <p class='ocr_par' dir='ltr' id='par_1_15' title="bbox 420 1528 2032 1603">
     <span class='ocr_line' id='line_1_15' title="bbox 420 1528 2032 1603; baseline -0.006 -15"><span class='ocrx_word' id='word_1_96' title='bbox 420 1531 668 1603; x_wconf 85' lang='lat' dir='ltr'><strong>Pergitur</strong></span> <span class='ocrx_word' id='word_1_97' title='bbox 689 1533 830 1587; x_wconf 91' lang='lat' dir='ltr'><strong>enim</strong></span> <span class='ocrx_word' id='word_1_98' title='bbox 853 1546 996 1586; x_wconf 85' lang='lat' dir='ltr'><strong>caeco</strong></span> <span class='ocrx_word' id='word_1_99' title='bbox 1022 1539 1078 1584; x_wconf 87' lang='lat' dir='ltr'><strong>et</strong></span> <span class='ocrx_word' id='word_1_100' title='bbox 1105 1529 1462 1584; x_wconf 81' lang='lat' dir='ltr'><strong>irrationabili</strong></span> <span class='ocrx_word' id='word_1_101' title='bbox 1491 1528 1710 1592; x_wconf 89' lang='lat' dir='ltr'><strong>furore;</strong></span> <span class='ocrx_word' id='word_1_102' title='bbox 1740 1541 1900 1596; x_wconf 88' lang='lat' dir='ltr'><strong>quem</strong></span> <span class='ocrx_word' id='word_1_103' title='bbox 1932 1538 2032 1579; x_wconf 89' lang='lat' dir='ltr'><strong>nos</strong></span> 
     </span>
    </p>
   </div>
   <div class='ocr_carea' id='block_1_16' title="bbox 418 1619 2030 1690">
    <p class='ocr_par' dir='ltr' id='par_1_16' title="bbox 418 1619 2030 1690">
     <span class='ocr_line' id='line_1_16' title="bbox 418 1619 2030 1690; baseline -0.004 -10"><span class='ocrx_word' id='word_1_104' title='bbox 418 1626 684 1688; x_wconf 81' lang='lat' dir='ltr'><strong>videmus,</strong></span> <span class='ocrx_word' id='word_1_105' title='bbox 711 1625 786 1679; x_wconf 89' lang='lat' dir='ltr'><strong>illi</strong></span> <span class='ocrx_word' id='word_1_106' title='bbox 817 1623 1087 1678; x_wconf 89' lang='lat' dir='ltr'><strong>nesciunt.</strong></span> <span class='ocrx_word' id='word_1_107' title='bbox 1115 1621 1233 1676; x_wconf 93' lang='lat' dir='ltr'><strong>Non</strong></span> <span class='ocrx_word' id='word_1_108' title='bbox 1261 1620 1403 1676; x_wconf 83' lang='lat' dir='ltr'><strong>enim</strong></span> <span class='ocrx_word' id='word_1_109' title='bbox 1434 1621 1533 1690; x_wconf 89' lang='lat' dir='ltr'><strong>ipsi</strong></span> <span class='ocrx_word' id='word_1_110' title='bbox 1566 1619 1815 1675; x_wconf 88' lang='lat' dir='ltr'><strong>homines</strong></span> <span class='ocrx_word' id='word_1_111' title='bbox 1842 1632 2030 1688; x_wconf 87' lang='lat' dir='ltr'><strong>perse-</strong></span> 
     </span>
    </p>
   </div>
   <div class='ocr_carea' id='block_1_17' title="bbox 422 1712 2030 1787">
    <p class='ocr_par' dir='ltr' id='par_1_17' title="bbox 422 1712 2030 1787">
     <span class='ocr_line' id='line_1_17' title="bbox 422 1712 2030 1787; baseline -0.003 -16"><span class='ocrx_word' id='word_1_112' title='bbox 422 1726 680 1787; x_wconf 91' lang='lat' dir='ltr'><strong>quuntur,</strong></span> <span class='ocrx_word' id='word_1_113' title='bbox 711 1717 801 1786; x_wconf 87' lang='lat' dir='ltr'><strong>qui</strong></span> <span class='ocrx_word' id='word_1_114' title='bbox 823 1729 1040 1769; x_wconf 85' lang='lat' dir='ltr'><strong>causam</strong></span> <span class='ocrx_word' id='word_1_115' title='bbox 1065 1729 1161 1769; x_wconf 91' lang='lat' dir='ltr'><strong>cur</strong></span> <span class='ocrx_word' id='word_1_116' title='bbox 1189 1714 1490 1768; x_wconf 88' lang='lat' dir='ltr'><strong>irascantur</strong></span> <span class='ocrx_word' id='word_1_117' title='bbox 1518 1712 1900 1768; x_wconf 88' lang='lat' dir='ltr'><strong>innocentibus</strong></span> <span class='ocrx_word' id='word_1_118' title='bbox 1919 1727 2030 1766; x_wconf 90' lang='lat' dir='ltr'><strong>non</strong></span> 
     </span>
    </p>
   </div>
   <div class='ocr_carea' id='block_1_18' title="bbox 2122 493 3728 571">
    <p class='ocr_par' dir='ltr' id='par_1_18' title="bbox 2122 493 3728 571">
     <span class='ocr_line' id='line_1_18' title="bbox 2122 493 3728 571; baseline -0.006 -12"><span class='ocrx_word' id='word_1_119' title='bbox 2122 505 2439 559; x_wconf 91' lang='lat' dir='ltr'><strong>sinteorum</strong></span> <span class='ocrx_word' id='word_1_120' title='bbox 2477 498 2772 571; x_wconf 84' lang='lat' dir='ltr'><strong>nequitiam</strong></span> <span class='ocrx_word' id='word_1_121' title='bbox 2823 511 3104 554; x_wconf 84' lang='lat' dir='ltr'><strong>coercere.</strong></span> <span class='ocrx_word' id='word_1_122' title='bbox 3129 495 3248 552; x_wconf 82' lang='lat' dir='ltr'><strong>Non</strong></span> <span class='ocrx_word' id='word_1_123' title='bbox 3291 510 3379 552; x_wconf 92' lang='lat' dir='ltr'><strong>me</strong></span> <span class='ocrx_word' id='word_1_124' title='bbox 3423 493 3558 566; x_wconf 81' lang='lat' dir='ltr'><strong>fugit</strong></span> <span class='ocrx_word' id='word_1_125' title='bbox 3599 493 3728 565; x_wconf 91' lang='lat' dir='ltr'><strong>quid</strong></span> 
     </span>
    </p>
   </div>
   <div class='ocr_carea' id='block_1_19' title="bbox 2123 588 3731 668">
    <p class='ocr_par' dir='ltr' id='par_1_19' title="bbox 2123 588 3731 668">
     <span class='ocr_line' id='line_1_19' title="bbox 2123 588 3731 668; baseline -0.005 -16"><span class='ocrx_word' id='word_1_126' title='bbox 2123 595 2439 668; x_wconf 90' lang='lat' dir='ltr'><strong>responderi</strong></span> <span class='ocrx_word' id='word_1_127' title='bbox 2463 610 2494 651; x_wconf 95' lang='lat' dir='ltr'><strong>e</strong></span> <span class='ocrx_word' id='word_1_128' title='bbox 2517 593 2792 650; x_wconf 90' lang='lat' dir='ltr'><strong>contrario</strong></span> <span class='ocrx_word' id='word_1_129' title='bbox 2820 592 3016 664; x_wconf 87' lang='lat' dir='ltr'><strong>possit.</strong></span> <span class='ocrx_word' id='word_1_130' title='bbox 3038 589 3150 647; x_wconf 90' lang='lat' dir='ltr'><strong>Cur</strong></span> <span class='ocrx_word' id='word_1_131' title='bbox 3174 606 3305 662; x_wconf 87' lang='lat' dir='ltr'><strong>ergo</strong></span> <span class='ocrx_word' id='word_1_132' title='bbox 3340 591 3482 646; x_wconf 88' lang='lat' dir='ltr'><strong>Deus</strong></span> <span class='ocrx_word' id='word_1_133' title='bbox 3508 588 3598 645; x_wconf 92' lang='lat' dir='ltr'><strong>ille</strong></span> <span class='ocrx_word' id='word_1_134' title='bbox 3617 589 3731 645; x_wconf 82' lang='lat' dir='ltr'><strong>sin-</strong></span> 
     </span>
    </p>
   </div>
   <div class='ocr_carea' id='block_1_20' title="bbox 2123 687 3731 760">
    <p class='ocr_par' dir='ltr' id='par_1_20' title="bbox 2123 687 3731 760">
     <span class='ocr_line' id='line_1_20' title="bbox 2123 687 3731 760; baseline -0.002 -16"><span class='ocrx_word' id='word_1_135' title='bbox 2123 689 2344 760; x_wconf 89' lang='lat' dir='ltr'><strong>gularis,</strong></span> <span class='ocrx_word' id='word_1_136' title='bbox 2385 687 2480 744; x_wconf 92' lang='lat' dir='ltr'><strong>ille</strong></span> <span class='ocrx_word' id='word_1_137' title='bbox 2506 701 2732 758; x_wconf 90' lang='lat' dir='ltr'><strong>magnus</strong></span> <span class='ocrx_word' id='word_1_138' title='bbox 2753 728 2768 754; x_wconf 98' lang='lat'><strong>,</strong></span> <span class='ocrx_word' id='word_1_139' title='bbox 2807 701 2968 758; x_wconf 90' lang='lat' dir='ltr'><strong>quem</strong></span> <span class='ocrx_word' id='word_1_140' title='bbox 2996 700 3177 742; x_wconf 89' lang='lat' dir='ltr'><strong>rerum</strong></span> <span class='ocrx_word' id='word_1_141' title='bbox 3205 693 3478 756; x_wconf 90' lang='lat' dir='ltr'><strong>potentem</strong></span> <span class='ocrx_word' id='word_1_142' title='bbox 3505 725 3518 749; x_wconf 94' lang='lat'><strong>,</strong></span> <span class='ocrx_word' id='word_1_143' title='bbox 3572 698 3731 753; x_wconf 88' lang='lat' dir='ltr'><strong>quem</strong></span> 
     </span>
    </p>
   </div>
   <div class='ocr_carea' id='block_1_21' title="bbox 2127 776 3734 849">
    <p class='ocr_par' dir='ltr' id='par_1_21' title="bbox 2127 776 3734 849">
     <span class='ocr_line' id='line_1_21' title="bbox 2127 776 3734 849; baseline -0.002 -11"><span class='ocrx_word' id='word_1_144' title='bbox 2127 783 2404 838; x_wconf 89' lang='lat' dir='ltr'><strong>dominum</strong></span> <span class='ocrx_word' id='word_1_145' title='bbox 2439 781 2681 838; x_wconf 88' lang='lat' dir='ltr'><strong>omnium</strong></span> <span class='ocrx_word' id='word_1_146' title='bbox 2709 779 2987 837; x_wconf 86' lang='lat' dir='ltr'><strong>confiteris</strong></span> <span class='ocrx_word' id='word_1_147' title='bbox 3012 821 3028 849; x_wconf 96' lang='lat'><strong>,</strong></span> <span class='ocrx_word' id='word_1_148' title='bbox 3057 778 3176 834; x_wconf 66' lang='lat' dir='ltr'><strong>haec</strong></span> <span class='ocrx_word' id='word_1_149' title='bbox 3214 776 3332 834; x_wconf 90' lang='lat' dir='ltr'><strong>ﬁeri</strong></span> <span class='ocrx_word' id='word_1_150' title='bbox 3371 777 3600 848; x_wconf 86' lang='lat' dir='ltr'><strong>patitur;</strong></span> <span class='ocrx_word' id='word_1_151' title='bbox 3630 791 3734 835; x_wconf 85' lang='lat' dir='ltr'><strong>nec</strong></span> 
     </span>
    </p>
   </div>
   <div class='ocr_carea' id='block_1_22' title="bbox 2131 868 3737 940">
    <p class='ocr_par' dir='ltr' id='par_1_22' title="bbox 2131 868 3737 940">
     <span class='ocr_line' id='line_1_22' title="bbox 2131 868 3737 940; baseline -0.004 -10"><span class='ocrx_word' id='word_1_152' title='bbox 2131 876 2370 931; x_wconf 90' lang='lat' dir='ltr'><strong>cultores</strong></span> <span class='ocrx_word' id='word_1_153' title='bbox 2412 888 2542 930; x_wconf 91' lang='lat' dir='ltr'><strong>suos</strong></span> <span class='ocrx_word' id='word_1_154' title='bbox 2568 882 2661 929; x_wconf 88' lang='lat' dir='ltr'><strong>aut</strong></span> <span class='ocrx_word' id='word_1_155' title='bbox 2686 872 2926 928; x_wconf 90' lang='lat' dir='ltr'><strong>vindicat</strong></span> <span class='ocrx_word' id='word_1_156' title='bbox 2949 913 2965 939; x_wconf 96' lang='lat'><strong>,</strong></span> <span class='ocrx_word' id='word_1_157' title='bbox 2996 882 3090 927; x_wconf 86' lang='lat' dir='ltr'><strong>aut</strong></span> <span class='ocrx_word' id='word_1_158' title='bbox 3121 871 3340 927; x_wconf 86' lang='lat' dir='ltr'><strong>tuetur?</strong></span> <span class='ocrx_word' id='word_1_159' title='bbox 3366 869 3476 925; x_wconf 88' lang='lat' dir='ltr'><strong>Cur</strong></span> <span class='ocrx_word' id='word_1_160' title='bbox 3501 868 3737 940; x_wconf 89' lang='lat' dir='ltr'><strong>denique</strong></span> 
     </span>
    </p>
   </div>
   <div class='ocr_carea' id='block_1_23' title="bbox 2129 961 3806 1036">
    <p class='ocr_par' dir='ltr' id='par_1_23' title="bbox 2129 961 3806 1036">
     <span class='ocr_line' id='line_1_23' title="bbox 2129 961 3806 1036; baseline -0.002 -16"><span class='ocrx_word' id='word_1_161' title='bbox 2129 967 2221 1036; x_wconf 88' lang='lat' dir='ltr'><strong>qui</strong></span> <span class='ocrx_word' id='word_1_162' title='bbox 2245 981 2368 1022; x_wconf 93' lang='lat' dir='ltr'><strong>eum</strong></span> <span class='ocrx_word' id='word_1_163' title='bbox 2399 981 2506 1021; x_wconf 92' lang='lat' dir='ltr'><strong>non</strong></span> <span class='ocrx_word' id='word_1_164' title='bbox 2534 965 2739 1033; x_wconf 91' lang='lat' dir='ltr'><strong>colunt,</strong></span> <span class='ocrx_word' id='word_1_165' title='bbox 2765 972 2821 1021; x_wconf 92' lang='lat' dir='ltr'><strong>et</strong></span> <span class='ocrx_word' id='word_1_166' title='bbox 2848 963 3116 1036; x_wconf 88' lang='lat' dir='ltr'><strong>opulenti,</strong></span> <span class='ocrx_word' id='word_1_167' title='bbox 3140 972 3195 1019; x_wconf 91' lang='lat' dir='ltr'><strong>et</strong></span> <span class='ocrx_word' id='word_1_168' title='bbox 3221 971 3488 1035; x_wconf 87' lang='lat' dir='ltr'><strong>potentes,</strong></span> <span class='ocrx_word' id='word_1_169' title='bbox 3516 970 3570 1017; x_wconf 90' lang='lat' dir='ltr'><strong>et</strong></span> <span class='ocrx_word' id='word_1_170' title='bbox 3590 961 3733 1017; x_wconf 84' lang='lat' dir='ltr'><strong>beati</strong></span> <span class='ocrx_word' id='word_1_171' title='bbox 3797 971 3806 980; x_wconf 93' lang='lat'>&#39;</span> 
     </span>
    </p>
   </div>
   <div class='ocr_carea' id='block_1_24' title="bbox 2129 1055 3734 1130">
    <p class='ocr_par' dir='ltr' id='par_1_24' title="bbox 2129 1055 3734 1130">
     <span class='ocr_line' id='line_1_24' title="bbox 2129 1055 3734 1130; baseline -0.005 -12"><span class='ocrx_word' id='word_1_172' title='bbox 2129 1070 2276 1130; x_wconf 86' lang='lat' dir='ltr'><strong>sunt,</strong></span> <span class='ocrx_word' id='word_1_173' title='bbox 2308 1069 2364 1118; x_wconf 93' lang='lat' dir='ltr'><strong>et</strong></span> <span class='ocrx_word' id='word_1_174' title='bbox 2391 1059 2690 1116; x_wconf 82' lang='lat' dir='ltr'><strong>honoribus</strong></span> <span class='ocrx_word' id='word_1_175' title='bbox 2719 1073 2990 1130; x_wconf 87' lang='lat' dir='ltr'><strong>regnoque</strong></span> <span class='ocrx_word' id='word_1_176' title='bbox 3018 1057 3328 1129; x_wconf 89' lang='lat' dir='ltr'><strong>potiuntur;</strong></span> <span class='ocrx_word' id='word_1_177' title='bbox 3360 1071 3564 1128; x_wconf 92' lang='lat' dir='ltr'><strong>eosque</strong></span> <span class='ocrx_word' id='word_1_178' title='bbox 3586 1055 3734 1126; x_wconf 86' lang='lat' dir='ltr'><strong>ipsos</strong></span> 
     </span>
    </p>
   </div>
   <div class='ocr_carea' id='block_1_25' title="bbox 2133 1149 3402 1230">
    <p class='ocr_par' dir='ltr' id='par_1_25' title="bbox 2133 1149 3402 1230">
     <span class='ocr_line' id='line_1_25' title="bbox 2133 1149 3402 1230; baseline -0.006 -19"><span class='ocrx_word' id='word_1_179' title='bbox 2133 1154 2322 1211; x_wconf 90' lang='lat' dir='ltr'><strong>ditioni</strong></span> <span class='ocrx_word' id='word_1_180' title='bbox 2348 1169 2460 1210; x_wconf 74' lang='lat' dir='ltr'><strong>suae</strong></span> <span class='ocrx_word' id='word_1_181' title='bbox 2487 1169 2550 1210; x_wconf 90' lang='lat' dir='ltr'><strong>ac</strong></span> <span class='ocrx_word' id='word_1_182' title='bbox 2571 1153 2825 1230; x_wconf 69' lang='lat' dir='ltr'><strong>potestati</strong></span> <span class='ocrx_word' id='word_1_183' title='bbox 2856 1151 3133 1222; x_wconf 88' lang='lat' dir='ltr'><strong>subjectos</strong></span> <span class='ocrx_word' id='word_1_184' title='bbox 3165 1149 3402 1206; x_wconf 81' lang='lat' dir='ltr'><strong>habent?</strong></span> 
     </span>
    </p>
   </div>
   <div class='ocr_carea' id='block_1_26' title="bbox 2211 1243 3744 1318">
    <p class='ocr_par' dir='ltr' id='par_1_26' title="bbox 2211 1243 3744 1318">
     <span class='ocr_line' id='line_1_26' title="bbox 2211 1243 3744 1318; baseline -0.005 -13"><span class='ocrx_word' id='word_1_185' title='bbox 2211 1248 2508 1305; x_wconf 84' lang='lat' dir='ltr'><strong>Reddenda</strong></span> <span class='ocrx_word' id='word_1_186' title='bbox 2548 1258 2604 1305; x_wconf 87' lang='lat' dir='ltr'><strong>et</strong></span> <span class='ocrx_word' id='word_1_187' title='bbox 2630 1248 2789 1318; x_wconf 88' lang='lat' dir='ltr'><strong>hujus</strong></span> <span class='ocrx_word' id='word_1_188' title='bbox 2817 1247 2891 1301; x_wconf 88' lang='lat' dir='ltr'><strong>rei</strong></span> <span class='ocrx_word' id='word_1_189' title='bbox 2921 1246 3058 1301; x_wconf 86' lang='lat' dir='ltr'><strong>ratio</strong></span> <span class='ocrx_word' id='word_1_190' title='bbox 3080 1253 3183 1312; x_wconf 89' lang='lat' dir='ltr'><strong>est,</strong></span> <span class='ocrx_word' id='word_1_191' title='bbox 3211 1259 3278 1300; x_wconf 91' lang='lat' dir='ltr'><strong>ne</strong></span> <span class='ocrx_word' id='word_1_192' title='bbox 3307 1243 3434 1313; x_wconf 90' lang='lat' dir='ltr'><strong>quid</strong></span> <span class='ocrx_word' id='word_1_193' title='bbox 3467 1250 3744 1299; x_wconf 82' lang='lat' dir='ltr'><strong>remaneat</strong></span> 
     </span>
    </p>
   </div>
   <div class='ocr_carea' id='block_1_27' title="bbox 2135 1335 3745 1414">
    <p class='ocr_par' dir='ltr' id='par_1_27' title="bbox 2135 1335 3745 1414">
     <span class='ocr_line' id='line_1_27' title="bbox 2135 1335 3745 1414; baseline -0.006 -15"><span class='ocrx_word' id='word_1_194' title='bbox 2135 1342 2355 1399; x_wconf 88' lang='lat' dir='ltr'><strong>erroris.</strong></span> <span class='ocrx_word' id='word_1_195' title='bbox 2375 1340 2508 1397; x_wconf 89' lang='lat' dir='ltr'><strong>Nam</strong></span> <span class='ocrx_word' id='word_1_196' title='bbox 2539 1339 2593 1396; x_wconf 91' lang='lat' dir='ltr'><strong>in</strong></span> <span class='ocrx_word' id='word_1_197' title='bbox 2614 1339 2803 1410; x_wconf 89' lang='lat' dir='ltr'><strong>primis</strong></span> <span class='ocrx_word' id='word_1_198' title='bbox 2831 1339 2952 1394; x_wconf 67' lang='lat' dir='ltr'><strong>haec</strong></span> <span class='ocrx_word' id='word_1_199' title='bbox 2976 1352 3140 1393; x_wconf 91' lang='lat' dir='ltr'><strong>causa</strong></span> <span class='ocrx_word' id='word_1_200' title='bbox 3169 1344 3256 1392; x_wconf 92' lang='lat' dir='ltr'><strong>est</strong></span> <span class='ocrx_word' id='word_1_201' title='bbox 3280 1351 3377 1392; x_wconf 92' lang='lat' dir='ltr'><strong>cur</strong></span> <span class='ocrx_word' id='word_1_202' title='bbox 3403 1335 3745 1414; x_wconf 82' lang='lat' dir='ltr'><strong>existimetur</strong></span> 
     </span>
    </p>
   </div>
   <div class='ocr_carea' id='block_1_28' title="bbox 2136 1425 3747 1504">
    <p class='ocr_par' dir='ltr' id='par_1_28' title="bbox 2136 1425 3747 1504">
     <span class='ocr_line' id='line_1_28' title="bbox 2136 1425 3747 1504; baseline -0.006 -14"><span class='ocrx_word' id='word_1_203' title='bbox 2136 1434 2326 1504; x_wconf 78' lang='lat' dir='ltr'><strong>religio</strong></span> <span class='ocrx_word' id='word_1_204' title='bbox 2356 1431 2450 1487; x_wconf 89' lang='lat' dir='ltr'><strong>Dei</strong></span> <span class='ocrx_word' id='word_1_205' title='bbox 2478 1432 2586 1486; x_wconf 88' lang='lat' dir='ltr'><strong>vim</strong></span> <span class='ocrx_word' id='word_1_206' title='bbox 2618 1446 2723 1486; x_wconf 91' lang='lat' dir='ltr'><strong>non</strong></span> <span class='ocrx_word' id='word_1_207' title='bbox 2750 1430 2978 1496; x_wconf 88' lang='lat' dir='ltr'><strong>habere,</strong></span> <span class='ocrx_word' id='word_1_208' title='bbox 3023 1428 3167 1500; x_wconf 91' lang='lat' dir='ltr'><strong>quod</strong></span> <span class='ocrx_word' id='word_1_209' title='bbox 3213 1427 3537 1483; x_wconf 91' lang='lat' dir='ltr'><strong>inducuntur</strong></span> <span class='ocrx_word' id='word_1_210' title='bbox 3570 1425 3747 1482; x_wconf 87' lang='lat' dir='ltr'><strong>homi-</strong></span> 
     </span>
    </p>
   </div>
   <div class='ocr_carea' id='block_1_29' title="bbox 2137 1520 3746 1596">
    <p class='ocr_par' dir='ltr' id='par_1_29' title="bbox 2137 1520 3746 1596">
     <span class='ocr_line' id='line_1_29' title="bbox 2137 1520 3746 1596; baseline -0.005 -14"><span class='ocrx_word' id='word_1_211' title='bbox 2137 1540 2237 1582; x_wconf 89' lang='lat' dir='ltr'><strong>nes</strong></span> <span class='ocrx_word' id='word_1_212' title='bbox 2257 1523 2440 1596; x_wconf 90' lang='lat' dir='ltr'><strong>specie</strong></span> <span class='ocrx_word' id='word_1_213' title='bbox 2468 1533 2810 1578; x_wconf 88' lang='lat' dir='ltr'><strong>terrenorum</strong></span> <span class='ocrx_word' id='word_1_214' title='bbox 2841 1535 2904 1577; x_wconf 87' lang='lat' dir='ltr'><strong>ac</strong></span> <span class='ocrx_word' id='word_1_215' title='bbox 2933 1520 3278 1592; x_wconf 66' lang='lat' dir='ltr'><strong>praesentium</strong></span> <span class='ocrx_word' id='word_1_216' title='bbox 3304 1521 3590 1583; x_wconf 89' lang='lat' dir='ltr'><strong>bonorum,</strong></span> <span class='ocrx_word' id='word_1_217' title='bbox 3622 1528 3746 1588; x_wconf 75' lang='lat' dir='ltr'><strong>qua:</strong></span> 
     </span>
    </p>
   </div>
   <div class='ocr_carea' id='block_1_30' title="bbox 2139 1613 3745 1686">
    <p class='ocr_par' dir='ltr' id='par_1_30' title="bbox 2139 1613 3745 1686">
     <span class='ocr_line' id='line_1_30' title="bbox 2139 1613 3745 1686; baseline -0.003 -12"><span class='ocrx_word' id='word_1_218' title='bbox 2139 1619 2205 1674; x_wconf 89' lang='lat' dir='ltr'><strong>ad</strong></span> <span class='ocrx_word' id='word_1_219' title='bbox 2237 1633 2422 1674; x_wconf 92' lang='lat' dir='ltr'><strong>curam</strong></span> <span class='ocrx_word' id='word_1_220' title='bbox 2453 1618 2650 1673; x_wconf 91' lang='lat' dir='ltr'><strong>mentis</strong></span> <span class='ocrx_word' id='word_1_221' title='bbox 2671 1615 2821 1672; x_wconf 92' lang='lat' dir='ltr'><strong>nullo</strong></span> <span class='ocrx_word' id='word_1_222' title='bbox 2846 1615 3009 1670; x_wconf 91' lang='lat' dir='ltr'><strong>modo</strong></span> <span class='ocrx_word' id='word_1_223' title='bbox 3032 1616 3304 1686; x_wconf 92' lang='lat' dir='ltr'><strong>pertinent</strong></span> <span class='ocrx_word' id='word_1_224' title='bbox 3333 1631 3346 1667; x_wconf 93' lang='lat'>:</span> <span class='ocrx_word' id='word_1_225' title='bbox 3380 1613 3575 1685; x_wconf 88' lang='lat' dir='ltr'><strong>quibus</strong></span> <span class='ocrx_word' id='word_1_226' title='bbox 3616 1613 3745 1684; x_wconf 88' lang='lat' dir='ltr'><strong>quia</strong></span> 
     </span>
    </p>
   </div>
   <div class='ocr_carea' id='block_1_31' title="bbox 2140 1705 3746 1782">
    <p class='ocr_par' dir='ltr' id='par_1_31' title="bbox 2140 1705 3746 1782">
     <span class='ocr_line' id='line_1_31' title="bbox 2140 1705 3746 1782; baseline -0.004 -16"><span class='ocrx_word' id='word_1_227' title='bbox 2140 1725 2329 1767; x_wconf 86' lang='lat' dir='ltr'><strong>carere</strong></span> <span class='ocrx_word' id='word_1_228' title='bbox 2349 1710 2527 1782; x_wconf 89' lang='lat' dir='ltr'><strong>justos</strong></span> <span class='ocrx_word' id='word_1_229' title='bbox 2551 1709 2757 1776; x_wconf 88' lang='lat' dir='ltr'><strong>vident,</strong></span> <span class='ocrx_word' id='word_1_230' title='bbox 2789 1717 2844 1764; x_wconf 89' lang='lat' dir='ltr'><strong>et</strong></span> <span class='ocrx_word' id='word_1_231' title='bbox 2867 1708 3092 1764; x_wconf 81' lang='lat' dir='ltr'><strong>affluere</strong></span> <span class='ocrx_word' id='word_1_232' title='bbox 3117 1707 3345 1779; x_wconf 91' lang='lat' dir='ltr'><strong>injustos</strong></span> <span class='ocrx_word' id='word_1_233' title='bbox 3365 1749 3380 1774; x_wconf 91' lang='lat'><strong>,</strong></span> <span class='ocrx_word' id='word_1_234' title='bbox 3409 1716 3463 1763; x_wconf 92' lang='lat' dir='ltr'><strong>et</strong></span> <span class='ocrx_word' id='word_1_235' title='bbox 3503 1705 3595 1762; x_wconf 91' lang='lat' dir='ltr'><strong>Dei</strong></span> <span class='ocrx_word' id='word_1_236' title='bbox 3625 1706 3746 1761; x_wconf 84' lang='lat' dir='ltr'><strong>cul-</strong></span> 
     </span>
    </p>
   </div>
   <div class='ocr_carea' id='block_1_32' title="bbox 419 1799 3748 1876">
    <p class='ocr_par' dir='ltr' id='par_1_32' title="bbox 419 1799 3748 1876">
     <span class='ocr_line' id='line_1_32' title="bbox 419 1799 3748 1876; baseline -0.003 -13"><span class='ocrx_word' id='word_1_237' title='bbox 419 1808 656 1865; x_wconf 90' lang='lat' dir='ltr'><strong>habent:</strong></span> <span class='ocrx_word' id='word_1_238' title='bbox 689 1808 785 1863; x_wconf 91' lang='lat' dir='ltr'><strong>sed</strong></span> <span class='ocrx_word' id='word_1_239' title='bbox 815 1807 890 1861; x_wconf 90' lang='lat' dir='ltr'><strong>illi</strong></span> <span class='ocrx_word' id='word_1_240' title='bbox 923 1807 1150 1876; x_wconf 83' lang='lat' dir='ltr'><strong>spiritus</strong></span> <span class='ocrx_word' id='word_1_241' title='bbox 1179 1807 1531 1860; x_wconf 90' lang='lat' dir='ltr'><strong>contaminati</strong></span> <span class='ocrx_word' id='word_1_242' title='bbox 1563 1821 1626 1860; x_wconf 90' lang='lat' dir='ltr'><strong>ac</strong></span> <span class='ocrx_word' id='word_1_243' title='bbox 1657 1805 1875 1874; x_wconf 82' lang='lat' dir='ltr'><strong>perditi,</strong></span> <span class='ocrx_word' id='word_1_244' title='bbox 1905 1804 2024 1874; x_wconf 90' lang='lat' dir='ltr'><strong>qni-</strong></span> <span class='ocrx_word' id='word_1_245' title='bbox 2053 1811 2104 1872; x_wconf 85' lang='lat' dir='ltr'><strong>B</strong></span> <span class='ocrx_word' id='word_1_246' title='bbox 2133 1812 2242 1860; x_wconf 87' lang='lat' dir='ltr'><strong>tum</strong></span> <span class='ocrx_word' id='word_1_247' title='bbox 2271 1804 2484 1859; x_wconf 90' lang='lat' dir='ltr'><strong>inanem</strong></span> <span class='ocrx_word' id='word_1_248' title='bbox 2517 1802 2882 1869; x_wconf 86' lang='lat' dir='ltr'><strong>arbitrantur,</strong></span> <span class='ocrx_word' id='word_1_249' title='bbox 2908 1801 2963 1857; x_wconf 91' lang='lat' dir='ltr'><strong>in</strong></span> <span class='ocrx_word' id='word_1_250' title='bbox 3001 1816 3108 1872; x_wconf 91' lang='lat' dir='ltr'><strong>quo</strong></span> <span class='ocrx_word' id='word_1_251' title='bbox 3132 1799 3310 1858; x_wconf 89' lang='lat' dir='ltr'><strong>inesse</strong></span> <span class='ocrx_word' id='word_1_252' title='bbox 3351 1800 3442 1855; x_wconf 88' lang='lat' dir='ltr'><strong>illa</strong></span> <span class='ocrx_word' id='word_1_253' title='bbox 3490 1814 3593 1854; x_wconf 93' lang='lat' dir='ltr'><strong>non</strong></span> <span class='ocrx_word' id='word_1_254' title='bbox 3625 1815 3748 1856; x_wconf 60' lang='lat' dir='ltr'><strong>cer-</strong></span> 
     </span>
    </p>
   </div>
   <div class='ocr_carea' id='block_1_33' title="bbox 416 1898 2021 1964">
    <p class='ocr_par' dir='ltr' id='par_1_33' title="bbox 416 1898 2021 1964">
     <span class='ocr_line' id='line_1_33' title="bbox 416 1898 2021 1964; baseline -0.003 -7"><span class='ocrx_word' id='word_1_255' title='bbox 416 1903 518 1957; x_wconf 90' lang='lat' dir='ltr'><strong>bus</strong></span> <span class='ocrx_word' id='word_1_256' title='bbox 546 1900 743 1956; x_wconf 85' lang='lat' dir='ltr'><strong>veritas</strong></span> <span class='ocrx_word' id='word_1_257' title='bbox 770 1909 825 1954; x_wconf 91' lang='lat' dir='ltr'><strong>et</strong></span> <span class='ocrx_word' id='word_1_258' title='bbox 857 1909 982 1953; x_wconf 90' lang='lat' dir='ltr'><strong>nota</strong></span> <span class='ocrx_word' id='word_1_259' title='bbox 1014 1908 1116 1962; x_wconf 92' lang='lat' dir='ltr'><strong>est,</strong></span> <span class='ocrx_word' id='word_1_260' title='bbox 1142 1907 1197 1954; x_wconf 91' lang='lat' dir='ltr'><strong>et</strong></span> <span class='ocrx_word' id='word_1_261' title='bbox 1224 1898 1394 1952; x_wconf 89' lang='lat' dir='ltr'><strong>invisa</strong></span> <span class='ocrx_word' id='word_1_262' title='bbox 1417 1939 1434 1964; x_wconf 96' lang='lat'><strong>,</strong></span> <span class='ocrx_word' id='word_1_263' title='bbox 1469 1898 1744 1952; x_wconf 91' lang='lat' dir='ltr'><strong>insinuant</strong></span> <span class='ocrx_word' id='word_1_264' title='bbox 1781 1912 1841 1953; x_wconf 89' lang='lat' dir='ltr'><strong>se</strong></span> <span class='ocrx_word' id='word_1_265' title='bbox 1865 1912 2021 1952; x_wconf 90' lang='lat' dir='ltr'><strong>men-</strong></span> 
     </span>
    </p>
   </div>
   <div class='ocr_carea' id='block_1_34' title="bbox 417 1990 2022 2062">
    <p class='ocr_par' dir='ltr' id='par_1_34' title="bbox 417 1990 2022 2062">
     <span class='ocr_line' id='line_1_34' title="bbox 417 1990 2022 2062; baseline -0.002 -14"><span class='ocrx_word' id='word_1_266' title='bbox 417 1994 559 2048; x_wconf 90' lang='lat' dir='ltr'><strong>tibus</strong></span> <span class='ocrx_word' id='word_1_267' title='bbox 585 2008 795 2056; x_wconf 87' lang='lat' dir='ltr'><strong>eorum,</strong></span> <span class='ocrx_word' id='word_1_268' title='bbox 824 2001 880 2048; x_wconf 91' lang='lat' dir='ltr'><strong>et</strong></span> <span class='ocrx_word' id='word_1_269' title='bbox 905 1992 1158 2062; x_wconf 85' lang='lat' dir='ltr'><strong>instigant</strong></span> <span class='ocrx_word' id='word_1_270' title='bbox 1183 1993 1398 2046; x_wconf 89' lang='lat' dir='ltr'><strong>nescios</strong></span> <span class='ocrx_word' id='word_1_271' title='bbox 1420 1993 1472 2045; x_wconf 91' lang='lat' dir='ltr'><strong>in</strong></span> <span class='ocrx_word' id='word_1_272' title='bbox 1496 1991 1755 2046; x_wconf 88' lang='lat' dir='ltr'><strong>furorem.</strong></span> <span class='ocrx_word' id='word_1_273' title='bbox 1787 1990 1852 2044; x_wconf 82' lang='lat' dir='ltr'><strong>Hi</strong></span> <span class='ocrx_word' id='word_1_274' title='bbox 1876 1991 2022 2045; x_wconf 89' lang='lat' dir='ltr'><strong>enim</strong></span> 
     </span>
    </p>
   </div>
   <div class='ocr_carea' id='block_1_35' title="bbox 417 2083 2027 2157">
    <p class='ocr_par' dir='ltr' id='par_1_35' title="bbox 417 2083 2027 2157">
     <span class='ocr_line' id='line_1_35' title="bbox 417 2083 2027 2157; baseline 0 -17"><span class='ocrx_word' id='word_1_275' title='bbox 417 2086 674 2157; x_wconf 88' lang='lat' dir='ltr'><strong>quamdiu</strong></span> <span class='ocrx_word' id='word_1_276' title='bbox 722 2101 824 2156; x_wconf 84' lang='lat' dir='ltr'><strong>pax</strong></span> <span class='ocrx_word' id='word_1_277' title='bbox 855 2095 938 2141; x_wconf 91' lang='lat' dir='ltr'><strong>est</strong></span> <span class='ocrx_word' id='word_1_278' title='bbox 985 2086 1037 2139; x_wconf 91' lang='lat' dir='ltr'><strong>in</strong></span> <span class='ocrx_word' id='word_1_279' title='bbox 1088 2085 1289 2156; x_wconf 91' lang='lat' dir='ltr'><strong>populo</strong></span> <span class='ocrx_word' id='word_1_280' title='bbox 1319 2085 1443 2149; x_wconf 92' lang='lat' dir='ltr'><strong>Dei,</strong></span> <span class='ocrx_word' id='word_1_281' title='bbox 1479 2084 1705 2155; x_wconf 84' lang='lat' dir='ltr'><strong>fugitant</strong></span> <span class='ocrx_word' id='word_1_282' title='bbox 1742 2083 1940 2154; x_wconf 88' lang='lat' dir='ltr'><strong>justos,</strong></span> <span class='ocrx_word' id='word_1_283' title='bbox 1970 2092 2027 2140; x_wconf 88' lang='lat' dir='ltr'><strong>et</strong></span> 
     </span>
    </p>
   </div>
   <div class='ocr_carea' id='block_1_36' title="bbox 419 2179 2023 2250">
    <p class='ocr_par' dir='ltr' id='par_1_36' title="bbox 419 2179 2023 2250">
     <span class='ocr_line' id='line_1_36' title="bbox 419 2179 2023 2250; baseline 0.001 -17"><span class='ocrx_word' id='word_1_284' title='bbox 419 2188 649 2250; x_wconf 89' lang='lat' dir='ltr'><strong>pavent;</strong></span> <span class='ocrx_word' id='word_1_285' title='bbox 681 2189 736 2234; x_wconf 90' lang='lat' dir='ltr'><strong>et</strong></span> <span class='ocrx_word' id='word_1_286' title='bbox 763 2195 885 2235; x_wconf 93' lang='lat' dir='ltr'><strong>cum</strong></span> <span class='ocrx_word' id='word_1_287' title='bbox 914 2194 1147 2249; x_wconf 91' lang='lat' dir='ltr'><strong>corpora</strong></span> <span class='ocrx_word' id='word_1_288' title='bbox 1171 2179 1449 2234; x_wconf 85' lang='lat' dir='ltr'><strong>hominum</strong></span> <span class='ocrx_word' id='word_1_289' title='bbox 1472 2187 1758 2248; x_wconf 89' lang='lat' dir='ltr'><strong>occupant,</strong></span> <span class='ocrx_word' id='word_1_290' title='bbox 1786 2179 2023 2234; x_wconf 84' lang='lat' dir='ltr'><strong>animas-</strong></span> 
     </span>
    </p>
   </div>
   <div class='ocr_carea' id='block_1_37' title="bbox 417 2269 2023 2342">
    <p class='ocr_par' dir='ltr' id='par_1_37' title="bbox 417 2269 2023 2342">
     <span class='ocr_line' id='line_1_37' title="bbox 417 2269 2023 2342; baseline -0.001 -15"><span class='ocrx_word' id='word_1_291' title='bbox 417 2288 523 2342; x_wconf 89' lang='lat' dir='ltr'><strong>que</strong></span> <span class='ocrx_word' id='word_1_292' title='bbox 548 2273 822 2336; x_wconf 84' lang='lat' dir='ltr'><strong>divexant,</strong></span> <span class='ocrx_word' id='word_1_293' title='bbox 853 2271 1172 2340; x_wconf 89' lang='lat' dir='ltr'><strong>adjurantur</strong></span> <span class='ocrx_word' id='word_1_294' title='bbox 1202 2270 1269 2325; x_wconf 91' lang='lat' dir='ltr'><strong>ab</strong></span> <span class='ocrx_word' id='word_1_295' title='bbox 1301 2270 1413 2337; x_wconf 90' lang='lat' dir='ltr'><strong>his,</strong></span> <span class='ocrx_word' id='word_1_296' title='bbox 1445 2279 1498 2324; x_wconf 90' lang='lat' dir='ltr'><strong>ct</strong></span> <span class='ocrx_word' id='word_1_297' title='bbox 1528 2269 1748 2324; x_wconf 86' lang='lat' dir='ltr'><strong>nomine</strong></span> <span class='ocrx_word' id='word_1_298' title='bbox 1779 2271 1873 2325; x_wconf 88' lang='lat' dir='ltr'><strong>Dei</strong></span> <span class='ocrx_word' id='word_1_299' title='bbox 1903 2271 2023 2325; x_wconf 90' lang='lat' dir='ltr'><strong>veri</strong></span> 
     </span>
    </p>
   </div>
   <div class='ocr_carea' id='block_1_38' title="bbox 419 2363 2026 2434">
    <p class='ocr_par' dir='ltr' id='par_1_38' title="bbox 419 2363 2026 2434">
     <span class='ocr_line' id='line_1_38' title="bbox 419 2363 2026 2434; baseline 0.001 -16"><span class='ocrx_word' id='word_1_300' title='bbox 419 2364 690 2434; x_wconf 83' lang='lat' dir='ltr'><strong>fugantur.</strong></span> <span class='ocrx_word' id='word_1_301' title='bbox 719 2363 838 2430; x_wconf 84' lang='lat' dir='ltr'><strong>Quo</strong></span> <span class='ocrx_word' id='word_1_302' title='bbox 866 2363 1050 2417; x_wconf 89' lang='lat' dir='ltr'><strong>audito</strong></span> <span class='ocrx_word' id='word_1_303' title='bbox 1081 2371 1358 2427; x_wconf 88' lang='lat' dir='ltr'><strong>tremunt,</strong></span> <span class='ocrx_word' id='word_1_304' title='bbox 1388 2363 1692 2417; x_wconf 80' lang='lat' dir='ltr'><strong>exclamant</strong></span> <span class='ocrx_word' id='word_1_305' title='bbox 1719 2405 1732 2428; x_wconf 98' lang='lat'><strong>,</strong></span> <span class='ocrx_word' id='word_1_306' title='bbox 1759 2371 1816 2420; x_wconf 92' lang='lat' dir='ltr'><strong>et</strong></span> <span class='ocrx_word' id='word_1_307' title='bbox 1857 2363 1939 2418; x_wconf 89' lang='lat' dir='ltr'><strong>uri</strong></span> <span class='ocrx_word' id='word_1_308' title='bbox 1965 2379 2026 2420; x_wconf 90' lang='lat' dir='ltr'><strong>se</strong></span> 
     </span>
    </p>
   </div>
   <div class='ocr_carea' id='block_1_39' title="bbox 415 2455 2026 2528">
    <p class='ocr_par' dir='ltr' id='par_1_39' title="bbox 415 2455 2026 2528">
     <span class='ocr_line' id='line_1_39' title="bbox 415 2455 2026 2528; baseline 0.001 -18"><span class='ocrx_word' id='word_1_309' title='bbox 415 2457 801 2527; x_wconf 88' lang='lat' dir='ltr'><strong>verberarique</strong></span> <span class='ocrx_word' id='word_1_310' title='bbox 857 2464 1152 2522; x_wconf 87' lang='lat' dir='ltr'><strong>testantur;</strong></span> <span class='ocrx_word' id='word_1_311' title='bbox 1209 2464 1265 2511; x_wconf 90' lang='lat' dir='ltr'><strong>et</strong></span> <span class='ocrx_word' id='word_1_312' title='bbox 1313 2455 1723 2527; x_wconf 84' lang='lat' dir='ltr'><strong>‘interroganti,</strong></span> <span class='ocrx_word' id='word_1_313' title='bbox 1775 2456 1865 2528; x_wconf 88' lang='lat' dir='ltr'><strong>qui</strong></span> <span class='ocrx_word' id='word_1_314' title='bbox 1916 2458 2026 2512; x_wconf 87' lang='lat' dir='ltr'><strong>sint</strong></span> 
     </span>
    </p>
   </div>
   <div class='ocr_carea' id='block_1_40' title="bbox 421 2548 2023 2621">
    <p class='ocr_par' dir='ltr' id='par_1_40' title="bbox 421 2548 2023 2621">
     <span class='ocr_line' id='line_1_40' title="bbox 421 2548 2023 2621; baseline 0.002 -18"><span class='ocrx_word' id='word_1_315' title='bbox 421 2549 635 2620; x_wconf 88' lang='lat' dir='ltr'><strong>quando</strong></span> <span class='ocrx_word' id='word_1_316' title='bbox 661 2549 914 2604; x_wconf 82' lang='lat' dir='ltr'><strong>venerint</strong></span> <span class='ocrx_word' id='word_1_317' title='bbox 943 2592 956 2616; x_wconf 93' lang='lat'><strong>,</strong></span> <span class='ocrx_word' id='word_1_318' title='bbox 989 2549 1334 2620; x_wconf 91' lang='lat' dir='ltr'><strong>quomodoin</strong></span> <span class='ocrx_word' id='word_1_319' title='bbox 1384 2548 1653 2605; x_wconf 88' lang='lat' dir='ltr'><strong>hominem</strong></span> <span class='ocrx_word' id='word_1_320' title='bbox 1687 2551 2023 2621; x_wconf 88' lang='lat' dir='ltr'><strong>irrepserint,</strong></span> 
     </span>
    </p>
   </div>
   <div class='ocr_carea' id='block_1_41' title="bbox 422 2643 2026 2701">
    <p class='ocr_par' dir='ltr' id='par_1_41' title="bbox 422 2643 2026 2701">
     <span class='ocr_line' id='line_1_41' title="bbox 422 2643 2026 2701; baseline 0.001 -2"><span class='ocrx_word' id='word_1_321' title='bbox 422 2645 769 2699; x_wconf 84' lang='lat' dir='ltr'><strong>confitentur.</strong></span> <span class='ocrx_word' id='word_1_322' title='bbox 815 2643 903 2698; x_wconf 74' lang='lat' dir='ltr'><strong>Sic</strong></span> <span class='ocrx_word' id='word_1_323' title='bbox 947 2643 1146 2697; x_wconf 80' lang='lat' dir='ltr'><strong>extorti</strong></span> <span class='ocrx_word' id='word_1_324' title='bbox 1191 2652 1244 2696; x_wconf 90' lang='lat' dir='ltr'><strong>et</strong></span> <span class='ocrx_word' id='word_1_325' title='bbox 1284 2643 1575 2698; x_wconf 84' lang='lat' dir='ltr'><strong>excruciati</strong></span> <span class='ocrx_word' id='word_1_326' title='bbox 1619 2645 1819 2699; x_wconf 90' lang='lat' dir='ltr'><strong>virtute</strong></span> <span class='ocrx_word' id='word_1_327' title='bbox 1858 2644 2026 2701; x_wconf 91' lang='lat' dir='ltr'><strong>divini</strong></span> 
     </span>
    </p>
   </div>
   <div class='ocr_carea' id='block_1_42' title="bbox 422 2735 2022 2806">
    <p class='ocr_par' dir='ltr' id='par_1_42' title="bbox 422 2735 2022 2806">
     <span class='ocr_line' id='line_1_42' title="bbox 422 2735 2022 2806; baseline 0.002 -16"><span class='ocrx_word' id='word_1_328' title='bbox 422 2736 678 2802; x_wconf 88' lang='lat' dir='ltr'><strong>nominis,</strong></span> <span class='ocrx_word' id='word_1_329' title='bbox 719 2737 1053 2791; x_wconf 84' lang='lat' dir='ltr'><strong>exsolantur.</strong></span> <span class='ocrx_word' id='word_1_330' title='bbox 1093 2735 1321 2806; x_wconf 89' lang='lat' dir='ltr'><strong>Propter</strong></span> <span class='ocrx_word' id='word_1_331' title='bbox 1352 2735 1468 2791; x_wconf 84' lang='lat' dir='ltr'><strong>haec</strong></span> <span class='ocrx_word' id='word_1_332' title='bbox 1495 2736 1720 2791; x_wconf 90' lang='lat' dir='ltr'><strong>verbera</strong></span> <span class='ocrx_word' id='word_1_333' title='bbox 1741 2747 1808 2792; x_wconf 84' lang='lat' dir='ltr'><strong>&#39;et</strong></span> <span class='ocrx_word' id='word_1_334' title='bbox 1829 2737 2022 2805; x_wconf 89' lang='lat' dir='ltr'><strong>minas,</strong></span> 
     </span>
    </p>
   </div>
   <div class='ocr_carea' id='block_1_43' title="bbox 422 2827 2028 2901">
    <p class='ocr_par' dir='ltr' id='par_1_43' title="bbox 422 2827 2028 2901">
     <span class='ocr_line' id='line_1_43' title="bbox 422 2827 2028 2901; baseline 0.003 -19"><span class='ocrx_word' id='word_1_335' title='bbox 422 2837 637 2884; x_wconf 88' lang='lat' dir='ltr'><strong>sanctos</strong></span> <span class='ocrx_word' id='word_1_336' title='bbox 665 2836 721 2883; x_wconf 92' lang='lat' dir='ltr'><strong>et</strong></span> <span class='ocrx_word' id='word_1_337' title='bbox 745 2829 921 2896; x_wconf 92' lang='lat' dir='ltr'><strong>justos</strong></span> <span class='ocrx_word' id='word_1_338' title='bbox 950 2827 1098 2882; x_wconf 88' lang='lat' dir='ltr'><strong>viros</strong></span> <span class='ocrx_word' id='word_1_339' title='bbox 1140 2843 1355 2898; x_wconf 90' lang='lat' dir='ltr'><strong>semper</strong></span> <span class='ocrx_word' id='word_1_340' title='bbox 1383 2828 1634 2884; x_wconf 91' lang='lat' dir='ltr'><strong>oderunt.</strong></span> <span class='ocrx_word' id='word_1_341' title='bbox 1672 2829 1739 2884; x_wconf 90' lang='lat' dir='ltr'><strong>Et</strong></span> <span class='ocrx_word' id='word_1_342' title='bbox 1763 2831 1888 2900; x_wconf 89' lang='lat' dir='ltr'><strong>quia</strong></span> <span class='ocrx_word' id='word_1_343' title='bbox 1928 2846 2028 2901; x_wconf 91' lang='lat' dir='ltr'><strong>per</strong></span> 
     </span>
    </p>
   </div>
   <div class='ocr_carea' id='block_1_44' title="bbox 427 2919 2026 2993">
    <p class='ocr_par' dir='ltr' id='par_1_44' title="bbox 427 2919 2026 2993">
     <span class='ocr_line' id='line_1_44' title="bbox 427 2919 2026 2993; baseline 0.003 -19"><span class='ocrx_word' id='word_1_344' title='bbox 427 2933 488 2976; x_wconf 92' lang='lat' dir='ltr'><strong>se</strong></span> <span class='ocrx_word' id='word_1_345' title='bbox 517 2935 716 2976; x_wconf 88' lang='lat' dir='ltr'><strong>nocere</strong></span> <span class='ocrx_word' id='word_1_346' title='bbox 742 2919 827 2975; x_wconf 88' lang='lat' dir='ltr'><strong>bis</strong></span> <span class='ocrx_word' id='word_1_347' title='bbox 853 2921 985 2975; x_wconf 91' lang='lat' dir='ltr'><strong>nihil</strong></span> <span class='ocrx_word' id='word_1_348' title='bbox 1013 2931 1257 2990; x_wconf 90' lang='lat' dir='ltr'><strong>possunt,</strong></span> <span class='ocrx_word' id='word_1_349' title='bbox 1292 2920 1520 2991; x_wconf 85' lang='lat' dir='ltr'><strong>publicis</strong></span> <span class='ocrx_word' id='word_1_350' title='bbox 1545 2937 1639 2978; x_wconf 91' lang='lat' dir='ltr'><strong>eos</strong></span> <span class='ocrx_word' id='word_1_351' title='bbox 1669 2922 1806 2977; x_wconf 90' lang='lat' dir='ltr'><strong>odiis</strong></span> <span class='ocrx_word' id='word_1_352' title='bbox 1838 2939 2026 2993; x_wconf 49' lang='lat' dir='ltr'><strong>perse‘</strong></span> 
     </span>
    </p>
   </div>
   <div class='ocr_carea' id='block_1_45' title="bbox 424 3011 2027 3084">
    <p class='ocr_par' dir='ltr' id='par_1_45' title="bbox 424 3011 2027 3084">
     <span class='ocr_line' id='line_1_45' title="bbox 424 3011 2027 3084; baseline 0.004 -20"><span class='ocrx_word' id='word_1_353' title='bbox 424 3021 682 3080; x_wconf 91' lang='lat' dir='ltr'><strong>quuntur,</strong></span> <span class='ocrx_word' id='word_1_354' title='bbox 717 3026 853 3080; x_wconf 93' lang='lat' dir='ltr'><strong>quos</strong></span> <span class='ocrx_word' id='word_1_355' title='bbox 880 3011 979 3066; x_wconf 87' lang='lat' dir='ltr'><strong>sibi</strong></span> <span class='ocrx_word' id='word_1_356' title='bbox 1010 3026 1203 3081; x_wconf 84' lang='lat' dir='ltr'><strong>graves</strong></span> <span class='ocrx_word' id='word_1_357' title='bbox 1232 3013 1505 3078; x_wconf 83' lang='lat' dir='ltr'><strong>sentiunt;</strong></span> <span class='ocrx_word' id='word_1_358' title='bbox 1537 3021 1899 3084; x_wconf 80' lang='lat' dir='ltr'><strong>exercentque</strong></span> <span class='ocrx_word' id='word_1_359' title='bbox 1926 3029 2027 3070; x_wconf 68' lang='lat' dir='ltr'><strong>sae-</strong></span> 
     </span>
    </p>
   </div>
   <div class='ocr_carea' id='block_1_46' title="bbox 427 3101 2023 3172">
    <p class='ocr_par' dir='ltr' id='par_1_46' title="bbox 427 3101 2023 3172">
     <span class='ocr_line' id='line_1_46' title="bbox 427 3101 2023 3172; baseline 0.003 -16"><span class='ocrx_word' id='word_1_360' title='bbox 427 3102 610 3156; x_wconf 90' lang='lat' dir='ltr'><strong>vitiam</strong></span> <span class='ocrx_word' id='word_1_361' title='bbox 659 3117 818 3172; x_wconf 92' lang='lat' dir='ltr'><strong>quam</strong></span> <span class='ocrx_word' id='word_1_362' title='bbox 862 3101 1251 3156; x_wconf 86' lang='lat' dir='ltr'><strong>violentissime</strong></span> <span class='ocrx_word' id='word_1_363' title='bbox 1291 3112 1535 3170; x_wconf 91' lang='lat' dir='ltr'><strong>possunt,</strong></span> <span class='ocrx_word' id='word_1_364' title='bbox 1586 3113 1643 3156; x_wconf 90' lang='lat' dir='ltr'><strong>ut</strong></span> <span class='ocrx_word' id='word_1_365' title='bbox 1694 3113 1785 3158; x_wconf 88' lang='lat' dir='ltr'><strong>attt</strong></span> <span class='ocrx_word' id='word_1_366' title='bbox 1836 3120 2023 3161; x_wconf 89' lang='lat' dir='ltr'><strong>eorum</strong></span> 
     </span>
    </p>
   </div>
   <div class='ocr_carea' id='block_1_47' title="bbox 2130 1892 3743 1964">
    <p class='ocr_par' dir='ltr' id='par_1_47' title="bbox 2130 1892 3743 1964">
     <span class='ocr_line' id='line_1_47' title="bbox 2130 1892 3743 1964; baseline -0.003 -13"><span class='ocrx_word' id='word_1_367' title='bbox 2130 1904 2287 1960; x_wconf 91' lang='lat' dir='ltr'><strong>nunt,</strong></span> <span class='ocrx_word' id='word_1_368' title='bbox 2314 1904 2370 1951; x_wconf 88' lang='lat' dir='ltr'><strong>et</strong></span> <span class='ocrx_word' id='word_1_369' title='bbox 2395 1895 2625 1951; x_wconf 90' lang='lat' dir='ltr'><strong>deorum</strong></span> <span class='ocrx_word' id='word_1_370' title='bbox 2659 1893 2796 1949; x_wconf 88' lang='lat' dir='ltr'><strong>ritus</strong></span> <span class='ocrx_word' id='word_1_371' title='bbox 2821 1895 3092 1950; x_wconf 65' lang='lat' dir='ltr'><strong>aestimant</strong></span> <span class='ocrx_word' id='word_1_372' title='bbox 3119 1907 3298 1959; x_wconf 89' lang='lat' dir='ltr'><strong>veros,</strong></span> <span class='ocrx_word' id='word_1_373' title='bbox 3331 1893 3587 1964; x_wconf 88' lang='lat' dir='ltr'><strong>quoniam</strong></span> <span class='ocrx_word' id='word_1_374' title='bbox 3625 1892 3743 1948; x_wconf 87' lang='lat' dir='ltr'><strong>cul-</strong></span> 
     </span>
    </p>
   </div>
   <div class='ocr_carea' id='block_1_48' title="bbox 2137 1984 3744 2057">
    <p class='ocr_par' dir='ltr' id='par_1_48' title="bbox 2137 1984 3744 2057">
     <span class='ocr_line' id='line_1_48' title="bbox 2137 1984 3744 2057; baseline -0.003 -13"><span class='ocrx_word' id='word_1_375' title='bbox 2137 1999 2286 2044; x_wconf 89' lang='lat' dir='ltr'><strong>tores</strong></span> <span class='ocrx_word' id='word_1_376' title='bbox 2307 2003 2519 2053; x_wconf 90' lang='lat' dir='ltr'><strong>eorum,</strong></span> <span class='ocrx_word' id='word_1_377' title='bbox 2537 1996 2595 2043; x_wconf 91' lang='lat' dir='ltr'><strong>et</strong></span> <span class='ocrx_word' id='word_1_378' title='bbox 2613 1985 2838 2052; x_wconf 86' lang='lat' dir='ltr'><strong>divitiis,</strong></span> <span class='ocrx_word' id='word_1_379' title='bbox 2861 1995 2917 2042; x_wconf 92' lang='lat' dir='ltr'><strong>et</strong></span> <span class='ocrx_word' id='word_1_380' title='bbox 2939 1985 3259 2053; x_wconf 87' lang='lat' dir='ltr'><strong>honoribus,</strong></span> <span class='ocrx_word' id='word_1_381' title='bbox 3280 1985 3536 2057; x_wconf 84' lang='lat' dir='ltr'><strong>etregnis</strong></span> <span class='ocrx_word' id='word_1_382' title='bbox 3557 1984 3744 2040; x_wconf 84' lang='lat' dir='ltr'><strong>fruan-</strong></span> 
     </span>
    </p>
   </div>
   <div class='ocr_carea' id='block_1_49' title="bbox 2130 2078 3744 2152">
    <p class='ocr_par' dir='ltr' id='par_1_49' title="bbox 2130 2078 3744 2152">
     <span class='ocr_line' id='line_1_49' title="bbox 2130 2078 3744 2152; baseline -0.002 -14"><span class='ocrx_word' id='word_1_383' title='bbox 2130 2091 2235 2138; x_wconf 91' lang='lat' dir='ltr'><strong>tur.</strong></span> <span class='ocrx_word' id='word_1_384' title='bbox 2258 2082 2456 2138; x_wconf 83' lang='lat' dir='ltr'><strong>Verum</strong></span> <span class='ocrx_word' id='word_1_385' title='bbox 2475 2081 2510 2137; x_wconf 94' lang='lat' dir='ltr'><strong>ii</strong></span> <span class='ocrx_word' id='word_1_386' title='bbox 2530 2082 2622 2152; x_wconf 93' lang='lat' dir='ltr'><strong>qui</strong></span> <span class='ocrx_word' id='word_1_387' title='bbox 2635 2091 2761 2136; x_wconf 90' lang='lat' dir='ltr'><strong>sunt</strong></span> <span class='ocrx_word' id='word_1_388' title='bbox 2783 2080 2838 2136; x_wconf 93' lang='lat' dir='ltr'><strong>in</strong></span> <span class='ocrx_word' id='word_1_389' title='bbox 2859 2079 2959 2135; x_wconf 90' lang='lat' dir='ltr'><strong>hac</strong></span> <span class='ocrx_word' id='word_1_390' title='bbox 2971 2079 3392 2147; x_wconf 83' lang='lat' dir='ltr'><strong>existimatione,</strong></span> <span class='ocrx_word' id='word_1_391' title='bbox 3409 2093 3514 2135; x_wconf 92' lang='lat' dir='ltr'><strong>non</strong></span> <span class='ocrx_word' id='word_1_392' title='bbox 3532 2078 3712 2150; x_wconf 81' lang='lat' dir='ltr'><strong>perSpi</strong></span> <span class='ocrx_word' id='word_1_393' title='bbox 3727 2109 3744 2121; x_wconf 85' lang='lat'><strong>-</strong></span> 
     </span>
    </p>
   </div>
   <div class='ocr_carea' id='block_1_50' title="bbox 2127 2171 3743 2244">
    <p class='ocr_par' dir='ltr' id='par_1_50' title="bbox 2127 2171 3743 2244">
     <span class='ocr_line' id='line_1_50' title="bbox 2127 2171 3743 2244; baseline -0.002 -14"><span class='ocrx_word' id='word_1_394' title='bbox 2127 2175 2278 2230; x_wconf 92' lang='lat' dir='ltr'><strong>ciunt</strong></span> <span class='ocrx_word' id='word_1_395' title='bbox 2297 2174 2458 2229; x_wconf 87' lang='lat' dir='ltr'><strong>altius</strong></span> <span class='ocrx_word' id='word_1_396' title='bbox 2471 2173 2579 2229; x_wconf 90' lang='lat' dir='ltr'><strong>vim</strong></span> <span class='ocrx_word' id='word_1_397' title='bbox 2603 2172 2976 2244; x_wconf 86' lang='lat' dir='ltr'><strong>rationemque</strong></span> <span class='ocrx_word' id='word_1_398' title='bbox 2997 2171 3234 2226; x_wconf 90' lang='lat' dir='ltr'><strong>hominis</strong></span> <span class='ocrx_word' id='word_1_399' title='bbox 3255 2187 3270 2237; x_wconf 85' lang='lat'><strong>;</strong></span> <span class='ocrx_word' id='word_1_400' title='bbox 3295 2186 3417 2243; x_wconf 76' lang='lat' dir='ltr'><strong>qua:</strong></span> <span class='ocrx_word' id='word_1_401' title='bbox 3436 2180 3545 2226; x_wconf 89' lang='lat' dir='ltr'><strong>tota</strong></span> <span class='ocrx_word' id='word_1_402' title='bbox 3567 2186 3672 2225; x_wconf 92' lang='lat' dir='ltr'><strong>non</strong></span> <span class='ocrx_word' id='word_1_403' title='bbox 3689 2171 3743 2226; x_wconf 91' lang='lat' dir='ltr'><strong>in</strong></span> 
     </span>
    </p>
   </div>
   <div class='ocr_carea' id='block_1_51' title="bbox 2126 2263 3743 2338">
    <p class='ocr_par' dir='ltr' id='par_1_51' title="bbox 2126 2263 3743 2338">
     <span class='ocr_line' id='line_1_51' title="bbox 2126 2263 3743 2338; baseline -0.002 -15"><span class='ocrx_word' id='word_1_404' title='bbox 2126 2283 2378 2338; x_wconf 91' lang='lat' dir='ltr'><strong>corpore,</strong></span> <span class='ocrx_word' id='word_1_405' title='bbox 2405 2267 2502 2332; x_wconf 83' lang='lat' dir='ltr'><strong>sed</strong></span> <span class='ocrx_word' id='word_1_406' title='bbox 2525 2267 2578 2322; x_wconf 93' lang='lat' dir='ltr'><strong>in</strong></span> <span class='ocrx_word' id='word_1_407' title='bbox 2601 2275 2784 2323; x_wconf 90' lang='lat' dir='ltr'><strong>mente</strong></span> <span class='ocrx_word' id='word_1_408' title='bbox 2807 2275 2912 2321; x_wconf 90' lang='lat' dir='ltr'><strong>est.</strong></span> <span class='ocrx_word' id='word_1_409' title='bbox 2944 2263 3089 2322; x_wconf 85' lang='lat' dir='ltr'><strong>Nihil</strong></span> <span class='ocrx_word' id='word_1_410' title='bbox 3106 2266 3249 2322; x_wconf 91' lang='lat' dir='ltr'><strong>enim</strong></span> <span class='ocrx_word' id='word_1_411' title='bbox 3273 2263 3460 2320; x_wconf 90' lang='lat' dir='ltr'><strong>vident</strong></span> <span class='ocrx_word' id='word_1_412' title='bbox 3488 2264 3743 2334; x_wconf 86' lang='lat' dir='ltr'><strong>amplius,</strong></span> 
     </span>
    </p>
   </div>
   <div class='ocr_carea' id='block_1_52' title="bbox 2127 2359 3742 2432">
    <p class='ocr_par' dir='ltr' id='par_1_52' title="bbox 2127 2359 3742 2432">
     <span class='ocr_line' id='line_1_52' title="bbox 2127 2359 3742 2432; baseline -0.001 -16"><span class='ocrx_word' id='word_1_413' title='bbox 2127 2377 2288 2432; x_wconf 91' lang='lat' dir='ltr'><strong>quam</strong></span> <span class='ocrx_word' id='word_1_414' title='bbox 2305 2360 2540 2428; x_wconf 90' lang='lat' dir='ltr'><strong>videtur,</strong></span> <span class='ocrx_word' id='word_1_415' title='bbox 2559 2374 2757 2431; x_wconf 90' lang='lat' dir='ltr'><strong>corpus</strong></span> <span class='ocrx_word' id='word_1_416' title='bbox 2777 2359 3016 2426; x_wconf 91' lang='lat' dir='ltr'><strong>scilicet;</strong></span> <span class='ocrx_word' id='word_1_417' title='bbox 3041 2359 3208 2430; x_wconf 92' lang='lat' dir='ltr'><strong>quod,</strong></span> <span class='ocrx_word' id='word_1_418' title='bbox 3224 2362 3350 2430; x_wconf 90' lang='lat' dir='ltr'><strong>quia</strong></span> <span class='ocrx_word' id='word_1_419' title='bbox 3366 2359 3535 2415; x_wconf 91' lang='lat' dir='ltr'><strong>oculis</strong></span> <span class='ocrx_word' id='word_1_420' title='bbox 3553 2375 3742 2414; x_wconf 82' lang='lat' dir='ltr'><strong>manu-</strong></span> 
     </span>
    </p>
   </div>
   <div class='ocr_carea' id='block_1_53' title="bbox 2127 2451 3736 2525">
    <p class='ocr_par' dir='ltr' id='par_1_53' title="bbox 2127 2451 3736 2525">
     <span class='ocr_line' id='line_1_53' title="bbox 2127 2451 3736 2525; baseline -0.001 -16"><span class='ocrx_word' id='word_1_421' title='bbox 2127 2470 2233 2525; x_wconf 89' lang='lat' dir='ltr'><strong>que</strong></span> <span class='ocrx_word' id='word_1_422' title='bbox 2263 2454 2541 2510; x_wconf 88' lang='lat' dir='ltr'><strong>tractabile</strong></span> <span class='ocrx_word' id='word_1_423' title='bbox 2577 2461 2700 2519; x_wconf 89' lang='lat' dir='ltr'><strong>est,</strong></span> <span class='ocrx_word' id='word_1_424' title='bbox 2728 2452 3082 2518; x_wconf 89' lang='lat' dir='ltr'><strong>imbecillum,</strong></span> <span class='ocrx_word' id='word_1_425' title='bbox 3116 2451 3332 2523; x_wconf 81' lang='lat' dir='ltr'><strong>fragile,</strong></span> <span class='ocrx_word' id='word_1_426' title='bbox 3362 2452 3591 2507; x_wconf 88' lang='lat' dir='ltr'><strong>mortale</strong></span> <span class='ocrx_word' id='word_1_427' title='bbox 3622 2461 3736 2518; x_wconf 88' lang='lat' dir='ltr'><strong>est;</strong></span> 
     </span>
    </p>
   </div>
   <div class='ocr_carea' id='block_1_54' title="bbox 2126 2544 3742 2618">
    <p class='ocr_par' dir='ltr' id='par_1_54' title="bbox 2126 2544 3742 2618">
     <span class='ocr_line' id='line_1_54' title="bbox 2126 2544 3742 2618; baseline -0.002 -15"><span class='ocrx_word' id='word_1_428' title='bbox 2126 2547 2279 2618; x_wconf 87' lang='lat' dir='ltr'><strong>cujus</strong></span> <span class='ocrx_word' id='word_1_429' title='bbox 2301 2557 2425 2603; x_wconf 91' lang='lat' dir='ltr'><strong>sunt</strong></span> <span class='ocrx_word' id='word_1_430' title='bbox 2449 2547 2540 2602; x_wconf 90' lang='lat' dir='ltr'><strong>illa</strong></span> <span class='ocrx_word' id='word_1_431' title='bbox 2583 2547 2762 2603; x_wconf 90' lang='lat' dir='ltr'><strong>omnia</strong></span> <span class='ocrx_word' id='word_1_432' title='bbox 2804 2547 2969 2614; x_wconf 89' lang='lat' dir='ltr'><strong>bona,</strong></span> <span class='ocrx_word' id='word_1_433' title='bbox 3014 2563 3137 2617; x_wconf 77' lang='lat' dir='ltr'><strong>qua:</strong></span> <span class='ocrx_word' id='word_1_434' title='bbox 3160 2545 3462 2616; x_wconf 88' lang='lat' dir='ltr'><strong>cupiditati,</strong></span> <span class='ocrx_word' id='word_1_435' title='bbox 3490 2561 3555 2600; x_wconf 84' lang='lat' dir='ltr'><strong>ac</strong></span> <span class='ocrx_word' id='word_1_436' title='bbox 3580 2544 3742 2600; x_wconf 84' lang='lat' dir='ltr'><strong>mira-</strong></span> 
     </span>
    </p>
   </div>
   <div class='ocr_carea' id='block_1_55' title="bbox 2126 2637 3739 2712">
    <p class='ocr_par' dir='ltr' id='par_1_55' title="bbox 2126 2637 3739 2712">
     <span class='ocr_line' id='line_1_55' title="bbox 2126 2637 3739 2712; baseline -0.002 -15"><span class='ocrx_word' id='word_1_437' title='bbox 2126 2641 2250 2698; x_wconf 92' lang='lat' dir='ltr'><strong>culo</strong></span> <span class='ocrx_word' id='word_1_438' title='bbox 2278 2651 2422 2708; x_wconf 87' lang='lat' dir='ltr'><strong>sunt,</strong></span> <span class='ocrx_word' id='word_1_439' title='bbox 2456 2655 2608 2712; x_wconf 82' lang='lat' dir='ltr'><strong>Opes,</strong></span> <span class='ocrx_word' id='word_1_440' title='bbox 2638 2642 2893 2709; x_wconf 87' lang='lat' dir='ltr'><strong>honores,</strong></span> <span class='ocrx_word' id='word_1_441' title='bbox 2917 2641 3140 2711; x_wconf 88' lang='lat' dir='ltr'><strong>imperia</strong></span> <span class='ocrx_word' id='word_1_442' title='bbox 3164 2681 3178 2705; x_wconf 97' lang='lat'><strong>,</strong></span> <span class='ocrx_word' id='word_1_443' title='bbox 3213 2639 3473 2710; x_wconf 91' lang='lat' dir='ltr'><strong>quoniam</strong></span> <span class='ocrx_word' id='word_1_444' title='bbox 3519 2637 3739 2708; x_wconf 89' lang='lat' dir='ltr'><strong>corpori</strong></span> 
     </span>
    </p>
   </div>
   <div class='ocr_carea' id='block_1_56' title="bbox 2126 2729 3740 2804">
    <p class='ocr_par' dir='ltr' id='par_1_56' title="bbox 2126 2729 3740 2804">
     <span class='ocr_line' id='line_1_56' title="bbox 2126 2729 3740 2804; baseline -0.002 -16"><span class='ocrx_word' id='word_1_445' title='bbox 2126 2733 2358 2789; x_wconf 86' lang='lat' dir='ltr'><strong>afferunt</strong></span> <span class='ocrx_word' id='word_1_446' title='bbox 2402 2733 2735 2804; x_wconf 87' lang='lat' dir='ltr'><strong>voluptates;</strong></span> <span class='ocrx_word' id='word_1_447' title='bbox 2767 2742 2824 2788; x_wconf 91' lang='lat' dir='ltr'><strong>et</strong></span> <span class='ocrx_word' id='word_1_448' title='bbox 2868 2731 2992 2788; x_wconf 92' lang='lat' dir='ltr'><strong>ideo</strong></span> <span class='ocrx_word' id='word_1_449' title='bbox 3017 2740 3140 2799; x_wconf 43' lang='lat' dir='ltr'><strong>.tam</strong></span> <span class='ocrx_word' id='word_1_450' title='bbox 3170 2729 3373 2787; x_wconf 87' lang='lat' dir='ltr'><strong>caduca</strong></span> <span class='ocrx_word' id='word_1_451' title='bbox 3404 2738 3532 2785; x_wconf 90' lang='lat' dir='ltr'><strong>sunt</strong></span> <span class='ocrx_word' id='word_1_452' title='bbox 3576 2745 3740 2801; x_wconf 87' lang='lat' dir='ltr'><strong>quam</strong></span> 
     </span>
    </p>
   </div>
   <div class='ocr_carea' id='block_1_57' title="bbox 2125 2823 3737 2897">
    <p class='ocr_par' dir='ltr' id='par_1_57' title="bbox 2125 2823 3737 2897">
     <span class='ocr_line' id='line_1_57' title="bbox 2125 2823 3737 2897; baseline -0.002 -15"><span class='ocrx_word' id='word_1_453' title='bbox 2125 2840 2319 2897; x_wconf 88' lang='lat' dir='ltr'><strong>corpus</strong></span> <span class='ocrx_word' id='word_1_454' title='bbox 2349 2827 2546 2897; x_wconf 78' lang='lat' dir='ltr'><strong>ipsum.</strong></span> <span class='ocrx_word' id='word_1_455' title='bbox 2593 2826 2819 2881; x_wconf 86' lang='lat' dir='ltr'><strong>Animus</strong></span> <span class='ocrx_word' id='word_1_456' title='bbox 2849 2838 2978 2881; x_wconf 90' lang='lat' dir='ltr'><strong>vero</strong></span> <span class='ocrx_word' id='word_1_457' title='bbox 2998 2866 3013 2890; x_wconf 94' lang='lat'><strong>,</strong></span> <span class='ocrx_word' id='word_1_458' title='bbox 3044 2825 3097 2879; x_wconf 90' lang='lat' dir='ltr'><strong>in</strong></span> <span class='ocrx_word' id='word_1_459' title='bbox 3126 2839 3233 2894; x_wconf 90' lang='lat' dir='ltr'><strong>quo</strong></span> <span class='ocrx_word' id='word_1_460' title='bbox 3257 2824 3374 2880; x_wconf 92' lang='lat' dir='ltr'><strong>solo</strong></span> <span class='ocrx_word' id='word_1_461' title='bbox 3414 2834 3499 2879; x_wconf 91' lang='lat' dir='ltr'><strong>est</strong></span> <span class='ocrx_word' id='word_1_462' title='bbox 3530 2823 3697 2879; x_wconf 88' lang='lat' dir='ltr'><strong>homo</strong></span> <span class='ocrx_word' id='word_1_463' title='bbox 3721 2864 3737 2888; x_wconf 91' lang='lat'><strong>,</strong></span> 
     </span>
    </p>
   </div>
   <div class='ocr_carea' id='block_1_58' title="bbox 2127 2915 3739 2990">
    <p class='ocr_par' dir='ltr' id='par_1_58' title="bbox 2127 2915 3739 2990">
     <span class='ocr_line' id='line_1_58' title="bbox 2127 2915 3739 2990; baseline -0.001 -16"><span class='ocrx_word' id='word_1_464' title='bbox 2127 2920 2379 2990; x_wconf 88' lang='lat' dir='ltr'><strong>quoniam</strong></span> <span class='ocrx_word' id='word_1_465' title='bbox 2429 2919 2703 2988; x_wconf 89' lang='lat' dir='ltr'><strong>subjectus</strong></span> <span class='ocrx_word' id='word_1_466' title='bbox 2743 2918 2915 2974; x_wconf 91' lang='lat' dir='ltr'><strong>oculis</strong></span> <span class='ocrx_word' id='word_1_467' title='bbox 2971 2932 3078 2974; x_wconf 93' lang='lat' dir='ltr'><strong>non</strong></span> <span class='ocrx_word' id='word_1_468' title='bbox 3121 2925 3228 2983; x_wconf 91' lang='lat' dir='ltr'><strong>est,</strong></span> <span class='ocrx_word' id='word_1_469' title='bbox 3280 2932 3382 2972; x_wconf 90' lang='lat' dir='ltr'><strong>nec</strong></span> <span class='ocrx_word' id='word_1_470' title='bbox 3429 2917 3568 2973; x_wconf 91' lang='lat' dir='ltr'><strong>bona</strong></span> <span class='ocrx_word' id='word_1_471' title='bbox 3618 2915 3739 2986; x_wconf 91' lang='lat' dir='ltr'><strong>ejus</strong></span> 
     </span>
    </p>
   </div>
   <div class='ocr_carea' id='block_1_59' title="bbox 2129 3012 3743 3084">
    <p class='ocr_par' dir='ltr' id='par_1_59' title="bbox 2129 3012 3743 3084">
     <span class='ocr_line' id='line_1_59' title="bbox 2129 3012 3743 3084; baseline -0.001 -14"><span class='ocrx_word' id='word_1_472' title='bbox 2129 3014 2326 3084; x_wconf 91' lang='lat' dir='ltr'><strong>inspici</strong></span> <span class='ocrx_word' id='word_1_473' title='bbox 2353 3022 2598 3084; x_wconf 90' lang='lat' dir='ltr'><strong>possunt,</strong></span> <span class='ocrx_word' id='word_1_474' title='bbox 2631 3027 2751 3083; x_wconf 66' lang='lat' dir='ltr'><strong>qua:</strong></span> <span class='ocrx_word' id='word_1_475' title='bbox 2795 3013 2850 3068; x_wconf 90' lang='lat' dir='ltr'><strong>in</strong></span> <span class='ocrx_word' id='word_1_476' title='bbox 2879 3012 2995 3068; x_wconf 89' lang='lat' dir='ltr'><strong>sola</strong></span> <span class='ocrx_word' id='word_1_477' title='bbox 3025 3013 3222 3069; x_wconf 90' lang='lat' dir='ltr'><strong>virtute</strong></span> <span class='ocrx_word' id='word_1_478' title='bbox 3262 3020 3392 3068; x_wconf 90' lang='lat' dir='ltr'><strong>sunt</strong></span> <span class='ocrx_word' id='word_1_479' title='bbox 3435 3012 3641 3082; x_wconf 88' lang='lat' dir='ltr'><strong>posita;</strong></span> <span class='ocrx_word' id='word_1_480' title='bbox 3685 3019 3743 3068; x_wconf 88' lang='lat' dir='ltr'><strong>et</strong></span> 
     </span>
    </p>
   </div>
   <div class='ocr_carea' id='block_1_60' title="bbox 2128 3105 3741 3177">
    <p class='ocr_par' dir='ltr' id='par_1_60' title="bbox 2128 3105 3741 3177">
     <span class='ocr_line' id='line_1_60' title="bbox 2128 3105 3741 3177; baseline 0.001 -16"><span class='ocrx_word' id='word_1_481' title='bbox 2128 3105 2250 3162; x_wconf 88' lang='lat' dir='ltr'><strong>ideo</strong></span> <span class='ocrx_word' id='word_1_482' title='bbox 2282 3114 2387 3160; x_wconf 88' lang='lat' dir='ltr'><strong>tam</strong></span> <span class='ocrx_word' id='word_1_483' title='bbox 2429 3106 2672 3172; x_wconf 92' lang='lat' dir='ltr'><strong>stabilis,</strong></span> <span class='ocrx_word' id='word_1_484' title='bbox 2710 3114 2766 3161; x_wconf 90' lang='lat' dir='ltr'><strong>et</strong></span> <span class='ocrx_word' id='word_1_485' title='bbox 2793 3114 3073 3172; x_wconf 89' lang='lat' dir='ltr'><strong>constans,</strong></span> <span class='ocrx_word' id='word_1_486' title='bbox 3111 3115 3166 3161; x_wconf 90' lang='lat' dir='ltr'><strong>et</strong></span> <span class='ocrx_word' id='word_1_487' title='bbox 3196 3114 3493 3177; x_wconf 90' lang='lat' dir='ltr'><strong>perpetuus</strong></span> <span class='ocrx_word' id='word_1_488' title='bbox 3525 3107 3596 3160; x_wconf 91' lang='lat' dir='ltr'><strong>sit</strong></span> <span class='ocrx_word' id='word_1_489' title='bbox 3645 3121 3741 3162; x_wconf 89' lang='lat' dir='ltr'><strong>ne-</strong></span> 
     </span>
    </p>
   </div>
   <div class='ocr_carea' id='block_1_61' title="bbox 426 3193 3738 3274">
    <p class='ocr_par' dir='ltr' id='par_1_61' title="bbox 426 3193 3738 3274">
     <span class='ocr_line' id='line_1_61' title="bbox 426 3193 3738 3274; baseline 0.002 -24"><span class='ocrx_word' id='word_1_490' title='bbox 426 3193 590 3251; x_wconf 89' lang='lat' dir='ltr'><strong>ftdem</strong></span> <span class='ocrx_word' id='word_1_491' title='bbox 618 3195 863 3250; x_wconf 89' lang='lat' dir='ltr'><strong>minuant</strong></span> <span class='ocrx_word' id='word_1_492' title='bbox 903 3209 1001 3265; x_wconf 92' lang='lat' dir='ltr'><strong>per</strong></span> <span class='ocrx_word' id='word_1_493' title='bbox 1043 3193 1287 3250; x_wconf 89' lang='lat' dir='ltr'><strong>dolorem</strong></span> <span class='ocrx_word' id='word_1_494' title='bbox 1315 3234 1328 3259; x_wconf 93' lang='lat'><strong>,</strong></span> <span class='ocrx_word' id='word_1_495' title='bbox 1357 3203 1449 3250; x_wconf 91' lang='lat' dir='ltr'><strong>ant</strong></span> <span class='ocrx_word' id='word_1_496' title='bbox 1473 3235 1486 3262; x_wconf 96' lang='lat'><strong>,</strong></span> <span class='ocrx_word' id='word_1_497' title='bbox 1521 3195 1565 3250; x_wconf 84' lang='lat' dir='ltr'><strong>si</strong></span> <span class='ocrx_word' id='word_1_498' title='bbox 1594 3195 1645 3250; x_wconf 90' lang='lat' dir='ltr'><strong>id</strong></span> <span class='ocrx_word' id='word_1_499' title='bbox 1669 3196 1888 3254; x_wconf 87' lang='lat' dir='ltr'><strong>efficere</strong></span> <span class='ocrx_word' id='word_1_500' title='bbox 1919 3216 2024 3256; x_wconf 91' lang='lat' dir='ltr'><strong>non</strong></span> <span class='ocrx_word' id='word_1_501' title='bbox 2055 3195 2100 3258; x_wconf 89' lang='lat' dir='ltr'>C</span> <span class='ocrx_word' id='word_1_502' title='bbox 2131 3217 2283 3259; x_wconf 88' lang='lat' dir='ltr'><strong>cesse</strong></span> <span class='ocrx_word' id='word_1_503' title='bbox 2309 3211 2414 3270; x_wconf 89' lang='lat' dir='ltr'><strong>est,</strong></span> <span class='ocrx_word' id='word_1_504' title='bbox 2442 3203 2583 3259; x_wconf 89' lang='lat' dir='ltr'><strong>sicut</strong></span> <span class='ocrx_word' id='word_1_505' title='bbox 2606 3203 2722 3274; x_wconf 87' lang='lat' dir='ltr'><strong>ipsa</strong></span> <span class='ocrx_word' id='word_1_506' title='bbox 2747 3203 2939 3272; x_wconf 91' lang='lat' dir='ltr'><strong>virtus,</strong></span> <span class='ocrx_word' id='word_1_507' title='bbox 2970 3201 3024 3257; x_wconf 94' lang='lat' dir='ltr'><strong>in</strong></span> <span class='ocrx_word' id='word_1_508' title='bbox 3052 3216 3158 3274; x_wconf 90' lang='lat' dir='ltr'><strong>qua</strong></span> <span class='ocrx_word' id='word_1_509' title='bbox 3188 3211 3274 3259; x_wconf 91' lang='lat' dir='ltr'><strong>est</strong></span> <span class='ocrx_word' id='word_1_510' title='bbox 3299 3203 3465 3258; x_wconf 86' lang='lat' dir='ltr'><strong>animi</strong></span> <span class='ocrx_word' id='word_1_511' title='bbox 3512 3202 3738 3258; x_wconf 88' lang='lat' dir='ltr'><strong>bonum.</strong></span> 
     </span>
    </p>
   </div>
   <div class='ocr_carea' id='block_1_62' title="bbox 511 3290 2421 3375">
    <p class='ocr_par' dir='ltr' id='par_1_62' title="bbox 511 3290 2421 3375">
     <span class='ocr_line' id='line_1_62' title="bbox 511 3290 2421 3375; baseline 0.007 -17"><span class='ocrx_word' id='word_1_512' title='bbox 511 3290 520 3301; x_wconf 74' lang='grc'><strong>’</strong></span> <span class='ocrx_word' id='word_1_513' title='bbox 1791 3315 2152 3375; x_wconf 82' lang='lat' dir='ltr'><strong>VARIORUM</strong></span> <span class='ocrx_word' id='word_1_514' title='bbox 2189 3317 2421 3375; x_wconf 73' lang='lat' dir='ltr'><strong>NOTAE.</strong></span> 
     </span>
    </p>
   </div>
   <div class='ocr_carea' id='block_1_63' title="bbox 428 3430 2037 3556">
    <p class='ocr_par' dir='ltr' id='par_1_63' title="bbox 428 3430 2037 3556">
     <span class='ocr_line' id='line_1_63' title="bbox 428 3430 2037 3556; baseline 0 -69"><span class='ocrx_word' id='word_1_515' title='bbox 428 3443 552 3490; x_wconf 88' lang='lat' dir='ltr'><strong>octo</strong></span> <span class='ocrx_word' id='word_1_516' title='bbox 573 3441 700 3490; x_wconf 91' lang='lat' dir='ltr'><strong>sunt</strong></span> <span class='ocrx_word' id='word_1_517' title='bbox 741 3431 1134 3497; x_wconf 90' lang='lat' dir='ltr'><strong>recentissimi,</strong></span> <span class='ocrx_word' id='word_1_518' title='bbox 1179 3430 1376 3486; x_wconf 90' lang='lat' dir='ltr'><strong>habent</strong></span> <span class='ocrx_word' id='word_1_519' title='bbox 1401 3431 1634 3556; x_wconf 50' lang='lat' dir='ltr'><strong>(artano.</strong></span> <span class='ocrx_word' id='word_1_520' title='bbox 1679 3431 1786 3487; x_wconf 87' lang='lat' dir='ltr'><strong>Sed</strong></span> <span class='ocrx_word' id='word_1_521' title='bbox 1817 3433 2037 3504; x_wconf 81' lang='lat' dir='ltr'><strong>fortuitu</strong></span> 
     </span>
     <span class='ocr_line' id='line_1_64' title="bbox 429 3503 2037 3556; baseline 0 0"><span class='ocrx_word' id='word_1_522' title='bbox 429 3507 625 3556; x_wconf 67' lang='lat' dir='ltr'><strong>lenitur</strong></span> <span class='ocrx_word' id='word_1_523' title='bbox 647 3505 784 3556; x_wconf 80' lang='lat' dir='ltr'><strong>apud</strong></span> <span class='ocrx_word' id='word_1_524' title='bbox 806 3505 980 3556; x_wconf 78' lang='lat' dir='ltr'><strong>ipsum</strong></span> <span class='ocrx_word' id='word_1_525' title='bbox 1013 3503 1372 3556; x_wconf 85' lang='lat' dir='ltr'><strong>Lactantium.</strong></span> <span class='ocrx_word' id='word_1_526' title='bbox 1427 3503 1501 3556; x_wconf 91' lang='lat' dir='ltr'><strong>ib.</strong></span> <span class='ocrx_word' id='word_1_527' title='bbox 1526 3519 1542 3556; x_wconf 83' lang='grc' dir='ltr'>ι</span> <span class='ocrx_word' id='word_1_528' title='bbox 1571 3517 1694 3556; x_wconf 81' lang='lat' dir='ltr'><strong>cat).</strong></span> <span class='ocrx_word' id='word_1_529' title='bbox 1721 3503 1777 3556; x_wconf 76' lang='grc'><strong>2.</strong></span> <span class='ocrx_word' id='word_1_530' title='bbox 1811 3504 1905 3556; x_wconf 91' lang='lat' dir='ltr'><strong>lib.</strong></span> <span class='ocrx_word' id='word_1_531' title='bbox 1934 3520 2037 3556; x_wconf 86' lang='lat' dir='ltr'><strong>vn.</strong></span> 
     </span>
    </p>
   </div>
   <div class='ocr_carea' id='block_1_64' title="bbox 429 3503 2038 3576">
    <p class='ocr_par' dir='ltr' id='par_1_64' title="bbox 429 3503 2038 3576">
     <span class='ocr_line' id='line_1_65' title="bbox 429 3503 2038 3576; baseline -0.001 -16"><span class='ocrx_word' id='word_1_532' title='bbox 429 3507 625 3576; x_wconf 82' lang='lat' dir='ltr'><strong>legitur</strong></span> <span class='ocrx_word' id='word_1_533' title='bbox 647 3505 784 3574; x_wconf 88' lang='lat' dir='ltr'><strong>apud</strong></span> <span class='ocrx_word' id='word_1_534' title='bbox 806 3505 980 3576; x_wconf 75' lang='lat' dir='ltr'><strong>ipsum</strong></span> <span class='ocrx_word' id='word_1_535' title='bbox 1013 3503 1372 3576; x_wconf 71' lang='lat' dir='ltr'><strong>Lactantiuni,</strong></span> <span class='ocrx_word' id='word_1_536' title='bbox 1407 3503 1501 3558; x_wconf 90' lang='lat' dir='ltr'><strong>lib.</strong></span> <span class='ocrx_word' id='word_1_537' title='bbox 1526 3519 1542 3557; x_wconf 84' lang='grc' dir='ltr'>ι</span> <span class='ocrx_word' id='word_1_538' title='bbox 1571 3503 1777 3576; x_wconf 68' lang='lat' dir='ltr'><strong>cap.2,</strong></span> <span class='ocrx_word' id='word_1_539' title='bbox 1811 3503 1905 3576; x_wconf 86' lang='lat' dir='ltr'><strong>lib.</strong></span> <span class='ocrx_word' id='word_1_540' title='bbox 1934 3520 2038 3572; x_wconf 83' lang='lat' dir='ltr'><strong>vn,</strong></span> 
     </span>
    </p>
   </div>
   <div class='ocr_carea' id='block_1_65' title="bbox 431 3573 2034 3647">
    <p class='ocr_par' dir='ltr' id='par_1_65' title="bbox 431 3573 2034 3647">
     <span class='ocr_line' id='line_1_66' title="bbox 431 3573 2034 3647; baseline 0 -16"><span class='ocrx_word' id='word_1_541' title='bbox 431 3573 551 3647; x_wconf 54' lang='lat' dir='ltr'><strong>ca&#39;p.</strong></span> <span class='ocrx_word' id='word_1_542' title='bbox 583 3576 651 3640; x_wconf 90' lang='lat'><strong>9;</strong></span> <span class='ocrx_word' id='word_1_543' title='bbox 681 3575 820 3644; x_wconf 89' lang='lat' dir='ltr'><strong>apud</strong></span> <span class='ocrx_word' id='word_1_544' title='bbox 846 3574 1163 3647; x_wconf 80' lang='lat' dir='ltr'><strong>Ciceronem</strong></span> <span class='ocrx_word' id='word_1_545' title='bbox 1218 3573 1454 3647; x_wconf 70' lang='lat' dir='ltr'><strong>Philipp.</strong></span> <span class='ocrx_word' id='word_1_546' title='bbox 1496 3591 1553 3640; x_wconf 84' lang='lat' dir='ltr'><strong>x,</strong></span> <span class='ocrx_word' id='word_1_547' title='bbox 1599 3591 1652 3647; x_wconf 87' lang='lat' dir='ltr'><strong>tt.</strong></span> <span class='ocrx_word' id='word_1_548' title='bbox 1681 3574 1751 3640; x_wconf 77' lang='lat'><strong>‘2;</strong></span> <span class='ocrx_word' id='word_1_549' title='bbox 1801 3590 1833 3628; x_wconf 80' lang='grc' dir='ltr'>χ</span> <span class='ocrx_word' id='word_1_550' title='bbox 1865 3575 2034 3631; x_wconf 86' lang='lat' dir='ltr'><strong>Attic.</strong></span> 
     </span>
    </p>
   </div>
   <div class='ocr_carea' id='block_1_66' title="bbox 435 3644 1665 3712">
    <p class='ocr_par' dir='ltr' id='par_1_66' title="bbox 435 3644 1665 3712">
     <span class='ocr_line' id='line_1_67' title="bbox 435 3644 1665 3712; baseline -0.004 -9"><span class='ocrx_word' id='word_1_551' title='bbox 435 3644 514 3705; x_wconf 43' lang='lat'><strong>6:-</strong></span> <span class='ocrx_word' id='word_1_552' title='bbox 532 3647 624 3701; x_wconf 89' lang='lat' dir='ltr'><strong>lib.</strong></span> <span class='ocrx_word' id='word_1_553' title='bbox 663 3647 882 3712; x_wconf 81' lang='lat' dir='ltr'><strong>tOl‘fic.,</strong></span> <span class='ocrx_word' id='word_1_554' title='bbox 916 3661 970 3700; x_wconf 91' lang='lat' dir='ltr'><strong>n.</strong></span> <span class='ocrx_word' id='word_1_555' title='bbox 1003 3645 1123 3710; x_wconf 79' lang='grc'><strong>105,</strong></span> <span class='ocrx_word' id='word_1_556' title='bbox 1161 3654 1215 3699; x_wconf 91' lang='lat' dir='ltr'><strong>et</strong></span> <span class='ocrx_word' id='word_1_557' title='bbox 1235 3661 1273 3699; x_wconf 91' lang='lat' dir='ltr'><strong>tt</strong></span> <span class='ocrx_word' id='word_1_558' title='bbox 1303 3645 1369 3699; x_wconf 89' lang='lat' dir='ltr'><strong>ad</strong></span> <span class='ocrx_word' id='word_1_559' title='bbox 1393 3644 1545 3709; x_wconf 87' lang='lat' dir='ltr'><strong>ller.,</strong></span> <span class='ocrx_word' id='word_1_560' title='bbox 1579 3646 1665 3699; x_wconf 80' lang='grc'><strong>16.</strong></span> 
     </span>
    </p>
   </div>
   <div class='ocr_carea' id='block_1_67' title="bbox 508 3715 2041 3786">
    <p class='ocr_par' dir='ltr' id='par_1_67' title="bbox 508 3715 2041 3786">
     <span class='ocr_line' id='line_1_68' title="bbox 508 3715 2041 3786; baseline 0.001 -14"><span class='ocrx_word' id='word_1_561' title='bbox 508 3717 698 3772; x_wconf 80' lang='lat' dir='ltr'><strong>Contra</strong></span> <span class='ocrx_word' id='word_1_562' title='bbox 730 3728 908 3771; x_wconf 87' lang='lat' dir='ltr'><strong>metus.</strong></span> <span class='ocrx_word' id='word_1_563' title='bbox 934 3716 1059 3772; x_wconf 85' lang='lat' dir='ltr'><strong>Mss.</strong></span> <span class='ocrx_word' id='word_1_564' title='bbox 1090 3716 1126 3768; x_wconf 77' lang='grc'>2</span> <span class='ocrx_word' id='word_1_565' title='bbox 1152 3715 1286 3786; x_wconf 82' lang='lat' dir='ltr'><strong>Reg.</strong></span> <span class='ocrx_word' id='word_1_566' title='bbox 1322 3731 1466 3784; x_wconf 90' lang='lat' dir='ltr'><strong>rec.,</strong></span> <span class='ocrx_word' id='word_1_567' title='bbox 1499 3717 1526 3771; x_wconf 97' lang='grc'><strong>1</strong></span> <span class='ocrx_word' id='word_1_568' title='bbox 1560 3715 1743 3783; x_wconf 87' lang='lat' dir='ltr'><strong>Colb.,</strong></span> <span class='ocrx_word' id='word_1_569' title='bbox 1782 3716 1946 3773; x_wconf 87' lang='lat' dir='ltr'><strong>Brun.</strong></span> <span class='ocrx_word' id='word_1_570' title='bbox 1982 3725 2041 3774; x_wconf 88' lang='lat' dir='ltr'><strong>et</strong></span> 
     </span>
    </p>
   </div>
   <div class='ocr_carea' id='block_1_68' title="bbox 436 3789 1197 3846">
    <p class='ocr_par' dir='ltr' id='par_1_68' title="bbox 436 3789 1197 3846">
     <span class='ocr_line' id='line_1_69' title="bbox 436 3789 1197 3846; baseline -0.011 0"><span class='ocrx_word' id='word_1_571' title='bbox 436 3790 566 3846; x_wconf 85' lang='lat' dir='ltr'><strong>edit.</strong></span> <span class='ocrx_word' id='word_1_572' title='bbox 596 3789 767 3844; x_wconf 83' lang='lat' dir='ltr'><strong>Betui.</strong></span> <span class='ocrx_word' id='word_1_573' title='bbox 785 3800 963 3842; x_wconf 86' lang='lat' dir='ltr'><strong>contra</strong></span> <span class='ocrx_word' id='word_1_574' title='bbox 990 3797 1197 3840; x_wconf 87' lang='lat' dir='ltr'><strong>metum.</strong></span> 
     </span>
    </p>
   </div>
   <div class='ocr_carea' id='block_1_69' title="bbox 511 3857 2038 3914">
    <p class='ocr_par' dir='ltr' id='par_1_69' title="bbox 511 3857 2038 3914">
     <span class='ocr_line' id='line_1_70' title="bbox 511 3857 2038 3914; baseline 0.001 -1"><span class='ocrx_word' id='word_1_575' title='bbox 511 3860 600 3913; x_wconf 91' lang='lat' dir='ltr'><strong>Dii</strong></span> <span class='ocrx_word' id='word_1_576' title='bbox 648 3876 750 3913; x_wconf 88' lang='lat' dir='ltr'><strong>non</strong></span> <span class='ocrx_word' id='word_1_577' title='bbox 780 3862 1016 3912; x_wconf 87' lang='lat' dir='ltr'><strong>coluntur</strong></span> <span class='ocrx_word' id='word_1_578' title='bbox 1059 3874 1091 3909; x_wconf 93' lang='lat' dir='ltr'><strong>a</strong></span> <span class='ocrx_word' id='word_1_579' title='bbox 1117 3857 1280 3911; x_wconf 86' lang='lat' dir='ltr'><strong>nobis.</strong></span> <span class='ocrx_word' id='word_1_580' title='bbox 1313 3857 1441 3912; x_wconf 82' lang='lat' dir='ltr'><strong>Mss.</strong></span> <span class='ocrx_word' id='word_1_581' title='bbox 1468 3857 1540 3911; x_wconf 72' lang='grc'><strong>24</strong></span> <span class='ocrx_word' id='word_1_582' title='bbox 1571 3866 1627 3913; x_wconf 88' lang='lat' dir='ltr'><strong>et</strong></span> <span class='ocrx_word' id='word_1_583' title='bbox 1655 3859 1783 3913; x_wconf 86' lang='lat' dir='ltr'><strong>editi</strong></span> <span class='ocrx_word' id='word_1_584' title='bbox 1815 3859 1902 3914; x_wconf 86' lang='grc'><strong>16.</strong></span> <span class='ocrx_word' id='word_1_585' title='bbox 1941 3859 2038 3914; x_wconf 85' lang='lat' dir='ltr'><strong>ad-</strong></span> 
     </span>
    </p>
   </div>
   <div class='ocr_carea' id='block_1_70' title="bbox 438 3928 2042 3994">
    <p class='ocr_par' dir='ltr' id='par_1_70' title="bbox 438 3928 2042 3994">
     <span class='ocr_line' id='line_1_71' title="bbox 438 3928 2042 3994; baseline 0 -9"><span class='ocrx_word' id='word_1_586' title='bbox 438 3929 592 3994; x_wconf 87' lang='lat' dir='ltr'><strong>dunt,</strong></span> <span class='ocrx_word' id='word_1_587' title='bbox 631 3930 676 3982; x_wconf 83' lang='lat' dir='ltr'><strong><em>A</em></strong></span> <span class='ocrx_word' id='word_1_588' title='bbox 706 3931 876 3983; x_wconf 86' lang='lat' dir='ltr'><strong>multis</strong></span> <span class='ocrx_word' id='word_1_589' title='bbox 932 3929 1061 3980; x_wconf 87' lang='lat' dir='ltr'><strong>enim</strong></span> <span class='ocrx_word' id='word_1_590' title='bbox 1108 3945 1207 3982; x_wconf 88' lang='lat' dir='ltr'><strong>non</strong></span> <span class='ocrx_word' id='word_1_591' title='bbox 1251 3928 1508 3982; x_wconf 85' lang='lat' dir='ltr'><strong>coluntur.</strong></span> <span class='ocrx_word' id='word_1_592' title='bbox 1569 3929 1693 3983; x_wconf 68' lang='lat' dir='ltr'><strong>Hiec</strong></span> <span class='ocrx_word' id='word_1_593' title='bbox 1727 3940 1906 3985; x_wconf 88' lang='lat' dir='ltr'><strong>autem</strong></span> <span class='ocrx_word' id='word_1_594' title='bbox 1951 3944 2042 3985; x_wconf 88' lang='lat' dir='ltr'><strong>re-</strong></span> 
     </span>
    </p>
   </div>
   <div class='ocr_carea' id='block_1_71' title="bbox 438 3998 2047 4070">
    <p class='ocr_par' dir='ltr' id='par_1_71' title="bbox 438 3998 2047 4070">
     <span class='ocr_line' id='line_1_72' title="bbox 438 3998 2047 4070; baseline 0.001 -14"><span class='ocrx_word' id='word_1_595' title='bbox 438 4009 640 4070; x_wconf 79' lang='lat' dir='ltr'><strong>Spuunt</strong></span> <span class='ocrx_word' id='word_1_596' title='bbox 664 4015 792 4055; x_wconf 87' lang='lat' dir='ltr'><strong>mss.</strong></span> <span class='ocrx_word' id='word_1_597' title='bbox 825 3998 1183 4067; x_wconf 84' lang='lat' dir='ltr'><strong>antiquissimi</strong></span> <span class='ocrx_word' id='word_1_598' title='bbox 1212 3999 1420 4070; x_wconf 42' lang='lat' dir='ltr'><strong>{Regq</strong></span> <span class='ocrx_word' id='word_1_599' title='bbox 1440 3999 1476 4052; x_wconf 74' lang='lat'><strong>2</strong></span> <span class='ocrx_word' id='word_1_600' title='bbox 1503 4000 1735 4066; x_wconf 81' lang='lat' dir='ltr'><strong>Bon0n.,</strong></span> <span class='ocrx_word' id='word_1_601' title='bbox 1756 4000 1920 4068; x_wconf 89' lang='lat' dir='ltr'><strong>Tax.,</strong></span> <span class='ocrx_word' id='word_1_602' title='bbox 1939 4001 2047 4057; x_wconf 86' lang='lat' dir='ltr'><strong>Na-</strong></span> 
     </span>
    </p>
   </div>
   <div class='ocr_carea' id='block_1_72' title="bbox 439 4069 1462 4136">
    <p class='ocr_par' dir='ltr' id='par_1_72' title="bbox 439 4069 1462 4136">
     <span class='ocr_line' id='line_1_73' title="bbox 439 4069 1462 4136; baseline -0.005 -9"><span class='ocrx_word' id='word_1_603' title='bbox 439 4069 580 4127; x_wconf 85' lang='lat' dir='ltr'><strong>varr.</strong></span> <span class='ocrx_word' id='word_1_604' title='bbox 616 4071 780 4136; x_wconf 82' lang='lat' dir='ltr'><strong>Vict.,</strong></span> <span class='ocrx_word' id='word_1_605' title='bbox 810 4071 835 4124; x_wconf 95' lang='grc'><strong>1</strong></span> <span class='ocrx_word' id='word_1_606' title='bbox 865 4071 1118 4133; x_wconf 85' lang='lat' dir='ltr'><strong>Sorbon.,</strong></span> <span class='ocrx_word' id='word_1_607' title='bbox 1151 4070 1201 4123; x_wconf 86' lang='grc'><strong>1.</strong></span> <span class='ocrx_word' id='word_1_608' title='bbox 1225 4069 1462 4124; x_wconf 88' lang='lat' dir='ltr'><strong>Colbert.</strong></span> 
     </span>
    </p>
   </div>
   <div class='ocr_carea' id='block_1_73' title="bbox 517 4139 1830 4213">
    <p class='ocr_par' dir='ltr' id='par_1_73' title="bbox 517 4139 1830 4213">
     <span class='ocr_line' id='line_1_74' title="bbox 517 4139 1830 4213; baseline 0 -17"><span class='ocrx_word' id='word_1_609' title='bbox 517 4143 708 4196; x_wconf 86' lang='lat' dir='ltr'><strong>Odium</strong></span> <span class='ocrx_word' id='word_1_610' title='bbox 737 4143 891 4213; x_wconf 81' lang='lat' dir='ltr'><strong>parit.</strong></span> <span class='ocrx_word' id='word_1_611' title='bbox 923 4139 1367 4213; x_wconf 17' lang='lat' dir='ltr'><strong>Te_rient._Andr:_.</strong></span> <span class='ocrx_word' id='word_1_612' title='bbox 1390 4152 1494 4195; x_wconf 90' lang='lat' dir='ltr'><strong>act.</strong></span> <span class='ocrx_word' id='word_1_613' title='bbox 1529 4155 1750 4213; x_wconf 88' lang='lat' dir='ltr'><strong>t,_sccn.</strong></span> <span class='ocrx_word' id='word_1_614' title='bbox 1782 4144 1830 4196; x_wconf 93' lang='grc'><strong>1.</strong></span> 
     </span>
    </p>
   </div>
   <div class='ocr_carea' id='block_1_74' title="bbox 519 4210 2042 4283">
    <p class='ocr_par' dir='ltr' id='par_1_74' title="bbox 519 4210 2042 4283">
     <span class='ocr_line' id='line_1_75' title="bbox 519 4210 2042 4283; baseline -0.001 -16"><span class='ocrx_word' id='word_1_615' title='bbox 519 4215 656 4282; x_wconf 83' lang='lat' dir='ltr'><strong>Quid</strong></span> <span class='ocrx_word' id='word_1_616' title='bbox 684 4210 961 4283; x_wconf 81' lang='lat' dir='ltr'><strong>patiantur.</strong></span> <span class='ocrx_word' id='word_1_617' title='bbox 991 4211 1119 4266; x_wconf 84' lang='lat' dir='ltr'><strong>MSS.</strong></span> <span class='ocrx_word' id='word_1_618' title='bbox 1143 4211 1293 4277; x_wconf 83' lang='lat' dir='ltr'><strong>Jun.,</strong></span> <span class='ocrx_word' id='word_1_619' title='bbox 1322 4210 1483 4279; x_wconf 85' lang='lat' dir='ltr'><strong>Ultt‘.,</strong></span> <span class='ocrx_word' id='word_1_620' title='bbox 1512 4213 1537 4266; x_wconf 96' lang='grc'><strong>1</strong></span> <span class='ocrx_word' id='word_1_621' title='bbox 1565 4211 1720 4268; x_wconf 81' lang='lat' dir='ltr'><strong>Coll).</strong></span> <span class='ocrx_word' id='word_1_622' title='bbox 1753 4225 1806 4269; x_wconf 85' lang='lat' dir='ltr'><strong>et</strong></span> <span class='ocrx_word' id='word_1_623' title='bbox 1831 4212 1961 4269; x_wconf 86' lang='lat' dir='ltr'><strong>editi</strong></span> <span class='ocrx_word' id='word_1_624' title='bbox 1983 4213 2042 4279; x_wconf 74' lang='grc'><strong>4,</strong></span> 
     </span>
    </p>
   </div>
   <div class='ocr_carea' id='block_1_75' title="bbox 442 4285 867 4357">
    <p class='ocr_par' dir='ltr' id='par_1_75' title="bbox 442 4285 867 4357">
     <span class='ocr_line' id='line_1_76' title="bbox 442 4285 867 4357; baseline -0.009 -16"><span class='ocrx_word' id='word_1_625' title='bbox 442 4288 528 4357; x_wconf 87' lang='lat' dir='ltr'><strong>qui</strong></span> <span class='ocrx_word' id='word_1_626' title='bbox 558 4287 820 4354; x_wconf 85' lang='lat' dir='ltr'><strong>patiuntur</strong></span> <span class='ocrx_word' id='word_1_627' title='bbox 843 4285 867 4337; x_wconf 90' lang='lat'><strong><em>?</em></strong></span> 
     </span>
    </p>
   </div>
   <div class='ocr_carea' id='block_1_76' title="bbox 514 4354 2103 4428">
    <p class='ocr_par' dir='ltr' id='par_1_76' title="bbox 514 4354 2103 4428">
     <span class='ocr_line' id='line_1_77' title="bbox 514 4354 2103 4428; baseline -0.001 -15"><span class='ocrx_word' id='word_1_628' title='bbox 514 4357 760 4428; x_wconf 80' lang='lat' dir='ltr'><strong>Pergitur</strong></span> <span class='ocrx_word' id='word_1_629' title='bbox 780 4357 914 4428; x_wconf 80' lang='lat' dir='ltr'><strong>enim</strong></span> <span class='ocrx_word' id='word_1_630' title='bbox 941 4370 1077 4428; x_wconf 73' lang='lat' dir='ltr'><strong>cazco</strong></span> <span class='ocrx_word' id='word_1_631' title='bbox 1101 4364 1145 4408; x_wconf 91' lang='lat' dir='ltr'><strong>et</strong></span> <span class='ocrx_word' id='word_1_632' title='bbox 1182 4354 1522 4428; x_wconf 68' lang='lat' dir='ltr'><strong>irrationabili</strong></span> <span class='ocrx_word' id='word_1_633' title='bbox 1558 4358 1753 4428; x_wconf 55' lang='lat' dir='ltr'><strong>Itinere.</strong></span> <span class='ocrx_word' id='word_1_634' title='bbox 1783 4356 1856 4410; x_wconf 91' lang='lat' dir='ltr'><strong>lta</strong></span> <span class='ocrx_word' id='word_1_635' title='bbox 1886 4356 2043 4428; x_wconf 84' lang='lat' dir='ltr'><strong>resti-</strong></span> <span class='ocrx_word' id='word_1_636' title='bbox 2098 4367 2103 4376; x_wconf 92' lang='lat'><strong>‘</strong></span> 
     </span>
    </p>
   </div>
   <div class='ocr_carea' id='block_1_77' title="bbox 2137 3431 3742 3506">
    <p class='ocr_par' dir='ltr' id='par_1_77' title="bbox 2137 3431 3742 3506">
     <span class='ocr_line' id='line_1_78' title="bbox 2137 3431 3742 3506; baseline -0.002 -16"><span class='ocrx_word' id='word_1_637' title='bbox 2137 3431 2376 3492; x_wconf 87' lang='lat' dir='ltr'><strong>Colbert.</strong></span> <span class='ocrx_word' id='word_1_638' title='bbox 2426 3434 2516 3505; x_wconf 85' lang='lat' dir='ltr'><strong>qui</strong></span> <span class='ocrx_word' id='word_1_639' title='bbox 2567 3435 2832 3502; x_wconf 88' lang='lat' dir='ltr'><strong>referunt,</strong></span> <span class='ocrx_word' id='word_1_640' title='bbox 2876 3435 3187 3502; x_wconf 75' lang='lat' dir='ltr'><strong>exulantur;</strong></span> <span class='ocrx_word' id='word_1_641' title='bbox 3229 3435 3266 3488; x_wconf 71' lang='lat'><strong>2</strong></span> <span class='ocrx_word' id='word_1_642' title='bbox 3307 3433 3443 3506; x_wconf 91' lang='lat' dir='ltr'><strong>Reg.</strong></span> <span class='ocrx_word' id='word_1_643' title='bbox 3490 3447 3544 3490; x_wconf 89' lang='lat' dir='ltr'><strong>et</strong></span> <span class='ocrx_word' id='word_1_644' title='bbox 3590 3436 3742 3505; x_wconf 83' lang='lat' dir='ltr'><strong>Jun.,</strong></span> 
     </span>
    </p>
   </div>
   <div class='ocr_carea' id='block_1_78' title="bbox 2139 3507 3740 3579">
    <p class='ocr_par' dir='ltr' id='par_1_78' title="bbox 2139 3507 3740 3579">
     <span class='ocr_line' id='line_1_79' title="bbox 2139 3507 3740 3579; baseline 0.001 -17"><span class='ocrx_word' id='word_1_645' title='bbox 2139 3507 2500 3578; x_wconf 78' lang='lat' dir='ltr'><strong>expelluntur;</strong></span> <span class='ocrx_word' id='word_1_646' title='bbox 2546 3508 2578 3579; x_wconf 8' lang='grc'><strong>17</strong></span> <span class='ocrx_word' id='word_1_647' title='bbox 2617 3507 2750 3578; x_wconf 88' lang='lat' dir='ltr'><strong>Reg.</strong></span> <span class='ocrx_word' id='word_1_648' title='bbox 2803 3509 3146 3579; x_wconf 72' lang='lat' dir='ltr'><strong>exultantur;</strong></span> <span class='ocrx_word' id='word_1_649' title='bbox 3183 3508 3209 3561; x_wconf 89' lang='grc'><strong>1</strong></span> <span class='ocrx_word' id='word_1_650' title='bbox 3236 3507 3366 3579; x_wconf 74' lang='lat' dir='ltr'><strong>Reg.</strong></span> <span class='ocrx_word' id='word_1_651' title='bbox 3417 3517 3473 3562; x_wconf 93' lang='lat' dir='ltr'><strong>et</strong></span> <span class='ocrx_word' id='word_1_652' title='bbox 3527 3507 3740 3574; x_wconf 81' lang='lat' dir='ltr'><strong>lliarm.,</strong></span> 
     </span>
    </p>
   </div>
   <div class='ocr_carea' id='block_1_79' title="bbox 2140 3578 3745 3648">
    <p class='ocr_par' dir='ltr' id='par_1_79' title="bbox 2140 3578 3745 3648">
     <span class='ocr_line' id='line_1_80' title="bbox 2140 3578 3745 3648; baseline 0.001 -14"><span class='ocrx_word' id='word_1_653' title='bbox 2140 3579 2414 3644; x_wconf 73' lang='lat' dir='ltr'><strong>exultant;</strong></span> <span class='ocrx_word' id='word_1_654' title='bbox 2455 3578 2585 3648; x_wconf 88' lang='lat' dir='ltr'><strong>quid</strong></span> <span class='ocrx_word' id='word_1_655' title='bbox 2615 3579 2769 3648; x_wconf 90' lang='lat' dir='ltr'><strong>pejus</strong></span> <span class='ocrx_word' id='word_1_656' title='bbox 2799 3579 2903 3634; x_wconf 90' lang='lat' dir='ltr'><strong>dici</strong></span> <span class='ocrx_word' id='word_1_657' title='bbox 2943 3578 3155 3646; x_wconf 80' lang='lat' dir='ltr'><strong>potest?</strong></span> <span class='ocrx_word' id='word_1_658' title='bbox 3187 3579 3214 3632; x_wconf 85' lang='grc'><strong>1</strong></span> <span class='ocrx_word' id='word_1_659' title='bbox 3268 3578 3401 3648; x_wconf 86' lang='lat' dir='ltr'><strong>Reg.</strong></span> <span class='ocrx_word' id='word_1_660' title='bbox 3449 3594 3561 3634; x_wconf 88' lang='lat' dir='ltr'><strong>rec.</strong></span> <span class='ocrx_word' id='word_1_661' title='bbox 3607 3580 3745 3636; x_wconf 86' lang='lat' dir='ltr'><strong>alter</strong></span> 
     </span>
    </p>
   </div>
   <div class='ocr_carea' id='block_1_80' title="bbox 2142 3647 3741 3719">
    <p class='ocr_par' dir='ltr' id='par_1_80' title="bbox 2142 3647 3741 3719">
     <span class='ocr_line' id='line_1_81' title="bbox 2142 3647 3741 3719; baseline 0.001 -15"><span class='ocrx_word' id='word_1_662' title='bbox 2142 3649 2308 3704; x_wconf 88' lang='lat' dir='ltr'><strong>Brun.</strong></span> <span class='ocrx_word' id='word_1_663' title='bbox 2331 3659 2388 3704; x_wconf 92' lang='lat' dir='ltr'><strong>et</strong></span> <span class='ocrx_word' id='word_1_664' title='bbox 2408 3647 2653 3715; x_wconf 28' lang='lat' dir='ltr'><strong>lS’editL,</strong></span> <span class='ocrx_word' id='word_1_665' title='bbox 2680 3647 2911 3704; x_wconf 76' lang='lat' dir='ltr'><strong>exulant.</strong></span> <span class='ocrx_word' id='word_1_666' title='bbox 2934 3648 3097 3704; x_wconf 87' lang='lat' dir='ltr'><strong>Forte</strong></span> <span class='ocrx_word' id='word_1_667' title='bbox 3122 3647 3429 3719; x_wconf 80' lang='lat' dir='ltr'><strong>legendum,</strong></span> <span class='ocrx_word' id='word_1_668' title='bbox 3454 3651 3741 3705; x_wconf 71' lang='lat' dir='ltr'><strong>exululant.</strong></span> 
     </span>
    </p>
   </div>
   <div class='ocr_carea' id='block_1_81' title="bbox 2143 3719 3744 3792">
    <p class='ocr_par' dir='ltr' id='par_1_81' title="bbox 2143 3719 3744 3792">
     <span class='ocr_line' id='line_1_82' title="bbox 2143 3719 3744 3792; baseline 0.001 -15"><span class='ocrx_word' id='word_1_669' title='bbox 2143 3722 2463 3792; x_wconf 75' lang='lat' dir='ltr'><strong>Lactantius</strong></span> <span class='ocrx_word' id='word_1_670' title='bbox 2483 3723 2628 3775; x_wconf 91' lang='lat' dir='ltr'><strong>enim</strong></span> <span class='ocrx_word' id='word_1_671' title='bbox 2650 3721 2788 3776; x_wconf 90' lang='lat' dir='ltr'><strong>libro</strong></span> <span class='ocrx_word' id='word_1_672' title='bbox 2814 3736 2874 3786; x_wconf 82' lang='lat' dir='ltr'><strong>tt,</strong></span> <span class='ocrx_word' id='word_1_673' title='bbox 2907 3720 2976 3776; x_wconf 92' lang='lat' dir='ltr'><strong>de</strong></span> <span class='ocrx_word' id='word_1_674' title='bbox 2999 3719 3221 3791; x_wconf 90' lang='lat' dir='ltr'><strong>Origine</strong></span> <span class='ocrx_word' id='word_1_675' title='bbox 3248 3723 3470 3786; x_wconf 91' lang='lat' dir='ltr'><strong>erroris,</strong></span> <span class='ocrx_word' id='word_1_676' title='bbox 3498 3737 3620 3792; x_wconf 92' lang='lat' dir='ltr'><strong>cap.</strong></span> <span class='ocrx_word' id='word_1_677' title='bbox 3653 3723 3744 3788; x_wconf 80' lang='grc'><strong>16,</strong></span> 
     </span>
    </p>
   </div>
   <div class='ocr_carea' id='block_1_82' title="bbox 2145 3790 3743 3865">
    <p class='ocr_par' dir='ltr' id='par_1_82' title="bbox 2145 3790 3743 3865">
     <span class='ocr_line' id='line_1_83' title="bbox 2145 3790 3743 3865; baseline 0.001 -19"><span class='ocrx_word' id='word_1_678' title='bbox 2145 3794 2221 3865; x_wconf 77' lang='lat' dir='ltr'><strong>ait</strong></span> <span class='ocrx_word' id='word_1_679' title='bbox 2247 3811 2261 3844; x_wconf 87' lang='lat'>:</span> <span class='ocrx_word' id='word_1_680' title='bbox 2294 3791 2407 3847; x_wconf 87' lang='lat' dir='ltr'><strong>Nec</strong></span> <span class='ocrx_word' id='word_1_681' title='bbox 2428 3790 2540 3865; x_wconf 86' lang='lat' dir='ltr'><strong>Deo</strong></span> <span class='ocrx_word' id='word_1_682' title='bbox 2566 3808 2656 3862; x_wconf 83' lang='lat' dir='ltr'><strong>per</strong></span> <span class='ocrx_word' id='word_1_683' title='bbox 2680 3808 2827 3860; x_wconf 84' lang='lat' dir='ltr'><strong>quem</strong></span> <span class='ocrx_word' id='word_1_684' title='bbox 2852 3790 3228 3865; x_wconf 82' lang='lat' dir='ltr'><strong>adjurantur...</strong></span> <span class='ocrx_word' id='word_1_685' title='bbox 3247 3864 3250 3865; x_wconf 14' lang='grc' dir='ltr'><em>ν</em></span> <span class='ocrx_word' id='word_1_686' title='bbox 3267 3793 3472 3865; x_wconf 86' lang='lat' dir='ltr'><strong>mentiri</strong></span> <span class='ocrx_word' id='word_1_687' title='bbox 3513 3790 3743 3865; x_wconf 77' lang='lat' dir='ltr'><strong>passum.</strong></span> 
     </span>
    </p>
   </div>
   <div class='ocr_carea' id='block_1_83' title="bbox 2147 3863 3750 3934">
    <p class='ocr_par' dir='ltr' id='par_1_83' title="bbox 2147 3863 3750 3934">
     <span class='ocr_line' id='line_1_84' title="bbox 2147 3863 3750 3934; baseline 0.001 -16"><span class='ocrx_word' id='word_1_688' title='bbox 2147 3863 2351 3934; x_wconf 83' lang='lat' dir='ltr'><strong>Itaque,</strong></span> <span class='ocrx_word' id='word_1_689' title='bbox 2383 3864 2627 3918; x_wconf 72' lang='lat' dir='ltr'><strong>maximis</strong></span> <span class='ocrx_word' id='word_1_690' title='bbox 2655 3879 2791 3932; x_wconf 71' lang='lat' dir='ltr'><strong>swpe</strong></span> <span class='ocrx_word' id='word_1_691' title='bbox 2819 3864 3102 3918; x_wconf 82' lang='lat' dir='ltr'><strong>ululatibus</strong></span> <span class='ocrx_word' id='word_1_692' title='bbox 3129 3864 3300 3928; x_wconf 85' lang='lat' dir='ltr'><strong>editis,</strong></span> <span class='ocrx_word' id='word_1_693' title='bbox 3320 3863 3576 3918; x_wconf 82' lang='lat' dir='ltr'><strong>verberari</strong></span> <span class='ocrx_word' id='word_1_694' title='bbox 3597 3882 3668 3930; x_wconf 87' lang='lat' dir='ltr'><strong>se,</strong></span> <span class='ocrx_word' id='word_1_695' title='bbox 3703 3874 3750 3920; x_wconf 87' lang='lat' dir='ltr'><strong>et</strong></span> 
     </span>
    </p>
   </div>
   <div class='ocr_carea' id='block_1_84' title="bbox 2149 3934 3751 4006">
    <p class='ocr_par' dir='ltr' id='par_1_84' title="bbox 2149 3934 3751 4006">
     <span class='ocr_line' id='line_1_85' title="bbox 2149 3934 3751 4006; baseline 0.002 -18"><span class='ocrx_word' id='word_1_696' title='bbox 2149 3937 2352 3998; x_wconf 83' lang='lat' dir='ltr'><strong>ardere,</strong></span> <span class='ocrx_word' id='word_1_697' title='bbox 2375 3945 2421 3989; x_wconf 91' lang='lat' dir='ltr'><strong>et</strong></span> <span class='ocrx_word' id='word_1_698' title='bbox 2441 3936 2556 4006; x_wconf 88' lang='lat' dir='ltr'><strong>jam</strong></span> <span class='ocrx_word' id='word_1_699' title='bbox 2568 3937 2786 4006; x_wconf 85' lang='lat' dir='ltr'><strong>jamque</strong></span> <span class='ocrx_word' id='word_1_700' title='bbox 2804 3936 2944 3990; x_wconf 77' lang='lat' dir='ltr'><strong>exire</strong></span> <span class='ocrx_word' id='word_1_701' title='bbox 2965 3935 3307 4004; x_wconf 86' lang='lat' dir='ltr'><strong>proclamant.</strong></span> <span class='ocrx_word' id='word_1_702' title='bbox 3337 3934 3584 3991; x_wconf 81' lang='lat' dir='ltr'><strong>Proclive</strong></span> <span class='ocrx_word' id='word_1_703' title='bbox 3607 3945 3751 3992; x_wconf 88' lang='lat' dir='ltr'><strong>esset</strong></span> 
     </span>
    </p>
   </div>
   <div class='ocr_carea' id='block_1_85' title="bbox 2151 4006 3750 4075">
    <p class='ocr_par' dir='ltr' id='par_1_85' title="bbox 2151 4006 3750 4075">
     <span class='ocr_line' id='line_1_86' title="bbox 2151 4006 3750 4075; baseline 0.001 -15"><span class='ocrx_word' id='word_1_704' title='bbox 2151 4007 2441 4060; x_wconf 90' lang='lat' dir='ltr'><strong>emendare</strong></span> <span class='ocrx_word' id='word_1_705' title='bbox 2471 4007 2708 4075; x_wconf 88' lang='lat' dir='ltr'><strong>ejulant,</strong></span> <span class='ocrx_word' id='word_1_706' title='bbox 2749 4006 2795 4060; x_wconf 90' lang='lat' dir='ltr'><strong>si</strong></span> <span class='ocrx_word' id='word_1_707' title='bbox 2838 4016 3223 4061; x_wconf 89' lang='lat' dir='ltr'><strong>concurrerent</strong></span> <span class='ocrx_word' id='word_1_708' title='bbox 3281 4021 3413 4061; x_wconf 90' lang='lat' dir='ltr'><strong>mss.</strong></span> <span class='ocrx_word' id='word_1_709' title='bbox 3458 4006 3572 4062; x_wconf 87' lang='lat' dir='ltr'><strong>Hoc</strong></span> <span class='ocrx_word' id='word_1_710' title='bbox 3606 4008 3750 4062; x_wconf 89' lang='lat' dir='ltr'><strong>enim</strong></span> 
     </span>
    </p>
   </div>
   <div class='ocr_carea' id='block_1_86' title="bbox 2152 4077 3751 4148">
    <p class='ocr_par' dir='ltr' id='par_1_86' title="bbox 2152 4077 3751 4148">
     <span class='ocr_line' id='line_1_87' title="bbox 2152 4077 3751 4148; baseline 0.002 -17"><span class='ocrx_word' id='word_1_711' title='bbox 2152 4077 2376 4132; x_wconf 87' lang='lat' dir='ltr'><strong>verbum</strong></span> <span class='ocrx_word' id='word_1_712' title='bbox 2407 4077 2628 4131; x_wconf 88' lang='lat' dir='ltr'><strong>memini</strong></span> <span class='ocrx_word' id='word_1_713' title='bbox 2659 4091 2745 4132; x_wconf 90' lang='lat' dir='ltr'><strong>me</strong></span> <span class='ocrx_word' id='word_1_714' title='bbox 2774 4077 2957 4148; x_wconf 89' lang='lat' dir='ltr'><strong>legere</strong></span> <span class='ocrx_word' id='word_1_715' title='bbox 2985 4077 3126 4146; x_wconf 88' lang='lat' dir='ltr'><strong>apud</strong></span> <span class='ocrx_word' id='word_1_716' title='bbox 3158 4078 3364 4146; x_wconf 89' lang='lat' dir='ltr'><strong>priscos</strong></span> <span class='ocrx_word' id='word_1_717' title='bbox 3389 4077 3596 4148; x_wconf 81' lang='lat' dir='ltr'><strong>Patres,</strong></span> <span class='ocrx_word' id='word_1_718' title='bbox 3628 4094 3751 4134; x_wconf 88' lang='lat' dir='ltr'><strong>cum</strong></span> 
     </span>
    </p>
   </div>
   <div class='ocr_carea' id='block_1_87' title="bbox 2149 4147 3749 4220">
    <p class='ocr_par' dir='ltr' id='par_1_87' title="bbox 2149 4147 3749 4220">
     <span class='ocr_line' id='line_1_88' title="bbox 2149 4147 3749 4220; baseline 0.002 -18"><span class='ocrx_word' id='word_1_719' title='bbox 2149 4160 2312 4220; x_wconf 82' lang='lat' dir='ltr'><strong>agunt</strong></span> <span class='ocrx_word' id='word_1_720' title='bbox 2333 4148 2402 4203; x_wconf 92' lang='lat' dir='ltr'><strong>de</strong></span> <span class='ocrx_word' id='word_1_721' title='bbox 2426 4147 2850 4220; x_wconf 78' lang='lat' dir='ltr'><strong>exorcismorum</strong></span> <span class='ocrx_word' id='word_1_722' title='bbox 2876 4150 3102 4203; x_wconf 88' lang='lat' dir='ltr'><strong>virtute:</strong></span> <span class='ocrx_word' id='word_1_723' title='bbox 3135 4149 3276 4204; x_wconf 90' lang='lat' dir='ltr'><strong>inter</strong></span> <span class='ocrx_word' id='word_1_724' title='bbox 3300 4163 3398 4204; x_wconf 91' lang='lat' dir='ltr'><strong>eos</strong></span> <span class='ocrx_word' id='word_1_725' title='bbox 3421 4147 3749 4220; x_wconf 86' lang='lat' dir='ltr'><strong>Cyprianus,</strong></span> 
     </span>
    </p>
   </div>
   <div class='ocr_carea' id='block_1_88' title="bbox 2149 4218 3754 4291">
    <p class='ocr_par' dir='ltr' id='par_1_88' title="bbox 2149 4218 3754 4291">
     <span class='ocr_line' id='line_1_89' title="bbox 2149 4218 3754 4291; baseline 0.001 -17"><span class='ocrx_word' id='word_1_726' title='bbox 2149 4218 2217 4291; x_wconf 74' lang='lat' dir='ltr'><strong>de</strong></span> <span class='ocrx_word' id='word_1_727' title='bbox 2265 4219 2533 4274; x_wconf 85' lang='lat' dir='ltr'><strong>[dolorum</strong></span> <span class='ocrx_word' id='word_1_728' title='bbox 2561 4218 2782 4291; x_wconf 84' lang='lat' dir='ltr'><strong>Vanit.:</strong></span> <span class='ocrx_word' id='word_1_729' title='bbox 2817 4219 3084 4291; x_wconf 78' lang='lat' dir='ltr'><strong>Dtemones</strong></span> <span class='ocrx_word' id='word_1_730' title='bbox 3144 4228 3314 4274; x_wconf 84' lang='lat' dir='ltr'><strong>tamen</strong></span> <span class='ocrx_word' id='word_1_731' title='bbox 3368 4218 3604 4290; x_wconf 67' lang='lat' dir='ltr'><strong>adiurati</strong></span> <span class='ocrx_word' id='word_1_732' title='bbox 3663 4237 3754 4291; x_wconf 86' lang='lat' dir='ltr'><strong>per</strong></span> 
     </span>
    </p>
   </div>
   <div class='ocr_carea' id='block_1_89' title="bbox 2148 4289 3753 4363">
    <p class='ocr_par' dir='ltr' id='par_1_89' title="bbox 2148 4289 3753 4363">
     <span class='ocr_line' id='line_1_90' title="bbox 2148 4289 3753 4363; baseline 0.002 -20"><span class='ocrx_word' id='word_1_733' title='bbox 2148 4289 2316 4344; x_wconf 87' lang='lat' dir='ltr'><strong>Deum</strong></span> <span class='ocrx_word' id='word_1_734' title='bbox 2359 4306 2534 4346; x_wconf 83' lang='lat' dir='ltr'><strong>verum</strong></span> <span class='ocrx_word' id='word_1_735' title='bbox 2568 4290 2714 4363; x_wconf 79' lang='lat' dir='ltr'><strong>nobis</strong></span> <span class='ocrx_word' id='word_1_736' title='bbox 2752 4291 2928 4344; x_wconf 80' lang='lat' dir='ltr'><strong>statim</strong></span> <span class='ocrx_word' id='word_1_737' title='bbox 2968 4290 3178 4358; x_wconf 86' lang='lat' dir='ltr'><strong>cedunt,</strong></span> <span class='ocrx_word' id='word_1_738' title='bbox 3209 4301 3269 4363; x_wconf 65' lang='lat' dir='ltr'><strong>et</strong></span> <span class='ocrx_word' id='word_1_739' title='bbox 3297 4362 3303 4363; x_wconf 13' lang='grc' dir='ltr'>ί</span> <span class='ocrx_word' id='word_1_740' title='bbox 3313 4289 3564 4363; x_wconf 80' lang='lat' dir='ltr'><strong>fatentur,</strong></span> <span class='ocrx_word' id='word_1_741' title='bbox 3597 4289 3753 4346; x_wconf 35' lang='lat' dir='ltr'><strong>et&#39;de</strong></span> 
     </span>
    </p>
   </div>
   <div class='ocr_carea' id='block_1_90' title="bbox 2147 4361 3750 4433">
    <p class='ocr_par' dir='ltr' id='par_1_90' title="bbox 2147 4361 3750 4433">
     <span class='ocr_line' id='line_1_91' title="bbox 2147 4361 3750 4433; baseline 0.001 -18"><span class='ocrx_word' id='word_1_742' title='bbox 2147 4363 2363 4417; x_wconf 76' lang='lat' dir='ltr'><strong>obsessis</strong></span> <span class='ocrx_word' id='word_1_743' title='bbox 2393 4362 2694 4430; x_wconf 83' lang='lat' dir='ltr'><strong>corporibus</strong></span> <span class='ocrx_word' id='word_1_744' title='bbox 2720 4363 2860 4417; x_wconf 69' lang='lat' dir='ltr'><strong>exire</strong></span> <span class='ocrx_word' id='word_1_745' title='bbox 2887 4371 3180 4433; x_wconf 81' lang='lat' dir='ltr'><strong>coguntur.</strong></span> <span class='ocrx_word' id='word_1_746' title='bbox 3206 4361 3392 4417; x_wconf 76' lang='lat' dir='ltr'><strong>Videas</strong></span> <span class='ocrx_word' id='word_1_747' title='bbox 3428 4363 3546 4417; x_wconf 84' lang='lat' dir='ltr'><strong>illos</strong></span> <span class='ocrx_word' id='word_1_748' title='bbox 3573 4373 3750 4418; x_wconf 84' lang='lat' dir='ltr'><strong>nostra</strong></span> 
     </span>
    </p>
   </div>
   <div class='ocr_carea' id='block_1_91' title="bbox 442 4425 3753 4505">
    <p class='ocr_par' dir='ltr' id='par_1_91' title="bbox 442 4425 3753 4505">
     <span class='ocr_line' id='line_1_92' title="bbox 442 4425 3753 4505; baseline 0.004 -29"><span class='ocrx_word' id='word_1_749' title='bbox 442 4430 530 4505; x_wconf 66' lang='lat' dir='ltr'><strong>tui</strong></span> <span class='ocrx_word' id='word_1_750' title='bbox 567 4425 638 4483; x_wconf 69' lang='lat' dir='ltr'><strong>ex&#39;</strong></span> <span class='ocrx_word' id='word_1_751' title='bbox 674 4445 815 4505; x_wconf 35' lang='lat' dir='ltr'><strong>mss:</strong></span> <span class='ocrx_word' id='word_1_752' title='bbox 859 4427 1192 4505; x_wconf 79' lang='lat' dir='ltr'><strong>Regio-Put.,</strong></span> <span class='ocrx_word' id='word_1_753' title='bbox 1234 4425 1269 4478; x_wconf 75' lang='lat'><strong>2</strong></span> <span class='ocrx_word' id='word_1_754' title='bbox 1316 4426 1568 4505; x_wconf 65' lang='lat' dir='ltr'><strong>al.__Reg.</strong></span> <span class='ocrx_word' id='word_1_755' title='bbox 1623 4426 1655 4480; x_wconf 88' lang='grc'>6</span> <span class='ocrx_word' id='word_1_756' title='bbox 1695 4427 1873 4505; x_wconf 55' lang='grc' dir='ltr'><strong>(ἐρημ,</strong></span> <span class='ocrx_word' id='word_1_757' title='bbox 1916 4427 2043 4505; x_wconf 81' lang='lat' dir='ltr'><strong>Jun_._</strong></span> <span class='ocrx_word' id='word_1_758' title='bbox 2072 4436 2126 4498; x_wconf 82' lang='lat'><strong>1)</strong></span> <span class='ocrx_word' id='word_1_759' title='bbox 2149 4447 2268 4488; x_wconf 84' lang='lat' dir='ltr'><strong>voce</strong></span> <span class='ocrx_word' id='word_1_760' title='bbox 2293 4443 2339 4488; x_wconf 89' lang='lat' dir='ltr'><strong>et</strong></span> <span class='ocrx_word' id='word_1_761' title='bbox 2361 4425 2592 4488; x_wconf 86' lang='lat' dir='ltr'><strong>oratione</strong></span> <span class='ocrx_word' id='word_1_762' title='bbox 2617 4436 2814 4488; x_wconf 87' lang='lat' dir='ltr'><strong>occulte</strong></span> <span class='ocrx_word' id='word_1_763' title='bbox 2832 4425 3054 4504; x_wconf 62' lang='lat' dir='ltr'><strong>ﬂagitiis</strong></span> <span class='ocrx_word' id='word_1_764' title='bbox 3074 4432 3225 4505; x_wconf 72' lang='lat' dir='ltr'><strong>credi,</strong></span> <span class='ocrx_word' id='word_1_765' title='bbox 3249 4435 3357 4505; x_wconf 89' lang='lat' dir='ltr'><strong>igni</strong></span> <span class='ocrx_word' id='word_1_766' title='bbox 3387 4435 3636 4504; x_wconf 84' lang='lat' dir='ltr'><strong>torqueri,</strong></span> <span class='ocrx_word' id='word_1_767' title='bbox 3671 4435 3753 4488; x_wconf 86' lang='lat' dir='ltr'><strong>in-</strong></span> 
     </span>
    </p>
   </div>
   <div class='ocr_carea' id='block_1_92' title="bbox 444 4497 2046 4569">
    <p class='ocr_par' dir='ltr' id='par_1_92' title="bbox 444 4497 2046 4569">
     <span class='ocr_line' id='line_1_93' title="bbox 444 4497 2046 4569; baseline -0.001 -15"><span class='ocrx_word' id='word_1_768' title='bbox 444 4501 669 4569; x_wconf 91' lang='lat' dir='ltr'><strong>aliisque</strong></span> <span class='ocrx_word' id='word_1_769' title='bbox 697 4498 980 4569; x_wconf 83' lang='lat' dir='ltr'><strong>undecim,</strong></span> <span class='ocrx_word' id='word_1_770' title='bbox 1009 4512 1219 4552; x_wconf 87' lang='lat' dir='ltr'><strong>necnon</strong></span> <span class='ocrx_word' id='word_1_771' title='bbox 1255 4513 1326 4569; x_wconf 54' lang='lat' dir='ltr'><strong>ex</strong></span> <span class='ocrx_word' id='word_1_772' title='bbox 1353 4497 1481 4552; x_wconf 90' lang='lat' dir='ltr'><strong>edit.</strong></span> <span class='ocrx_word' id='word_1_773' title='bbox 1512 4497 1546 4551; x_wconf 81' lang='grc'>5</span> <span class='ocrx_word' id='word_1_774' title='bbox 1576 4507 1684 4552; x_wconf 89' lang='lat' dir='ltr'><strong>vet.</strong></span> <span class='ocrx_word' id='word_1_775' title='bbox 1729 4498 1885 4553; x_wconf 89' lang='lat' dir='ltr'><strong>Rom.</strong></span> <span class='ocrx_word' id='word_1_776' title='bbox 1915 4508 1970 4555; x_wconf 92' lang='lat' dir='ltr'><strong>et</strong></span> <span class='ocrx_word' id='word_1_777' title='bbox 2011 4497 2046 4552; x_wconf 84' lang='lat'><strong>5</strong></span> 
     </span>
    </p>
   </div>
   <div class='ocr_carea' id='block_1_93' title="bbox 446 4566 2041 4638">
    <p class='ocr_par' dir='ltr' id='par_1_93' title="bbox 446 4566 2041 4638">
     <span class='ocr_line' id='line_1_94' title="bbox 446 4566 2041 4638; baseline 0.001 -15"><span class='ocrx_word' id='word_1_778' title='bbox 446 4571 518 4623; x_wconf 87' lang='lat' dir='ltr'><strong>al.</strong></span> <span class='ocrx_word' id='word_1_779' title='bbox 551 4566 668 4623; x_wconf 60' lang='grc'><strong>11⁷12</strong></span> <span class='ocrx_word' id='word_1_780' title='bbox 692 4568 819 4638; x_wconf 72' lang='lat' dir='ltr'><strong>Reg.</strong></span> <span class='ocrx_word' id='word_1_781' title='bbox 855 4571 1244 4632; x_wconf 80' lang='lat' dir='ltr'><strong>scrintnrtiest,</strong></span> <span class='ocrx_word' id='word_1_782' title='bbox 1279 4566 1542 4621; x_wconf 86' lang='lat' dir='ltr'><strong>Feruntur</strong></span> <span class='ocrx_word' id='word_1_783' title='bbox 1569 4570 1704 4622; x_wconf 90' lang='lat' dir='ltr'><strong>enim</strong></span> <span class='ocrx_word' id='word_1_784' title='bbox 1747 4586 1904 4634; x_wconf 69' lang='lat' dir='ltr'><strong>caeco,</strong></span> <span class='ocrx_word' id='word_1_785' title='bbox 1933 4581 2041 4625; x_wconf 87' lang='lat' dir='ltr'><strong>etc.</strong></span> 
     </span>
    </p>
   </div>
   <div class='ocr_carea' id='block_1_94' title="bbox 448 4638 2047 4712">
    <p class='ocr_par' dir='ltr' id='par_1_94' title="bbox 448 4638 2047 4712">
     <span class='ocr_line' id='line_1_95' title="bbox 448 4638 2047 4712; baseline 0 -18"><span class='ocrx_word' id='word_1_786' title='bbox 448 4640 508 4694; x_wconf 83' lang='lat' dir='ltr'><strong>In</strong></span> <span class='ocrx_word' id='word_1_787' title='bbox 539 4641 565 4694; x_wconf 88' lang='grc'><strong>1</strong></span> <span class='ocrx_word' id='word_1_788' title='bbox 593 4640 725 4708; x_wconf 85' lang='lat' dir='ltr'><strong>Reg.</strong></span> <span class='ocrx_word' id='word_1_789' title='bbox 755 4655 863 4694; x_wconf 86' lang='lat' dir='ltr'><strong>rec.</strong></span> <span class='ocrx_word' id='word_1_790' title='bbox 891 4649 944 4694; x_wconf 92' lang='lat' dir='ltr'><strong>et</strong></span> <span class='ocrx_word' id='word_1_791' title='bbox 964 4639 997 4692; x_wconf 92' lang='lat'><strong>8</strong></span> <span class='ocrx_word' id='word_1_792' title='bbox 1025 4640 1324 4709; x_wconf 83' lang='lat' dir='ltr'><strong>impressis,</strong></span> <span class='ocrx_word' id='word_1_793' title='bbox 1350 4638 1542 4693; x_wconf 88' lang='lat' dir='ltr'><strong>Perciti</strong></span> <span class='ocrx_word' id='word_1_794' title='bbox 1565 4641 1702 4694; x_wconf 86' lang='lat' dir='ltr'><strong>enim</strong></span> <span class='ocrx_word' id='word_1_795' title='bbox 1720 4644 2047 4712; x_wconf 63' lang='lat' dir='ltr'><strong>perferuntur</strong></span> 
     </span>
    </p>
   </div>
   <div class='ocr_carea' id='block_1_95' title="bbox 447 4724 736 4776">
    <p class='ocr_par' dir='ltr' id='par_1_95' title="bbox 447 4724 736 4776">
     <span class='ocr_line' id='line_1_96' title="bbox 447 4724 736 4776; baseline -0.01 -11"><span class='ocrx_word' id='word_1_796' title='bbox 447 4727 604 4776; x_wconf 63' lang='lat' dir='ltr'><strong>circa,</strong></span> <span class='ocrx_word' id='word_1_797' title='bbox 633 4724 736 4765; x_wconf 91' lang='lat' dir='ltr'><strong>etc.</strong></span> 
     </span>
    </p>
   </div>
   <div class='ocr_carea' id='block_1_96' title="bbox 522 4778 2044 4853">
    <p class='ocr_par' dir='ltr' id='par_1_96' title="bbox 522 4778 2044 4853">
     <span class='ocr_line' id='line_1_97' title="bbox 522 4778 2044 4853; baseline 0.001 -16"><span class='ocrx_word' id='word_1_798' title='bbox 522 4782 750 4853; x_wconf 84' lang='lat' dir='ltr'><strong>Spiritus</strong></span> <span class='ocrx_word' id='word_1_799' title='bbox 774 4779 1127 4853; x_wconf 74' lang='lat' dir='ltr'><strong>contaminati.</strong></span> <span class='ocrx_word' id='word_1_800' title='bbox 1160 4778 1296 4853; x_wconf 58' lang='lat' dir='ltr'><strong>\[ide</strong></span> <span class='ocrx_word' id='word_1_801' title='bbox 1318 4795 1481 4850; x_wconf 87' lang='lat' dir='ltr'><strong>supra</strong></span> <span class='ocrx_word' id='word_1_802' title='bbox 1508 4781 1646 4837; x_wconf 89' lang='lat' dir='ltr'><strong>libro</strong></span> <span class='ocrx_word' id='word_1_803' title='bbox 1670 4797 1728 4845; x_wconf 85' lang='lat' dir='ltr'><strong>tt,</strong></span> <span class='ocrx_word' id='word_1_804' title='bbox 1758 4784 1919 4851; x_wconf 88' lang='lat' dir='ltr'><strong>capit.</strong></span> <span class='ocrx_word' id='word_1_805' title='bbox 1957 4785 2044 4838; x_wconf 84' lang='grc'><strong>16.</strong></span> 
     </span>
    </p>
   </div>
   <div class='ocr_carea' id='block_1_97' title="bbox 522 4850 2046 4922">
    <p class='ocr_par' dir='ltr' id='par_1_97' title="bbox 522 4850 2046 4922">
     <span class='ocr_line' id='line_1_98' title="bbox 522 4850 2046 4922; baseline 0.001 -14"><span class='ocrx_word' id='word_1_806' title='bbox 522 4850 829 4922; x_wconf 75' lang='lat' dir='ltr'><strong>Animosque</strong></span> <span class='ocrx_word' id='word_1_807' title='bbox 869 4851 1124 4922; x_wconf 66' lang='lat' dir='ltr'><strong>dicerent.</strong></span> <span class='ocrx_word' id='word_1_808' title='bbox 1174 4850 1263 4904; x_wconf 91' lang='lat' dir='ltr'><strong>Sic</strong></span> <span class='ocrx_word' id='word_1_809' title='bbox 1314 4853 1644 4919; x_wconf 86' lang='lat' dir='ltr'><strong>antiquiores</strong></span> <span class='ocrx_word' id='word_1_810' title='bbox 1690 4862 1746 4907; x_wconf 90' lang='lat' dir='ltr'><strong>et</strong></span> <span class='ocrx_word' id='word_1_811' title='bbox 1809 4850 2046 4922; x_wconf 84' lang='lat' dir='ltr'><strong>potiores</strong></span> 
     </span>
    </p>
   </div>
   <div class='ocr_carea' id='block_1_98' title="bbox 452 4920 2043 4987">
    <p class='ocr_par' dir='ltr' id='par_1_98' title="bbox 452 4920 2043 4987">
     <span class='ocr_line' id='line_1_99' title="bbox 452 4920 2043 4987; baseline -0.001 -6"><span class='ocrx_word' id='word_1_812' title='bbox 452 4941 584 4982; x_wconf 90' lang='lat' dir='ltr'><strong>mss.</strong></span> <span class='ocrx_word' id='word_1_813' title='bbox 613 4940 677 4979; x_wconf 90' lang='lat' dir='ltr'><strong>ac</strong></span> <span class='ocrx_word' id='word_1_814' title='bbox 715 4920 919 4986; x_wconf 79' lang='lat' dir='ltr'><strong>7cditi,</strong></span> <span class='ocrx_word' id='word_1_815' title='bbox 953 4931 1007 4975; x_wconf 91' lang='lat' dir='ltr'><strong>et</strong></span> <span class='ocrx_word' id='word_1_816' title='bbox 1036 4920 1344 4976; x_wconf 86' lang='lat' dir='ltr'><strong>Lactantius</strong></span> <span class='ocrx_word' id='word_1_817' title='bbox 1371 4922 1405 4975; x_wconf 89' lang='grc' dir='ltr'><strong>Ι.</strong></span> <span class='ocrx_word' id='word_1_818' title='bbox 1439 4939 1541 4987; x_wconf 79' lang='lat' dir='ltr'><strong>vti,</strong></span> <span class='ocrx_word' id='word_1_819' title='bbox 1587 4939 1637 4977; x_wconf 91' lang='lat' dir='ltr'><strong>c.</strong></span> <span class='ocrx_word' id='word_1_820' title='bbox 1675 4923 1762 4978; x_wconf 81' lang='grc'><strong>15.</strong></span> <span class='ocrx_word' id='word_1_821' title='bbox 1811 4920 1866 4979; x_wconf 89' lang='lat' dir='ltr'><strong>ln</strong></span> <span class='ocrx_word' id='word_1_822' title='bbox 1913 4941 2043 4980; x_wconf 91' lang='lat' dir='ltr'><strong>mss.</strong></span> 
     </span>
    </p>
   </div>
   <div class='ocr_carea' id='block_1_99' title="bbox 449 4989 2045 5067">
    <p class='ocr_par' dir='ltr' id='par_1_99' title="bbox 449 4989 2045 5067">
     <span class='ocr_line' id='line_1_100' title="bbox 449 4989 2045 5067; baseline 0 -15"><span class='ocrx_word' id='word_1_823' title='bbox 449 5014 560 5054; x_wconf 86' lang='lat' dir='ltr'><strong>rec.</strong></span> <span class='ocrx_word' id='word_1_824' title='bbox 594 4998 627 5052; x_wconf 83' lang='grc'><strong>5</strong></span> <span class='ocrx_word' id='word_1_825' title='bbox 656 4996 812 5066; x_wconf 87' lang='lat' dir='ltr'><strong>Reg.,</strong></span> <span class='ocrx_word' id='word_1_826' title='bbox 843 4994 876 5047; x_wconf 81' lang='grc'>5</span> <span class='ocrx_word' id='word_1_827' title='bbox 899 4993 1076 5057; x_wconf 70' lang='lat' dir='ltr'><strong>Colb.,</strong></span> <span class='ocrx_word' id='word_1_828' title='bbox 1105 4989 1138 5044; x_wconf 81' lang='grc'>5</span> <span class='ocrx_word' id='word_1_829' title='bbox 1165 4992 1338 5046; x_wconf 83' lang='lat' dir='ltr'><strong>Oxon.</strong></span> <span class='ocrx_word' id='word_1_830' title='bbox 1370 5004 1425 5048; x_wconf 90' lang='lat' dir='ltr'><strong>et</strong></span> <span class='ocrx_word' id='word_1_831' title='bbox 1450 4993 1483 5047; x_wconf 82' lang='grc'>5</span> <span class='ocrx_word' id='word_1_832' title='bbox 1510 4995 1628 5049; x_wconf 90' lang='lat' dir='ltr'><strong>aliis</strong></span> <span class='ocrx_word' id='word_1_833' title='bbox 1653 5010 1716 5049; x_wconf 86' lang='lat' dir='ltr'><strong>ac</strong></span> <span class='ocrx_word' id='word_1_834' title='bbox 1739 4996 1772 5049; x_wconf 82' lang='lat'>6</span> <span class='ocrx_word' id='word_1_835' title='bbox 1814 4996 2045 5067; x_wconf 88' lang='lat' dir='ltr'><strong>vulgatis</strong></span> 
     </span>
    </p>
   </div>
   <div class='ocr_carea' id='block_1_100' title="bbox 451 5070 870 5125">
    <p class='ocr_par' dir='ltr' id='par_1_100' title="bbox 451 5070 870 5125">
     <span class='ocr_line' id='line_1_101' title="bbox 451 5070 870 5125; baseline -0.019 0"><span class='ocrx_word' id='word_1_836' title='bbox 451 5081 533 5125; x_wconf 88' lang='lat' dir='ltr'><strong>est</strong></span> <span class='ocrx_word' id='word_1_837' title='bbox 553 5070 643 5123; x_wconf 88' lang='lat' dir='ltr'><strong>diu</strong></span> <span class='ocrx_word' id='word_1_838' title='bbox 668 5075 870 5122; x_wconf 72' lang='lat' dir='ltr'><strong>vexant.</strong></span> 
     </span>
    </p>
   </div>
   <div class='ocr_carea' id='block_1_101' title="bbox 523 5135 2047 5208">
    <p class='ocr_par' dir='ltr' id='par_1_101' title="bbox 523 5135 2047 5208">
     <span class='ocr_line' id='line_1_102' title="bbox 523 5135 2047 5208; baseline -0.001 -14"><span class='ocrx_word' id='word_1_839' title='bbox 523 5141 640 5206; x_wconf 78' lang='lat' dir='ltr'><strong>Quo</strong></span> <span class='ocrx_word' id='word_1_840' title='bbox 671 5139 845 5193; x_wconf 87' lang='lat' dir='ltr'><strong>audito</strong></span> <span class='ocrx_word' id='word_1_841' title='bbox 875 5147 1115 5203; x_wconf 87' lang='lat' dir='ltr'><strong>tremunt,</strong></span> <span class='ocrx_word' id='word_1_842' title='bbox 1145 5135 1452 5204; x_wconf 75' lang='lat' dir='ltr'><strong>erctumant,</strong></span> <span class='ocrx_word' id='word_1_843' title='bbox 1478 5144 1581 5191; x_wconf 93' lang='lat' dir='ltr'><strong>etc.</strong></span> <span class='ocrx_word' id='word_1_844' title='bbox 1613 5136 1868 5194; x_wconf 85' lang='lat' dir='ltr'><strong>Prudent.</strong></span> <span class='ocrx_word' id='word_1_845' title='bbox 1902 5139 2047 5208; x_wconf 88' lang='lat' dir='ltr'><strong>Apo-</strong></span> 
     </span>
    </p>
   </div>
   <div class='ocr_carea' id='block_1_102' title="bbox 452 5211 624 5268">
    <p class='ocr_par' dir='ltr' id='par_1_102' title="bbox 452 5211 624 5268">
     <span class='ocr_line' id='line_1_103' title="bbox 452 5211 624 5268; baseline -0.017 -1"><span class='ocrx_word' id='word_1_846' title='bbox 452 5211 624 5268; x_wconf 91' lang='lat' dir='ltr'><strong>theos.</strong></span> 
     </span>
    </p>
   </div>
   <div class='ocr_carea' id='block_1_103' title="bbox 1199 5319 1655 5385">
    <p class='ocr_par' dir='ltr' id='par_1_103' title="bbox 1199 5319 1655 5385">
     <span class='ocr_line' id='line_1_104' title="bbox 1199 5319 1655 5385; baseline 0 -13"><span class='ocrx_word' id='word_1_847' title='bbox 1199 5327 1341 5385; x_wconf 87' lang='lat' dir='ltr'><strong>torqu</strong></span> <span class='ocrx_word' id='word_1_848' title='bbox 1349 5325 1470 5385; x_wconf 17' lang='lat' dir='ltr'><strong>etur,</strong></span> <span class='ocrx_word' id='word_1_849' title='bbox 1482 5319 1655 5385; x_wconf 83' lang='lat' dir='ltr'><strong>Apollo</strong></span> 
     </span>
    </p>
   </div>
   <div class='ocr_carea' id='block_1_104' title="bbox 575 5384 1815 5451">
    <p class='ocr_par' dir='ltr' id='par_1_104' title="bbox 575 5384 1815 5451">
     <span class='ocr_line' id='line_1_105' title="bbox 575 5384 1815 5451; baseline -0.002 -16"><span class='ocrx_word' id='word_1_850' title='bbox 575 5385 780 5451; x_wconf 53' lang='lat' dir='ltr'><strong>gemine</strong></span> <span class='ocrx_word' id='word_1_851' title='bbox 803 5401 1066 5451; x_wconf 83' lang='lat' dir='ltr'><strong>percussus</strong></span> <span class='ocrx_word' id='word_1_852' title='bbox 1089 5384 1411 5445; x_wconf 37' lang='lat' dir='ltr'><strong>Christi,’nec</strong></span> <span class='ocrx_word' id='word_1_853' title='bbox 1450 5384 1652 5451; x_wconf 83' lang='lat' dir='ltr'><strong>fulmina</strong></span> <span class='ocrx_word' id='word_1_854' title='bbox 1675 5384 1815 5451; x_wconf 74' lang='lat' dir='ltr'><strong>verbi</strong></span> 
     </span>
    </p>
   </div>
   <div class='ocr_carea' id='block_1_105' title="bbox 574 5445 1982 5512">
    <p class='ocr_par' dir='ltr' id='par_1_105' title="bbox 574 5445 1982 5512">
     <span class='ocr_line' id='line_1_106' title="bbox 574 5445 1982 5512; baseline -0.001 -15"><span class='ocrx_word' id='word_1_855' title='bbox 574 5448 732 5498; x_wconf 88' lang='lat' dir='ltr'><strong>Ferre</strong></span> <span class='ocrx_word' id='word_1_856' title='bbox 753 5445 937 5511; x_wconf 78' lang='lat' dir='ltr'><strong>potest:</strong></span> <span class='ocrx_word' id='word_1_857' title='bbox 967 5453 1152 5512; x_wconf 86' lang='lat' dir='ltr'><strong>agitant</strong></span> <span class='ocrx_word' id='word_1_858' title='bbox 1176 5451 1408 5498; x_wconf 87' lang='lat' dir='ltr'><strong>miserum</strong></span> <span class='ocrx_word' id='word_1_859' title='bbox 1435 5449 1749 5512; x_wconf 79' lang='lat' dir='ltr'><strong>tot_ve_rbera</strong></span> <span class='ocrx_word' id='word_1_860' title='bbox 1767 5445 1948 5509; x_wconf 58' lang='lat' dir='ltr'><strong>linguae</strong></span> <span class='ocrx_word' id='word_1_861' title='bbox 1967 5483 1982 5507; x_wconf 93' lang='lat'><strong>,</strong></span> 
     </span>
    </p>
   </div>
   <div class='ocr_carea' id='block_1_106' title="bbox 575 5508 1773 5570">
    <p class='ocr_par' dir='ltr' id='par_1_106' title="bbox 575 5508 1773 5570">
     <span class='ocr_line' id='line_1_107' title="bbox 575 5508 1773 5570; baseline -0.002 -11"><span class='ocrx_word' id='word_1_862' title='bbox 575 5512 706 5570; x_wconf 85' lang='lat' dir='ltr'><strong>Quot</strong></span> <span class='ocrx_word' id='word_1_863' title='bbox 731 5508 921 5560; x_wconf 83' lang='lat' dir='ltr'><strong>laudata</strong></span> <span class='ocrx_word' id='word_1_864' title='bbox 949 5508 1043 5560; x_wconf 77' lang='lat' dir='ltr'><strong>Dei</strong></span> <span class='ocrx_word' id='word_1_865' title='bbox 1067 5519 1302 5561; x_wconf 86' lang='lat' dir='ltr'><strong>resonant</strong></span> <span class='ocrx_word' id='word_1_866' title='bbox 1320 5510 1552 5559; x_wconf 86' lang='lat' dir='ltr'><strong>miracula</strong></span> <span class='ocrx_word' id='word_1_867' title='bbox 1576 5508 1773 5560; x_wconf 87' lang='lat' dir='ltr'><strong>Christi.</strong></span> 
     </span>
    </p>
   </div>
   <div class='ocr_carea' id='block_1_107' title="bbox 522 5615 2048 5684">
    <p class='ocr_par' dir='ltr' id='par_1_107' title="bbox 522 5615 2048 5684">
     <span class='ocr_line' id='line_1_108' title="bbox 522 5615 2048 5684; baseline -0.005 -6"><span class='ocrx_word' id='word_1_868' title='bbox 522 5621 824 5678; x_wconf 66' lang='lat' dir='ltr'><strong>Excruciati</strong></span> <span class='ocrx_word' id='word_1_869' title='bbox 865 5622 1050 5675; x_wconf 72' lang='lat' dir='ltr'><strong>uirtute</strong></span> <span class='ocrx_word' id='word_1_870' title='bbox 1090 5620 1247 5674; x_wconf 87' lang='lat' dir='ltr'><strong>divini</strong></span> <span class='ocrx_word' id='word_1_871' title='bbox 1291 5620 1512 5674; x_wconf 85' lang='lat' dir='ltr'><strong>nominis</strong></span> <span class='ocrx_word' id='word_1_872' title='bbox 1541 5661 1554 5684; x_wconf 96' lang='lat'><strong>,</strong></span> <span class='ocrx_word' id='word_1_873' title='bbox 1604 5618 1921 5674; x_wconf 78' lang='lat' dir='ltr'><strong>exsoluatur.</strong></span> <span class='ocrx_word' id='word_1_874' title='bbox 1959 5615 2048 5678; x_wconf 90' lang='lat' dir='ltr'><strong>Sic</strong></span> 
     </span>
    </p>
   </div>
   <div class='ocr_carea' id='block_1_108' title="bbox 451 5689 2048 5768">
    <p class='ocr_par' dir='ltr' id='par_1_108' title="bbox 451 5689 2048 5768">
     <span class='ocr_line' id='line_1_109' title="bbox 451 5689 2048 5768; baseline -0.005 -18"><span class='ocrx_word' id='word_1_875' title='bbox 451 5696 570 5768; x_wconf 91' lang='lat' dir='ltr'><strong>lego</strong></span> <span class='ocrx_word' id='word_1_876' title='bbox 611 5711 741 5768; x_wconf 72' lang='lat' dir='ltr'><strong>cunt</strong></span> <span class='ocrx_word' id='word_1_877' title='bbox 777 5706 905 5768; x_wconf 80' lang='lat' dir='ltr'><strong>mss.</strong></span> <span class='ocrx_word' id='word_1_878' title='bbox 939 5692 1128 5768; x_wconf 58' lang='lat' dir='ltr'><strong>5Reg.</strong></span> <span class='ocrx_word' id='word_1_879' title='bbox 1161 5707 1388 5768; x_wconf 79' lang='lat' dir='ltr'><strong>quorum</strong></span> <span class='ocrx_word' id='word_1_880' title='bbox 1432 5706 1572 5768; x_wconf 73' lang='lat' dir='ltr'><strong>unus</strong></span> <span class='ocrx_word' id='word_1_881' title='bbox 1608 5699 1690 5746; x_wconf 88' lang='lat' dir='ltr'><strong>est</strong></span> <span class='ocrx_word' id='word_1_882' title='bbox 1738 5689 2048 5768; x_wconf 66' lang='lat' dir='ltr'><strong>antiquissi:</strong></span> 
     </span>
    </p>
   </div>
   <div class='ocr_carea' id='block_1_109' title="bbox 449 5760 2048 5836">
    <p class='ocr_par' dir='ltr' id='par_1_109' title="bbox 449 5760 2048 5836">
     <span class='ocr_line' id='line_1_110' title="bbox 449 5760 2048 5836; baseline -0.005 -13"><span class='ocrx_word' id='word_1_883' title='bbox 449 5760 589 5836; x_wconf 72' lang='lat' dir='ltr'><strong>mils,</strong></span> <span class='ocrx_word' id='word_1_884' title='bbox 628 5768 663 5822; x_wconf 73' lang='lat'>2</span> <span class='ocrx_word' id='word_1_885' title='bbox 707 5766 859 5823; x_wconf 79' lang='lat' dir='ltr'><strong>Colb.</strong></span> <span class='ocrx_word' id='word_1_886' title='bbox 884 5765 956 5834; x_wconf 88' lang='grc'><strong>,1</strong></span> <span class='ocrx_word' id='word_1_887' title='bbox 999 5760 1483 5819; x_wconf 54' lang='grc' dir='ltr'><strong>ΒιηυηίΑρεεᾱιιηι</strong></span> <span class='ocrx_word' id='word_1_888' title='bbox 1530 5765 1718 5830; x_wconf 81' lang='lat' dir='ltr'><strong>Cauc.,</strong></span> <span class='ocrx_word' id='word_1_889' title='bbox 1755 5762 1780 5818; x_wconf 86' lang='grc'><strong>1</strong></span> <span class='ocrx_word' id='word_1_890' title='bbox 1823 5761 1984 5834; x_wconf 87' lang='lat' dir='ltr'><strong>Reg.,</strong></span> <span class='ocrx_word' id='word_1_891' title='bbox 2014 5760 2048 5816; x_wconf 75' lang='grc' dir='ltr'>ὅ</span> 
     </span>
    </p>
   </div>
   <div class='ocr_carea' id='block_1_110' title="bbox 2150 4503 3748 4578">
    <p class='ocr_par' dir='ltr' id='par_1_110' title="bbox 2150 4503 3748 4578">
     <span class='ocr_line' id='line_1_111' title="bbox 2150 4503 3748 4578; baseline 0.001 -19"><span class='ocrx_word' id='word_1_892' title='bbox 2150 4516 2406 4560; x_wconf 85' lang='lat' dir='ltr'><strong>cremento</strong></span> <span class='ocrx_word' id='word_1_893' title='bbox 2434 4521 2595 4578; x_wconf 74' lang='lat' dir='ltr'><strong>paena:</strong></span> <span class='ocrx_word' id='word_1_894' title='bbox 2620 4503 2956 4578; x_wconf 84' lang='lat' dir='ltr'><strong>prapaguntis</strong></span> <span class='ocrx_word' id='word_1_895' title='bbox 2985 4503 3226 4572; x_wconf 73' lang='lat' dir='ltr'><strong>extendi,</strong></span> <span class='ocrx_word' id='word_1_896' title='bbox 3257 4503 3485 4577; x_wconf 80' lang='lat' dir='ltr'><strong>ejulare,</strong></span> <span class='ocrx_word' id='word_1_897' title='bbox 3514 4521 3714 4577; x_wconf 86' lang='lat' dir='ltr'><strong>gemere</strong></span> <span class='ocrx_word' id='word_1_898' title='bbox 3731 4547 3748 4572; x_wconf 95' lang='lat'><strong>,</strong></span> 
     </span>
    </p>
   </div>
   <div class='ocr_carea' id='block_1_111' title="bbox 2149 4587 3749 4721">
    <p class='ocr_par' dir='ltr' id='par_1_111' title="bbox 2149 4587 3749 4721">
     <span class='ocr_line' id='line_1_112' title="bbox 2149 4587 3749 4721; baseline 0 -20"><span class='ocrx_word' id='word_1_899' title='bbox 2149 4587 2357 4717; x_wconf 59' lang='grc' dir='ltr'><strong>θιεριιιε</strong></span> <span class='ocrx_word' id='word_1_900' title='bbox 2377 4658 2483 4703; x_wconf 89' lang='lat' dir='ltr'><strong>tota</strong></span> <span class='ocrx_word' id='word_1_901' title='bbox 2509 4665 2610 4703; x_wconf 89' lang='lat' dir='ltr'><strong>non</strong></span> <span class='ocrx_word' id='word_1_902' title='bbox 2645 4652 2697 4702; x_wconf 80' lang='lat' dir='ltr'><strong>tn</strong></span> <span class='ocrx_word' id='word_1_903' title='bbox 2741 4663 2976 4721; x_wconf 86' lang='lat' dir='ltr'><strong>corpore.</strong></span> <span class='ocrx_word' id='word_1_904' title='bbox 3019 4657 3124 4721; x_wconf 87' lang='lat' dir='ltr'><strong>etc.</strong></span> <span class='ocrx_word' id='word_1_905' title='bbox 3157 4647 3410 4721; x_wconf 78' lang='lat' dir='ltr'><strong>Reposui</strong></span> <span class='ocrx_word' id='word_1_906' title='bbox 3442 4656 3550 4721; x_wconf 79' lang='lat' dir='ltr'><strong>tota</strong></span> <span class='ocrx_word' id='word_1_907' title='bbox 3591 4664 3659 4703; x_wconf 88' lang='lat' dir='ltr'><strong>ex</strong></span> <span class='ocrx_word' id='word_1_908' title='bbox 3673 4648 3749 4703; x_wconf 72' lang='grc'><strong>’12</strong></span> 
     </span>
    </p>
   </div>
   <div class='ocr_carea' id='block_1_112' title="bbox 2149 4718 3748 4790">
    <p class='ocr_par' dir='ltr' id='par_1_112' title="bbox 2149 4718 3748 4790">
     <span class='ocr_line' id='line_1_113' title="bbox 2149 4718 3748 4790; baseline 0.001 -17"><span class='ocrx_word' id='word_1_909' title='bbox 2149 4721 2384 4785; x_wconf 81' lang='lat' dir='ltr'><strong>excusis,</strong></span> <span class='ocrx_word' id='word_1_910' title='bbox 2416 4721 2770 4790; x_wconf 88' lang='lat' dir='ltr'><strong>omnibusque</strong></span> <span class='ocrx_word' id='word_1_911' title='bbox 2802 4718 2933 4774; x_wconf 85' lang='lat' dir='ltr'><strong>mss.</strong></span> <span class='ocrx_word' id='word_1_912' title='bbox 2963 4720 3105 4790; x_wconf 93' lang='lat' dir='ltr'><strong>quod</strong></span> <span class='ocrx_word' id='word_1_913' title='bbox 3150 4718 3326 4775; x_wconf 87' lang='lat' dir='ltr'><strong>fuerat</strong></span> <span class='ocrx_word' id='word_1_914' title='bbox 3354 4719 3656 4790; x_wconf 88' lang='lat' dir='ltr'><strong>neglectum</strong></span> <span class='ocrx_word' id='word_1_915' title='bbox 3695 4721 3748 4775; x_wconf 91' lang='lat' dir='ltr'><strong>in</strong></span> 
     </span>
    </p>
   </div>
   <div class='ocr_carea' id='block_1_113' title="bbox 2151 4789 3202 4860">
    <p class='ocr_par' dir='ltr' id='par_1_113' title="bbox 2151 4789 3202 4860">
     <span class='ocr_line' id='line_1_114' title="bbox 2151 4789 3202 4860; baseline -0.001 -15"><span class='ocrx_word' id='word_1_916' title='bbox 2151 4791 2175 4845; x_wconf 94' lang='grc'><strong>1</strong></span> <span class='ocrx_word' id='word_1_917' title='bbox 2214 4792 2418 4845; x_wconf 89' lang='lat' dir='ltr'><strong>Bonon.</strong></span> <span class='ocrx_word' id='word_1_918' title='bbox 2453 4789 2621 4860; x_wconf 91' lang='lat' dir='ltr'><strong>antiq.</strong></span> <span class='ocrx_word' id='word_1_919' title='bbox 2653 4799 2709 4845; x_wconf 92' lang='lat' dir='ltr'><strong>et</strong></span> <span class='ocrx_word' id='word_1_920' title='bbox 2729 4789 3003 4846; x_wconf 87' lang='lat' dir='ltr'><strong>nonnullis</strong></span> <span class='ocrx_word' id='word_1_921' title='bbox 3023 4791 3202 4846; x_wconf 87' lang='lat' dir='ltr'><strong>editis.</strong></span> 
     </span>
    </p>
   </div>
   <div class='ocr_carea' id='block_1_114' title="bbox 2225 4883 3750 4956">
    <p class='ocr_par' dir='ltr' id='par_1_114' title="bbox 2225 4883 3750 4956">
     <span class='ocr_line' id='line_1_115' title="bbox 2225 4883 3750 4956; baseline 0.005 -21"><span class='ocrx_word' id='word_1_922' title='bbox 2225 4883 2375 4950; x_wconf 83' lang='lat' dir='ltr'><strong>Quod</strong></span> <span class='ocrx_word' id='word_1_923' title='bbox 2395 4883 2516 4953; x_wconf 87' lang='lat' dir='ltr'><strong>quia</strong></span> <span class='ocrx_word' id='word_1_924' title='bbox 2545 4883 2707 4937; x_wconf 88' lang='lat' dir='ltr'><strong>oculis</strong></span> <span class='ocrx_word' id='word_1_925' title='bbox 2738 4900 2994 4956; x_wconf 73' lang='lat' dir='ltr'><strong>&quot;tantique</strong></span> <span class='ocrx_word' id='word_1_926' title='bbox 3025 4883 3290 4940; x_wconf 86' lang='lat' dir='ltr'><strong>tractabile</strong></span> <span class='ocrx_word' id='word_1_927' title='bbox 3315 4895 3407 4940; x_wconf 83' lang='lat' dir='ltr'><strong>est.</strong></span> <span class='ocrx_word' id='word_1_928' title='bbox 3442 4886 3519 4941; x_wconf 86' lang='lat' dir='ltr'><strong>Ita</strong></span> <span class='ocrx_word' id='word_1_929' title='bbox 3559 4901 3750 4944; x_wconf 90' lang='lat' dir='ltr'><strong>omnes</strong></span> 
     </span>
    </p>
   </div>
   <div class='ocr_carea' id='block_1_115' title="bbox 2148 4953 3749 5027">
    <p class='ocr_par' dir='ltr' id='par_1_115' title="bbox 2148 4953 3749 5027">
     <span class='ocr_line' id='line_1_116' title="bbox 2148 4953 3749 5027; baseline 0.002 -18"><span class='ocrx_word' id='word_1_930' title='bbox 2148 4953 2318 5027; x_wconf 78' lang='lat' dir='ltr'><strong>fer_me</strong></span> <span class='ocrx_word' id='word_1_931' title='bbox 2364 4969 2492 5009; x_wconf 90' lang='lat' dir='ltr'><strong>mss.</strong></span> <span class='ocrx_word' id='word_1_932' title='bbox 2524 4963 2579 5008; x_wconf 91' lang='lat' dir='ltr'><strong>et</strong></span> <span class='ocrx_word' id='word_1_933' title='bbox 2605 4962 2729 5009; x_wconf 92' lang='lat' dir='ltr'><strong>octo</strong></span> <span class='ocrx_word' id='word_1_934' title='bbox 2755 4953 3132 5027; x_wconf 55' lang='lat' dir='ltr'><strong>editiIScripti</strong></span> <span class='ocrx_word' id='word_1_935' title='bbox 3173 4971 3282 5012; x_wconf 88' lang='lat' dir='ltr'><strong>rec.</strong></span> <span class='ocrx_word' id='word_1_936' title='bbox 3314 4957 3470 5027; x_wconf 88' lang='lat' dir='ltr'><strong>Reg.,</strong></span> <span class='ocrx_word' id='word_1_937' title='bbox 3507 4959 3532 5013; x_wconf 90' lang='grc'><strong>1</strong></span> <span class='ocrx_word' id='word_1_938' title='bbox 3567 4959 3749 5024; x_wconf 89' lang='lat' dir='ltr'><strong>Colb.,</strong></span> 
     </span>
    </p>
   </div>
   <div class='ocr_carea' id='block_1_116' title="bbox 2141 5025 3752 5098">
    <p class='ocr_par' dir='ltr' id='par_1_116' title="bbox 2141 5025 3752 5098">
     <span class='ocr_line' id='line_1_117' title="bbox 2141 5025 3752 5098; baseline 0.004 -20"><span class='ocrx_word' id='word_1_939' title='bbox 2141 5025 2186 5078; x_wconf 78' lang='grc'><strong>’2</strong></span> <span class='ocrx_word' id='word_1_940' title='bbox 2207 5025 2439 5098; x_wconf 79' lang='lat' dir='ltr'><strong>Clarum.</strong></span> <span class='ocrx_word' id='word_1_941' title='bbox 2472 5040 2772 5098; x_wconf 83' lang='lat' dir='ltr'><strong>novemque</strong></span> <span class='ocrx_word' id='word_1_942' title='bbox 2795 5027 2995 5096; x_wconf 90' lang='lat' dir='ltr'><strong>vulgati</strong></span> <span class='ocrx_word' id='word_1_943' title='bbox 3036 5025 3158 5098; x_wconf 84' lang='lat' dir='ltr'><strong>post</strong></span> <span class='ocrx_word' id='word_1_944' title='bbox 3179 5028 3316 5095; x_wconf 88' lang='lat' dir='ltr'><strong>quod</strong></span> <span class='ocrx_word' id='word_1_945' title='bbox 3354 5025 3473 5096; x_wconf 75' lang='lat' dir='ltr'><strong>quia</strong></span> <span class='ocrx_word' id='word_1_946' title='bbox 3501 5071 3515 5092; x_wconf 92' lang='lat'><strong>,</strong></span> <span class='ocrx_word' id='word_1_947' title='bbox 3547 5029 3752 5084; x_wconf 88' lang='lat' dir='ltr'><strong>addunt</strong></span> 
     </span>
    </p>
   </div>
   <div class='ocr_carea' id='block_1_117' title="bbox 2149 5096 3746 5169">
    <p class='ocr_par' dir='ltr' id='par_1_117' title="bbox 2149 5096 3746 5169">
     <span class='ocr_line' id='line_1_118' title="bbox 2149 5096 3746 5169; baseline 0.004 -20"><span class='ocrx_word' id='word_1_948' title='bbox 2149 5096 2347 5169; x_wconf 79' lang='lat' dir='ltr'><strong>videtur</strong></span> <span class='ocrx_word' id='word_1_949' title='bbox 2363 5098 2544 5169; x_wconf 86' lang='lat' dir='ltr'><strong>oculis,</strong></span> <span class='ocrx_word' id='word_1_950' title='bbox 2567 5096 2658 5152; x_wconf 88' lang='lat' dir='ltr'><strong>sed</strong></span> <span class='ocrx_word' id='word_1_951' title='bbox 2684 5112 3001 5167; x_wconf 86' lang='lat' dir='ltr'><strong>perperam;</strong></span> <span class='ocrx_word' id='word_1_952' title='bbox 3030 5096 3227 5169; x_wconf 82' lang='lat' dir='ltr'><strong>quippe</strong></span> <span class='ocrx_word' id='word_1_953' title='bbox 3247 5099 3559 5154; x_wconf 88' lang='lat' dir='ltr'><strong>Lactantius</strong></span> <span class='ocrx_word' id='word_1_954' title='bbox 3584 5101 3746 5156; x_wconf 88' lang='lat' dir='ltr'><strong>etiam</strong></span> 
     </span>
    </p>
   </div>
   <div class='ocr_carea' id='block_1_118' title="bbox 2149 5167 3744 5240">
    <p class='ocr_par' dir='ltr' id='par_1_118' title="bbox 2149 5167 3744 5240">
     <span class='ocr_line' id='line_1_119' title="bbox 2149 5167 3744 5240; baseline 0.003 -18"><span class='ocrx_word' id='word_1_955' title='bbox 2149 5168 2284 5222; x_wconf 87' lang='lat' dir='ltr'><strong>dixit</strong></span> <span class='ocrx_word' id='word_1_956' title='bbox 2322 5168 2484 5240; x_wconf 87' lang='lat' dir='ltr'><strong>oculis</strong></span> <span class='ocrx_word' id='word_1_957' title='bbox 2507 5169 2814 5240; x_wconf 83' lang='lat' dir='ltr'><strong>contrectari</strong></span> <span class='ocrx_word' id='word_1_958' title='bbox 2837 5168 2932 5240; x_wconf 86' lang='lat' dir='ltr'><strong>lib.</strong></span> <span class='ocrx_word' id='word_1_959' title='bbox 2976 5167 3328 5240; x_wconf 37' lang='lat' dir='ltr'><strong>de&#39;Opilicio,</strong></span> <span class='ocrx_word' id='word_1_960' title='bbox 3356 5184 3476 5240; x_wconf 88' lang='lat' dir='ltr'><strong>cap.</strong></span> <span class='ocrx_word' id='word_1_961' title='bbox 3531 5173 3583 5226; x_wconf 93' lang='grc'><strong>1.</strong></span> <span class='ocrx_word' id='word_1_962' title='bbox 3612 5171 3744 5227; x_wconf 77' lang='lat' dir='ltr'><strong>Vide</strong></span> 
     </span>
    </p>
   </div>
   <div class='ocr_carea' id='block_1_119' title="bbox 2151 5239 3752 5321">
    <p class='ocr_par' dir='ltr' id='par_1_119' title="bbox 2151 5239 3752 5321">
     <span class='ocr_line' id='line_1_120' title="bbox 2151 5239 3752 5321; baseline 0.002 -29"><span class='ocrx_word' id='word_1_963' title='bbox 2151 5249 2262 5321; x_wconf 68' lang='lat' dir='ltr'><strong>not.</strong></span> <span class='ocrx_word' id='word_1_964' title='bbox 2298 5239 2537 5321; x_wconf 80' lang='lat' dir='ltr'><strong>ibidem;</strong></span> <span class='ocrx_word' id='word_1_965' title='bbox 2567 5249 2621 5321; x_wconf 83' lang='lat' dir='ltr'><strong>et</strong></span> <span class='ocrx_word' id='word_1_966' title='bbox 2649 5239 2743 5295; x_wconf 88' lang='lat' dir='ltr'><strong>lib.</strong></span> <span class='ocrx_word' id='word_1_967' title='bbox 2793 5255 2831 5294; x_wconf 89' lang='lat' dir='ltr'><strong>Il</strong></span> <span class='ocrx_word' id='word_1_968' title='bbox 2869 5239 2986 5296; x_wconf 89' lang='lat' dir='ltr'><strong>Div.</strong></span> <span class='ocrx_word' id='word_1_969' title='bbox 3019 5239 3148 5296; x_wconf 71' lang='lat' dir='ltr'><strong>Inst.</strong></span> <span class='ocrx_word' id='word_1_970' title='bbox 3177 5256 3296 5313; x_wconf 85' lang='lat' dir='ltr'><strong>cap.</strong></span> <span class='ocrx_word' id='word_1_971' title='bbox 3325 5241 3380 5308; x_wconf 87' lang='lat'><strong>6,</strong></span> <span class='ocrx_word' id='word_1_972' title='bbox 3429 5239 3752 5314; x_wconf 76' lang='lat' dir='ltr'><strong>contempla-</strong></span> 
     </span>
    </p>
   </div>
   <div class='ocr_carea' id='block_1_120' title="bbox 2151 5319 2643 5365">
    <p class='ocr_par' dir='ltr' id='par_1_120' title="bbox 2151 5319 2643 5365">
     <span class='ocr_line' id='line_1_121' title="bbox 2151 5319 2643 5365; baseline 0.004 -2"><span class='ocrx_word' id='word_1_973' title='bbox 2151 5319 2284 5364; x_wconf 83' lang='lat' dir='ltr'><strong>tione</strong></span> <span class='ocrx_word' id='word_1_974' title='bbox 2311 5320 2643 5365; x_wconf 73' lang='lat' dir='ltr'><strong>contrectant.</strong></span> 
     </span>
    </p>
   </div>
   <div class='ocr_carea' id='block_1_121' title="bbox 2221 5399 3682 5475">
    <p class='ocr_par' dir='ltr' id='par_1_121' title="bbox 2221 5399 3682 5475">
     <span class='ocr_line' id='line_1_122' title="bbox 2221 5399 3682 5475; baseline 0.003 -22"><span class='ocrx_word' id='word_1_975' title='bbox 2221 5399 2422 5475; x_wconf 52' lang='lat' dir='ltr'><strong>inspici</strong></span> <span class='ocrx_word' id='word_1_976' title='bbox 2448 5410 2676 5475; x_wconf 83' lang='lat' dir='ltr'><strong>possunt.</strong></span> <span class='ocrx_word' id='word_1_977' title='bbox 2702 5400 2829 5475; x_wconf 81' lang='lat' dir='ltr'><strong>Mss.</strong></span> <span class='ocrx_word' id='word_1_978' title='bbox 2858 5403 2924 5460; x_wconf 89' lang='grc'><strong>10</strong></span> <span class='ocrx_word' id='word_1_979' title='bbox 2952 5418 3062 5460; x_wconf 87' lang='lat' dir='ltr'><strong>rec.</strong></span> <span class='ocrx_word' id='word_1_980' title='bbox 3091 5412 3148 5460; x_wconf 89' lang='lat' dir='ltr'><strong>et.</strong></span> <span class='ocrx_word' id='word_1_981' title='bbox 3168 5405 3202 5461; x_wconf 90' lang='lat'>9</span> <span class='ocrx_word' id='word_1_982' title='bbox 3230 5405 3388 5470; x_wconf 90' lang='lat' dir='ltr'><strong>edit.,</strong></span> <span class='ocrx_word' id='word_1_983' title='bbox 3415 5405 3600 5475; x_wconf 76' lang='lat' dir='ltr'><strong>aspici.</strong></span> <span class='ocrx_word' id='word_1_984' title='bbox 3670 5459 3682 5470; x_wconf 76' lang='grc'><em>,</em></span> 
     </span>
    </p>
   </div>
   <div class='ocr_carea' id='block_1_122' title="bbox 2227 5472 3754 5549">
    <p class='ocr_par' dir='ltr' id='par_1_122' title="bbox 2227 5472 3754 5549">
     <span class='ocr_line' id='line_1_123' title="bbox 2227 5472 3754 5549; baseline 0.005 -24"><span class='ocrx_word' id='word_1_985' title='bbox 2227 5472 2501 5549; x_wconf 76' lang='lat' dir='ltr'><strong>Universas</strong></span> <span class='ocrx_word' id='word_1_986' title='bbox 2538 5473 2738 5527; x_wconf 86' lang='lat' dir='ltr'><strong>virtutis</strong></span> <span class='ocrx_word' id='word_1_987' title='bbox 2765 5475 2972 5549; x_wconf 81' lang='lat' dir='ltr'><strong>species.</strong></span> <span class='ocrx_word' id='word_1_988' title='bbox 3002 5476 3200 5549; x_wconf 69' lang='lat' dir='ltr'><strong>Scripti</strong></span> <span class='ocrx_word' id='word_1_989' title='bbox 3222 5476 3255 5531; x_wconf 87' lang='lat'><strong>6</strong></span> <span class='ocrx_word' id='word_1_990' title='bbox 3285 5493 3395 5532; x_wconf 86' lang='lat' dir='ltr'><strong>rec.</strong></span> <span class='ocrx_word' id='word_1_991' title='bbox 3424 5472 3754 5549; x_wconf 81' lang='lat' dir='ltr'><strong>totidemque</strong></span> 
     </span>
    </p>
   </div>
   <div class='ocr_carea' id='block_1_123' title="bbox 2150 5543 3756 5613">
    <p class='ocr_par' dir='ltr' id='par_1_123' title="bbox 2150 5543 3756 5613">
     <span class='ocr_line' id='line_1_124' title="bbox 2150 5543 3756 5613; baseline 0.004 -15"><span class='ocrx_word' id='word_1_992' title='bbox 2150 5543 2399 5612; x_wconf 90' lang='lat' dir='ltr'><strong>impressi</strong></span> <span class='ocrx_word' id='word_1_993' title='bbox 2480 5546 2686 5608; x_wconf 88' lang='lat' dir='ltr'><strong>ferunt,</strong></span> <span class='ocrx_word' id='word_1_994' title='bbox 2743 5546 3025 5613; x_wconf 87' lang='lat' dir='ltr'><strong>virtutum;</strong></span> <span class='ocrx_word' id='word_1_995' title='bbox 3066 5543 3230 5602; x_wconf 74' lang='lat' dir='ltr'><strong>Brun.</strong></span> <span class='ocrx_word' id='word_1_996' title='bbox 3285 5565 3456 5604; x_wconf 86' lang='lat' dir='ltr'><strong>omnes</strong></span> <span class='ocrx_word' id='word_1_997' title='bbox 3512 5543 3756 5605; x_wconf 73' lang='lat' dir='ltr'><strong>virtutum</strong></span> 
     </span>
    </p>
   </div>
   <div class='ocr_carea' id='block_1_124' title="bbox 2150 5614 3243 5689">
    <p class='ocr_par' dir='ltr' id='par_1_124' title="bbox 2150 5614 3243 5689">
     <span class='ocr_line' id='line_1_125' title="bbox 2150 5614 3243 5689; baseline 0.003 -20"><span class='ocrx_word' id='word_1_998' title='bbox 2150 5614 2715 5689; x_wconf 39' lang='lat' dir='ltr'><strong>speciegil’ideinfru</strong></span> <span class='ocrx_word' id='word_1_999' title='bbox 2744 5616 2848 5671; x_wconf 89' lang='lat' dir='ltr'><strong>col.</strong></span> <span class='ocrx_word' id='word_1_1000' title='bbox 2885 5616 3012 5689; x_wconf 71' lang='lat'><strong>625,</strong></span> <span class='ocrx_word' id='word_1_1001' title='bbox 3047 5618 3140 5689; x_wconf 89' lang='lat' dir='ltr'><strong>lin.</strong></span> <span class='ocrx_word' id='word_1_1002' title='bbox 3165 5619 3243 5689; x_wconf 83' lang='grc'><strong>5.)</strong></span> 
     </span>
    </p>
   </div>
   <div class='ocr_carea' id='block_1_125' title="bbox 2223 5685 3756 5762">
    <p class='ocr_par' dir='ltr' id='par_1_125' title="bbox 2223 5685 3756 5762">
     <span class='ocr_line' id='line_1_126' title="bbox 2223 5685 3756 5762; baseline 0.005 -22"><span class='ocrx_word' id='word_1_1003' title='bbox 2223 5685 2424 5762; x_wconf 65' lang='lat' dir='ltr'><strong>Abillis</strong></span> <span class='ocrx_word' id='word_1_1004' title='bbox 2453 5688 2593 5741; x_wconf 88' lang='lat' dir='ltr'><strong>bonis</strong></span> <span class='ocrx_word' id='word_1_1005' title='bbox 2613 5686 2901 5762; x_wconf 81' lang='lat' dir='ltr'><strong>abhorrere.</strong></span> <span class='ocrx_word' id='word_1_1006' title='bbox 2929 5688 3058 5762; x_wconf 76' lang='lat' dir='ltr'><strong>Mss.</strong></span> <span class='ocrx_word' id='word_1_1007' title='bbox 3079 5685 3238 5762; x_wconf 79' lang='lat' dir='ltr'><strong>Cane.</strong></span> <span class='ocrx_word' id='word_1_1008' title='bbox 3257 5699 3312 5746; x_wconf 91' lang='lat' dir='ltr'><strong>et</strong></span> <span class='ocrx_word' id='word_1_1009' title='bbox 3335 5690 3372 5744; x_wconf 74' lang='grc'>2</span> <span class='ocrx_word' id='word_1_1010' title='bbox 3393 5690 3527 5762; x_wconf 87' lang='lat' dir='ltr'><strong>Reg.</strong></span> <span class='ocrx_word' id='word_1_1011' title='bbox 3555 5702 3610 5748; x_wconf 89' lang='lat' dir='ltr'><strong>et</strong></span> <span class='ocrx_word' id='word_1_1012' title='bbox 3630 5703 3756 5748; x_wconf 92' lang='lat' dir='ltr'><strong>octo</strong></span> 
     </span>
    </p>
   </div>
   <div class='ocr_carea' id='block_1_126' title="bbox 2152 5757 3760 5840">
    <p class='ocr_par' dir='ltr' id='par_1_126' title="bbox 2152 5757 3760 5840">
     <span class='ocr_line' id='line_1_127' title="bbox 2152 5757 3760 5840; baseline 0.001 -24"><span class='ocrx_word' id='word_1_1013' title='bbox 2152 5757 2280 5816; x_wconf 87' lang='lat' dir='ltr'><strong>editi</strong></span> <span class='ocrx_word' id='word_1_1014' title='bbox 2307 5759 2656 5830; x_wconf 85' lang='lat' dir='ltr'><strong>interponunt</strong></span> <span class='ocrx_word' id='word_1_1015' title='bbox 2680 5760 2929 5816; x_wconf 87' lang='lat' dir='ltr'><strong>omnibus.</strong></span> <span class='ocrx_word' id='word_1_1016' title='bbox 2955 5759 3119 5834; x_wconf 85' lang='lat' dir='ltr'><strong>(Vide</strong></span> <span class='ocrx_word' id='word_1_1017' title='bbox 3143 5763 3281 5834; x_wconf 78' lang='lat' dir='ltr'><strong>infra</strong></span> <span class='ocrx_word' id='word_1_1018' title='bbox 3301 5764 3408 5819; x_wconf 88' lang='lat' dir='ltr'><strong>col.</strong></span> <span class='ocrx_word' id='word_1_1019' title='bbox 3431 5757 3536 5821; x_wconf 71' lang='grc' dir='ltr'><strong>6ξὸ</strong></span> <span class='ocrx_word' id='word_1_1020' title='bbox 3556 5764 3648 5822; x_wconf 83' lang='lat' dir='ltr'><strong>liti.</strong></span> <span class='ocrx_word' id='word_1_1021' title='bbox 3670 5763 3760 5840; x_wconf 79' lang='lat'><strong>5.)</strong></span> 
     </span>
    </p>
   </div>
  </div>
