4142 6200
346 218 452 278 627

1028 209 1218 269 FIRM.
1260 207 1629 267 LACTANTII
1667 206 1872 266 DIVIN.
1915 204 2371 269 INS'HTJJBIR
2411 204 2477 263 V.
2518 205 2609 265 DE
2649 203 2971 265 JUSTITIA.

3545 202 3653 266 6'23

344 339 525 393 sumat
573 342 698 391 eunt
736 327 958 387 Seneca:
1013 325 1210 381 librum
1260 325 1348 381 cui
1386 324 1577 382 titulus
1622 333 1745 382 est:
1778 324 1956 395 Quare
1979 332 2339 399 Aruperunt.
2391 323 2636 380 Providit
2685 336 2838 393 ergo,
2884 329 3152 395 quatenus
3195 323 3494 380 cultoribus
3542 325 3657 380 suis

341 427 505 487 bonis
531 425 662 482 viris
677 423 846 480 multa
862 420 1001 477 mala
1030 418 1305 487 accidant,
1331 433 1454 476 cum
1477 421 1548 476 sit
1571 419 1944 491 providentia;

342 522 400 579 in
426 535 535 592 quo
555 517 647 574 ille
675 515 869 583 multa,
916 528 1023 570 non
1055 512 1214 583 plane
1252 512 1522 583 imperitia
1547 512 1821 580 smculari,
1851 512 1948 569 sed

343 613 619 685 sapienter
632 622 703 665 ac
712 622 849 679 pene
861 605 1118 663 divinitus
1134 604 1381 662 elocutus
1393 599 1497 662 est.
1511 622 1532 658 ι
1563 604 1727 673 Deus,
1750 605 1946 675 inquit,

344 703 597 761 homines
654 714 752 772 pro
789 698 975 756 liberis
1002 695 1166 752 habet
1192 713 1206 750 :
1232 696 1329 752 sed
1351 705 1636 767 corruptos
1650 705 1705 753 et
1723 696 1949 753 vitiosos

345 793 626 854 luxuriose
649 806 714 848 ac
737 791 969 848 delicate
996 790 1198 860 patitur
1225 788 1428 854 vivere,
1458 788 1585 858 quia
1635 803 1743 845 non
1796 797 1949 860 putat

347 884 729 944 emendatione
752 896 848 939 sua
875 881 1085 953 dignos.
1122 880 1302 936 Bonos
1337 887 1539 947 autem,
1565 895 1703 951 quos
1734 866 1946 952 diligit,

346 981 575 1052 castigat
597 978 820 1047 saepius,
864 984 921 1031 et
966 973 1198 1030 assiduis
1237 972 1511 1029 laboribus
1557 973 1624 1029 ad
1652 989 1805 1030 usum
1838 974 1949 1028 vir-

346 1075 478 1131 tutis
506 1078 763 1137 exercet;
794 1083 896 1124 nec
920 1081 1015 1124 eos
1040 1066 1260 1123 caducis
1314 1081 1381 1121 ae
1424 1066 1741 1122 mortalibus
1792 1066 1952 1125 bonis

348 1146 623 1238 corrumpi
649 1180 713 1221 ac
736 1163 1023 1234 depravari
1070 1161 1217 1218 sinit.
1248 1179 1269 1215 ι
1298 1160 1456 1219 Unde
1506 1162 1710 1219 nemini
1753 1162 1950 1218 mirum

350 1262 516 1320 debet
542 1259 737 1325 videri,
768 1255 815 1312 si
846 1270 943 1326 pro
968 1254 1170 1310 nostris
1198 1268 1343 1325 saepe
1371 1254 1585 1313 delictis
1625 1255 1953 1327 castigamur

350 1368 380 1408 a
409 1353 541 1408 Deo.
571 1349 688 1406 Imo
707 1362 858 1413 vero,
888 1360 1011 1402 cum
1043 1361 1304 1402 vexamur
1347 1361 1414 1403 ac
1464 1346 1781 1417 premimur,
1839 1359 1951 1405 tum

349 1446 584 1503 maxime
603 1442 805 1514 gratias
830 1440 1041 1512 agimus
1080 1437 1548 1510 indulgentissimo
1593 1441 1767 1511 patri;
1808 1440 1954 1512 quod

350 1534 714 1605 corruptelam
742 1539 983 1588 nostram
1012 1546 1120 1588 non
1146 1531 1345 1602 patitur
1370 1532 1584 1604 longius
1624 1532 1954 1605 procedere,

349 1628 454 1686 sed
480 1627 647 1699 plagis
671 1641 735 1682 ac
756 1623 1073 1681 verberibus
1120 1624 1394 1683 emendat.
1420 1625 1502 1682 Ex
1554 1641 1662 1698 quo
1705 1626 1954 1698 intelligi-

2051 426 2331 490 praestaret
2354 417 2613 488 quietem,
2649 413 2693 471 si
2723 413 2977 471 mandata
3006 422 3342 484 servassent,
3367 424 3423 470 et
3470 425 3654 472 tamen

2049 526 2144 567 eos
2170 509 2514 575 emendaret,
2565 509 2613 564 si
2663 508 2951 580 praeceptis
3001 523 3109 565 non
3165 507 3654 578 obtemperassent.

2047 602 2232 674 Itaque
2260 618 2328 658 ne
2384 611 2493 657 tam
2546 611 3031 672 corrumperentur
3078 602 3213 669 otio,
3266 617 3426 673 quam
3477 611 3661 672 patres

2050 710 2237 753 eorum
2285 694 2529 762 licentia,
2579 694 2752 766 premi
2790 708 2886 750 eos
2930 694 3103 750 voluit
3128 692 3307 763 abiis,
3338 695 3392 751 in
3423 710 3657 767 quorum

2051 790 2300 848 manibus
2337 803 2437 846 eos
2461 789 2780 854 collocavit,
2838 797 2897 844 ut
2937 795 2994 845 et
3043 789 3291 845 labantes
3329 788 3616 846 confirmet
3639 837 3655 861 ,

2051 893 2108 943 ot
2133 891 2418 954 corruptos
2441 882 2509 938 ad
2532 880 2902 938 fortitudinem
2934 889 3173 953 reparet,
3200 891 3256 938 et
3306 882 3441 939 ﬁdos
3483 898 3661 955 expe-

2050 978 2224 1032 riatur
2264 991 2329 1032 ac
2375 984 2565 1032 tentet.
2611 974 2897 1044 Quomodo
2936 975 3079 1031 enim
3143 985 3321 1047 potest
3366 975 3664 1048 imperator

2053 1070 2285 1125 militum
2334 1082 2556 1124 suorum
2612 1067 2845 1137 probare
2895 1067 3175 1133 virtutem,
3254 1067 3357 1122 nisi
3412 1068 3665 1125 habuerit

2053 1160 2302 1218 hostem?
2348 1160 2418 1215 Et
2467 1161 2544 1215 illi
2590 1169 2768 1215 tamen
2815 1159 3160 1215 adversarius
3210 1160 3427 1231 exurgit
3452 1158 3661 1231 invito,

2053 1265 2112 1316 et
2138 1257 2261 1328 quia
2289 1256 2532 1311 mortalis
2557 1264 2662 1323 est,
2694 1264 2748 1311 et
2771 1254 2913 1310 vinci
2941 1263 3141 1325 potest.
3178 1254 3289 1310 Deo
3315 1265 3496 1310 autem
3535 1256 3662 1327 quia

2054 1349 2340 1420 repugnari
2367 1363 2477 1404 non
2505 1354 2700 1419 potest,
2748 1347 2864 1418 ipse
2901 1347 3245 1403 adversarios
3298 1346 3508 1402 nomini
3559 1363 3663 1403 suo

2056 1443 2276 1510 excitat,
2321 1456 2428 1496 non
2475 1441 2780 1513 quicontra
2814 1439 2991 1509 ipsum
3048 1439 3217 1495 Deum
3267 1447 3528 1511 pugnent,
3567 1439 3663 1496 sed

2056 1544 2245 1593 contra
2270 1534 2474 1590 milites
2495 1534 2613 1603 ejus
2633 1574 2650 1600 ,
2672 1536 2743 1588 ἰιι
2767 1532 3115 1589 devotionem
3146 1542 3210 1587 ac
3246 1530 3406 1587 [idem
3440 1544 3662 1588 suorum

2057 1628 2143 1684 vel
2166 1626 2378 1698 probet,
2430 1626 2516 1681 vel
2563 1625 2901 1691 corroboret,
2946 1624 3120 1680 donec
3163 1636 3433 1695 pressum
3466 1622 3662 1681 verbe-

348 1738 471 1781 mus
518 1737 641 1780 esse
676 1734 776 1777 nos
803 1720 914 1776 Deo
944 1733 1111 1786 curae;
1142 1720 1425 1790 quoniam,
1465 1735 1586 1777 cum
1639 1736 1950 1791 peccamus,
1982 1741 2032 1804 Β
2057 1720 2208 1777 ribus
2233 1718 2573 1776 difﬂuentem
2598 1719 2823 1791 colligat
2847 1718 3209 1790 disciplinam.

348 1815 621 1872 irascitur.
649 1812 784 1869 Nam
811 1825 935 1867 cum
964 1821 1152 1883 posset
1181 1812 1380 1883 populo
1424 1827 1547 1879 suo,
1597 1822 1653 1868 et
1697 1826 1852 1884 opes,
1898 1822 1954 1870 et

347 1924 512 1982 regna
538 1907 747 1980 largiri,
772 1906 913 1963 sicut
939 1904 1167 1963 dederat
1194 1912 1321 1963 ante
1350 1905 1573 1975 Iudaeis,
1602 1922 1831 1979 quorum
1854 1922 1954 1965 nos
1986 1918 1993 1926 '

348 2014 697 2061 successores
720 2013 785 2056 ac
809 1998 1014 2071 posteri
1059 2011 1279 2065 sumus;
1333 1999 1537 2056 idcirco
1588 2000 1733 2057 enim
1782 2000 1955 2057 voluit

348 2095 451 2151 sub
473 2093 647 2151 aliena
673 2092 879 2150 ditione
902 2100 1064 2165 atque
1115 2092 1344 2164 imperio
1396 2092 1618 2165 degere,
1675 2109 1745 2152 ne
1768 2108 1953 2152 rerum

348 2203 733 2261 prosperarum
763 2188 1020 2243 felicitate
1047 2195 1355 2258 corruptus,
1407 2188 1460 2243 in
1501 2188 1769 2245 luxuriam
1799 2189 1951 2247 lube-

348 2289 523 2349 retur,
553 2294 618 2336 ac
643 2278 739 2334 Dei
784 2288 1057 2350 praecepta
1104 2287 1515 2346 contemneret,
1550 2280 1701 2349 sient
1730 2280 1807 2339 illi
1833 2295 1953 2337 ma-

349 2368 497 2443 jores
522 2367 716 2437 nostri,
748 2368 840 2441 qui
869 2383 1014 2439 saepe
1035 2369 1266 2425 terrenis
1290 2383 1355 2425 ac
1374 2368 1652 2442 fragilibus
1687 2372 1772 2427 bis
1798 2372 1955 2429 bonis

353 2464 625 2531 enervati,
671 2463 993 2522 aberrarunt
1035 2477 1066 2518 a
1116 2462 1424 2535 disciplina,
1478 2472 1533 2521 et
1576 2466 1710 2538 legis
1740 2466 1955 2525 vincula

2070 1823 2078 1829 '
2132 1813 2230 1868 Est
2255 1820 2311 1868 et
2344 1811 2447 1867 alia
2488 1824 2651 1868 causa
2676 1823 2775 1866 cur
2802 1809 3091 1867 adversum
3123 1820 3223 1865 nos
3253 1808 3664 1880 persecutiones

2062 1906 2181 1967 ﬁeri
2210 1906 2375 1975 sinat,
2403 1915 2463 1960 ut
2486 1904 2582 1960 Dei
2623 1900 2853 1976 populus
2877 1911 3157 1976 augeatur.
3186 1902 3298 1960 Nec
3332 1910 3419 1960 est
3439 1900 3664 1962 difllclle

2060 2009 2365 2058 molnstrare
2386 2012 2483 2055 cur
2525 2006 2619 2054 aut
2638 1997 2912 2069 quomodo
2942 1990 2995 2054 id
3028 1998 3140 2053 iiut.
3172 1997 3411 2053 Primum
3431 2041 3446 2066 ,
3476 1996 3665 2070 fugan-

2061 2098 2150 2151 tur
2174 2109 2205 2149 a
2229 2093 2453 2150 deorum
2484 2092 2720 2149 cultibus
2747 2091 2987 2164 plurimi,
3016 2090 3142 2147 odio
3167 2091 3525 2149 crudelitatis.
3560 2090 3664 2161 Qui

2059 2191 2204 2249 enim
2230 2188 2355 2245 talis
2382 2188 2649 2244 sacriﬁcia
2681 2187 2797 2243 non’
2812 2182 3108 2242 horreant?
3132 2186 3334 2242 Deinde
3351 2186 3527 2257 placet
3546 2185 3668 2257 qui.

2058 2281 2283 2340 busdam
2315 2281 2486 2337 virtus
2542 2295 2607 2337 ac
2654 2279 2791 2336 ﬁdes
2833 2279 2970 2351 ipsa.
3002 2276 3259 2335 Nonnulli
3300 2279 3662 2350 suspicantur,

2057 2374 2284 2432 deorum
2315 2374 2521 2430 cultum
2567 2386 2676 2428 non
2715 2371 2835 2428 sine
2869 2386 3030 2428 causa
3061 2373 3262 2427 malum
3292 2372 3467 2444 putari
3496 2386 3526 2425 a
3555 2378 3663 2427 tam

2059 2467 2242 2525 multis
2269 2466 2613 2557 hominibus,
2644 2474 2704 2521 ut
2728 2466 2897 2522 emori
2937 2465 3131 2521 malint
3169 2476 3331 2537 quam
3364 2463 3418 2520 id
3446 2463 3626 2522 facere
3646 2505 3664 2533 ,

1694 2664 1957 2724 VARIOR
1964 2668 2058 2727 ΠΜ
2095 2667 2327 2727 ΝΟΤτΕ.

353 2826 515 2885 voluit
540 2826 633 2881 sub
654 2825 824 2880 aliena
848 2822 1041 2879 ditione
1066 2831 1217 2896 atque
1242 2821 1457 2896 imperio
1484 2822 1732 2896 degere...
1784 2826 1946 2893 premi

355 2915 440 2955 eos
478 2896 633 2952 voluit
663 2895 724 2949 ab
755 2897 818 2950 iis
846 2896 898 2949 in
918 2894 1140 2962 quorum
1160 2895 1394 2948 manibus
1438 2910 1521 2948 eos
1554 2894 1848 2950 collocavit.
1879 2899 1950 2950 At

355 2970 650 3026 secundum
676 2967 961 3023 lectionem
987 2964 1541 3019 admittitBuneman.
1593 2976 1647 3020 et
1685 2966 1764 3021 sic
1807 2964 1952 3021 illam

354 3025 599 3099 defendit
632 3058 741 3094 τα·-
764 3037 831 3093 Et
863 3038 944 3092 hic
972 3037 1026 3091 iu
1046 3053 1099 3090 se
1115 3036 1349 3090 virtutem
1373 3036 1575 3090 habent.
1627 3035 1731 3091 Vix
1771 3036 1908 3092 dixit
1937 3055 1950 3095 :
1980 3025 2027 3096 Ο

356 3111 579 3167 Necesse
608 3119 681 3165 est
703 3111 901 3178 justum
954 3107 1210 3160 hominem
1260 3107 1543 3173 subiectum
1585 3124 1692 3160 esse
1736 3108 1950 3177 injusto,

356 3196 613 3253 quorsum
671 3179 850 3253 denuo
884 3195 897 3233 :
931 3179 1123 3253 iustum
1158 3178 1213 3231 in
1266 3178 1554 3253 servitutem
1598 3179 1777 3253 abire,
1829 3181 1954 3253 quia
2003 3189 2009 3195 '

351 3248 529 3324 justus
557 3259 660 3306 est.
695 3249 941 3324 Contra,_
970 3250 1013 3302 si
1065 3250 1234 3318 legas,
1283 3249 1336 3301 in
1375 3264 1428 3301 se
1471 3248 1705 3324 virtutem
1751 3248 1953 3324 habent,

350 3318 495 3396 inSta
526 3331 608 3377 est
628 3321 897 3396 (ippusilio
927 3318 1067 3396 inter
1097 3326 1371 3396 peccatum
1408 3330 1460 3372 et
1478 3318 1772 3396 _virtu_t_em._
1813 3322 1957 3396 Ergo

353 3386 529 3467 iustus
559 3409 622 3467 ac
650 3386 888 3467 sapiens,
918 3391 1042 3461 quia
1092 3391 1330 3467 virtutem
1373 3389 1557 3467 capit,
1595 3386 1773 3467 [lubet
1819 3393 1872 3445 in
1894 3386 1959 3446 'se

356 3458 673 3536 patientiam.
702 3458 1195 3536 Phrasisoccnrrit,
1227 3458 1262 3536 I_.
1294 3474 1347 3536 γ,
1371 3458 1557 3536 _c._'lt);

356 3530 507 3608 putet
532 3536 665 3608 hunc
690 3531 893 3608 aliquid
912 3532 965 3586 in
988 3546 1045 3608 se
1071 3531 1269 3608 virtutis
1293 3530 1528 3585 habuisse
1536 3532 1567 3608 ζ

433 3608 605 3676 Quare
623 3600 938 3661 bonis‘riris.
974 3603 1139 3676 Abest
1165 3600 1340 3676 virisa
1372 3616 1502 3676 mss.
1532 3600 1700 3676 Brun.

428 3670 586 3742 Deus,
634 3676 796 3747 inquit
818 3717 833 3741 ,
865 3674 1093 3747 homines
1145 3691 1237 3744 pro
1281 3673 1451 3747 liberis
1478 3670 1809 3747 habet.llzec
1839 3674 1959 3746 ipsa

359 3749 523 3806 verba
554 3744 870 3803 haudcerte
900 3745 1141 3816 reperias
1168 3744 1308 3815 apud
1337 3744 1621 3816 Senecam.
1654 3746 1836 3813 Quare
1864 3744 1959 3801 aut

360 3822 584 3877 Seneca:
608 3819 742 3873 liber
769 3815 989 3881 excidit,
1017 3822 1109 3869 aut
1155 3817 1307 3883 quasi
1352 3815 1575 3871 Senecae
1617 3817 1793 3871 verbis
1837 3831 1957 3872 eam

362 3889 674 3947 Lactantius
722 3888 913 3943 extulit
969 3887 1293 3940 sententiam
1322 3926 1338 3949 ,
1394 3897 1453 3940 ut
1481 3893 1537 3940 et
1558 3886 1691 3953 alibi
1722 3886 1952 3941 factitat.

363 3962 569 4017 Horum
597 3957 882 4013 verborum
914 3956 1261 4027 sententiam,
1291 3954 1473 4027 habes,
1501 3954 1556 4009 in
1606 3956 1725 4027 ejus
1773 3957 1959 4013 libello

362 4033 430 4089 de
455 4032 634 4085 divina
667 4026 1032 4093 Providentia,
1064 4027 1165 4082 sub
1190 4024 1424 4080 initium.
1456 4026 1615 4080 Isaeo.

433 4097 833 4171 Castigat.Vide
859 4097 1116 4171 Proverb.
1150 4111 1269 4171 cap.
1301 4113 1382 4165 Ill,
1415 4112 1466 4153 ν.
1493 4096 1584 4163 12ς
1608 4097 1676 4155 ad
1698 4096 1960 4156 Hebraeos

365 4189 464 4235 xu.
494 4190 545 4227 v.
576 4168 646 4237 li;
675 4170 896 4241 Apocal1
926 4183 1006 4241 Ill,
1035 4183 1093 4241 v_.
1118 4168 1205 4224 19.

440 4244 588 4301 Unde
607 4234 816 4297 nemini.
850 4238 950 4296 Ms.
981 4240 1033 4295 1.
1064 4239 1275 4295 Bouon.
1311 4234 1425 4293 Nec
1451 4238 1658 4296 mirum.

438 4316 615 4386 Quum
652 4312 1258 4386 ve.rantur.....‘gratias
1288 4312 1513 4383 agimus.
1561 4310 1863 4386 Cyprianus
1892 4312 1961 4367 de

362 4382 575 4459 Lapsis,
603 4385 659 4440 in
691 4384 952 4459 principio
976 4399 989 4435 :
1021 4382 1262 4459 Quamvis
1279 4382 1431 4459 agere
1442 4382 1637 4452 gratias
1662 4392 1836 4459 nostru
1860 4399 1959 4439 vaa:

361 4453 460 4515 nec
502 4459 555 4511 in
586 4453 931 4527 persecutione
966 4453 1263 4527 cusauerit.
1300 4453 1454 4527 Adde
1503 4462 1660 4511 notas
1708 4454 1776 4510 ad
1808 4454 1957 4512 Lact.

360 4532 399 4585 l.
430 4544 505 4593 vt,
534 4524 684 4582 (λ’Ξό
716 4525 931 4598 :Etiam
957 4525 1012 4598 in
1036 4525 1187 4598 malls
1211 4524 1405 4598 gratias
1434 4524 1572 4598 agat.
1729 4527 1889 4598 ,BuN.

441 4598 578 4670 Tum
614 4597 835 4670 maxime
862 4596 1057 4670 gratius
1082 4595 1301 4670 agimus.
1328 4595 1449 4652 Act.
1470 4595 1550 4670 'v_,
1602 4598 1706 4670 v.1
1718 4597 1772 4670 2.
1794 4596 1969 4670 Chryo

366 4679 503 4728 sost.
537 4666 820 4735 Homil..5,
853 4666 919 4721 de
942 4666 1081 4721 Jubo
1108 4666 1127 4723 :7
1155 4666 1256 4734 Qui
1280 4682 1453 4722 amore
1491 4666 1683 4724 Christi
1707 4666 1964 4735 aduritur,

367 4742 572 4810 eligeret
598 4741 767 4809 potius
787 4738 1167 4810 vinctum_esse
1223 4753 1322 4810 pro
1342 4736 1565 4806 Christo,
1606 4755 1761 4810 qnam
1814 4741 1968 4795 rtelos

367 4807 680 4877 inhabitare,
712 4809 1002 4879 clariusque
1022 4807 1116 4881 hoc
1146 4807 1366 4881 habebit,
1399 4824 1552 4881 quom
1592 4807 1747 4881 super
1773 4810 1969 4881 duode-

368 4887 468 4938 cim
496 4882 638 4956 sedes
661 4881 856 4956 sedere,
882 4878 1128 4948 quamdiu
1184 4878 1417 4936 voluntas
1447 4878 1545 4936 Dei
1573 4878 1666 4950 est,
1717 4879 1855 4952 quod
1874 4899 1970 4956 pa-

369 4956 544 5010 tiatur.
574 4953 660 5009 Jo.
701 4951 967 5009 GEltttltDl.

448 5026 733 5092 Quoniam,
788 5038 905 5077 cum
954 5037 1243 5095 peccamus,
1295 5020 1555 5095 irascitur.
1598 5018 1676 5080 lla
1723 5024 1907 5095 scripti
1935 5026 1969 5085 9

370 5113 480 5152 rec.
517 5099 848 5166 totidemque
894 5092 1112 5166 vulgati.
1170 5092 1235 5148 At
1275 5093 1480 5166 quibus,
1514 5111 1629 5166 cum
1676 5092 1966 5166 peccamus,

365 5169 628 5234 irascitur,
659 5162 859 5222 habent
886 5162 1015 5221 mss'.
1048 5165 1236 5230 Cauc.,
1273 5162 1410 5228 PaL,
1463 5165 1490 5222 1
1536 5162 1707 5237 Lips..
1739 5168 1765 5223 1
1814 5167 1966 5222 Colb.

373 5249 428 5293 et
450 5237 580 5294 editi
617 5238 855 5309 quidam.
890 5237 948 5291 ln
978 5237 1045 5292 15
1084 5252 1246 5292 manu
1270 5237 1508 5309 exaratis
1528 5247 1583 5293 et
1609 5237 1965 5309 limpressis,

372 5309 572 5378 quibus,
624 5307 867 5432 quoniam
920 5322 1209 5379 peccamus,
1265 5307 1524 5364 irascitur.
1582 5323 1601 5364 ι
1646 5308 1813 5364 Brun.
1872 5322 1969 5380 pro

372 5382 613 5432 quoniam
658 5379 1048 5432 tabetauando.

371 5382 613 5450 quoniam
640 5379 799 5433 habet
823 5379 1048 5450 quando.

452 5450 681 5518 Quarum
716 5465 808 5502 nos
835 5444 1156 5504 successores
1197 5464 1257 5503 ac
1285 5449 1491 5518 posteri.
1526 5444 1583 5505 In
1617 5450 1795 5507 locum
1826 5451 1970 5507 enim

378 5522 687 5577 indecorum
718 5533 749 5571 a
796 5519 905 5593 Deo
941 5520 1623 5593 reprobatorum-gentiles
1666 5522 1811 5593 insiti
1848 5532 1973 5579 sunt

380 5589 886 5662 tauqnnmsurculi,
915 5594 1064 5662 quasi
1096 5593 1312 5662 oleastri
1343 5589 1530 5649 inserti
1559 5596 1610 5648 in
1637 5592 1770 5659 illis,
1801 5606 1853 5649 et
1885 5608 1972 5650 so-

378 5667 444 5721 cii
487 5660 684 5719 radicis
716 5660 1145 5736 ctpinguedinis
1188 5660 1341 5736 olivqe
1385 5663 1543 5734 facti,
1594 5665 1973 5736 participantes

380 5740 628 5792 eumdem
660 5726 1059 5804 spirit'utu'lidei
1095 5738 1150 5788 et
1184 5732 1390 5802 gratiae,
1419 5736 1509 5806 qui
1528 5726 1631 5792 fuit
1660 5735 1712 5793 in
1734 5726 1969 5795 Abramo

1588 3459 1958 3532 Quisquamne

2053 2836 2106 2883 et
2135 2824 2404 2881 veteribus
2423 2822 2731 2880 Iudaeorum
2759 2823 3079 2894 patriarehis
3103 2841 3116 2879 ε
3141 2823 3222 2879 sic
3243 2837 3272 2878 ι
3293 2823 3511 2881 Christo
3540 2840 3669 2882 sus-

2058 2897 2207 2955 citati
2237 2907 2363 2950 sunt
2391 2896 2621 2951 Abrahae
2654 2894 2751 2950 lilii
2771 2937 2787 2963 ,
2821 2895 2939 2967 ejus
2969 2896 3228 2955 habentes
3264 2895 3447 2965 iidem,
3478 2911 3668 2969 opera-

2058 2985 2165 3022 aue
2199 2966 2479 3022 facientes.
3582 3020 3587 3022 _

2098 2985 2165 3024 ue
2199 2975 2479 3022 facientes.
3582 3020 3587 3023 _

2058 2985 2165 3041 que
2199 2985 2479 3022 metentes.
3582 3020 3587 3023 _

2132 3039 2447 3111 Aberrarunt
2494 3050 2527 3091 tt
2553 3035 2881 3111 disciplina,_
2895 3046 2942 3091 et
2976 3036 3123 3111 legis
3147 3038 3355 3111 vincula
3394 3051 3664 3111 ruperunt.

2060 3111 2188 3166 Mss.
2231 3110 2265 3165 8
2286 3152 2300 3174 ,
2348 3109 2730 3181 aberruverunt.
2767 3109 2817 3163 l.
2852 3108 2982 3178 Reg.
3016 3108 3467 3181 antiquissimus,
3494 3128 3593 3181 pro
3624 3125 3670 3167 et

2060 3182 2207 3253 legis,
2234 3181 2396 3253 habet
2421 3192 2466 3235 et
2489 3179 2794 3253 Dei._rAlter
2823 3181 3141 3253 veterrimus
3169 3180 3298 3253 Reg.
3334 3197 3454 3237 cum
3486 3179 3607 3237 aliis
3635 3188 3665 3239 4

2060 3250 2172 3308 ι’θέ.
2200 3252 2503 3325 αὺεζναγιιηι
2532 3268 2562 3304 a
2584 3250 2859 3325 disciplina
2884 3252 3029 3322 legis,
3056 3250 3359 3325 piaculaque
3377 3266 3624 3325 ruperunt
3650 3274 3669 3322 ;

2062 3268 2172 3308 rec.
2200 3268 2503 3306 aberrarunt
2532 3268 2562 3304 a
2584 3268 2859 3377 atsctémna
2884 3268 3029 3322 tegis,
3056 3268 3359 3323 vmcutaque
3377 3268 3624 3325 ruperunt
3650 3274 3667 3322 ς

2062 3325 2192 3379 item
2222 3326 2255 3378 4
2299 3323 2431 3394 Reg.
2460 3338 2598 3389 rec.,
2637 3320 2673 3376 4
2748 3323 2940 3379 olbert.
2974 3332 3030 3377 et
3055 3323 3088 3379 ὅ
3122 3324 3373 3394 impressi
3399 3328 3667 3381 ubmave~

2061 3404 2200 3449 runt.

2134 3464 2243 3521 Deo
2289 3472 2458 3540 uul_em
2482 3464 2603 3536 quia
2630 3464 2906 3540 repugnari
2943 3481 3046 3540 uon
3073 3474 3255 3535 potest.
3299 3462 3428 3522 Mss.
3467 3467 3503 3522 2
3535 3468 3664 3540 Reg.

2061 3552 2172 3594 rec.
2206 3547 2260 3591 et
2287 3537 2324 3591 2
2354 3532 2594 3593 Claram.
2627 3532 2710 3591 cui
2741 3532 2837 3605 pro
2865 3532 3006 3605 quia.

2135 3604 2240 3663 Sed
2262 3619 2438 3681 contra
2461 3607 2643 3663 milites
2661 3600 2790 3681 eius.
2820 3600 2990 3681 [tutuo
3008 3608 3059 3662 in
3078 3604 3336 3681 militibus
3356 3607 3668 3681 imperator,

2062 3678 2114 3734 iu
2139 3679 2399 3734 membris
2445 3690 2607 3748 caput
2635 3679 2887 3750 violatur.
2928 3679 3113 3734 Actor.
3144 3695 3202 3735 ιι
3228 3698 3240 3733 :
3271 3678 3455 3750 Saule,
3487 3678 3669 3747 Saulc,

2060 3749 2183 3820 quid
2212 3766 2291 3804 me
2315 3750 2672 3820 persequeris?
2701 3749 2899 3804 River.

2134 3818 2402 3895 Presgurte
2427 3818 2732 3895 uerberibus:
2762 3820 2839 3895 _l_ta
2869 3820 3075 3895 restitui
3097 3834 3162 3876 ex
3189 3821 3214 3877 1
3240 3818 3376 3895 Reg.
3409 3823 3671 3895 antiquis—

2062 3891 2221 3954 simo,
2262 3891 2299 3962 7_
2326 3892 2398 3946 al.
2432 3892 2591 3962 Reg.,
2625 3894 2658 3947 6
2683 3891 2920 3962 Colbert.
2962 3891 3191 3961 aliisque
3222 3891 3433 3960 decem,
3474 3891 3673 3951 et‘edi-

2062 3964 2133 4018 tis
2163 3962 2252 4019 12.
2280 3960 2338 4018 Iu
2372 3962 2398 4017 1
2441 3960 2648 4017 Bonan.
2677 3960 2846 4032 atttiq.
2886 3971 2969 4017 est
2998 3960 3237 4032 pressura
3264 3964 3582 4031 verberibus;
3614 3968 3666 4022 in

2062 4034 2230 4104 Thys.
2269 4044 2324 4089 et
2352 4033 2489 4105 Gali.
2525 4050 2775 4105 pressura:
2812 4032 3194 4105 et‘verberibus
3221 4072 3237 4101 ,
3287 4036 3446 4091 male.
3506 4038 3674 4093 Deest

2062 4102 2333 4177 pressurae,
2363 4102 2762 4177 inille'gio-Put.
2788 4113 2842 4159 et
2862 4102 3043 4160 forsan
3073 4105 3370 4174 aptissime.
3403 4138 3474 4148 —
3508 4106 3672 4163 Pres-

2062 4172 2198 4232 surte
2227 4172 2550 4249 verberibus:
2562 4172 2839 4249 Pressttra,
2869 4190 2972 4230 vox
3008 4172 3196 4249 nostro
3222 4187 3275 4249 et
3304 4177 3548 4248 patribus
3573 4195 3673 4249 pro

2062 4250 2429 4321 persecutione,
2455 4246 2775 4321 calamitate,
2798 4246 3070 4321 frequens.
3102 4246 3255 4303 Conf.
3294 4246 3467 4314 infra,
3501 4246 3672 4321 perse-

2061 4317 2310 4375 cutiones.
2341 4319 2489 4375 Lact.
2514 4319 2551 4373 l.
2581 4333 2657 4382 tv,
2675 4333 2723 4372 c.
2747 4317 2820 4372 ‘26
2847 4335 2861 4371 :
2888 4317 3261 4373 Pressurarum
3281 4321 3426 4375 nobis
3455 4317 3673 4377 aclabo-

1985 4420 2039 4481 Ι)
2064 4408 2178 4481 r'um
2199 4400 2245 4445 et
2276 4386 3203 4481 miseriarumAprajbebuttefemplum.
3227 4390 3341 4481 Lib.
3361 4407 3457 4456 vn,
3487 4408 3535 4449 c.

2072 4460 2187 4518 Erit
2218 4476 2469 4532 pressura
2498 4470 2544 4515 et
2571 4458 2826 4515 cantritio.
2873 4458 3070 4532 Obiter
3103 4458 3192 4515 hic
3242 4462 3512 4531 observo,
3545 4465 3675 4520 alibi

2073 4548 2194 4589 esse
2219 4529 2398 4603 magis
2429 4531 2764 4588 reconditum
2795 4546 2948 4587 usum
2983 4529 3141 4600 hujus
3168 4534 3314 4587 vocis
3334 4575 3348 4599 ,
3384 4534 3472 4590 ubi
3499 4529 3676 4590 'medi-

2073 4606 2151 4661 cis
2178 4618 2429 4730 prliisura
2458 4612 2608 4660 notat
2642 4618 2877 4657 somnum
2905 4619 3109 4675 gravem
3134 4645 3149 4671 ,
3193 4603 3326 4660 alias
3355 4607 3670 4679 oppressio~

2073 4692 2219 4730 nem.
2296 4691 2384 4730 nu.

2073 4692 2219 4733 nem.
2249 4691 2384 4730 UUN.

2144 4745 2497 4830 DiL/luentem.
2536 4743 2894 4830 Sic-reposui“
2909 4760 2975 4830 ex
3004 4745 3138 4830 edit.
3163 4742 3390 4830 [pellam
3422 4748 3675 4830 e‘tomni-

2071 4817 2172 4875 bus
2201 4814 2347 4874 libris
2366 4831 2494 4888 mss.
2514 4814 2841 4888 praeter'ree.
2861 4817 2897 4870 2
2917 4814 3075 4888 Reg.,
3097 4817 3132 4872 2
3159 4815 3339 4888 Colb.,
3370 4820 3393 4875 l
3428 4818 3671 4878 Clarom.

2074 4901 2129 4946 et
2158 4888 2279 4944 edd.
2307 4888 2357 4942 in
2384 4887 2580 4959 quibus
2604 4897 2687 4961 est
2716 4886 3050 4960 deﬁluentem.

2143 4978 2361 5049 Colligat
2391 4979 2843 5052 disciplinanulta
2870 4980 3153 5036 emendavi
3197 4996 3262 5036 ex
3293 4983 3673 5052 antiquissimo

2073 5062 2125 5109 et
2157 5052 2358 5117 ontimo
2386 5052 2704 5120 Regio‘l’ut.
2736 5051 2792 5106 In
2819 5051 2855 5105 2
2900 5053 2970 5106 al.
3002 5053 3134 5122 Reg.
3166 5051 3488 5118 Tornes.,5
3515 5056 3671 5111 Colb.

2072 5134 2127 5181 et
2147 5122 2304 5179 editis
2327 5125 2571 5193 corrigat.
2600 5124 2629 5177 1
2652 5122 2788 5194 Reg.
2814 5131 2869 5178 et
2890 5123 3361 5195 Brun.'corrigant.

2148 5215 2455 5269 Monstrare.
2484 5215 2509 5269 1
2536 5214 2744 5271 Bonon.
2790 5216 2958 5288 antiq.
2988 5216 3296 5284 monstrari;
3328 5216 3354 5272 1
3397 5216 3528 5291 Reg.
3557 5233 3669 5275 rec.

2075 5288 2444 5342 demonstrare.

2146 5379 2190 5435 Α
2203 5378 2415 5451 deorum
2430 5378 2668 5451 cultibus.
2686 5377 2763 5433 lla
2781 5376 2965 5448 optimi
2984 5386 3039 5435 et
3055 5376 3411 5451 antiquissimi
3431 5383 3671 5438 mss.Bo-

2076 5450 2427 5519 non.et.lleg.
2449 5449 2647 5522 aliique
2670 5450 2850 5522 plures
2876 5465 2999 5522 cum
3028 5449 3248 5522 scripti,
3277 5462 3386 5508 tum
3417 5455 3567 5517 editi;
3598 5456 3678 5509 id-

2076 5523 2417 5596 quepropius
2432 5529 2513 5575 est
2530 5521 2603 5596 rei
2623 5535 2684 5596 ex
2695 5521 3184 5596 primendmtqnmt
3201 5522 3500 5596 cultoribus,
3528 5526 3674 5596 quod

2076 5604 2157 5649 est
2177 5594 2231 5648 iu
2254 5592 2320 5647 17
2337 5592 2739 5664 _t'ecentioribus
2768 5606 2898 5664 mss.
2931 5594 3042 5664 etsi
3063 5594 3310 5664 vulgatis.
3329 5592 3679 5661 Legitur'cul-

2077 5672 2154 5720 tus
2181 5662 2369 5735 plurali
2393 5678 2620 5735 numero
2643 5655 2840 5731 passim
2858 5663 2997 5733 apud
3021 5655 3377 5722 Lactantium.
3405 5655 3674 5725 Prmlcrea

2076 5732 2214 5811 apud
2242 5732 2618 5802 Claudianum,
2637 5735 2881 5805 quamvis
2900 5732 3003 5800 alia
3027 5736 3270 5805 notione,
3294 5740 3553 5810 epigram.
3581 5739 3672 5794 95.
