4142 6200
436 456 564 499 nam
591 441 663 497 sit
687 438 819 495 illud
848 437 1072 507 bonum,
1100 437 1243 509 quod
1282 436 1353 491 ad
1395 439 1623 490 mortem
1665 445 1832 502 usque
1860 431 2044 486 delen-

438 533 619 598 ditur;
648 531 792 603 quod
823 530 1073 587 omnibus
1094 572 1111 599 ,
1164 544 1286 603 quae
1316 528 1369 583 in
1399 525 1501 581 hac
1528 526 1635 580 vita
1654 523 1887 596 jucunda
1917 532 2045 579 sunt

439 637 497 687 et
521 627 687 685 chara
714 666 736 694 ,
765 624 1088 696 praefertur;
1116 639 1148 679 a
1170 637 1298 693 quo,
1337 636 1439 677 nec
1465 620 1750 687 bonorum,
1778 634 1881 674 nec
1904 619 2042 677 lucis

439 721 685 782 amissio,
739 731 839 772 uec
885 715 1043 771 dolor
1088 713 1364 782 corporis,
1407 728 1507 769 nec
1536 712 1805 767 viscerum
1831 712 2040 767 crucia-

438 820 621 868 menta
675 808 975 865 deterrent.
1032 806 1226 862 Valent
1280 805 1397 860 hzec
1452 804 1765 875 plurimum.
1791 802 2043 861 Sedillte

439 902 676 963 maxime
716 914 898 957 causa
949 907 1261 955 nostrorum
1307 912 1589 955 numerum
1618 910 1835 966 semper
1879 910 2044 951 auxe-

439 1005 586 1054 runt.
616 995 783 1052 Audit
808 994 1168 1051 circumstans
1195 990 1427 1062 populus
1452 990 1596 1051 inter
1627 988 1745 1059 ipsa
1775 997 2041 1045 tormenta

442 1092 716 1159 dicentes,
744 1105 850 1146 non
883 1087 1189 1145 sacrificare
1224 1104 1283 1143 se
1310 1086 1580 1158 lapidibus
1620 1086 1849 1140 humana
1884 1098 2042 1138 manu

444 1185 620 1253 factis,
646 1185 739 1241 sed
770 1184 883 1239 Deo
908 1184 1059 1253 vivo,
1080 1184 1168 1253 qui
1191 1183 1261 1238 sit
1289 1182 1343 1237 in
1363 1181 1527 1259 coelo.
1550 1177 1701 1235 Multi
1726 1179 1827 1234 boc
1854 1192 2043 1233 verum

444 1293 572 1336 esse
598 1278 936 1348 intelligunt,
968 1285 1025 1332 et
1060 1277 1115 1331 in
1152 1284 1340 1346 pectus
1385 1273 1696 1330 admittunt.
1731 1270 1957 1337 Deinde,
1986 1277 2046 1323 ut

445 1370 564 1427 fieri
613 1369 750 1424 solet
807 1369 860 1423 in
902 1367 1065 1423 rebus
1105 1367 1355 1433 incertis,
1392 1364 1518 1421 dum
1560 1365 1701 1419 inter
1725 1378 1787 1419 se
1812 1363 2043 1418 invicem

444 1468 693 1533 quaerunt
712 1502 725 1525 ,
754 1473 876 1531 quae
914 1457 985 1513 sit
1025 1456 1183 1529 hujus
1214 1456 1627 1528 perseverantia:
1656 1469 1849 1522 causa,
1876 1454 2044 1510 multa

444 1570 566 1627 quae
592 1554 658 1609 ad
685 1554 999 1624 religionem
1027 1552 1299 1623 pertinent
1318 1592 1333 1617 ,
1361 1549 1629 1621 divulgata
1652 1563 1715 1605 ac
1741 1563 1836 1619 per
1856 1563 2043 1607 rumo-

444 1661 561 1703 rem
582 1646 822 1701 vicissim
835 1652 1101 1714 aucupata
1127 1643 1426 1708 discuntur,
1450 1657 1571 1713 qua:
1597 1640 1720 1712 quia
1734 1638 1875 1696 bona
1893 1649 2042 1709 sunt,

508 232 545 293 9
1694 215 2039 287 ANALYSIS
2072 215 2262 281 LIBRI
2298 215 2529 279 SEXTI.

436 347 581 422 quod
608 345 699 407 alii
721 343 943 412 faciunt,
960 350 1020 402 ut
1044 343 1249 405 vivant.
1279 339 1492 413 Aliquis
1530 338 1676 410 cupit
1698 338 1842 403 scire
1862 336 2038 409 quod-
2064 344 2120 409 Α

3641 214 3749 279 680

2721 332 2951 394 CAPUT
3001 334 3194 393 XXIV.

2308 428 2388 484 De
2407 430 2600 485 ultione
2627 429 2801 483 divina
2821 430 2875 483 in
2905 427 3310 483 Christianorum
3336 434 3573 483 tortores.

2215 544 2484 615 Quidquid
2526 559 2657 616 ergo
2686 544 2976 600 adversum
3002 558 3103 598 nos
3139 543 3270 601 mali
3316 543 3589 612 principes
3630 556 3751 599 mo-

2146 637 2368 702 liuntur,
2392 637 2506 692 ﬁeri
2536 640 2649 706 ipse
2671 636 2951 706 permittit.
2980 635 3047 690 Et
3072 644 3249 690 tamen
3272 634 3608 704 injustissimi
3628 650 3752 705 per-

2146 741 2447 798 secutores,
2477 731 2670 800 quibus
2704 728 2799 784 Dei
2834 743 3028 783 nomen
3053 728 3396 784 contumeliae
3426 742 3488 783 ac
3517 728 3752 784 ludibrio

2147 821 2269 890 fuit,
2301 838 2410 878 non
2435 839 2494 881 se
2525 831 2714 894 putent
2741 822 2964 891 impune
2999 821 3203 879 laturos
3224 860 3238 884 ,
3269 821 3392 890 quia
3426 819 3753 891 indignatio-

2146 917 2235 972 nis
2260 917 2521 972 adversus
2558 931 2656 972 nos
2705 915 2827 983 ejus
2866 913 3022 983 quasi
3071 913 3307 967 ministri
3356 911 3596 968 fuerunt.
3642 912 3741 968 Pu-

2147 1009 2364 1064 nientur
2383 1009 2527 1064 enim
2543 1007 2745 1078 judicio
2764 1006 2883 1069 Dei,
2900 1005 3013 1077 qui,
3037 1013 3257 1076 accepta
3277 1013 3558 1075 potestate,
3590 1018 3759 1075 supra

2147 1102 2446 1161 humanum
2472 1101 2685 1157 modum
2700 1098 3095 1171 fuerintabusi,
3116 1110 3169 1155 et
3189 1099 3573 1156 iusultaverint
3589 1100 3750 1156 etiam

2146 1196 2262 1255 Deo
2282 1196 2586 1266 superbia,
2621 1195 2848 1266 ejusque
2875 1209 3071 1253 nomen
3097 1205 3361 1249 aeternum
3378 1194 3623 1264 vestigiis
3638 1193 3753 1249 suis

2147 1289 2473 1360 subjeccrinl
2494 1290 2655 1361 impie
2668 1288 2975 1355 nefarieque
2994 1286 3628 1358 calcandum.Proplerea
3642 1286 3757 1341 viu-

2147 1382 2450 1439 dicaturum
2472 1397 2531 1438 se
2546 1382 2599 1436 in
2621 1395 2714 1437 eos
2737 1380 2994 1437 celeriter
3017 1378 3325 1449 pollicetur,
3355 1388 3412 1434 et
3431 1378 3757 1434 extermina-

2150 1486 2328 1533 turum
2345 1476 2544 1533 bestias
2556 1473 2805 1531 malasde
2822 1483 2989 1529 terra.
3009 1470 3117 1528 Sed
3136 1470 3302 1535 idem,
3316 1470 3565 1540 quamvis
3579 1471 3762 1540 populi

2146 1570 2229 1625 sui
2245 1569 2560 1625 vexationes
2572 1567 2728 1623 etliic
2740 1568 2793 1620 in
2810 1564 3064 1637 praesenti
3081 1562 3253 1619 soleat
3267 1561 3560 1629 vindicare;
3578 1570 3759 1619 tamen

2143 1662 2297 1734 jubet
2345 1676 2445 1716 nos
2491 1668 2778 1730 eXpectare
2809 1657 3075 1726 patienter
3108 1654 3257 1710 illum
3287 1655 3530 1712 cmlestis
3570 1653 3759 1725 judicii

443 1738 696 1810 placeant
726 1751 952 1792 necesse
1000 1743 1101 1791 est.
1135 1733 1403 1790 Praeterea
1431 1775 1445 1801 ,
1476 1732 1608 1788 ultio
1629 1740 1937 1801 consecuta,
1968 1732 2046 1788 si—
2078 1750 2129 1811 Β
2149 1732 2321 1821 diem,
2342 1768 2450 1823 quo
2474 1752 2593 1822 ipse
2612 1765 2712 1822 pro
2736 1748 2852 1805 suis
2873 1762 3143 1819 quemque
3159 1745 3373 1801 mel-ius
3391 1754 3483 1800 am
3504 1745 3760 1812 ιιοηοτθι,

448 1841 540 1906 cut
554 1846 774 1901 semper
799 1830 1018 1899 accidit,
1042 1829 1110 1886 ad
1135 1828 1466 1887 credendum
1490 1826 1840 1889 vehementer
1861 1828 2054 1900 impel-

444 1922 527 1979 lit.
563 1922 644 1979 Ne
669 1922 788 1979 haec
811 1924 1026 1993 quidem
1070 1921 1205 1978 levis
1244 1936 1409 1977 causa
1450 1928 1568 1986 est,
1617 1919 1763 1991 quod
1790 1919 2052 1977 immundi

445 2015 752 2072 daemonum
806 2015 1053 2088 spiritus,
1106 2026 1330 2085 accepta
1378 2012 1618 2081 licentia,
1668 2014 1957 2068 multorum
1990 2028 2052 2069 se

443 2107 760 2180 corporibus
782 2108 1147 2180 immergunt;
1174 2107 1369 2179 quibus
1395 2115 1583 2179 postea
1612 2105 1824 2176 ejectis,
1856 2120 2048 2162 omnes

453 2202 544 2272 qui
572 2202 811 2257 resanati
841 2202 1081 2269 fuerint,
1113 2202 1429 2256 adhaereant
1465 2199 1741 2270 religioni,
1771 2199 1924 2270 cujus
1951 2214 2048 2270 po-

448 2295 672 2350 tentiam
717 2300 1021 2350 senserunt.
1056 2292 1150 2349 Ha:
1195 2302 1273 2348 tot
1318 2307 1496 2347 causae
1542 2293 1596 2346 in
1637 2306 1802 2347 unum
1833 2291 2046 2347 collata:

447 2400 703 2463 magnam
732 2385 844 2444 Deo
867 2383 1270 2449 multitudinem
1300 2382 1621 2441 mirabiliter
1644 2382 1950 2454 acquirunt.

2159 1853 2254 1901 aut
2274 1844 2476 1915 puniat.
2502 1844 2844 1911 Quapropter
2869 1856 2976 1895 non
3007 1846 3232 1910 sperent
3255 1838 3533 1908 sacrilegae
3559 1838 3759 1892 anima:

2160 1945 2497 2006 contemples
2524 1944 2579 1990 et
2608 1933 2806 1988 inultos
2822 1930 2959 1997 fore,
2980 1947 3116 1999 quos
3132 1930 3212 1985 sic
3233 1929 3508 1985 oblerunt.
3538 1928 3751 1998 Veniet,

2158 2031 2341 2086 veniet
2360 2025 2591 2082 rabiosis
2628 2034 2684 2081 et
2726 2022 3012 2079 voracibus
3058 2021 3201 2092 lupis
3236 2035 3447 2079 merces
3484 2035 3620 2087 sua,
3664 2020 3759 2092 qui

2151 2122 2327 2193 justas
2355 2128 2409 2176 et
2427 2119 2701 2189 simplices
2730 2106 2962 2181 animas,
2994 2115 3158 2175 nullis
3182 2113 3519 2170 facinoribus
3544 2112 3752 2170 admis-

2155 2217 2255 2283 sis,
2281 2213 2747 2270 excruciaverunt.
2774 2210 2884 2266 Nos
2913 2205 3288 2264 tantummodo
3325 2206 3669 2273 laboremus,
3702 2214 3761 2260 ut

2153 2311 2223 2366 ab
2264 2309 2570 2364 nominibus
2617 2305 2752 2363 nihil
2803 2292 2951 2359 aliud
2998 2301 3053 2359 in
3082 2295 3756 2369 nobis,nisisolajuslilia

2149 2399 2423 2471 puniatur.
2453 2398 2653 2453 Demus
2691 2409 2914 2466 operam
2945 2394 3071 2451 totis
3100 2390 3339 2459 viribus,
3362 2398 3420 2445 ut
3448 2402 3759 2446 mereamur

2147 2508 2177 2548 a
2211 2495 2325 2549 Deo
2352 2491 2536 2559 simul,
2558 2498 2613 2547 et
2635 2489 2895 2545 ultionem
2923 2483 3213 2560 passionis,
3236 2491 3292 2540 et
3321 2482 3624 2554 prmmium.

1767 2604 2150 2679 iVARIORUM
2186 2604 2420 2663 NOTJE.

942 2755 1125 2821 Accipe
1138 2753 1340 2821 regales
1362 2753 1542 2807 cultus.

445 2864 644 2924 Partim
668 2881 732 2922 ea:
756 2862 1053 2922 Centauro.

515 2959 716 3026 Aliquis
760 2957 902 3027 cupit
945 2958 1094 3014 scire.
1146 2955 1235 3012 Sic
1282 2955 1492 3011 restitui
1517 2969 1587 3012 ex
1625 2951 1872 3027 omnibus
1890 2966 2035 3027 mss.

443 3024 640 3103 pra-ter
666 3029 694 3084 1
752 3024 1016 3103 Ιὶεςηιέο.
1051 3030 1101 3082 in
1126 3027 1621 3103 quo_leg_ilur,_ut_in
1647 3025 1805 3082 editis
1828 3067 1843 3093 ,
1866 3024 2040 3096 Aliqui

444 3097 665 3173 cupiunt
685 3097 853 3173 scirei
881 3099 941 3173 1,Δ
967 3103 1038 3155 al.
1068 3097 1179 3155 rec.
1210 3099 1429 3173 Regius,
1454 3097 1579 3173 Alii.

2151 2752 2263 2807 nati
2290 2750 2604 2814 adluereant,
2637 2760 2704 2803 ac
2730 2745 2957 2815 reliqua.
2996 2744 3129 2802 Buri.

2220 2822 2419 2878 Bestius
2462 2822 2645 2876 malas.
2676 2819 2766 2874 Sic
2791 2816 3219 2873 Christianorum
3266 2820 3557 2872 vaniores
3601 2821 3760 2871 vocat

2148 2892 2469 2949 Laclantius
2507 2907 2667 2955 supra
2698 2905 2819 2959 cap.
2851 2889 2916 2944 11
2943 2928 2961 2953 ,
2984 2897 3039 2943 et
3069 2888 3312 2956 pluribus
3333 2889 3385 2959 in
3409 2886 3547 2959 locis
3572 2885 3762 2959 libello

2149 2948 2409 3019 Mortibus
2448 2948 2889 3033 persecutorittn,
2942 2948 3151 3033 scilicet
3196 2974 3315 3028 cap.
3344 2957 3400 3026 ι,
3433 2955 3507 3033 9_1
3530 2957 3628 3033 lli,
3662 2948 3758 3033 25,

2148 3036 2219 3093 52
2239 3044 2295 3090 et
2323 3035 2415 3098 39,
2449 3027 2545 3090 ubi
2579 3034 2753 3101 plura.
2784 3030 2921 3085 Vide
2946 3027 3272 3101 Apocalyps.
3301 3044 3423 3097 cap.
3444 3027 3536 3101 19.
3573 3028 3762 3101 Dutni-

2151 3123 2281 3164 num
2328 3116 2509 3160 autem
2555 3099 2657 3160 sibi
2702 3116 3012 3158 reservasse
3047 3099 3306 3155 ultionem
3344 3116 3411 3155 ex
3443 3099 3546 3152 hoc
3582 3099 3760 3166 capite

519 3165 790 3239 Quodnam
815 3172 899 3225 sit.
933 3170 1006 3226 ita
1036 3171 1248 3242 reposui
1275 3185 1341 3242 ex
1388 3169 1596 3242 cunctis
1625 3182 1756 3242 mss.
1789 3165 2033 3242 prtelerl

2154 3186 2364 3241 notum,
2393 3188 2448 3231 et
2476 3192 2542 3231 ex
2578 3177 2794 3230 Denter.
2824 3188 2992 3239 xxxii,
3026 3188 3079 3226 v.
3101 3169 3204 3237 55;
3234 3170 3505 3227 etPsaltn.
3529 3165 3757 3237 Lxxvttt,

441 3236 705 3305 Clztrorn..
738 3243 825 3297 cui
853 3249 936 3296 est
961 3236 1221 3312 quodnon
1249 3240 1413 3312 sit;pl_
1458 3240 1601 3312 Reg.
1621 3251 1675 3294 et
1718 3236 1752 3297 5
1794 3237 1950 3295 Colb.
1983 3238 2038 3292 iu

444 3316 663 3387 quibus,
693 3315 834 3387 sicut
857 3323 912 3368 et
930 3310 1265 3387 itieditis,_cst
1291 3310 1644 3387 quidnamsit.

518 3378 1023 3452 Naii'sacriﬁcarese
1044 3378 1320 3451 lapidibus}
1348 3380 1452 3436 Pro
1476 3399 1609 3445 non,
1636 3394 1739 3435 ms.
1772 3378 1897 3435 Jun.
1927 3387 1989 3452 et
2008 3380 2040 3434 Ἰ

444 3457 575 3514 edit.
602 3451 834 3519 habent,
859 3455 1013 3511 ualle.
1041 3485 1105 3494 —
1123 3451 1407 3522 Lapidibus
1430 3453 1656 3523 humana
1683 3468 1837 3523 manu
1866 3451 2036 3523 factis.

447 3527 792 3585 Vindicatuus
821 3530 1014 3583 iterum
1061 3522 1128 3579 ad
1159 3520 1252 3581 lib.
1290 3524 1356 3577 de
1383 3523 1486 3591 Ira,
1520 3540 1571 3578 c.
1594 3520 1942 3592 21Abjicei‘e.
1974 3562 1989 3575 .
2026 3565 2039 3579 .

444 3601 609 3655 cultus
632 3596 854 3653 humana
881 3613 1036 3649 manu
1065 3595 1449 3667 fabricatorum.
1485 3593 1605 3666 Ipse
1627 3594 1815 3649 Cicero
1842 3597 1877 3648 ι.
1910 3609 1964 3660 v,
1988 3593 2044 3648 in

442 3670 669 3814 {Verrem
684 3685 818 3796 l(amp.
849 3668 1038 3723 ultimo
1059 3665 1221 3734 dixit,
1246 3665 1490 3739 Efﬁgiem
1518 3665 1622 3722 non
1649 3667 2045 3720 Iluinanamanu

467 3751 653 3796 actam.
728 3756 818 3797 οη.

467 3751 653 3796 actam.
685 3751 818 3797 BDN.

520 3808 666 3868 Ultio
690 3817 977 3866 consecuta.
1011 3807 1141 3866 Mss.
1178 3806 1248 3865 10
1272 3824 1382 3864 rec.
1416 3816 1471 3864 et
1490 3806 1621 3863 edit.
1646 3807 1703 3871 2.
1722 3807 2046 3865 secutaJioc

446 3884 643 3955 probat
674 3882 977 3938 Lactantius
1000 3882 1051 3936 in
1079 3880 1216 3955 libro
1240 3879 1309 3939 de
1332 3879 1592 3955 Mortibus
1614 3888 2044 3955 persecuturum.

444 3950 515 3996 ῖ-
544 3951 686 4010 Ultio
706 3960 997 4009 consecuta.
1027 3951 1180 4019 Quod
1205 3962 1395 4005 auctor
1423 3951 1491 4006 de
1511 3950 1770 4006 Mortibus
1800 3966 2050 4021 persecu-

446 4033 627 4083 torutn
675 4031 884 4097 probat.
932 4023 1081 4097 Lips.
1115 4031 1295 4079 autem
1319 4033 1588 4079 consecuta
1616 4022 1821 4097 :_Angl.
1852 4032 2044 4076 secuta.

1613 4092 1939 4149 CELLttatus.

529 4163 606 4223 Ne
627 4167 739 4222 ltwc
760 4164 966 4231 quidem
1012 4164 1135 4219 levis
1183 4180 1340 4219 causa
1391 4174 1481 4231 est.
1516 4164 1606 4220 Sic
1630 4162 1853 4221 "restitui
1897 4180 1967 4219 ex
2017 4163 2052 4219 8

448 4238 614 4311 ch.,
645 4238 680 4293 2
710 4228 845 4293 Bon.
881 4236 1107 4311 aliisque
1134 4246 1280 4311 tit-to,
1311 4244 1365 4290 et
1393 4228 1551 4311 editis
1583 4234 1636 4301 7,
1667 4237 1814 4311 quod
1836 4238 2050 4311 suavius

454 4305 608 4375 fluit,
662 4325 822 4379 quam
876 4310 1099 4379 nea/uec
1128 4305 1164 4360 4
1210 4305 1697 4379 manuscriptoruui
1721 4307 2052 4379 totidemque

452 4376 743 4504 edihorut'n.
774 4379 830 4436 ln
882 4378 917 4433 2
962 4376 1094 4450 Reg.
1144 4393 1255 4434 rec.
1312 4386 1369 4432 et
1399 4377 1529 4433 edit.
1576 4377 1736 4433 Rom.
1768 4376 1928 4446 1470,
1962 4392 2053 4433 nec

453 4469 536 4504 aut
579 4468 679 4504 em.

487 4468 679 4507 utaem.

453 4469 885 4577 “litigandi...
913 4521 1233 4592 immergunt.
1262 4516 1541 4589 Cyprium,
1573 4516 1611 4572 l.
1638 4533 1699 4583 ιι,
1725 4534 1814 4592 ep.
1838 4519 1909 4592 ἓξ
1933 4517 2049 4573 lm-

455 4595 672 4650 mundos
690 4591 922 4662 spiritus,
949 4592 1035 4663 qui
1063 4590 1115 4645 se
1139 4592 1425 4646 hominibus
1454 4590 1811 4663 immerserint,
1842 4590 2052 4663 ad_can-

458 4660 729 4736 fessionem
745 4664 894 4717 minis
909 4660 1286 4736 increpantibus
1316 4671 1587 4736 cogere,_ut
1615 4661 1898 4736 excedant.
1912 4660 2047 4736 Bun.

527 4736 840 4805 Adluereant
884 4735 1139 4805 religioni.
1175 4734 1300 4789 Mss.
1331 4736 1387 4789 11
1420 4774 1435 4799 ,
1459 4733 1745 4788 adurerent.
1768 4765 1840 4775 -
1865 4733 2056 4788 Adita:-

2077 4563 2132 4622 D
2162 4535 2379 4622 “"319:

2151 3251 2250 3311 10;
2283 3249 2440 3303 Rom.
2480 3263 2578 3311 xu,
2609 3247 2700 3308 i9;
2734 3245 2896 3299 llebr.
2925 3259 2980 3306 χ,
3011 3243 3100 3298 5t).

2232 3318 2561 3373 Vexationes.
2618 3315 2907 3386 Eleganter
2969 3320 3130 3386 vocat
3196 3313 3269 3367 ita
3330 3312 3759 3386 persecutiones.

2147 3390 2428 3453 Nostrum,
2460 3400 2520 3445 ut
2540 3389 2594 3443 in
2633 3382 2773 3453 aliis,
2803 3387 2880 3440 sic
2911 3386 2963 3438 in
2996 3383 3096 3439 hnc
3126 3399 3260 3439 voce
3281 3382 3526 3453 sequitur
3552 3382 3759 3448 Sulpic.

2151 3464 2389 3518 Severus
2426 3461 2462 3515 Ι.
2497 3476 2510 3512 ι
2552 3460 2687 3513 llist.
2717 3472 2766 3511 c.
2796 3459 2818 3511 1
2851 3474 2863 3508 :
2903 3454 3207 3511 vexationes
3241 3454 3421 3524 populi
3462 3453 3756 3507 christiani.

2147 3533 2270 3588 Lib.
2300 3547 2361 3597 ιι,
2391 3547 2442 3585 c.
2483 3530 2554 3584 ΒΞ
2589 3546 2603 3583 :
2639 3526 3045 3583 Christianorum
3075 3526 3299 3580 vexatio.
3436 3525 3757 3597 ‘Buut-nutt.

2220 3594 2396 3657 lubet.
2431 3600 2565 3656 Vide
2609 3600 2767 3655 Deut.
2801 3613 2950 3654 χχιιι
2971 3639 2987 3665 ,
3020 3597 3166 3661 Eccl.
3199 3611 3389 3663 xxvtu,
3435 3594 3634 3664 Ralm,
3664 3610 3760 3661 xu,

2148 3675 2478 3812 Ηθδῖἱυῗυκ
2502 3741 2756 3799 obierunt.
2785 3740 2881 3794 Ms.
2917 3741 2953 3812 ι
2972 3738 3184 3803 Bonan.
3213 3739 3381 3810 anliq.
3412 3739 3515 3794 llic.

2239 3809 2436 3880 Veniet,
2482 3815 2644 3868 veniet
2671 3812 2905 3867 rabiasis.
2938 3811 3012 3866 lla
3045 3811 3226 3879 plures
3249 3809 3379 3866 ttisS.
3403 3812 3544 3866 inter
3567 3823 3704 3879 quos
3733 3809 3759 3864 1
3860 3836 3865 3839 -

2152 3888 2290 3958 Reg.
2322 3884 2749 3958 antiquissimus,
2781 3884 2813 3958 _l
2867 3882 2938 3939 al.
2960 3882 3109 3958 Reg.
3163 3882 3319 3936 boum
3349 3893 3524 3958 notae,
3553 3880 3721 3936 Gulb.
3743 3921 3760 3946 ,

2152 3953 2345 4015 Maim.
2374 3969 2429 4013 et
2449 3953 2577 4010 edit.
2603 3964 2746 4010 octo.
2780 3954 2835 4009 ln
2868 3954 3050 4009 multis
3075 3953 3227 4008 deest
3285 3955 3568 4020 repetitio,
3600 3967 3765 4019 quam

2154 4039 2302 4086 amat
2344 4028 2678 4093 Lactantius,
2731 4034 2790 4079 ut
2844 4024 2938 4080 lib.
2973 4039 3046 4088 vt,
3082 4024 3272 4093 cap.9,
3298 4023 3419 4088 llic,
3449 4025 3556 4091 hic,
3586 4021 3766 4077 Marce

2156 4101 2301 4156 Tulli
2318 4143 2333 4162 .
2389 4100 2679 4162 aberrasti;
2704 4104 2761 4151 et
2809 4096 2904 4150 lib.
2930 4110 3025 4161 vn,
3054 4111 3172 4165 eap.
3198 4094 3300 4157 25,
3322 4096 3391 4149 ad
3425 4098 3610 4158 linem,
3635 4093 3759 4161 Illa,

2155 4172 2250 4229 illa
2277 4179 2351 4226 est
2377 4172 2572 4225 civitas.
2602 4168 2664 4224 In
2691 4176 2983 4234 sextanten
3006 4167 3190 4221 smculi
3236 4182 3303 4219 xv
3326 4165 3653 4221 editionibus
3673 4179 3767 4219 se—

2159 4245 2270 4299 mel
2323 4253 2529 4296 tantum
2577 4249 2662 4294 est
2686 4280 2701 4302 ,
2752 4241 3027 4295 veniet.—
3051 4236 3257 4300 Veniet,
3290 4237 3472 4291 veniet.
3499 4238 3654 4305 Saepe
3693 4236 3768 4305 ita

2157 4309 2619 4384 Hieronymusad
2663 4308 3016 4384 lleliodornm
3056 4306 3094 4363 f.
3121 4307 3304 4384 _i,‘2_:
3351 4303 3767 4384 Υεηὶςξςυοηίςε

2160 4396 2334 4451 postea
2361 4374 2467 4437 dies
2486 4400 2504 4447 ;
2525 4380 2617 4435 fol.
2648 4378 2684 4432 4
2712 4398 2733 4451 7:
2780 4378 2988 4451 Veniet,
3010 4379 3180 4451 ueniet
3209 4377 3455 4451 illuAdies.
3489 4375 3662 4451 Epist.
3695 4374 3766 4451 de

2158 4445 2393 4511 Vitanda
2418 4445 2671 4521 suspecto
2694 4449 3080 4515 Conlubernio,
3105 4448 3199 4503 fol.
3222 4446 3361 4502 $27:
3391 4445 3587 4511 Veniet,
3602 4447 3767 4501 veniet

2162 4535 2379 4573 lemnus.
3248 4518 3526 4573 BUNEIAN.

3293 4533 3526 4573 UNEIAN.

2235 4587 2302 4650 Ut
2327 4595 2391 4649 ab
2417 4591 2705 4649 hominibus
2729 4589 2863 4646 nihil
2890 4590 3036 4645 aliud
3063 4590 3116 4645 in
3144 4588 3306 4644 nobis.
3342 4588 3577 4660 Reposui
3610 4587 3761 4642 aliud

2160 4682 2232 4723 ex
2262 4666 2512 4723 omnibus
2538 4678 2669 4721 mss.
2704 4672 2759 4720 et
2800 4662 3209 4733 quamplurilius
3255 4661 3557 4733 impressis,
3610 4660 3759 4733 quod

2162 4738 2216 4792 in
2248 4736 2523 4791 nonnullis
2571 4735 2731 4791 editis
2768 4730 3066 4789 décratflta
3090 4744 3166 4798 et,
3197 4730 3349 4789 nihil;
3384 4776 3398 4788 .
3438 4775 3453 4789 .
3487 4771 3503 4789 .
3530 4731 3678 4788 aliud
3703 4730 3767 4785 ab

457 4818 598 4862 reant
651 4804 906 4877 religioni.
951 4804 1116 4873 Quasi
1162 4820 1323 4859 causa
1354 4805 1613 4861 reddatur
1649 4820 1747 4861 cur
1783 4808 2058 4876 permittat
2162 4809 2369 4863 nomine
2393 4850 2409 4874 ,
2461 4806 2615 4863 initio
2663 4807 2784 4861 libri
2820 4806 2978 4877 sexti.
3037 4805 3132 4861 Hic
3163 4806 3370 4875 justitia
3397 4806 3629 4862 sumitur
3667 4815 3767 4873 pro

459 4877 601 4937 Deus
624 4885 733 4933 tam
749 4876 956 4939 multos
974 4894 1005 4935 a
1026 4877 1363 4933 daemonibus
1385 4877 1605 4947 agitari;
1627 4893 1821 4949 nempe
1844 4887 1899 4934 ut
1919 4894 2059 4935 resa—
2163 4880 2314 4935 cullu
2342 4878 2459 4947 Dei,
2489 4894 2642 4935 more
2658 4877 2867 4937 scilicet
2890 4876 3259 4935 Lactantiano.

490 5026 3752 5055 W

1446 5148 1997 5240 ANALYSIS
2071 5155 2387 5242 LIBRI
2439 5157 2817 5253 SEXTI,

1653 5352 1800 5431 DE
1857 5355 2161 5430 VERO
2213 5354 2594 5430 CULTU;

1792 5546 2447 5579 —---=-——-—-_

474 5698 478 5717 τ
548 5665 626 5721 De
674 5662 946 5735 agnitione
990 5659 1084 5718 Dei
1125 5656 1337 5735 dictum
1382 5666 1490 5735 _est_
1526 5660 1827 5735 hactenus:
1859 5657 2066 5715 docebo
2120 5718 2137 5733 ,

480 5752 644 5811 pune,
676 5722 783 5808 quo
808 5737 936 5809 ritu,
963 5748 1137 5806 quove
1167 5730 1432 5790 sacriﬁcio
1460 5730 1631 5791 Deum
1648 5722 1753 5789 coli
1789 5738 2060 5809 oporteat.

2242 5659 2430 5717 Cultus
2459 5659 2549 5715 Dei
2570 5657 2656 5713 vel
2684 5656 2850 5711 falsus
2875 5662 2980 5721 est,
3014 5654 3095 5709 vel
3126 5668 3305 5711 verus.
3343 5653 3643 5723 Falsnsost
3661 5664 3761 5723 pa-

2173 5746 2453 5805 ganorum,
2480 5732 2572 5803 qui
2593 5727 2851 5801 quidquid
2868 5736 3087 5800 aspectu
3104 5742 3284 5787 rarum
3303 5768 3318 5801 ,
3336 5722 3589 5799 quidquid
3606 5722 3772 5793 opere
