4142 6200
508 200 606 255 651

1740 197 2080 255 ANALYSIS
2118 194 2299 254 LIBRI
2339 191 2566 251 SEXTI.

3683 200 3771 256 652

505 323 599 388 aut
622 313 787 388 odore
810 315 1099 388 pretiosum
1132 320 1237 378 est,
1263 313 1313 368 id
1355 319 1568 384 gratum
1603 327 1723 369 esse
1748 314 1851 370 diis
1883 314 2095 382 suisju—
2121 316 2174 377 Α
2199 312 2388 388 minati
2421 330 2432 366 :
2465 311 2580 388 sed
2612 320 2695 388 et_
2722 309 2810 365 isti
2864 305 3274 388 similitudinem
3325 305 3582 388 {tentarat
3605 356 3619 380 ,
3665 333 3768 388 Spe-

505 385 688 440 dicant
719 385 864 455 (Cap.
903 385 978 453 l).

579 458 1026 526 ltaquetmactant
1058 456 1122 511 iis
1145 456 1367 526 pingues
1392 456 1617 521 hoSIias,
1649 457 1796 525 quasi
1820 455 2104 510 esurienti-

504 528 636 591 bus;
658 525 986 594 profundunt
1005 525 1156 591 vina,
1177 525 1425 597 tanquam
1445 527 1779 593 sitientibus;
1799 528 2102 582 accendunt

502 599 729 662 lumina,
761 599 906 653 velut
932 597 985 652 in
1011 599 1246 653 tenebris
1275 599 1578 667 agentibus.

581 668 751 724 Verus
799 669 976 724 cultus
1023 679 1106 724 est
1161 671 1211 723 in
1245 685 1350 737 quo
1379 685 1532 723 mens
1569 670 1799 724 colentis
1839 683 1897 724 se
1929 670 2098 737 ipsam

506 740 620 795 Deo
668 741 1062 794 immaculatam
1087 739 1357 794 victimam
1399 739 1575 794 sistit:
1609 740 1676 794 de
1708 756 1811 809 quo
1857 754 1999 794 nunc
2029 741 2100 795 ita

503 811 769 881 agendum
794 821 872 878 ut,
890 813 1231 866 manentibus
1257 811 1537 878 praeceptis
1562 811 2006 881 philosophorum
2032 811 2102 867 de

499 885 792 1023 péobitgie,
825 891 1259 952 superstruamus
1277 894 1544 952 praecepta
1575 883 1787 952 pietatis
1808 892 1862 938 et
1880 881 2102 951 justitta:

559 972 654 1022 ap.
747 993 760 1008 .

529 953 654 1022 Cap.
678 953 760 1022 2).

584 1025 651 1078 Ut
703 1033 880 1078 autem
925 1024 1123 1088 cultus,
1170 1023 1242 1078 ita
1289 1025 1370 1078 via
1399 1038 1610 1094 quoque
1637 1023 1834 1093 duplex
1863 1033 1983 1088 est,
2009 1036 2106 1094 per

507 1109 669 1164 quam
721 1095 1006 1149 humanam
1052 1096 1214 1149 vitam
1267 1095 1518 1165 progredi
1565 1108 1791 1150 necesse
1831 1103 1961 1149 est:
1998 1109 2104 1148 una

505 1181 628 1234 qua:
666 1167 722 1222 iu
767 1166 967 1222 coelum
1010 1165 1182 1231 ferat,
1223 1165 1391 1220 altera
1420 1181 1538 1236 quae
1567 1165 1635 1220 ad
1674 1166 1879 1222 inferos
1916 1165 2102 1236 depri-

535 1246 643 1292 Jat.

581 1308 894 1376 Philosophi
924 1307 1149 1362 alteram
1179 1308 1439 1362 virtutum
1476 1322 1598 1363 esse
1618 1308 1907 1362 voluerunt
1933 1347 1947 1369 ,
1971 1306 2106 1362 alte-

506 1394 624 1434 ram
655 1381 938 1442 vitiorum;
969 1388 1023 1432 et
1048 1379 1192 1431 illam
1221 1379 1437 1448 quidem
1465 1379 1637 1447 primo
1659 1380 1805 1432 aditu
1835 1377 2058 1431 arduam
2089 1418 2104 1442 ,

506 1451 564 1504 in
591 1464 802 1503 summo
821 1465 947 1504 vero
963 1463 1230 1504 amoenam
1255 1466 1270 1514 ;
1300 1449 1439 1504 hanc
1460 1460 1644 1504 contra
1664 1450 1838 1520 primo
1861 1449 2107 1516 ingressu

510 1535 779 1576 amoenam
810 1571 819 1586 ,
852 1521 903 1573 in
925 1520 1135 1589 reliquo
1165 1521 1340 1590 spatio
1386 1523 1782 1590 confragosam.
1823 1520 2108 1590 Sapienter

509 1591 627 1646 haec
653 1591 868 1661 quidem
896 1609 907 1642 :
934 1591 1026 1644 sed
1055 1590 1101 1644 si
1132 1591 1384 1645 virtutum
1407 1591 1628 1654 formas,
1653 1591 1749 1647 sed
1771 1591 1818 1646 si
1844 1593 2102 1646 virtutum

517 1665 779 1718 terminos
807 1662 1113 1716 novissent.

585 1734 763 1788 Poeta:
785 1733 886 1786 hoc
915 1733 1113 1787 bivium
1137 1732 1274 1802 apud
1304 1733 1505 1788 inferos
1526 1747 1647 1788 esse
1669 1733 1956 1788 voluerunt
1984 1751 1996 1786 :
2018 1733 2110 1803 qui

2200 387 2448 454 cicmque
2468 383 2790 454 sapientium
2819 389 3126 454 gesserunt.
3153 379 3234 454 _Ut
3262 379 3417 454 enim
3457 386 3546 454 via
3578 379 3770 454 sapién-

2204 456 2292 510 tia:
2327 450 2487 510 habet
2508 450 2706 524 aliquid
2751 450 3263 525 sitniie_stult_i_ti:e_,_
3289 451 3366 506 ita
3407 453 3492 525 via
3523 450 3759 525 vitiorum,

2202 542 2324 582 cum
2355 535 2466 580 tota
2496 527 2566 579 sit
2591 521 2837 587 stultitia,
2874 523 3038 596 habet
3060 521 3272 596 aliquid
3293 521 3759 596 similesapientite,

2203 598 2346 664 quod
2377 597 2643 666 arripiunt
2669 596 2726 661 ii,
2749 597 2853 667 qui
2878 594 3161 667 stultitiam
3187 592 3450 667 publicam
3472 592 3762 667 intelligunt.

2205 669 2271 723 Et
2302 668 2382 722 hae
2409 664 2533 722 sunt
2557 677 2703 722 artes
2729 665 2950 738 diaboli,
2982 664 3324 738 quiostensa
3343 664 3760 738 hominibus'spe.

2204 741 2287 795 cie
2319 739 2430 794 veri
2453 750 2507 792 et
2538 739 2684 802 boni,
2710 737 2870 792 variis
2911 736 3120 791 semitis
3143 751 3238 791 eos
3261 735 3328 790 ad
3375 737 3612 793 eamdem
3635 735 3766 796 mor-

2209 819 2320 892 terit
2347 808 2679 882 ducit(Cap.
2711 807 2804 892 7).
2988 878 3000 890 ,
3049 885 3061 892 Δ
3153 877 3166 889 ,
3351 891 3360 892 ί
3403 877 3435 892 .,
3480 878 3512 892 ,.

2279 880 2454 937 Causa
2483 880 2581 934 cur
2607 896 2713 934 non
2763 880 3068 934 invenerint
3116 880 3256 932 viam
3303 880 3544 934 veritatis
3591 887 3643 935 et
3680 881 3774 937 vir-

2212 953 2344 1007 tutis
2373 951 2703 1021 philosOphi,
2745 960 2848 1015 est,
2890 952 3012 1019 quia
3055 963 3194 1021 eam_
3217 948 3278 1021 in
3317 957 3482 1012 terra,
3518 949 3602 1021 ubi
3627 965 3780 1020 appa..

2210 1039 2330 1078 rere
2354 1017 2458 1076 non
2491 1017 2690 1092 potest,
2722 1017 3109 1092 quaesiverunt.
3149 1017 3314 1092 Nobis
3353 1029 3530 1092 autem
3580 1017 3669 1076 lex
3691 1017 3774 1078 Dei

2211 1094 2448 1149 revelata
2477 1089 2580 1154 est,
2634 1089 2755 1163 quae
2809 1090 3030 1161 perinde
3079 1101 3136 1144 ttt
3165 1090 3341 1145 stella:
3387 1089 3561 1146 nautis
3612 1102 3777 1159 noctu,

2211 1166 2366 1220 nobis
2397 1166 2654 1230 praelucet
2673 1163 2739 1218 ad
2767 1163 2905 1218 viam
2931 1163 3232 1231 sapientiae.

2284 1235 2394 1290 Lex
2419 1235 2506 1289 illa
2539 1246 2622 1289 est
2649 1243 2796 1289 recta
2823 1235 2984 1298 ratio,
3014 1243 3222 1287 naturae
3267 1234 3784 1302 congruens,dilfusa

2214 1307 2266 1361 in
2294 1321 2508 1372 omnes,
2531 1314 2808 1369 constans,
2841 1304 3166 1374 sempiterna
3195 1321 3207 1355 :
3241 1319 3363 1373 qua:
3388 1314 3544 1358 vocet
3570 1306 3634 1360 ad
3678 1307 3785 1360 olli-

2211 1377 2386 1434 cium:
2404 1377 2668 1446 iubendo,
2696 1375 2948 1439 vetando,
2975 1390 3006 1428 a
3035 1374 3548 1446 fraudepdeterreat
3578 1394 3590 1429 :
3615 1392 3786 1446 quem-

2212 1445 2499 1503 admodum
2551 1447 2811 1518 praeclare
2861 1446 3053 1502 Cicero
3093 1461 3212 1502 eam
3243 1445 3514 1516 depinxit,
3539 1445 3642 1502 lib.
3659 1463 3710 1502 ιιι
3731 1448 3789 1504 de

2213 1519 2526 1574 Republica.

2262 1534 2526 1587 epuuuca.

2287 1592 2445 1662 Legis
2472 1590 2630 1659 hujus
2681 1589 2856 1662 capita
2887 1589 3132 1662 quaedam
3170 1597 3302 1643 sunt
3357 1588 3630 1662 primaria,
3663 1605 3791 1660 qua:-

2214 1662 2338 1718 dam
2366 1659 2706 1717 secundaria.
2749 1659 3015 1732 Primaria
3044 1659 3174 1732 duo_
3195 1670 3326 1732 sunt
3342 1677 3363 1732 _:
3394 1675 3560 1714 unum
3595 1660 3658 1715 de
3685 1659 3790 1732 pie-

2219 1742 2350 1799 tate,
2381 1734 2606 1787 alterum
2637 1732 2704 1786 de
2746 1731 3079 1787 humanitate
3109 1728 3267 1802 (Cap.
3288 1728 3386 1801 8).

507 1805 566 1859 in
621 1819 687 1860 eo
736 1804 1013 1871 falluntur,
1062 1804 1204 1874 quod
1246 1819 1338 1859 eas
1376 1805 1490 1859 vias
1528 1806 1755 1860 mortuis
1810 1801 2109 1875 proposue-
2144 1835 2191 1894 Β
2289 1804 2473 1894 Pietas
2502 1813 2585 1886 est
2610 1804 2778 1894 Deum
2812 1801 3311 1894 nosseet‘cOIere:
3345 1801 3504 1894 cujus
3532 1802 3625 1894 Dei
3659 1803 3796 1885 igno-

504 1885 654 1932 l‘lllll.

585 1946 695 2001 Nos
722 1945 882 2017 igitur
911 1947 1110 2001 rectius
1140 1946 1274 2001 duas
1303 1945 1422 2000 illas
1447 1947 1558 1999 vias
1581 1946 1703 2000 coeli
1736 1955 1792 2000 et
1818 1945 2114 2002 inferorum

512 2033 636 2073 esse
664 2017 925 2080 dicimus;
957 2019 1078 2087 quia
1102 2018 1264 2086 jn'stis
1291 2017 1694 2080 immortalitas,
1723 2017 1934 2086 injustis
1957 2033 2112 2087 paena

510 2100 713 2143 aeterna
742 2089 1014 2158 proposita
1052 2099 1153 2144 est.
1186 2091 1318 2154 Quae
1349 2098 1403 2142 et
1431 2103 1589 2142 causa
1620 2099 1703 2144 est
1729 2104 1826 2143 cur
1876 2089 1972 2142 has
2003 2089 2114 2144 vias

511 2160 672 2302 l(o(pge
719 2161 876 2299 aiiter
939 2173 1076 2227 nos,
1143 2175 1305 2230 quam
1374 2159 1718 2230 philosophi,
1779 2160 2113 2230 explicemus

596 2249 684 2300 ap.
718 2251 752 2286 ο)
786 2271 813 2302 ,ν
1132 2301 1138 2302 γ
1264 2301 1269 2302 ν
1393 2261 1410 2276 ο
1650 2300 1662 2302 _
1829 2301 1834 2302 ν

596 2249 684 2300 ap.
718 2249 797 2299 θ).
1393 2261 1410 2276 .

590 2303 700 2357 Una
751 2301 909 2370 igitur
963 2301 1176 2356 virtutis
1224 2301 1308 2354 via
1357 2310 1462 2366 est,
1490 2316 1608 2371 quae
1643 2300 1744 2356 fert
1773 2301 1841 2356 ad
1881 2303 2104 2368 coelum,

513 2373 747 2426 difficilis
768 2383 821 2426 et
841 2371 1059 2425 clivosa.
1088 2373 1146 2426 ln
1171 2372 1270 2426 hac
1290 2374 1468 2441 posuit
1491 2373 1778 2441 justitiam,
1802 2383 2109 2442 temperan-

515 2445 668 2508 tiam,
699 2442 1032 2512 patientiam,
1059 2443 1240 2508 lidem,
1264 2452 1589 2509 caeterasquc
1617 2443 1842 2497 virtutes
1867 2461 1879 2496 :
1910 2445 2003 2498 sed
2033 2445 2109 2498 si-

515 2516 626 2568 mul
644 2529 765 2569 cum
787 2514 870 2567 his
889 2522 1276 2584 paupertatem,
1303 2514 1670 2582 ignominiam,
1698 2513 1936 2568 laboretn
1958 2559 1970 2577 ,
2003 2524 2106 2569 etc.

590 2584 702 2639 Una
733 2595 816 2638 cst
843 2583 1129 2639 etsinistra
1162 2586 1264 2650 via,
1292 2600 1412 2652 qnze
1440 2583 1507 2638 ad
1533 2599 1718 2639 orcum
1744 2586 1937 2638 mittit:
1960 2587 2113 2653 cujus

513 2656 684 2725 ﬁgura
711 2655 886 2725 plana,
911 2665 966 2708 et
994 2667 1201 2725 patens,
1231 2665 1285 2710 et
1309 2655 1456 2710 omni
1483 2671 1680 2724 genere
1709 2653 1900 2710 ﬂorum
1929 2657 2115 2712 delec-

513 2726 695 2781 tabilis
723 2741 842 2781 esse
871 2727 1100 2780 videtur.
1135 2725 1193 2780 lu
1222 2726 1322 2780 hac
1348 2727 1619 2794 0pulentia
1643 2767 1656 2789 ,
1693 2726 1888 2789 honor,
1917 2729 2108 2794 quies,

510 2799 781 2866 voluptas,
806 2797 1077 2852 illecebrae
1107 2812 1294 2852 omnes
1330 2807 1455 2852 sunt
1478 2799 1706 2866 positae;
1741 2797 1835 2852 sed
1864 2813 1987 2852 cum
2030 2797 2114 2852 his

514 2869 718 2938 pariter
741 2868 998 2937 injustitia
1018 2911 1032 2933 ,
1061 2868 1354 2923 crudelitas
1379 2908 1395 2934 ,
1419 2868 1692 2938 superbia,
1721 2868 1966 2938 perfidia,
1992 2869 2113 2924 libi-

511 2934 605 3003 do,
629 2934 930 3009 casteraqoe
960 2941 1104 2994 vitia.

591 3011 736 3064 Illam
782 3011 825 3064 si
856 3011 973 3080 quis
1021 3011 1284 3079 patienter
1323 3009 1566 3075 triverit,
1619 3025 1818 3064 corona
1858 3011 2107 3074 virtutis,

516 3081 923 3136 immortalitate
949 3081 1202 3134 nimirum
1230 3081 1460 3135 donatur
1483 3099 1496 3133 :
1535 3081 1633 3134 hac
1658 3081 1704 3134 si
1729 3082 1850 3149 quis
1875 3082 2020 3148 ierit,
2044 3081 2112 3135 ad

515 3150 721 3205 inferos
743 3151 1010 3220 dejicitur.
1040 3151 1098 3204 ln
1122 3152 1208 3204 illa
1237 3159 1604 3222 monstrantur
1627 3153 1942 3216 temporalia
1968 3153 2114 3222 prius

519 3222 660 3275 mala
687 3237 810 3275 cum
835 3223 1053 3276 aeternis
1078 3223 1271 3276 bonis:
1303 3223 1353 3276 in
1375 3221 1474 3276 hac
1497 3223 1808 3292 temporalia
1843 3221 1990 3294 prius
2020 3223 2113 3277 bo-

515 3307 586 3346 na
611 3309 734 3346 cum
761 3294 976 3346 arternis
1005 3294 1180 3347 malis.

592 3363 820 3418 Prmstat
841 3364 1001 3432 igitur
1018 3363 1287 3432 perpetuis
1308 3363 1460 3417 bonis
1482 3364 1619 3417 mala
1660 3364 1841 3418 brevia
1862 3379 2108 3434 pensare,

519 3417 680 3504 quam
724 3450 821 3503 pro
853 3417 1186 3489 brevibus'et
1228 3435 1442 3489 caducis
1490 3435 1644 3488 bonis
1677 3417 1823 3490 mala
1856 3417 2112 3504 perpetua
2141 3417 2185 3478 (ἶ

517 3508 806 3560 sustinere.
845 3505 1174 3559 Laboramus
1224 3506 1276 3559 in
1305 3505 1406 3559 hoc
1451 3506 1679 3569 sacculo,
1715 3515 1916 3561 etcum
1947 3506 2115 3562 hosti-

519 3575 620 3631 bus
643 3576 838 3630 nostris
861 3577 1222 3641 decertamus,
1242 3587 1297 3630 ut
1318 3577 1656 3646 postmodum
1688 3579 1856 3632 simus
1887 3580 1939 3632 in
1963 3579 2072 3632 otio
2099 3596 2110 3630 :

520 3661 718 3717 magno
758 3648 942 3720 labore
971 3663 1032 3703 ea
1064 3648 1218 3720 nobis
1247 3663 1516 3720 paramus,
1549 3663 1667 3720 qua}
1691 3650 1870 3720 perire
1900 3664 2114 3704 rursum

517 3727 765 3787 possunt.
817 3718 1206 3774 Decertandum
1267 3719 1427 3787 igitur
1480 3728 1561 3772 est
1601 3718 1859 3774 adversus
1907 3721 2114 3774 hostem

519 3800 764 3860 nostrum
813 3790 1147 3860 Spiritualem
1182 3807 1193 3840 :
1227 3788 1554 3860 recusandus
1581 3789 1732 3844 labor
1759 3790 1939 3845 nullus
1965 3832 1979 3854 ,
2008 3808 2116 3860 quo

522 3859 578 3913 id
604 3860 946 3929 acquiramns
965 3901 980 3923 ,
1009 3859 1150 3928 quod
1179 3859 1324 3912 nullo
1351 3859 1510 3912 modo
1547 3869 1722 3927 potest
1747 3862 1948 3926 amitti;
1981 3859 2118 3929 prae-

520 3930 710 3984 sertim
739 3944 861 4002 cum
908 3930 1037 4002 velit
1080 3929 1219 3984 Deus
1248 3945 1346 4002 nos
1367 3929 1647 4002 expeditos
1673 3933 1722 3984 in
1752 3933 1867 3985 acie
1903 3947 2117 4002 semper

520 4008 689 4072 stare,
722 4009 778 4053 et
804 3999 974 4053 hostis
1002 4008 1188 4053 noster
1215 3999 1377 4072 variis
1407 4014 1505 4072 nos
1535 4001 1741 4056 artibus
1770 4011 1952 4071 captet
1975 4044 1987 4064 ,
2019 3999 2117 4072 pro

523 4070 784 4141 cujusque
806 4081 994 4124 natura
1025 4081 1081 4141 et
1111 4071 1350 4125 moribus
1376 4071 1623 4124 saeviens.

598 4140 750 4196 Viam
783 4155 942 4210 porro
986 4140 1199 4194 virtutis
1240 4141 1606 4210 quaesiverunt
1636 4143 1853 4210 quidem
1883 4143 2118 4212 philoso-

525 4213 638 4282 phi,
665 4228 768 4266 non
800 4221 978 4266 autem
999 4212 1356 4283 invenerunt;
1387 4213 1585 4282 quippe
1607 4213 1705 4283 qui
1737 4229 1836 4269 nec
1867 4215 2117 4269 virtutem

522 4281 766 4349 deﬁnire,
791 4298 890 4338 nec
919 4281 1047 4353 quid
1077 4283 1146 4336 sit
1173 4283 1372 4338 bonum
1397 4294 1451 4338 et
1476 4281 1676 4339 malum
1704 4284 2004 4355 intelligere
2027 4301 2121 4355 po-

522 4364 758 4410 tuerunt.

597 4425 831 4481 Lucilius
872 4425 1124 4479 virtutem
1175 4426 1383 4481 deliniit
1424 4425 1545 4480 boni
1601 4437 1656 4482 et
1692 4428 1815 4482 mali
1845 4428 2114 4488 scientia;

523 4497 660 4551 falso
679 4538 693 4561 ,
719 4498 936 4551 scientia
965 4501 1109 4552 enim
1147 4513 1252 4550 non
1275 4505 1452 4567 potest
1482 4513 1600 4553 esse
1630 4501 1818 4561 virtus,
1853 4499 1976 4567 quia
2009 4515 2114 4554 non

523 4576 610 4624 est
641 4569 782 4622 intus
813 4569 864 4620 in
913 4568 1068 4620 nobis
1095 4607 1108 4629 .
1138 4567 1232 4622 sed
1263 4569 1328 4622 ad
1358 4582 1456 4622 nos
1501 4571 1842 4625 exuinsecus
1867 4571 2034 4636 venit,
2063 4580 2119 4624 et

520 4645 702 4762 potes;
723 4653 842 4762 esse
865 4637 984 4692 sine
1005 4637 1218 4705 virtute,
1253 4640 1389 4694 sicut
1419 4640 1470 4694 in
1501 4643 1742 4712 plurimis
1772 4641 2120 4712 philOSOphO-

526 4725 645 4762 rum
701 4725 749 4762 υι
781 4748 795 4761 .

526 4725 645 4764 rum
679 4717 795 4763 luit.

601 4779 852 4854 lloratius
877 4779 1126 4854 virtutem
1147 4779 1266 4848 fuga
1286 4780 1545 4854 vitiorum
1569 4782 1855 4854 descripsit
1880 4799 1892 4835 :
1916 4782 2113 4854 inepte,

526 4850 667 4925 quod
696 4865 814 4925 eam
841 4850 1108 4925 contraria
1141 4851 1446 4925 terminavit
1474 4853 1622 4924 (Cap.
1657 4853 1738 4925 5).

597 4921 916 4976 Nescierunt
967 4921 1092 4990 quid
1141 4921 1213 4976 sit
1262 4921 1581 4979 ὺοηυιιϊθῐ
1599 4921 1818 4990 malum,
1865 4925 1988 4993 quia
2019 4939 2116 4980 nec

525 4992 693 5047 Deum
751 4993 1038 5055 bonorum,
1091 5007 1188 5046 nec
1234 4993 1599 5064 adversarium
1642 4995 1859 5048 humani
1889 4992 2118 5064 generis

528 5065 792 5118 malorum
841 5073 1118 5116 auctorem
1171 5063 1460 5117 sciverunt.
1513 5064 1578 5118 Et
1608 5065 1748 5132 quod
1781 5063 2117 5134 consequens

525 5143 629 5198 est,
659 5135 723 5189 ad
747 5136 883 5189 hanc
905 5135 1117 5187 brevem
1142 5135 1304 5186 vitam
1332 5136 1490 5189 linem
1511 5137 1770 5190 bonorum
1795 5137 2117 5202 retulerunt;

527 5205 669 5274 quod
694 5215 837 5276 patet
867 5221 931 5259 ex
961 5203 1186 5266 Lucilio,
1216 5204 1303 5272 qui
1328 5205 1576 5260 virtutem
1611 5208 1660 5260 in
1693 5210 1754 5260 iis
1786 5207 1946 5262 rebus
1973 5223 2118 5276 qua:-

527 5277 710 5329 rendis
740 5277 944 5341 statuit,
977 5276 1029 5329 in
1063 5289 1286 5344 quarum
1315 5286 1626 5348 contemptu
1663 5278 1742 5332 vis
1777 5279 1988 5333 virtutis
2018 5294 2113 5348 ap-

525 5356 701 5413 paret,
731 5349 927 5416 quique
955 5348 1202 5401 virtutem
1229 5355 1374 5414 pttlat
1407 5345 1541 5401 lines
1575 5351 1761 5418 patriae
1785 5345 2080 5419 propagare
2099 5391 2114 5416 ,

528 5432 650 5489 qua;
680 5419 988 5489 propagatio
1014 5433 1134 5472 cum
1168 5433 1378 5489 smuma
1409 5429 1492 5472 est
1522 5419 1778 5488 injustitia
1805 5421 2114 5489 conjuncta.

527 5484 598 5540 Et
625 5486 821 5562 fatetur
842 5484 1032 5562 Cicero
1065 5490 1180 5556 ipse
1222 5487 1493 5544 Romanos
1515 5484 1795 5562 ve'rijuris,
1821 5484 2120 5562 germana:-

526 5571 634 5626 quc
655 5556 872 5625 justititc
899 5558 1122 5613 solidam
1149 5572 1202 5614 et
1227 5573 1538 5628 expressam
1560 5556 1790 5633 effigiem
1816 5556 2019 5617 nullam
2039 5572 2119 5618 te-

526 5642 652 5682 nere
679 5624 830 5697 (Cap.
861 5627 941 5697 6).

525 5642 652 5682 nere
679 5642 830 5697 (cap.
861 5642 941 5697 υ).
2128 5683 2148 5696 ,

592 5698 831 5766 Fuerunt
859 5697 1072 5774 quidem
1117 5702 1391 5773 sapientes
1419 5705 1679 5782 nonnulli
1727 5704 1895 5768 habiti
1922 5715 1977 5770 et
2023 5719 2120 5765 no-

2219 1876 2390 1930 rantia
2421 1875 2570 1940 facit,
2596 1884 2654 1928 ut
2684 1875 2787 1928 diis
2829 1873 3023 1928 alienis
3067 1873 3230 1928 homo
3286 1873 3613 1944 serviat;ut
3639 1874 3799 1944 gentis

2217 1961 2331 2002 sua:
2377 1945 2523 2016 leges
2573 1955 2827 2016 tanquam
2876 1960 3061 1999 verum
3103 1944 3192 2013 jus
3239 1943 3803 2016 amplectatur,’quas

2218 2033 2325 2072 non
2351 2014 2580 2086 jus—titia,
2609 2017 2702 2071 sed
2735 2015 2941 2070 utilitas
2991 2016 3236 2084 reperit;
3291 2024 3462 2084 utque
3517 2014 3651 2069 adeo
3697 2029 3803 2069 orn-

2220 2103 2316 2143 nes
2339 2085 2565 2143 virtutes
2595 2087 2941 2142 Ethnicorum
2990 2087 3096 2141 sint
3141 2085 3318 2140 instar
3359 2087 3628 2156 corporis,
3669 2087 3801 2156 quod

2217 2171 2300 2214 est
2324 2160 2440 2215 sine
2471 2159 2667 2228 capite.

2290 2230 2488 2298 Impius
2509 2227 2667 2300 igitur
2704 2237 2805 2295 est,
2847 2229 3102 2300 quisquis
3141 2227 3317 2282 Deum
3376 2243 3485 2300 non
3513 2228 3803 2298 agnoverit;

2218 2316 2514 2371 omnesque
2533 2298 2766 2355 virtutes
2809 2299 2925 2370 ejus
2969 2298 3020 2353 in
3074 2299 3162 2353 illa
3217 2298 3513 2371 mortifera
3554 2300 3633 2351 via
3664 2315 3805 2368 repec

2219 2370 2451 2438 riuntur,
2483 2387 2603 2442 qua:
2628 2381 2711 2426 est
2741 2379 2848 2424 tota
2877 2372 3246 2442 tenebrarum.
3279 2370 3432 2426 Idem
3476 2371 3694 2442 insanus
3717 2379 3807 2442 est

2219 2445 2306 2512 qui
2332 2441 2546 2512 dempta
2587 2458 2683 2508 spe
2705 2441 3145 2504 immortalitatis,
3178 2458 3351 2511 quam
3404 2442 3548 2496 Deus
3579 2441 3807 2510 -pollice-

2223 2525 2308 2569 tur
2328 2515 2379 2568 in
2408 2529 2503 2569 sua
2537 2513 2796 2583 religione
2849 2513 3501 2584 versantibus,7virtutem
3528 2522 3811 2584 prOpterse

2217 2586 2441 2654 expetit,
2469 2595 2523 2639 et
2548 2585 2725 2639 omnis
2755 2584 2970 2654 generis
3020 2583 3263 2652 pericula
3294 2584 3467 2639 subit.

2288 2653 2488 2712 Contra
2545 2653 2775 2724 sapiens
2815 2665 2898 2724 est
2961 2657 3048 2724 qui
3106 2654 3285 2709 Deum
3335 2656 3516 2724 novit,
3549 2663 3603 2711 et
3647 2653 3812 2711 debita

2219 2727 2415 2798 pietate
2445 2723 2786 2797 prosequitur
2813 2723 2991 2798 (Cap.
3009 2726 3042 2781 9
3066 2728 3103 2794 ).

2294 2797 2654 2851 Humanitatis
2676 2807 2759 2851 est
2780 2797 2968 2861 virtus,
2999 2813 3118 2866 qua:
3144 2811 3253 2851 nos
3273 2797 3568 2866 coniungit
3593 2811 3709 2851 cum
3730 2797 3817 2850 ho.

2222 2869 2398 2932 mine;
2449 2884 2569 2937 qua;
2625 2867 2814 2922 eadem
2891 2876 2948 2922 et
3003 2868 3390 2924 misericordia
3449 2870 3663 2924 dicitur.
3706 2867 3817 2922 Hace

2219 2939 2530 3009 dignissima
2591 2939 2809 2993 homine
2857 2947 2972 3003 est;
3003 2939 3122 3008 quia
3155 2940 3231 2994 ab
3262 2957 3375 2994 uno
3412 2942 3632 2995 homine
3647 2954 3820 2994 omnes

2218 3014 2442 3076 orimur,
2502 3009 2729 3079 ideoque
2785 3011 3168 3080 consanguinei
3242 3012 3647 3080 suntuszquia
3705 3011 3819 3064 item

2218 3080 2360 3153 Deus
2391 3081 2670 3150 praecipit,
2712 3080 3016 3153 inimicitias
3041 3096 3135 3149 per
3163 3096 3275 3136 nos
3332 3099 3613 3153 nunquam
3646 3081 3820 3135 facien-

2217 3151 2336 3224 das,
2387 3166 2600 3224 semper
2647 3165 2770 3206 esse
2810 3151 3130 3224 tollendas;
3161 3153 3421 3224 denique
3463 3151 3589 3224 quia
3616 3153 3682 3206 ab
3725 3165 3821 3206 uno

2219 3223 2331 3292 Deo
2361 3221 2550 3277 omnes
2582 3221 2823 3292 inspirati
2842 3231 2895 3276 et
2917 3221 3134 3277 animati
3163 3221 3395 3280 sumus.

2289 3291 2630 3348 Contrarium
2674 3291 3023 3347 humanitatis
3092 3293 3404 3351 adversum
3469 3307 3555 3351 est
3609 3295 3823 3356 feritas,

2219 3365 2334 3437 sive
2374 3364 2701 3437 immanitas
2732 3363 2990 3437 bellut'na,
3039 3379 3159 3434 quae
3188 3378 3400 3421 contra
3428 3368 3522 3437 jus
3543 3365 3828 3420 humanita-

2219 3436 2289 3490 tis
2315 3436 2531 3505 spoliat,
2559 3435 2784 3500 cruciat,
2820 3435 3038 3501 occidit,
3067 3445 3190 3490 exte
3204 3435 3441 3493 rminat‘
3467 3441 3735 3492 homines.

2295 3507 2492 3562 Errant
2538 3506 2700 3576 igitur
2738 3505 3042 3575 philosophi
3110 3506 3213 3576 qui
3291 3510 3734 3564 misericordiam
3775 3505 3836 3560 de

2224 3577 2442 3633 homine
2462 3578 2826 3649 sustulerunt;
2857 3577 3233 3649 _primumque
3281 3581 3392 3635 sibi
3423 3581 3530 3649 ipsi
3574 3577 3835 3634 contradi-

2225 3658 2377 3713 cunt,
2411 3649 2502 3718 qui
2533 3647 2806 3702 societatis
2856 3647 3106 3702 humana:
3153 3647 3632 3707 communionem
3663 3651 3840 3704 docent

2222 3733 2344 3774 esse
2367 3718 2728 3790 retinendam,
2761 3727 2816 3773 et
2847 3727 3038 3790 tamen
3097 3718 3521 3777 humanitatem
3581 3723 3749 3790 ipsam
3777 3719 3837 3772 ab

2223 3790 2440 3844 homine
2482 3789 2795 3845 excludunt.
2843 3789 3046 3844 Deinde
3081 3801 3178 3845 aut
3225 3792 3336 3848 hac
3388 3793 3464 3848 de
3507 3789 3675 3848 causa
3725 3798 3838 3845 sunt

2223 3861 2469 3917 homines
2499 3859 2832 3930 congregati,
2878 3872 2934 3914 ut
2975 3862 3178 3916 mutuis
3234 3864 3472 3919 auxiliis
3504 3863 3839 3919 imbecillita-

2224 3941 2330 4006 tem
2368 3947 2520 4006 suam
2567 3941 2864 3996 tuerentur,
2895 3940 2988 3985 aut
3024 3931 3408 4006 homanitatis
3464 3935 3638 4006 ipsius
3665 3946 3835 4006 causa:

2225 4004 2280 4058 Si
2303 4003 2447 4072 prius
2473 4001 3137 4077 verum_._succurre_ndum
3165 4014 3261 4060 est
3291 4001 3501 4077 igitur'
3529 4003 3737 4060 homini
3759 4001 3844 4072 qui

2225 4070 2381 4143 egeat
2407 4073 2625 4127 auxilio.
2653 4070 2745 4127 Sin
2771 4074 3058 4142 posterius,
3121 4070 3522 4133 homo'certe
3579 4070 3840 4131 hominem

2224 4145 2388 4199 debet
2417 4158 2733 4216 agnoscere.
2787 4143 2853 4198 Et
2879 4144 2926 4198 si
2965 4145 3226 4216 fecerunt
3277 4149 3394 4216 hoc
3453 4149 3627 4203 rudes
3656 4156 3712 4202 et
3753 4144 3843 4216 feri

2224 4216 2301 4269 illi
2323 4217 2587 4278 homines,
2611 4215 2793 4285 utique
2820 4215 3037 4283 expoliti
3085 4225 3141 4270 et
3171 4215 3399 4273 assueti
3435 4219 3757 4274 hominibus
3777 4215 3845 4269 fa-

2226 4300 2348 4341 cere
2376 4286 2427 4340 id
2467 4285 2636 4358 multo
2664 4287 2831 4355 magis
2857 4286 3055 4358 debent
3080 4286 3248 4358 (Cap.
3285 4290 3413 4358 10).
3452 4291 3560 4358 Qui
3621 4291 3720 4343 hoc
3748 4301 3845 4358 non

2228 4359 2373 4429 facit,
2401 4357 2634 4429 hominis
2655 4370 2713 4410 se
2745 4357 3106 4429 appellatione
3135 4357 3447 4429 dispoliat.
3483 4357 3778 4416 ’Prazterea
3807 4357 3847 4411 si

2227 4427 2278 4482 in
2311 4429 2375 4482 iis
2401 4428 2634 4492 casibus,
2667 4428 2755 4498 qui
2774 4428 3079 4498 perieulum
3109 4427 3252 4482 vitae
3314 4432 3544 4487 homini
3604 4432 3848 4493 aﬂ'erunt,

2219 4513 2538 4555 succurrere
2568 4497 2912 4552 humanitatis
2951 4514 3072 4553 esse
3121 4503 3496 4569 concedunt,
3525 4505 3676 4557 nulla
3700 4513 3850 4555 causa

2221 4580 2304 4645 est
2331 4587 2429 4626 cur
2460 4571 2505 4624 si
2552 4569 2715 4623 homo
2759 4569 2979 4636 esuriat,
3029 4571 3208 4638 sitiat,
3285 4575 3506 4645 algeat,
3539 4588 3852 4630 succurren-

2218 4641 2346 4697 dum
2369 4655 2488 4696 esse
2510 4656 2615 4694 non
2643 4649 2845 4709 putent.

2294 4714 2452 4768 Errat
2479 4721 2532 4765 et
2555 4710 2746 4764 Cicero
2765 4710 2854 4780 qui
2885 4709 2937 4763 in
2986 4711 3136 4765 libris
3194 4716 3324 4770 suis
3369 4715 3719 4772 Officialibus
3742 4727 3843 4768 sua-

2222 4783 2315 4856 det
2360 4799 2474 4856 _non
2525 4795 2648 4856 esse
2695 4782 2916 4856 omnino
2989 4783 3389 4853 largiendum;
3451 4789 3856 4856 refrmnansque

2142 4881 2195 4942 υ
2224 4851 3212 4942 series?_ab._!1'3{'1=29ietetroiae
3248 4869 3315 4912 ιιι
3358 4851 3483 4913 rem
3542 4851 3853 4940 familiarem

2221 4925 2508 5006 diligenter
2559 4922 2883 4992 custodiant,
2910 4924 3217 4996 malintque
3280 4943 3483 4986 arcam
3527 4945 3693 5002 quam
3748 4931 3854 5001 jus-

2222 5005 2390 5050 titiam
2417 5007 2762 5049 conservare.

2292 5067 2452 5120 Errat
2480 5065 2619 5120 idem
2648 5065 2699 5118 in
2730 5079 2818 5128 eo,
2856 5063 2998 5134 quod
3053 5065 3395 5128 hominibus
3449 5071 3676 5129 loouats
3716 5071 3782 5126 de
3801 5083 3855 5123 re

2220 5135 2914 5212 familiariimpertiendum
2940 5136 3165 5204 scribit;
3209 5144 3353 5212 quia
3385 5144 3755 5200 humanitatis
3776 5140 3849 5197 of-

2221 5208 2340 5283 ﬁcia
2372 5208 2598 5283 utilitate
2626 5207 2840 5283 metitur
2869 5225 2882 5261 :
2913 5221 3032 5283 cum
3063 5224 3178 5264 non
3233 5207 3496 5283 idoneis,
3551 5215 3660 5270 hoc
3687 5225 3768 5268 est
3792 5213 3851 5266 iis

2219 5281 2310 5356 qui
2335 5280 2568 5356 gratiam
2609 5276 2813 5356 referre
2871 5279 3094 5356 possint,
3147 5283 3259 5356 sed
3291 5285 3389 5352 iis,
3450 5276 3546 5356 qui
3599 5300 3707 5340 non
3736 5291 3852 5338 sunt

2223 5348 2516 5424 idon’ei,si_t
2558 5348 2906 5424 largiendum.
2955 5348 3315 5424 Contradicit
3365 5348 3544 5412 etiam
3574 5359 3680 5411 sibi
3727 5358 3851 5424 ipse,

2223 5424 2312 5492 qui
2346 5420 2586 5489 pluribus
2634 5420 2767 5473 locis
2792 5420 3017 5484 clamat,
3075 5420 3366 5492 virtutem
3400 5444 3515 5482 non
3546 5444 3674 5483 esse
3725 5420 3855 5481 mer—

2222 5491 2524 5556 cenariam;
2555 5501 2608 5545 et
2645 5501 2949 5568 promptum
2973 5499 3058 5546 est
3110 5491 3255 5549 hinc
3285 5497 3591 5568 colligere,
3623 5499 3668 5554 si
3698 5499 3854 5553 virtus

2222 5572 2441 5634 propter
2455 5577 2526 5639 _se
2554 5561 2851 5639 expetenda
2878 5571 2980 5639 est,
3011 5577 3122 5639 non
3157 5579 3298 5623 esse
3350 5561 3634 5639 justitiam
3679 5582 3852 5639 nostro

2222 5633 2529 5712 commodo,
2558 5633 2654 5688 sed
2679 5646 2777 5686 suo
2796 5633 2972 5703 pretio
2999 5633 3438 5712 mstimandain.
3485 5642 3695 5710 Taceo,
3723 5638 3853 5712 quod

2224 5705 2334 5779 isti,
2365 5703 2490 5778 quia
2512 5719 2688 5777 neque
2714 5714 2960 5763 naturam
2999 5703 3289 5782 retinent,
3367 5729 3562 5786 neque
3587 5703 3854 5789 praemium
