4142 6200
349 213 462 280 835

1535 221 1739 282 LIBER
1776 223 1865 283 νι.
1907 224 1999 282 DE
2043 222 2228 284 VERO
2262 225 2517 287 CULTU.

3549 230 3657 290 654

354 338 408 417 i_n
435 353 503 397 eo
529 337 674 417 quod
696 337 775 417 fit,
804 337 1002 417 sciunt,
1031 339 1160 417 dum
1188 342 1419 417 perdere
1445 344 1658 409 timent,
1684 343 1942 417 perdunt,
1969 347 2025 406 Α
2065 414 2083 417 _
2121 342 2292 401 Metus
2306 353 2368 417 et
2394 344 2660 417 cupiditas
2681 342 2728 402 si
2752 342 3107 417 proiiciantur
3143 342 3197 399 in
3240 350 3464 417 terram,
3518 344 3651 417 vitia

354 410 482 486 dum
503 410 590 466 vel
614 410 931 486 patrimonia
958 410 1378 486 suaell'uitdunt,
1406 417 1491 472 vel
1512 430 1645 484 opes
1673 410 1947 470 exhiben-

354 483 438 565 dis
494 481 810 565 muneribus
850 482 1206 565 impendunt,
1247 489 1334 544 vel
1362 481 1609 560 publicis
1689 486 1947 565 operibus

354 557 615 610 extructis
637 557 955 608 memoriam
1004 557 1208 612 nomini
1239 574 1337 613 suo

353 639 463 766 ita:
542 624 828 767 tir1b)ulibus
914 626 1028 682 suis
1116 636 1210 683 aut
1267 624 1551 687 clientibus
1650 629 1948 700 largiuntur

440 714 519 767 γρ.
666 736 680 749 .

431 713 519 764 ap.
552 713 613 751 ιι
637 713 680 764 ).

427 766 790 843 Humanitatis
844 769 1044 843 surculi
1097 779 1268 843 sunt:
1300 770 1659 843 hospitalitas,
1694 770 1944 841 captivo-

355 853 476 893 rum
497 837 821 914 redemptio,
844 839 1127 895 viduarum
1149 837 1422 906 defensio,"
1438 837 1775 914 mgrotorum'
1790 856 1944 909 cura,

357 911 769 984 peregrinorum
805 918 861 965 et
889 925 1183 984 pauperum
1226 911 1520 984 sepultura.

429 979 781 1055 Hospitalitas
816 979 1088 1052 praecipua
1126 979 1305 1041 virtus'
1319 996 1422 1046 est.
1451 999 1612 1055 quam
1644 984 1789 1039 Deus
1812 999 1971 1053 prae-_

357 1052 502 1123 cepit
529 1070 543 1105 :
573 1052 668 1106 sed
725 1052 793 1107 de
814 1067 916 1123 qua
946 1069 1132 1110 rursus
1174 1056 1375 1111 erravit
1402 1052 1612 1119 Cicero,
1657 1056 1747 1123 qui
1777 1052 1950 1111 veluit

358 1121 549 1195 domos
571 1132 795 1195 nostras
834 1121 1135 1193 hospitibus
1184 1127 1486 1182 illustribus
1536 1121 1737 1195 patere.
1784 1125 1947 1194 Atqui

358 1190 656 1265 humilibus
675 1190 1193 1265 etabjectis‘patere
1249 1198 1444 1253 domus
1470 1190 1672 1252 nostrae
1726 1190 1945 1252 debent.

429 1264 783 1338 Captivorum
818 1264 1122 1333 redemptio
1172 1269 1448 1338 proprium
1498 1267 1946 1336 etiamjustorum

361 1350 502 1410 opus
526 1345 631 1410 est,
659 1336 928 1410 largitioni
957 1352 1257 1410 _munerum
1276 1336 1450 1410 longe
1487 1338 1945 1410 anteponendum.

432 1405 845 1480 Pupilloruniet
884 1407 1165 1464 viduarum
1204 1405 1448 1466 defensio
1490 1408 1671 1465 divina
1688 1409 1805 1480 lege
1828 1411 1948 1464 uni-

355 1478 532 1534 versis
555 1478 872 1534 demandata
914 1491 1017 1534 est.

427 1546 758 1622 IEgrosqui
805 1558 978 1615 curat,
1004 1550 1296 1622 (fovetque,
1349 1551 1437 1607 hic
1487 1551 1665 1606 vivam
1719 1551 1949 1606 hostiam

360 1620 471 1693 Deo
498 1620 752 1693 acquirit,
799 1620 1020 1691 etquod
1065 1620 1220 1677 alteri
1254 1623 1346 1678 dat
1391 1622 1461 1678 ad
1506 1631 1735 1692 tempus,
1785 1623 1949 1693 ipsea

359 1691 470 1747 Deo
499 1691 728 1760 accipiet
773 1692 825 1745 in
852 1701 1134 1747 aeternum.

426 1736 1179 1843 ila—similiu-eiiam'vp'ieiatis
1217 1762 1585 1843 officitimnest
1634 1765 1949 1843 peregrino-
1976 1736 2026 1796 Β

357 1848 478 1889 rum
505 1843 872 1959 ettlpauperutn
899 1835 1189 1905 sepultura.
1208 1834 1362 1903 Quod
1380 1835 1691 1907 Philosophi
1725 1834 1946 1907 prorsus

359 1920 465 1959 non
492 1920 520 1957 a
574 1920 757 1959 teernn
792 1944 804 1958 .

359 1920 465 1960 non
492 1920 804 1972 attigerunt.

428 1974 803 2048 Quaeriturbic
829 2018 841 2041 ,
868 1993 938 2031 an
966 1978 1138 2031 omnia
1160 1977 1214 2032 in
1239 1994 1422 2048 egenos
1449 1977 1758 2048 conferenda
1780 1979 1806 2031 ?

428 2049 666 2120 Res‘pon.
696 2046 903 2120 Bonum
931 2062 1040 2103 non
1096 2046 1285 2104 timere
1342 2046 1726 2118 paupertatem.
1759 2058 1813 2103 et
1858 2051 1949 2120 qui

357 2116 495 2189 apud
511 2116 691 2189 Deum
710 2117 860 2189 dives
886 2128 991 2184 est,
1022 2134 1312 2189 pauperem
1329 2116 1459 2174 esse
1474 2134 1743 2188 nunquam
1768 2116 1943 2188 posse.

358 2187 562 2261 Deinde
589 2203 689 2258 pro
717 2188 853 2244 virili
880 2187 1033 2260 parte
1061 2187 1331 2260 quemque
1357 2191 1572 2259 operari
1599 2187 1804 2246 debere
1831 2191 1949 2261 jus-

358 2260 551 2323 titiam,
582 2271 644 2314 nt
690 2271 947 2328 quantum
1001 2261 1200 2316 divitiis
1248 2263 1389 2317 inter
1440 2269 1690 2330 exteros,
1746 2260 1951 2318 tantum

367 2344 531 2405 opere
558 2332 835 2405 praecellat
861 2331 1024 2404 (Cap.
1058 2331 1185 2405 12).
1222 2404 1233 2405 7
1531 2403 1539 2405 Α
1665 2380 1671 2382 ,

428 2400 750 2473 Libet-alites
772 2400 933 2472 igitur
970 2400 1270 2459 exercenda
1317 2412 1425 2470 est,
1452 2403 1577 2473 quia
1602 2413 1820 2473 peccata
1845 2404 1952 2460 lar-

357 2472 557 2542 gitione
589 2473 868 2536 tolluntur,
901 2488 1167 2544 nemoque
1221 2476 1339 2530 sine
1364 2472 1562 2530 delicto
1602 2472 1722 2529 esse
1751 2485 1947 2544 potest,

357 2543 610 2619 quamdiu
635 2544 951 2619 indumento
977 2543 1154 2619 carnis
1198 2556 1450 2619 oneratus
1473 2555 1557 2600 est
1587 2543 1759 2619 (Cap.
1788 2546 1908 2619 15).

430 2614 622 2686 Liquet
649 2615 796 2683 hinc,
825 2617 983 2685 longe
1008 2616 1246 2672 abfuisse
1283 2617 1352 2671 ab
1395 2614 1631 2671 humano
1662 2614 1803 2671 bono
1836 2614 1952 2686 plti-

356 2684 614 2757 losophos
646 2686 848 2742 stoicos
882 2730 897 2753 ,
926 2684 1016 2757 qui
1048 2688 1187 2741 hanc
1224 2688 1504 2754 virtutem,
1530 2684 1955 2744 misericordiam

356 2756 501 2820 dico,
532 2772 629 2825 pro
658 2759 789 2813 vitio
816 2756 1033 2827 semper
1085 2757 1389 2813 habuerunt
1424 2778 1436 2813 :
1467 2772 1521 2815 et
1539 2758 1774 2813 tollendo
1804 2761 1953 2827 vitia,

355 2828 585 2883 virtutes
616 2828 759 2897 ipsas
793 2830 1148 2895 sustulerunt,
1187 2838 1241 2884 et
1265 2830 1454 2886 eodem
1479 2829 1694 2884 tandem
1748 2831 1956 2887 recide-

356 2906 485 2970 runt
512 2914 605 2967 per
629 2900 1040 2968 imprudentiam
1068 2940 1084 2964 ,
1117 2915 1222 2970 quo
1272 2900 1607 2970 peripatetici
1635 2903 1956 2969 perveniunt

358 2969 796 3043 rationeivitia,
848 2969 1145 3043 quiantolli
1176 2969 1552 3043 nonpossent,
1597 2986 1719 3026 esse
1768 2973 1956 3029 mode-

356 3040 522 3113 randa
547 3038 711 3113 (Cap.
746 3043 815 3097 M
857 3038 905 3095 et
942 3040 1071 3112 15).

428 3111 746 3181 Quanquam
795 3122 851 3168 et
888 3113 1217 3182 peripatetici
1277 3114 1377 3182 ipsi
1422 3114 1677 3178 errarint,
1708 3114 1799 3183 qui
1830 3114 1957 3169 vitia

356 3195 481 3254 esse
511 3192 932 3238 concesserunt:
956 3184 1051 3238 sed
1087 3199 1150 3239 ea
1183 3185 1527 3239 mediocriter
1547 3196 1952 3254 temperarunt;

395 3252 483 3305 uia
507 3261 557 3307 et
583 3254 943 3309 mediocribus
968 3254 1112 3308 vitiis
1128 3256 1420 3310 carendum
1446 3265 1549 3321 est,
1576 3266 1630 3310 et
1650 3252 1956 3311 monstran-

398 3338 487 3393 utn
514 3332 618 3390 est,
646 3340 751 3378 non
799 3325 945 3393 ipsos
965 3324 1211 3393 all‘ectus,
1241 3325 1337 3381 sed
1376 3342 1564 3383 eorum
1590 3341 1782 3382 causas
1828 3342 1954 3383 esse

356 3392 714 3449 moderandas
736 3393 755 3468 (
775 3392 902 3467 cap.
930 3394 1051 3467 16).

1382 556 1649 629 quierunt,
1677 558 1762 612 vel
1789 556 1945 611 deni-
2046 558 2391 624 raudisnnt,
2444 567 2505 614 ut
2557 557 2891 629 peripatetici
2937 560 3162 625 volunt;
3220 572 3279 614 se

2053 414 2225 483 ﬁunt;
2266 414 2495 472 virtutes
2523 423 2726 483 autem,
2755 414 2829 471 'si
2850 414 2922 471 ad
2946 414 3125 471 divina
3171 414 3499 471 referantur.
3523 414 3643 472 Non

2048 486 2211 569 igitur
2230 487 2498 543 evellendi
2533 486 2939 571 Itiall‘ectus,.ut
2988 484 3167 552 stoici,
3210 501 3391 613 negtio
3442 495 3658 559 tempe-

2048 558 2391 613 raudtsnnt.
2444 567 2505 613 ut
2557 568 2891 613 peripatetici
2937 560 3162 613 volunt:
3220 572 3279 613 se
3364 572 3420 613 tn
3469 573 3657 613 veram

3364 572 3420 614 tn
3469 573 3657 617 veram

2051 629 2200 700 viam
2231 629 2496 699 dirigendi
2527 629 2694 699 (Cap.
2728 629 2855 700 17).

2119 699 2448 772 Secundaria
2480 701 2613 772 legis
2653 699 2830 768 capita
2881 709 3027 768 sunt,
3081 710 3141 757 ut
3187 700 3363 756 cultor
3386 701 3481 756 Dei
3538 716 3648 757 non

2050 771 2344 827 mentiatur
2394 771 2973 843 unquamzpecuniae,
3016 772 3062 827 si
3119 786 3291 843 quam
3329 771 3652 842 crediderit,

2050 857 2157 896 non
2201 843 2425 912 accipiat
2474 842 2725 909 usuram;
2792 858 2987 914 munus
3037 842 3149 899 non
3172 842 3413 914 accipiat
3462 859 3491 897 a
3521 859 3658 912 pau-

2048 927 2208 982 pere;
2234 915 2374 969 male
2397 914 2594 970 dicenti
2622 914 2759 969 bene
2783 913 2929 969 dicto
2954 913 3313 983 respondeat:
3371 914 3655 970 inimicum

2049 998 2146 1110 sitia
2177 985 2332 1108 culpa
2360 1002 2467 1041 non
2492 986 2689 1052 faciat;
2716 986 2916 1040 illatam
2947 985 3051 1040 sibi
3089 986 3338 1057 injuriam
3363 1000 3473 1041 non
3527 985 3653 1041 vin-

2096 1069 2178 1110 tce
2211 1095 2224 1107 .

2096 1064 2224 1110 tcet.

2120 1125 2256 1181 Male
2285 1126 2447 1198 igitur
2472 1126 2661 1181 definit
2697 1125 2888 1182 Cicero
2919 1127 3090 1182 virum
3121 1120 3344 1193 bonum,
3369 1129 3462 1198 qui
3510 1142 3644 1198 pro-

2050 1197 2408 1262 sitomnibns,
2460 1206 2651 1252 noceat
2704 1199 2927 1265 nemini,
2953 1198 3056 1253 nisi
3107 1198 3396 1255 lacessitus
3426 1197 3647 1268 injuria.

2049 1268 2104 1322 Si
2134 1269 2276 1322 enim
2308 1277 2464 1323 nocet
2492 1268 2794 1332 lacessitus,
2827 1285 2892 1323 ex
2942 1268 3048 1324 hoc
3102 1270 3220 1339 ipso
3273 1270 3371 1324 viri
3398 1269 3525 1323 boni
3558 1285 3658 1325 no-

2052 1354 2178 1393 men
2207 1339 2422 1402 amittit,
2472 1354 2593 1394 cum
2619 1355 2814 1395 nocere
2842 1340 3000 1395 alteri
3075 1355 3183 1394 non
3210 1340 3282 1394 sit
3353 1339 3654 1396 secundum

2051 1407 2286 1465 hominis
2314 1419 2577 1465 naturain.
2639 1410 2694 1467 Si
2728 1419 2903 1472 nocet,
2939 1424 3044 1463 non
3072 1418 3158 1466 est
3203 1412 3494 1474 innocens,
3546 1424 3658 1467 non

2051 1489 2137 1536 est
2162 1481 2390 1549 patiens.
2427 1481 2491 1535 Et
2512 1481 2702 1536 Cicero
2726 1481 2866 1549 ipse,
2891 1489 3081 1535 contra
3104 1496 3259 1536 suum
3303 1489 3657 1550 prieceptum,

2051 1551 2377 1693 ?gliVl0lil§ll)l
2446 1552 2758 1622 injuriarum
2815 1552 2869 1607 in
2936 1552 3145 1624 magnis
3180 1550 3428 1607 laudibus
3478 1553 3661 1622 posuit

2131 1639 2221 1690 ap.
2371 1663 2384 1677 .

2131 1639 2221 1690 ap.
2253 1639 2320 1678 ιδ
2345 1639 2384 1690 ).

2123 1693 2357 1750 Peccant
2386 1702 2438 1749 et
2473 1694 2826 1765 peripatetici,
2881 1694 2972 1764 qui
3008 1693 3144 1765 iram
3173 1694 3362 1765 dicunt
3409 1707 3532 1750 esse
3561 1709 3658 1751 co-

2053 1765 2238 1819 mitem
2284 1764 2515 1820 virtutis.
2553 1766 2734 1820 Poetze
2764 1766 2891 1820 item
2923 1806 2938 1829 ,
2982 1764 3073 1832 qui
3130 1773 3241 1819 tres
3290 1764 3484 1820 Furias
3530 1780 3661 1823 esse

2052 1833 2322 1901 dixerunt,
2353 1836 2510 1902 Iram,
2555 1836 2939 1905 Cupiditatem,
2982 1834 3308 1891 Libidinem.
3338 1834 3473 1889 Nam
3506 1835 3647 1891 Deus

2053 1917 2231 1962 certos
2263 1907 2462 1962 limites
2513 1908 2700 1962 statuit
2742 1906 2826 1960 his
2877 1905 3181 1972 atl‘ectibus,
3214 1920 3349 1976 quos
3377 1906 3420 1960 si
3473 1913 3655 1961 trans-

2052 1978 2390 2120 ῗιὲιάιιηὲὓίἶι
2421 1981 2638 2035 morbos
2698 1986 2751 2033 et
2801 1977 2928 2032 vitia
2961 1986 3072 2031 tum
3118 1976 3336 2032 demum
3379 1986 3662 2033 vertuntur

2138 2065 2225 2120 9i?-
2377 2089 2389 2101 -
2704 2119 2723 2120 ί
2784 2118 2791 2120 .
2914 2117 2925 2120 ,

2096 2046 2225 2118 Cap.
2257 2048 2389 2118 19).

2112 2050 2137 2065 Ἴ
2295 2050 2309 2081 (

2055 2050 2444 2173 (033681331ιο
2479 2120 2655 2175 cultor
2702 2118 2797 2173 Dei
2837 2117 3076 2188 quinque
3140 2133 3398 2175 sensuum
3467 2120 3661 2190 volup-

2057 2198 2197 2246 tates
2227 2192 2426 2245 virtute
2444 2206 2705 2258 superare
2731 2200 2892 2260 atque
2908 2190 3217 2260 opprimere
3230 2189 3395 2262 debet
3423 2212 3436 2247 :
3465 2189 3661 2262 nempe

2057 2262 2386 2330 voluptatem
2418 2263 2722 2328 oculorum,
2749 2270 2805 2315 ut
2849 2276 2958 2315 non
3005 2262 3219 2317 intersit
3251 2260 3477 2330 publicis
3505 2260 3662 2332 spee-

2059 2335 2270 2396 taculis,
2301 2342 2354 2388 et
2382 2334 2563 2388 scenis
2582 2332 2734 2403 (Cap.
2783 2331 2901 2399 20);
2945 2333 3284 2401 voluptatem
3315 2331 3547 2403 aurium,
3601 2342 3661 2388 ut

2056 2419 2164 2458 non
2193 2414 2446 2459 cantuum
2469 2409 2736 2459 suavitate
2761 2419 2821 2459 se
2848 2404 3096 2459 oblectet
3147 2403 3297 2476 (Cap.
3322 2402 3439 2474 21);
3458 2404 3663 2476 volup-

2058 2484 2219 2530 tatem
2267 2478 2477 2544 saporis
2529 2486 2583 2531 et
2605 2476 2810 2540 odoris,
2841 2486 2899 2528 ut
2951 2490 3058 2529 non
3103 2474 3284 2530 ventri
3305 2482 3360 2529 et
3382 2474 3521 2542 gula:
3546 2489 3665 2530 ser-

2054 2546 2165 2620 viat
2186 2546 2340 2620 (Cap.
2357 2546 2476 2617 22);
2494 2548 2818 2620 voluptatem
2840 2553 3037 2620 tactus,
3061 2556 3119 2600 ut
3143 2545 3334 2600 framet
3357 2544 3660 2620 libidinem,

2059 2617 2146 2671 vel
2164 2616 2417 2673 cohibeat
2434 2616 2560 2672 eam
2590 2617 2959 2684 matrimonio,
3011 2632 3118 2672 non
3166 2616 3517 2675 scortatione.
3555 2632 3662 2671 non

2059 2687 2350 2813 ῗὲυιιθξὲἶ
2403 2690 2559 2745 ~sive
2660 2688 3017 2759 Operationis,
3120 2688 3236 2744 sive
3317 2686 3665 2758 cogitationis

2128 2776 2213 2813 an.
2352 2801 2365 2813 .

2128 2776 2213 2814 an.
2247 2760 2365 2814 25).

2061 2758 2494 2901 (ϐὂριίοὲξζάιιίε
2516 2830 2582 2885 ad
2615 2829 2890 2901 injustitite
2925 2829 3068 2884 viam
3097 2828 3265 2901 fuerit
3314 2831 3520 2900 lapsus.
3553 2843 3664 2885 non

2057 2900 2313 2971 desperet
2356 2900 2426 2956 de
2472 2916 2532 2957 se
2607 2902 2722 2971 ipse
2754 2900 2890 2957 :sed
2946 2900 3016 2955 ad
3060 2900 3285 2956 meliora
3337 2915 3657 2971 conversus,

2059 2970 2173 3027 Deo
2195 2972 2511 3033 satisfaciat.
2567 2970 2650 3026 cui
2702 2972 2995 3029 interiores
3046 2987 3261 3043 quoque
3311 2970 3666 3043 cogitationes

1988 3052 2033 3116 ρ
2066 3054 2269 3116 nostrae
2304 3054 2492 3116 patent
2523 3042 2687 3114 (Cap.
2721 3043 2852 3116 24).

2136 3114 2455 3170 Sacrilicare
2478 3112 2657 3168 autem
2687 3115 2730 3167 si
2771 3114 2947 3169 cultor
2984 3112 3078 3167 Dei
3121 3113 3375 3179 voluerit,
3408 3112 3514 3168 duo
3532 3112 3665 3168 oﬂ’e-

2062 3195 2147 3240 ret
2176 3187 2284 3240 Deo
2310 3186 2702 3255 incorporalia:
2726 3184 3089 3255 integritatem
3117 3184 3305 3255 animi,
3326 3193 3383 3239 et
3422 3183 3664 3238 nominis

2057 3255 2222 3310 divini
2266 3254 2501 3312 Iaudeni.
2536 3255 2620 3311 Ad
2663 3255 2783 3311 haec
2808 3254 2951 3310 enini
2986 3254 3248 3323 capienda
3292 3270 3394 3310 nos
3415 3255 3556 3309 Deus
3575 3269 3667 3323 ge-

2057 3329 2303 3392 neravit;
2334 3328 2450 3382 haec
2476 3341 2701 3381 munera
2739 3326 3129 3395 Trismegistus
3158 3326 3385 3381 Hermes
3438 3325 3553 3381 Deo
3581 3323 3665 3380 of-

2055 3397 2275 3453 ferenda
2301 3398 2484 3453 docuit
2521 3398 2681 3470 (Cap.
2719 3395 2852 3469 25).
2906 3397 3246 3452 Ecuarsrus.

362 3594 3611 3619 W

1372 3719 1859 3827 LIBER
1974 3717 2617 3828 SEXTUS.

1564 3972 1707 4042 DE
1761 3950 2062 4041 VERO
2118 3944 2490 4043 CULTU.

1697 4184 2352 4216 ———-G———

879 4351 1105 4408 CAPUT
1144 4348 1432 4406 PRIMUM.

476 4492 558 4548 De
590 4492 680 4548 Dei
710 4494 814 4548 veri
840 4493 982 4547 cultu
1011 4502 1056 4547 et
1086 4492 1399 4555 innocentia,
1432 4500 1583 4561 atque
1610 4489 1675 4544 de
1701 4489 1838 4543 cultu

906 4579 1154 4650 falsorum
1185 4579 1416 4633 deorum.

432 4717 590 4783 Quod
622 4727 738 4772 erat
767 4716 1000 4771 officiunt
1033 4716 1266 4786 suscepti
1309 4714 1546 4770 muneris
1567 4756 1582 4781 ,
1615 4713 1798 4768 divino
1836 4713 1959 4783 Spi-

355 4808 465 4863 ritu
491 4808 822 4874 instruente,
852 4824 915 4863 ac
939 4807 1264 4877 suffragante
1295 4807 1407 4877 ipsa
1439 4808 1697 4873 veritate,
1727 4807 1963 4876 comple-

356 4900 567 4956 vimus:
614 4901 768 4970 cuius
815 4900 1122 4956 asserenda:
1165 4909 1328 4969 atque
1368 4899 1703 4955 illustrandae
1743 4916 1960 4957 causam

1978 4349 2034 4407 D
2062 4345 2191 4399 mihi
2218 4353 2271 4399 et
2297 4345 2655 4413 conscientia,
2684 4354 2741 4400 et
2769 4345 2932 4412 fides,
2964 4353 3018 4399 et
3044 4346 3157 4414 ipse
3188 4343 3448 4399 Dominus
3475 4352 3667 4400 noster

2062 4437 2351 4507 imposuit;
2394 4437 2509 4491 sine
2553 4452 2659 4507 quo
2702 4451 2804 4492 nec
2842 4436 2968 4491 sciri
3005 4434 3296 4505 quidquam
3328 4444 3536 4504 potest,
3567 4450 3669 4491 nec

2065 4530 2340 4599 explicari.
2374 4529 2544 4585 Venio
2570 4544 2715 4586 nune
2736 4530 2803 4585 ad
2832 4528 2883 4585 id
2909 4529 3051 4599 quod
3081 4537 3165 4584 est
3190 4543 3459 4584 summum
3487 4528 3668 4598 operis

2066 4620 2227 4690 hujus
2254 4629 2310 4677 et
2336 4622 2661 4688 maximum,
2707 4631 2764 4676 ut
2802 4621 3024 4676 doceam
3066 4635 3173 4691 quo
3207 4621 3344 4687 ritu,
3379 4635 3555 4691 quove
3582 4636 3668 4676 sa-

2066 4714 2269 4771 crificio
2313 4716 2479 4771 Deum
2528 4716 2635 4771 coli
2669 4724 2935 4787 oporteat.
2988 4713 3045 4769 Id
3096 4714 3241 4769 enim
3301 4722 3384 4769 est
3435 4714 3669 4770 hominis

2066 4808 2323 4875 officium,
2380 4811 2435 4864 in
2488 4825 2661 4880 eoque
2716 4811 2833 4865 solo
2887 4824 3096 4864 summa
3153 4823 3358 4875 rerum,
3388 4817 3443 4862 et
3491 4808 3667 4862 omnis

2067 4904 2239 4961 beatae
2266 4905 2387 4960 vita:
2418 4906 2556 4961 ratio
2585 4905 2832 4960 consistit
2858 4922 2869 4957 :
2900 4902 3333 4976 quandoquidem
3383 4909 3666 4972 propterea

1700 5016 2061 5075 VARIORUM
2097 5019 2326 5075 NOTIE.

428 5130 589 5202 Cujus
628 5131 914 5186 asserenda:
953 5141 1103 5199 atque
1142 5129 1467 5202 illustranda:
1508 5144 1715 5202 causam
1756 5131 1883 5184 mihi
1912 5142 1957 5185 et

352 5200 693 5269 conscientia,
726 5212 773 5256 et
810 5203 971 5269 ﬁdes,
1003 5212 1049 5256 et
1078 5202 1187 5268 ipse
1222 5200 1468 5254 Dominus
1498 5214 1666 5253 noster
1692 5201 1954 5270 imposuit.

354 5273 451 5329 Sic
473 5274 681 5328 restitui
707 5288 772 5329 ex
806 5274 826 5325 1
863 5272 998 5343 Reg.
1030 5272 1423 5343 antiquissimo,
1458 5272 1479 5324 1
1515 5271 1587 5324 al.
1626 5271 1789 5341 liegio
1820 5274 1959 5342 opti-

352 5358 461 5399 ma:
488 5353 659 5408 notas,
683 5344 792 5398 et?
818 5343 1007 5405 Brun.,
1042 5342 1253 5397 favente
1283 5347 1301 5395 l
1338 5342 1482 5410 Lips.
1519 5343 1569 5395 in
1600 5358 1704 5412 quo
1731 5351 1813 5397 est
1838 5359 1959 5397 con-

351 5415 661 5479 scientiam;
692 5414 818 5469 item
852 5430 982 5469 mss.
1027 5415 1062 5468 2
1092 5414 1225 5478 Reg.
1250 5455 1264 5477 ,
1311 5412 1348 5466 2
1374 5414 1707 5467 Clarmnont.
1730 5455 1743 5475 ,
1777 5413 1953 5478 Bodl.,

350 5484 609 5550 Cotton.,
644 5487 669 5540 1
703 5485 936 5541 Sorhon.
959 5527 975 5552 ,
1018 5486 1045 5539 1
1074 5484 1310 5541 Colbert.
1354 5496 1404 5538 et
1445 5483 1575 5539 edit.
1611 5484 1823 5539 Walclt.
1856 5485 1957 5538 nisi

351 5556 502 5626 quod
534 5556 735 5612 habent
763 5557 995 5611 scientia.
1025 5556 1061 5610 ‘2
1088 5557 1219 5626 Reg.
1244 5598 1258 5624 ,
1293 5558 1327 5612 5
1355 5556 1556 5621 Oxon.,
1593 5556 1617 5609 1
1655 5555 1808 5609 Colb.
1843 5566 1897 5610 et
1924 5555 1957 5609 8

350 5627 567 5691 excusi,
590 5644 799 5683 causam
816 5628 962 5689 mihi,
981 5636 1027 5681 et
1048 5629 1312 5683 scientiam
1334 5637 1378 5681 et
1398 5627 1568 5695 ﬁdem,
1597 5635 1701 5681 etc.
1724 5626 1757 5679 4
1778 5626 1954 5693 Colb.,

351 5698 509 5763 Em,
538 5700 720 5764 Cant,
754 5699 904 5764 Got.,
934 5699 1151 5765 Marm.,
1184 5707 1238 5753 et
1266 5698 1392 5753 edit.
1423 5698 1579 5751 Rom.
1612 5695 1773 5752 1474.
1802 5697 1952 5752 Parr.

353 5786 423 5827 ac
452 5768 675 5840 Cellar.,
706 5786 916 5827 causam
946 5770 1105 5840 milii,
1138 5778 1186 5826 et
1217 5768 1525 5843 scientiam;
1559 5778 1605 5825 et
1649 5769 1802 5839 ﬁdem
1849 5770 1958 5840 ipse

2062 5133 2340 5204 Dominus,
2377 5134 2480 5189 etc.
2514 5135 2574 5189 Itt
2600 5135 2729 5192 Jun.
2762 5144 2817 5190 et
2846 5136 2868 5189 l
2902 5132 3143 5204 Claront.
3173 5146 3273 5204 pro
3306 5129 3556 5204 Dominus
3585 5137 3668 5183 est

2062 5203 2233 5275 Deus,
2289 5205 2339 5258 in
2375 5206 2539 5267 priori
2568 5222 2700 5261 voce
2728 5206 2839 5275 ipse
2866 5205 3060 5259 deleta.
3105 5200 3380 5275 Veritatem
3407 5200 3669 5275 illustrare

2060 5270 2338 5330 Lactantio
2364 5276 2647 5341 familiare,
2679 5270 2847 5331 Divin.
2875 5275 3108 5329 Institnt.
3134 5274 3229 5327 lib.
3274 5288 3313 5333 ι.
3339 5287 3458 5340 cap.
3496 5272 3519 5325 1
3552 5270 3665 5336 bis,

2062 5361 2182 5416 Cap.
2211 5348 2280 5407 2;
2312 5347 2406 5401 lib.
2441 5364 2510 5409 tv,
2540 5363 2657 5417 cap.
2690 5349 2753 5406 5:
2791 5347 2884 5400 lib.
2918 5361 2991 5407 vt,
3021 5359 3140 5417 cap.
3171 5345 3237 5417 1ς
3292 5342 3396 5417 li_b._
3418 5358 3511 5403 vn.
3543 5358 3664 5411 cap.

2066 5412 2213 5483 7,'et
2260 5418 2353 5471 lib.
2386 5418 2453 5472 de
2484 5412 2711 5486 Opil‘icio
2744 5417 2834 5469 Dei
2862 5458 2875 5480 ,
2908 5430 3025 5482 cap.
3055 5412 3146 5486 2Q.
3183 5412 3332 5482 Aputl
3363 5412 3664 5486 Bttueman.

2065 5482 2258 5557 legitur
2289 5507 2301 5541 :
2331 5487 2398 5541 Et
2424 5482 2684 5543 scientiam
2712 5497 2757 5541 et
2783 5486 2936 5554 [idem
2964 5486 3073 5555 ipse
3100 5482 3663 5557 Dominus.—-Walclt.

2064 5554 2291 5615 Causam
2332 5561 2458 5614 nti/ti
2489 5571 2535 5614 et
2567 5558 2781 5615 scientia
2810 5567 2853 5609 et
2883 5554 3010 5624 ﬁdes
3040 5565 3083 5609 et
3114 5557 3223 5625 ipse
3251 5554 3519 5611 Dominus.
3546 5556 3662 5612 Lib.

2063 5646 2150 5697 tu,
2180 5648 2298 5702 cap.
2329 5633 2429 5687 15:
2466 5632 2543 5685 {id
2572 5646 2724 5702 quam
2755 5629 2958 5702 (causa:
2986 5628 3665 5702 b0ttilalem)...t_lefenden-

2062 5703 2180 5759 dam
2206 5699 2415 5760 scientia
2441 5699 2717 5758 divinitatis
2743 5708 2789 5756 et
2814 5700 2927 5772 ipsa
2953 5701 3136 5758 veritas
3160 5699 3365 5770 stt/ﬁcit.
3396 5699 3532 5754 Bun.
