4142 6200
274 278 375 341 63⁸1

277 393 471 453 addicti
506 401 561 451 et
597 393 900 453 servientes
933 395 1335 469 voluptatibus,

276 489 470 547 mentis
493 488 851 561 extinguunt;
882 497 1078 547 etcum
1102 490 1287 550 vivere
1307 508 1367 551 se
1386 495 1621 552 maxime
1652 505 1868 568 putant,

274 584 339 641 ad
376 592 608 641 mortem
648 586 1071 643 concitatissime
1104 596 1416 660 properant.
1459 588 1615 659 Nam,
1649 592 1787 648 sicut
1813 592 1869 648 in

274 677 512 736 secundo
539 678 677 733 libro
702 677 988 736 docuimus
1008 725 1023 749 ,
1056 681 1179 737 coeli
1208 682 1347 738 ratio
1376 684 1429 738 in
1459 683 1639 739 animo
1661 728 1675 751 ,
1709 694 1869 742 terra:

273 778 448 826 autem
488 769 541 824 in
568 781 802 838 corpore
836 780 938 826 est.
971 769 1071 840 Qui
1108 771 1249 827 bona
1280 775 1556 846 negligant
1583 775 1745 830 animi
1767 818 1781 839 ,
1814 780 1870 833 et

273 861 519 934 corporis
556 871 854 933 appetunt,
889 863 943 918 in
984 864 1220 920 tenebris
1257 879 1319 920 ac
1346 876 1526 923 morte
1559 875 1865 938 versantur,

273 969 395 1026 quae
415 963 541 1010 sunt
568 964 729 1010 terra
760 962 924 1026 atque
951 957 1224 1027 corporis;
1249 960 1373 1030 quia
1402 961 1507 1015 vita
1533 969 1586 1016 et
1611 962 1806 1017 .lumen
1835 975 1867 1017 ιι

273 1047 413 1104 calo
439 1054 524 1102 est
552 1062 566 1099 :
599 1045 752 1116 cuius
773 1048 1028 1116 quoniam
1048 1057 1298 1119 expertes
1325 1058 1485 1120 sunt,
1517 1053 1731 1123 corpori
1753 1066 1868 1109 ser-

272 1137 466 1194 viendo
483 1179 500 1206 ,
523 1138 683 1211 longe
707 1139 904 1195 absunt
933 1140 1002 1197 ab
1025 1141 1304 1199 intellectu
1335 1158 1516 1200 rerum
1537 1146 1860 1204 divinarum.

273 1229 483 1286 Eadem
520 1231 744 1286 miseros
774 1231 977 1302 ubique
1011 1233 1228 1309 catcitas
1268 1235 1462 1305 premit
1495 1253 1509 1291 :
1554 1236 1693 1292 sicut
1721 1237 1867 1294 enim

271 1322 367 1393 qui
393 1322 468 1378 sit
493 1336 654 1380 verus
682 1321 844 1391 Deus,
880 1326 953 1381 ita
977 1326 1068 1396 qui
1095 1327 1166 1382 sit
1187 1342 1347 1384 verus
1367 1329 1567 1400 cultus,
1596 1331 1866 1404 ignorant.

896 1434 1128 1495 CAPUT
1168 1438 1229 1497 II.

490 1527 573 1584 De
599 1530 850 1601 falsorum
882 1531 1096 1586 deorum
1120 1541 1171 1588 et
1196 1532 1303 1589 veri
1338 1533 1432 1590 Det
1464 1535 1625 1592 cultu.

337 1645 576 1701 Mactant
621 1645 782 1718 igitur
833 1646 1042 1719 opimas
1081 1663 1146 1704 ac
1191 1649 1415 1720 pingues
1471 1650 1675 1708 hostias
1722 1652 1867 1722 Deo,

266 1735 425 1808 quasi
448 1734 744 1806 esurienti;
779 1737 1111 1810 profundunt
1150 1740 1307 1808 vina,
1350 1750 1603 1814 tanquam
1631 1743 1867 1813 sitienti;

264 1829 570 1887 accendunt
597 1828 824 1899 lumina,
852 1831 1001 1887 velut
1030 1830 1083 1887 in
1132 1831 1366 1891 tenebris
1393 1834 1595 1907 agenti.
1631 1834 1783 1905 Quod
1823 1834 1872 1893 si

265 1924 563 1998 suspicari,
610 1931 705 1980 aut
769 1924 1052 1997 percipere
1096 1925 1279 1982 animo
1317 1937 1540 1998 possent
1589 1943 1709 2000 quae
1759 1928 1865 1985 sint

1446 282 1654 347 ιιιιῑιι
1689 283 1783 348 Ἣ.
1814 283 1906 351 οε
1940 282 2134 352 VERO
2166 286 2417 355 CULTU.

1376 400 1487 458 vim
1524 403 1870 477 vigoremque

1975 417 2119 483 bona‘
2154 424 2243 483 Illa
2281 424 2519 486 ctelestia
2545 471 2561 499 ,
2603 444 2831 504 quorum
2861 430 3283 507 magnitudinem
3304 478 3319 505 ,
3356 440 3570 494 terreno

3466 294 3570 359 058

1974 520 2152 577 adhuc
2174 536 2404 593 corpore
2428 522 2667 582 obvoluti
2687 569 2703 593 ,
2731 540 2891 584 sensu
2913 543 3108 598 capere
3129 546 3233 585 non
3256 540 3571 601 possumus,

1971 610 2080 685 jam
2112 626 2173 669 se
2191 627 2312 668 cum
2347 613 2430 671 itis
2458 614 2653 672 officiis
2678 617 2929 675 inanibus
2959 621 3307 678 stultissimos
3330 637 3452 680 esse
3477 638 3571 679 co-

1972 714 2255 781 gnoscant.
2280 706 2378 763 Vel
2409 705 2453 762 si
2476 710 2697 766 caeleste
2721 710 2900 768 lumen
2918 754 2933 780 ,
2958 715 3100 783 quod
3126 712 3353 771 dicimus
3375 715 3569 787 solem,

1973 793 2328 871 contemplari
2353 800 2558 867 velint,
2580 799 2690 873 jam
2719 803 2954 859 sentient
2986 818 3145 877 quam
3174 822 3279 861 nou
3336 804 3572 880 indigeat

1975 894 2209 951 lucernis
2238 910 2426 951 eorum
2455 896 2594 952 Deus
2615 938 2629 965 ,
2657 896 2747 969 qui
2775 898 2889 969 ipse
2916 901 2968 954 in
3007 916 3161 955 usum
3201 898 3435 958 hominis
3459 915 3568 959 tam

1972 987 2357 1054 claram,-tam
2388 988 2670 1044 candidam
2712 990 2885 1046 lucem
2917 991 3085 1047 dedit.
3122 992 3189 1048 Et
3232 1002 3411 1050 tamen
3442 1010 3563 1050 cum

1972 1078 2025 1139 in
2053 1094 2161 1139 tam
2187 1098 2350 1154 parvo
2378 1081 2580 1140 circulo
2598 1128 2612 1152 ,
2635 1084 2726 1156 qui
2752 1095 2971 1155 propter
2993 1084 3434 1159 longinquitatem
3462 1100 3567 1143 non

1971 1172 2199 1247 amplius
2224 1189 2384 1246 quam
2409 1176 2625 1230 humani
2650 1176 2842 1246 capitis
2875 1165 3093 1233 videiur
3123 1174 3324 1235 habere
3353 1195 3570 1236 mensu-

1972 1284 2088 1326 ram
2114 1309 2129 1336 ,
2175 1276 2379 1324 tantum
2415 1269 2485 1323 sit
2528 1269 2783 1339 fulgoris,
2817 1279 2873 1325 ut
2903 1287 3025 1327 eum
3058 1273 3364 1327 mortalium
3408 1273 3569 1328 lumi—

1974 1371 2101 1420 num
2129 1363 2274 1420 acies
2302 1377 2408 1419 non
2436 1373 2597 1436 queat
2622 1366 2903 1429 contueri;
2937 1375 2992 1420 et
3016 1365 3059 1419 si
3088 1367 3361 1436 paulisper
3388 1368 3567 1423 inten-

1974 1456 2118 1514 deris
2137 1501 2151 1524 ,
2176 1456 2459 1514 hebetatos
2484 1456 2673 1514 oculos
2697 1454 2867 1528 caligo
2889 1473 2951 1513 ac
2975 1456 3211 1515 tenebra:
3238 1474 3573 1530 consequan-

1976 1558 2063 1607 tur
2090 1568 2104 1608 :
2133 1549 2262 1624 quid
2294 1549 2507 1609 tandem
2539 1550 2757 1607 lutninls
2781 1592 2795 1618 ,
2842 1548 2970 1620 quid
3006 1552 3270 1608 claritatis
3314 1552 3454 1624 apud
3494 1552 3573 1625 ip-

1975 1660 2094 1702 sum
2128 1644 2333 1712 Deum,
2375 1660 2541 1718 penes
2582 1661 2742 1717 quem
2786 1645 2928 1701 nulla
2975 1662 3082 1702 nox
3108 1654 3192 1702 est
3218 1687 3234 1713 ,
3264 1663 3385 1703 esse
3432 1648 3575 1704 arbi-

1980 1738 2227 1797 tremur?
2253 1741 2343 1813 qui
2384 1740 2523 1797 hanc
2567 1741 2739 1812 ipsam
2783 1739 2959 1797 lucem
3003 1741 3081 1798 sic
3112 1740 3421 1797 moderatus
3449 1753 3571 1814 cst,

1977 1841 2037 1890 ut
2062 1848 2237 1904 neque
2261 1833 2427 1888 nimio
2454 1830 2662 1905 fulgore
2682 1875 2697 1901 ,
2726 1848 2901 1905 neque
2931 1834 3114 1890 calore
3139 1831 3448 1890 vehementi
3477 1850 3574 1890 no—

1975 1934 2125 1984 ceret
2150 1923 2550 1993 animantibus;
2582 1933 2903 1999 tantumque
2943 1924 3167 1981 istarum
3205 1942 3385 1982 rerum
3428 1925 3576 1984 dedit

1616 2017 1875 2076 VARIOR
1885 2019 1979 2077 UM
2016 2015 2250 2074 NOTE.

261 2121 587 2183 veteresque
612 2120 735 2183 octo
772 2110 939 2183 editi,
970 2111 1219 2167 domitum
1240 2154 1255 2178 ,
1278 2121 1629 2183 corrupte.—-
1653 2112 1755 2168 Per
1780 2114 1863 2167 di-

262 2194 461 2241 matant!
484 2181 1077 2257 pepulttm._llhtstravit
1098 2181 1656 2257 tiberiustronovius
1682 2183 1747 2240 ad
1773 2184 1863 2240 Li-

263 2259 359 2321 vii,
393 2259 431 2311 Ι.
453 2254 649 2319 χῖνιιι,
667 2271 722 2311 c.
743 2255 799 2309 2.
825 2256 1187 2326 Frequentius
1214 2256 1380 2310 hacin
1400 2270 1463 2310 re
1487 2254 1708 2311 verbum
1740 2257 1864 2310 sub-

263 2344 502 2392 movere;
533 2327 659 2382 hinc
675 2328 708 2380 l.
737 2342 797 2382 tu
819 2326 935 2383 Liv.
954 2325 1014 2383 ’c.
1036 2328 1106 2383 48
1132 2344 1147 2381 :
1166 2325 1361 2395 Lictor,
1384 2326 1640 2382 submovet
1659 2327 1863 2397 urbem,

262 2410 310 2456 et
337 2401 415 2453 da
437 2403 570 2453 niam
597 2397 819 2453 domino.
845 2398 978 2454 BUN.
1076 2444 1081 2449 .

335 2469 433 2527 Sic
456 2470 650 2523 addicti
679 2478 727 2523 et
753 2471 1043 2524 servientes.
1084 2466 1399 2540 Metaphora
1440 2483 1507 2525 ex
1537 2469 1657 2540 jure
1693 2468 1858 2525 civili.

262 2542 403 2598 Nam
440 2540 830 2611 iureconsultis
873 2540 1073 2596 addicti
1107 2534 1273 2608 sunt,
1309 2534 1557 2597 homines
1602 2538 1861 2608 obaerati,

261 2615 353 2686 qui
388 2620 449 2668 et
476 2612 602 2686 nexi
637 2613 912 2686 dicuntur,
948 2611 1039 2682 qui
1079 2611 1297 2686 legem
1325 2611 1495 2686 Tabb.
1523 2612 1596 2671 ob
1621 2627 1699 2673 aes
1725 2613 1863 2686 alig-

264 2683 398 2740 num
437 2683 799 2739 creditoribus
833 2684 885 2737 in
931 2685 1311 2752 temporariam
1352 2685 1670 2739 servitutem
1711 2683 1863 2739 addi-

262 2757 552 2812 cebantur.
578 2752 646 2809 Et
666 2754 804 2809 bene
829 2751 1067 2823 quidem.
1098 2751 1230 2809 Nam
1261 2763 1599 2824 peccatorum
1627 2756 1861 2810 servitus

261 2828 455 2883 verius
482 2827 535 2879 in
563 2825 705 2880 diem
750 2825 986 2881 addictio
1019 2834 1137 2889 est,
1170 2841 1330 2895 quam
1354 2827 1584 2880 servitus
1612 2825 1714 2880 alia
1748 2839 1761 2879 :
1793 2839 1860 2880 ex

260 2915 367 2967 qua
401 2898 471 2952 ad
500 2897 806 2968 libertatem
833 2912 929 2966 per
950 2896 1317 2967 pmttitetttiam
1343 2897 1507 2966 janua
1536 2898 1864 2968 resipiscen-

262 2966 412 3025 t'tlnts
446 2968 708 3025 beneficio
737 2966 1128 3038 Cltristi’patet.
1162 2968 1486 3024 BETULEIUS.

336 3039 476 3107 ρυω
518 3048 655 3109 sunt
682 3050 848 3094 terrae.
902 3037 977 3093 Ita
1009 3053 1138 3093 mss.
1172 3048 1226 3093 et
1276 3039 1622 3108 quatnplures
1649 3038 1777 3094 edit.
1804 3037 1865 3094 In

260 3112 549 3167 nonnullis
571 3112 845 3179 impressis
872 3110 1064 3179 legitur
1093 3111 1198 3179 qui,
1229 3110 1507 3165 mendose.

330 3184 380 3236 Α
404 3182 553 3236 caelo.
587 3181 715 3235 Mss.
748 3182 814 3236 i3
841 3196 951 3236 rec.
982 3191 1036 3236 et
1059 3182 1088 3235 7
1118 3183 1245 3236 edit.
1277 3183 1338 3234 dc
1360 3181 1507 3235 cwlo.

333 3254 546 3308 Eadem
590 3253 801 3306 miseros
847 3253 1029 3321 ubique
1061 3253 1264 3307 caecitas
1302 3252 1504 3322 prcutit.
1541 3250 1871 3321 Conspirant

256 3324 600 3382 omneslibri
627 3324 844 3378 inedita
871 3323 1098 3379 lectione
1121 3340 1135 3374 :
1157 3332 1283 3378 sunt
1311 3326 1426 3377 haec
1451 3323 1615 3387 dicta,
1638 3332 1694 3376 ιιι
1715 3325 1752 3377 l.
1784 3339 1865 3390 ιιι,

258 3411 309 3451 c.
336 3394 419 3451 24
455 3413 467 3448 :
501 3392 641 3448 Nam
661 3411 862 3463 semper
884 3395 1059 3448 eodem
1090 3396 1241 3449 modo
1268 3395 1542 3465 falluntur.
1577 3394 1707 3465 Bun.

335 3466 511 3535 Quasi
531 3467 789 3521 esurienti.
808 3465 883 3520 Ita
898 3465 1157 3535 Apuleius
1180 3467 1216 3519 l.
1233 3463 1326 3519 vitt
1343 3465 1556 3520 Metam.
1579 3480 1633 3535 p.
1652 3463 1759 3519 ‘215
1785 3483 1798 3519 :
1826 3465 1872 3519 A

255 3539 565 3607 quodam...
601 3537 987 3608 pinguissimum
1015 3536 1291 3607 deposcunt
1327 3540 1571 3608 arietem,
1603 3536 1695 3599 qui
1721 3535 1871 3608 deem

260 3610 487 3681 Syriam
512 3606 841 3681 esurientem
866 3624 959 3663 suo
984 3606 1193 3681 satiaret
1218 3608 1497 3681 sacri/icio.
1536 3606 1777 3681 Observa
1817 3607 1869 3662 in

263 3677 564 3736 Lactantio
585 3682 800 3748 copiam
822 3719 835 3741 ,
869 3678 1046 3750 quasi,
1066 3690 1320 3750 tanquam
1339 3719 1355 3745 ,
1378 3680 1535 3750 uelut.
1571 3677 1703 3732 Bon.

332 3749 641 3807 Accendttnt
670 3748 888 3804 Iumina.
920 3748 1337 3819 Otnniumﬁpene
1364 3748 1601 3819 gentium
1629 3763 1873 3803 Commu-

256 3824 347 3888 nis
376 3822 491 3878 fuit
515 3824 650 3877 ritus
678 3822 743 3876 ad
770 3820 949 3891 gaudii
974 3821 1424 3889 significationem
1452 3820 1630 3889 ignem
1671 3834 1871 3874 accen-

255 3894 400 3950 dere
426 3910 445 3959 ;
475 3909 649 3961 neque
670 3894 906 3947 occurrit
925 3892 1215 3961 quidquam
1243 3892 1576 3961 frequentius
1601 3892 1741 3960 apud
1774 3905 1871 3946 ve-

257 3978 418 4021 teres
438 3973 710 4027 auctores,
723 3980 885 4033 quam
899 3964 958 4018 λυ
965 3962 1210 4033 χνοκαῖἀς
1222 4004 1235 4028 ,
1253 3974 1305 4018 et
1331 3976 1682 4017 accensurum
1698 3962 1872 4033 lacum

260 4035 511 4101 mentio,
535 4035 605 4090 ob
630 4051 718 4091 res
744 4032 859 4089 site
883 4032 1116 4105 publice,
1147 4035 1262 4089 sive
1279 4034 1526 4102 privatim
1556 4034 1726 4105 laetas.
1744 4032 1875 4105 Nec

255 4109 457 4163 solum
482 4109 536 4161 in
553 4106 767 4177 templis
793 4104 994 4161 lumina
1013 4105 1403 4172 accendebant,
1418 4104 1511 4159 sed
1533 4104 1696 4177 etiam
1722 4104 1874 4177 domi

296 4183 508 4247 nisque
531 4174 677 4244 sum,
702 4192 873 4246 eaque
897 4177 1079 4247 januis
1107 4187 1161 4231 et
1187 4177 1436 4232 fenestris
1471 4174 1870 4245 appendebant.
1898 4230 1913 4244 κ

296 4195 508 4247 tttsque
531 4195 673 4244 sum,
702 4195 873 4246 eaque
897 4195 1079 4247 μιιιυιδ
1107 4195 1161 4231 ει
1187 4195 1436 4232 tenesms
1471 4195 1870 4245 appenaeuaut.

253 4195 558 4305 guvenalis
580 4250 632 4304 in
662 4246 730 4304 l2
750 4257 1067 4317 apparatum
1095 4247 1205 4303 diei
1232 4247 1352 4303 festi
1380 4247 1721 4312 describens,
1765 4261 1875 4302 non

253 4322 494 4392 quidem
523 4334 592 4377 ex
626 4319 842 4391 judaica
899 4318 1215 4390 disciplina,
1241 4318 1337 4374 sed
1372 4333 1439 4374 ex
1460 4318 1566 4373 ritu
1604 4331 1870 4374 romano:

1894 2994 1941 3067 Ο

2006 2112 2183 2185 iures,
2224 2110 2419 2185 quibus
2462 2108 2740 2185 lampades
2770 2110 2881 2185 “vel
2924 2111 3072 2185 cerei
3114 2112 3571 2185 appendcbantur.

2009 2129 2183 2178 tures,
2224 2129 2419 2182 qumus
2463 2129 2740 2181 lampades
2794 2129 2881 2166 vet
2924 2129 3072 2168 ceret
3114 2129 3571 2185 appenucnantur.

1970 2129 2107 2240 huic
2125 2184 2245 2237 usui
2267 2190 2477 2237 assueta
2506 2181 2746 2255 Ecclesia
2768 2182 3013 2255 illumgeo
3038 2183 3291 2239 libentius
3318 2187 3537 2241 retinuit
3558 2230 3573 2255 ,

1971 2254 2115 2329 quod
2130 2255 2326 2329 lumen
2354 2254 2719 2329 necessarium
2748 2263 2896 2329 esset
2924 2253 2978 2308 in
3007 2256 3174 2310 sacris
3193 2256 3428 2323 aedibus,
3451 2253 3576 2329 qua:

1971 2324 2174 2383 sedatis
2238 2324 2980 2395 persecutionibusrfuerunt
3042 2336 3364 2383 constructae
3420 2324 3577 2387 valde

1973 2397 2219 2470 obscura:
2240 2394 2254 2463 ξ
2276 2408 2330 2470 et
2354 2397 2648 2470 etiamnum
2676 2394 2810 2451 tales
2837 2404 3022 2470 extant
3048 2397 3227 2467 plures
3246 2440 3260 2464 ,
3286 2400 3424 2470 inter
3445 2415 3577 2470 quas

1973 2476 2102 2524 sunt
2144 2466 2547 2540 Bituricensis,
2579 2464 2961 2536 Carnotensis,
3006 2464 3062 2540 et
3106 2471 3300 2525 Sancta
3359 2464 3576 2540 Capella

1972 2540 2296 2595 Parisiensis
2314 2580 2330 2606 ,
2358 2538 2412 2592 in
2442 2538 2637 2608 quibus
2666 2554 2926 2595 accensos
2962 2538 3069 2594 vidi
3104 2554 3294 2595 cereos
3322 2538 3577 2601 necessa-

1969 2613 2082 2669 rios
2111 2612 2178 2667 ad
2205 2610 2525 2667 cantandum
2558 2608 2612 2665 in
2644 2609 2796 2664 libris
2815 2610 3115 2667 solemnem
3148 2611 3364 2666 missam
3388 2622 3443 2668 et
3462 2628 3577 2669 sex-

1971 2691 2080 2743 tam
2098 2681 2292 2745 hyeme
2310 2680 2440 2735 hora
2459 2680 2665 2736 decima
2690 2683 2972 2745 matutina;
2990 2697 3087 2737 nec
3101 2698 3205 2737 non
3222 2684 3465 2738 ecclesiae
3482 2700 3576 2739 or-

1969 2751 2110 2809 dinis
2130 2751 2525 2824 Cistercieusis,
2546 2751 2810 2824 inquibus
2825 2752 3042 2824 ponitur
3057 2768 3120 2806 ex
3140 2752 3256 2824 ejus
3278 2753 3575 2821 ordinario,

1969 2839 2065 2880 seu
2080 2822 2440 2880 crcremoniali
2455 2822 2617 2877 ms.ln
2633 2822 3311 2879 abbatiaVallinm-Sa‘rnaii
3324 2825 3580 2881 dioecesis

1971 2893 2292 2957 Parisiensis
2316 2904 2619 2955 asservato,
2652 2893 2831 2951 lumen
2872 2895 2925 2948 in
2954 2895 3219 2950 absconsa
3247 2911 3538 2957 accensum
3560 2938 3577 2964 ,

1970 2966 2238 3025 sacerdoti
2280 2968 2499 3021 missnm
2562 2974 2683 3036 post
2726 2966 2937 3036 tertiam
2979 2967 3274 3022 celebranti
3326 2983 3578 3025 necessa-

1974 3039 2113 3095 rium
2148 3039 2216 3094 ad
2256 3034 2575 3107 legendum.
2597 3034 2664 3089 Et
2691 3035 2833 3105 quod
2880 3038 3008 3091 olim
3058 3035 3153 3090 fuit
3181 3038 3445 3093 absolute
3476 3057 3573 3093 nc-

1972 3110 2275 3175 cessitatis,
2308 3108 2576 3176 hodieque
2594 3115 2680 3161 est
2704 3107 2755 3160 in
2784 3108 3058 3163 nonnullis
3092 3108 3373 3171 ecclesiis,
3429 3110 3484 3163 fit
3522 3110 3575 3164 in

1974 3181 2096 3238 aliis
2133 3181 2430 3250 majestatis
2455 3192 2616 3250 causa
2644 3220 2654 3238 ,
2686 3178 2754 3232 ad
2790 3179 2968 3250 gaudii
3006 3180 3454 3250 significationem
3481 3222 3494 3246 ,
3522 3190 3578 3235 ct

1973 3253 2041 3307 ad
2074 3248 2313 3307 laetitiam
2352 3248 2711 3322 testandum,
2735 3258 2792 3322 ut
2835 3249 3175 3322 demonstrat
3211 3249 3576 3322 Hieronymus

1975 3325 2233 3381 adversus
2266 3322 2628 3392 Vigilantium.
2652 3318 2804 3392 ertle
2828 3320 3195 3392 Athanasium
3229 3322 3281 3374 iu
3313 3318 3470 3390 epist.
3509 3322 3576 3377 ad

1974 3391 2354 3457 Orthodottos;
2383 3391 2579 3451 Euseb.
2608 3391 2701 3445 lib.
2733 3406 2784 3447 vt
2825 3391 3030 3447 lltstor.
3065 3405 3185 3461 cap.
3230 3391 3321 3455 ὅδε
3354 3393 3411 3446 S.
3443 3393 3576 3461 Epi.

1978 3465 2140 3535 phan.
2174 3465 2240 3525 ad
2264 3462 2430 3535 Juan.
2459 3462 3040 3535 llierosolymtepiscn
3072 3461 3128 3519 S.
3159 3460 3572 3535 Paulin._carm.

1977 3531 2030 3590 in
2060 3535 2233 3589 Natali
2265 3537 2298 3591 5
2326 3545 2380 3589 ct
2405 3532 2438 3587 6
2467 3533 2521 3587 S.
2555 3531 2786 3594 Felicis;
2816 3531 2874 3588 S.
2907 3534 3263 3601 Augustinum
3290 3533 3342 3587 in
3369 3533 3574 3598 Serm.,

1975 3606 2044 3663 de
2064 3607 2365 3677 Tempore,
2396 3603 2503 3677 3l5
2523 3602 2913 3677 ;Tl_teod_oret.h
2927 3603 3233 3677 iuilistoria
3263 3615 3575 3677 sanctorum

1976 3673 2229 3743 Patrum,
2252 3691 2373 3747 cap.
2396 3675 2461 3730 21
2492 3716 2506 3739 ,
2538 3675 2590 3728 in
2614 3673 3296 3747 Jaeolto;_Beliarminunt,
3333 3675 3423 3729 lib.
3450 3690 3485 3730 tt
3511 3674 3579 3731 de

1976 3748 2236 3818 Reliquiis
2263 3744 2574 3801 sanctorum
2600 3786 2616 3811 ,
2646 3761 2696 3818 c.
2722 3744 3364 3818 5314;acharonium,
3398 3755 3528 3818 tam.
3562 3761 3577 3798 t

1976 3814 2173 3879 Annal.
2203 3820 2270 3875 ad
2300 3833 2498 3881 annum
2528 3815 2735 3877 Dntniui
2769 3815 2859 3870 58.
2898 3816 2974 3871 Ex
3010 3816 3068 3870 S.
3106 3814 3323 3871 Justino
3365 3817 3573 3887 Dialog.

1977 3905 2100 3951 cum
2132 3891 2423 3962 'l‘rypltoue
2442 3888 2650 3962 Jutlmo,
2677 3887 2911 3962 lucerna:
2930 3889 2979 3943 in
2992 3886 3212 3962 _l_iturg_ia
3227 3887 3579 3962 _apud_chn.

1976 3964 2183 4018 stianos
2207 3955 2446 4016 accensa:
2475 3959 2640 4014 fuisse
2676 3959 2944 4013 videntur.
2983 3955 3112 4011 [Iuro
3144 3956 3286 4011 .l.-B.
3312 3973 3380 4014 LE
3406 3958 3574 4014 Bnuu.

2057 4033 2397 4106 Coguoscant.
2436 4032 2626 4106 licunt.
2651 4030 2800 4106 “legit.
2827 4038 3227 4106 cognoscerent.

2048 4098 2169 4161 Jaut
2188 4106 2420 4159 sentient.
2443 4104 2568 4158 Mss.
2592 4101 2627 4156 ’5
2650 4098 2803 4169 Reg,
2824 4099 2860 4154 9.
2878 4100 3033 4155 (λιιι).
3052 4110 3107 4153 et
3126 4101 3185 4155 li
3210 4098 3320 4161 δᾶ..
3338 4100 3575 4156 sentiant.

2054 4179 2218 4243 Quam
2235 4192 2337 4231 non
2362 4177 2606 4245 indigeat.
2630 4171 2708 4229 Ita
2720 4187 2915 4245 omnes
2928 4173 3426 4245 1tr0pe.tnss.jtt_ter
3446 4185 3581 4245 quos

1978 4238 2104 4304 sunt
2129 4250 2332 4303 Bonon.
2356 4262 2419 4319 ac
2442 4238 2574 4319 Εἴθε.
2592 4252 2654 4319 et
2669 4243 2755 4319 ed.
2776 4252 2894 4319 vel.
2927 4242 3111 4319 lium,
3131 4238 3451 4319 15:,”Cellar.
3474 4240 3575 4293 [nl

1980 4320 2113 4389 Reg.
2147 4335 2258 4374 rec.
2302 4318 2493 4386 legitur
2516 4310 2671 4386 quia;
2695 4313 2747 4368 in
2770 4312 2965 4378 Cauc.,
3009 4311 3137 4365 Jun.
3174 4311 3199 4363 1
3228 4310 3359 4383 Reg.
3386 4326 3497 4365 rec.
3527 4319 3583 4367 et

1903 4413 1960 4472 D
1989 4390 2275 4472 i5_etlitis_,
2306 4389 2461 4458 quod.

426 4464 614 4526 Cuncta
634 4466 811 4522 nitent,
835 4462 1007 4526 longos
1030 4462 1197 4526 erexit
1218 4460 1375 4526 Janua
1392 4470 1555 4511 ramos
1571 4495 1586 4519 ,

426 4525 497 4578 Et
517 4528 770 4579 matutinis
792 4524 1013 4590 aperitur
1029 4524 1153 4578 festa
1173 4524 1414 4575 lucernis.

344 4664 511 4721 Velut
537 4663 591 4719 in
616 4662 830 4718 tenebris
850 4661 1045 4734 agenti.
1076 4659 1391 4734 Lactantius
1401 4654 1655 4734 Ethnicis
1684 4669 1880 4728 expro-

251 4740 438 4796 brare
478 4735 687 4807 potuit,
720 4726 959 4807 quodde
1002 4733 1091 4788 die
1131 4731 1191 4807 ing
1232 4730 1445 4807 templis
1485 4726 1712 4807 deorum
1753 4726 1881 4807 stto-

248 4826 384 4866 rum
413 4850 429 4875 ,
464 4796 610 4862 solut
653 4796 706 4860 in
738 4796 975 4860 ienehris
1018 4803 1286 4875 agentium
1311 4796 1577 4875 flumina
1619 4796 1880 4875 accende-

246 4891 392 4938 rent
415 4870 550 4933 'sine
579 4877 683 4933 ulla
715 4870 1075 4941 necessitate,
1100 4874 1351 4939 siquidem
1376 4874 1430 4925 in
1474 4879 1652 4941 aperto
1680 4870 1881 4941 sacriﬁ-

244 4953 465 5008 cabant
483 4992 497 5013 ,
522 4959 587 5021 ut
604 4950 722 5021 ipse
745 4947 821 5005 ait
854 4948 971 5021 Div.
994 4938 1230 5021 Institut.
1263 4944 1366 5021 lib.
1388 4958 1447 5005 ιι.
1472 4938 1590 5021 cap.
1693 4940 1879 5021 Neque

244 5042 321 5082 ex
374 5011 988 5093 supradictisauctoris
1020 5014 1402 5093 nostriverltis
1428 5011 1753 5093 concludere
1779 5011 1879 5067 de-

244 5097 381 5152 buit
419 5083 661 5146 G'allaztt’s
684 5131 697 5157 ,
731 5086 993 5145 Lactantii
1024 5104 1161 5153 aevo,
1194 5087 1246 5142 in
1275 5083 1710 5157 Christianorum
1742 5098 1878 5138 con-

241 5163 563 5223 venticulis
604 5152 709 5216 non
744 5161 1042 5216 obtinuisse
1073 5152 1276 5214 marem
1311 5158 1464 5211 illttm
1507 5152 1760 5209 candelas
1788 5168 1880 5207 ac-

238 5232 873 5308 cendendi;_siquidem
919 5231 1112 5308 priscis
1140 5226 1461 5286 Christianis
1501 5239 1726 5308 necesse
1761 5232 1880 5308 erat

238 5313 332 5366 uti
382 5304 633 5363 lucernis
662 5311 717 5359 et
758 5303 1126 5372 lampadibus,
1159 5316 1279 5355 cum
1311 5303 1703 5372 persecutionis
1732 5304 1878 5372 metu
1926 5342 1932 5347 .

238 5392 398 5437 ante
440 5377 617 5431 lucem
658 5367 958 5430 conventus
993 5367 1255 5443 agerent,
1281 5367 1336 5427 et
1365 5368 1648 5443 incryptis
1673 5367 1880 5443 sacrifi-

234 5448 491 5510 carent.
533 5445 963 5519 ltaque_lumiua
993 5439 1062 5519 ibi
1100 5452 1253 5519 erant
1290 5439 1518 5519 omnino
1543 5439 1874 5519 ‘ttecessaria.

235 5506 683 5581 Celeberrimas
713 5516 903 5573 Gallice
935 5514 1095 5570 urbes
1140 5515 1266 5569 olim
1317 5506 1773 5581 lustrando,_vidi
1824 5510 1878 5564 in

236 5579 516 5653 ecclesia
564 5589 621 5643 S.
656 5588 796 5642 Petri
830 5586 975 5642 urbis
1019 5584 1428 5640 Andecavorum
1453 5623 1467 5647 ,
1505 5596 1600 5636 seu
1631 5579 1881 5653 Andcga-

235 5651 477 5722 serum
508 5659 736 5727 (Gallice
775 5654 1014 5732 Angers),
1051 5654 1450 5732 antiquissimus
1477 5660 1692 5732 cryptae
1722 5651 1877 5732 duas,

234 5744 301 5796 in
331 5724 589 5806 quarum
618 5745 759 5806 una,
786 5724 996 5806 scilicet
1035 5727 1232 5806 subtus
1249 5724 1471 5806 chorum
1494 5763 1509 5791 ,
1554 5724 1752 5806 fornici
1777 5724 1877 5806 ’ἰη-

233 5788 377 5869 ἦὶῗ
391 5796 584 5860 adhuc
603 5788 963 5872 suspiciuntur
985 5798 1107 5855 unci
1122 5788 1275 5854 multi
1297 5837 1310 5863 ,
1328 5788 1596 5866 etiamque
1621 5789 1877 5879 trochleae

2065 4461 2192 4516 Tam
2218 4450 2437 4521 claram,
2461 4466 2564 4533 tant
2581 4454 2855 4533 candidam
2877 4454 3061 4507 lucem.
3087 4450 3395 4533 Simplicius
3415 4451 3466 4507 in
3485 4451 3577 4506 cit.

1988 4534 2110 4589 loco
2137 4531 2413 4602 Epitontes
2443 4528 2600 4582 solem
2630 4526 2788 4602 dixit.
2820 4525 3137 4602 [iactavere
3166 4524 3252 4602 hic
3283 4534 3437 4602 vocat
3457 4540 3581 4576 ran-

1983 4604 2161 4659 didam
2187 4592 2388 4665 'tucem,
2432 4596 2682 4666 exemplo
2726 4596 2924 4662 Ennii,
2953 4592 3271 4666 Ciceronis,
3324 4594 3578 4651 aliorum.

1983 4677 2191 4733 Ennius
2219 4673 2271 4728 in
2301 4670 2415 4727 Cic.
2452 4670 2545 4725 lib.
2576 4665 2614 4734 t,
2643 4669 2843 4735 Divin.,
2871 4681 2921 4721 c.
2951 4665 3020 4722 48
3054 4683 3067 4721 z

2106 4768 2234 4821 Exin
2257 4764 2475 4825 candida
2496 4777 2554 4814 se
2578 4763 2729 4812 radiis
2751 4761 2887 4811 dedit
2916 4760 3013 4810 icta
3034 4758 3167 4810 foras
3191 4757 3296 4812 lux.

1981 4854 2097 4917 Cie.
2125 4856 2162 4913 l.
2192 4870 2252 4923 ιι,
2294 4852 2362 4911 de
2389 4850 2511 4908 Nat.
2541 4849 2694 4906 deor.
2727 4863 2778 4905 c.
2812 4847 2881 4903 15
2916 4864 2928 4901 :
2961 4847 3085 4901 satis
3110 4845 3313 4971 cauda);
3319 4844 3576 4970 1illustrat.
3636 4886 3651 4899 .

2862 4958 2865 4959 ν
3238 4931 3370 4972 HUN.

2057 5000 2227 5067 Quam
2266 4994 2481 5053 humani
2519 4992 2731 5067 cupitis,
2759 4987 3062 5047 lleraclitus
3088 4987 3256 5044 solem
3293 4984 3576 5043 latitudine

1983 5064 2158 5142 pedali
2180 5084 2305 5142 esse
2335 5064 2829 5142 (lisit_:_Epicurus_
2864 5069 3068 5142 tantum
3090 5101 3117 5142 ,_
3148 5068 3380 5142 quantus
3406 5070 3574 5142 appaf

1980 5131 2061 5197 ret
2085 5183 2099 5207 ,
2132 5151 2187 5195 ut
2222 5138 2360 5195 Plut.
2398 5139 2449 5193 in
2482 5131 2716 5207 Plaettis
2743 5135 2930 5207 refert.
2961 5131 3279 5207 Laegtshoc
3306 5131 3573 5207 posterius

1981 5196 2141 5284 etiam
2174 5211 2240 5265 ad
2270 5208 2600 5284 Heraclitum
2632 5204 2816 5284 refert.
2852 5201 3048 5284 Contra
3074 5196 3573 5284 Epicurttitrdis‘puf

1983 5266 2057 5340 tat
2085 5281 2402 5338 Cleomech
2433 5279 2525 5334 lib.
2557 5293 2614 5335 ιι.
2647 5276 2912 5333 Cmterum
2944 5273 3011 5327 de
3040 5266 3171 5340 stilis
3205 5266 3572 5340 magnitudine

1982 5337 2265 5428 legePlin.
2298 5353 2390 5407 lib.
2421 5364 2647 5428 lchap.
2696 5346 2755 5402 ti
2782 5341 3065 5428 diuertit}?-
3097 5339 3187 5428 l_i_b-
3221 5337 3567 5428 Illic-($13"):

1981 5409 2272 5495 essen,
2321 5438 2441 5492 cap.
2468 5409 2570 5487 eo;
2599 5409 2792 5495 ipsum
2812 5412 2951 5495 Ptgl.
2986 5410 3078 5466 lib.
3108 5425 3177 5475 ν,
3221 5424 3339 5495 cap.
3370 5410 3472 5472 ιδ,
3503 5409 3570 5466 de

1981 5482 2166 5569 Magna
2194 5482 2527 5569 Cdnst_rnc_t.;
2558 5482 2839 5546 et'ihidem
2872 5482 3148 5538 Tlteouem
3168 5525 3183 5550 ,
3214 5490 3377 5553 atque
3414 5497 3567 5537 eum-

1982 5565 2109 5624 dem
2139 5581 2325 5623 rursus
2354 5566 2407 5619 in
2438 5565 2625 5620 Arato.

2058 5639 2179 5695 Non
2209 5646 2355 5709 queat
2386 5632 2645 5709 contueri._
2666 5629 2765 5684 Ms.
2795 5627 2961 5709 Turn.
2997 5642 3098 5681 non
3114 5624 3280 5681 valeat
3302 5624 3566 5687 contueri;

1980 5700 2302 5776 2Clar0tn.,
2330 5713 2602 5778 nonqueat
2629 5700 2834 5757 intueri.
2902 5768 2960 5778 __
3060 5777 3065 5778 γ
3130 5774 3136 5778 Α
3238 5776 3247 5778 _
3352 5770 3369 5778 Δ
3409 5770 3421 5778 ,
3520 5728 3571 5778 ,η

2056 5768 2373 5852 Tantumque
2420 5768 2634 5832 islarum
2680 5787 2870 5829 rerum.
2902 5768 2963 5829 Id
2988 5777 3094 5853 est,
3121 5774 3315 5839 tantum
3338 5768 3564 5843 fulgoris
