4142 6200
595 280 706 343 659

597 407 648 465 ei
667 447 683 474 ,
711 412 968 476 quantum
1012 411 1106 459 aut
1143 402 1391 460 mortalia
1421 417 1649 473 corpora
1678 403 1788 475 pati
1817 410 2074 476 possent,
2102 407 2195 457 aut
2221 403 2271 466 Α

596 497 810 569 frugum
839 497 1118 552 maturitas
1144 496 1460 569 postularet.
1493 495 1632 552 Num
1663 497 1824 567 igitur
1853 496 2049 551 mentis
2079 509 2193 550 sua:

595 603 819 659 compos
859 589 1128 659 putandus
1167 599 1284 656 est,
1318 589 1408 660 qui
1444 588 1649 644 auctori
1689 598 1741 644 et
1766 588 1940 643 datori
1977 587 2196 643 luminis

597 679 946 737 candelarum
994 696 1057 736 ac
1092 696 1338 736 cerarum
1379 681 1558 736 lumen
1604 678 1761 735 offert
1795 694 1895 751 pro
1933 678 2195 734 munere?

597 771 760 830 Aliud
782 787 911 829 vero
945 773 1033 828 ille
1061 788 1091 827 a
1131 773 1288 828 nobis
1316 772 1480 843 exigit
1506 773 1684 827 lumeu
1713 813 1732 839 ,
1763 781 1818 827 et
1843 771 2058 844 quidem
2088 786 2194 826 non

598 864 859 921 fumidum
882 907 898 933 ,
922 865 1015 921 sed
1043 865 1124 937 (ut
1146 866 1220 920 ait
1253 865 1436 938 poeta)
1465 863 1724 935 liquidum
1770 873 1930 933 atque
1956 864 2156 918 clarum
2177 905 2192 932 ,

597 958 798 1014 mentis
827 957 1069 1023 scilicet,
1100 968 1320 1030 pr0pter
1347 957 1489 1029 quod
1519 973 1550 1012 a
1592 957 1764 1028 poetis
1793 965 1952 1030 φῶτες
1984 971 2194 1010 nuncu-

595 1067 812 1124 pamur,
854 1051 998 1124 quod
1045 1051 1308 1107 exhibere
1349 1065 1455 1106 non
1492 1058 1702 1121 potest,
1748 1049 1849 1104 nisi
1896 1049 1986 1119 qui
2029 1049 2196 1104 Deum

595 1145 894 1217 agnoverit.
945 1144 1166 1199 Illorum
1215 1152 1394 1198 autem
1451 1142 1552 1210 dii,
1606 1143 1728 1213 quia
1787 1140 1984 1198 terreni
2033 1149 2194 1208 sunt,

596 1248 759 1310 egent
787 1237 1113 1304 luminibus,
1144 1251 1213 1292 ne
1244 1237 1295 1290 in
1327 1235 1566 1291 tenebris
1593 1238 1702 1290 sint
1727 1254 1742 1290 :
1767 1249 1994 1306 quorum
2024 1233 2198 1289 culto-

596 1345 686 1386 res
711 1372 726 1397 ,
778 1331 903 1400 quia
947 1330 1170 1385 cmleste
1214 1327 1346 1383 nihil
1383 1328 1631 1399 sapiunt,
1673 1327 1833 1384 etiam
1865 1327 2193 1398 religiones,

597 1423 795 1493 quibus
831 1422 1179 1488 deserviunt,
1234 1421 1301 1476 ad
1337 1431 1534 1476 terram
1561 1429 1835 1477 revocant.
1867 1420 1925 1475 In
1960 1435 2020 1475 ea
2049 1418 2195 1476 enim

598 1514 802 1571 lumine
825 1529 964 1585 opus
991 1522 1074 1569 est
1095 1513 1218 1584 quia
1248 1515 1386 1568 ratio
1411 1513 1530 1585 ejus
1548 1555 1562 1579 ,
1589 1523 1644 1568 et
1683 1522 1872 1568 natura
1907 1512 2195 1568 tenebrosa

594 1617 699 1664 est.
730 1607 913 1678 Itaque
937 1605 1041 1661 diis
1064 1621 1170 1661 non
1193 1605 1470 1662 ccelestem
1494 1621 1712 1661 sensum
1731 1646 1746 1671 ,
1776 1604 1872 1661 sed
1901 1604 2192 1660 humanum

603 1703 779 1773 potius
825 1701 1146 1757 attribuunt.
1195 1700 1426 1771 Ideoque
1460 1699 1570 1755 illis
1601 1698 1908 1754 necessaria
1953 1708 2007 1754 et
2041 1707 2192 1770 grata

595 1795 826 1852 credunt
873 1810 1030 1862 esse,
1065 1774 1186 1865 quae
1225 1794 1412 1860 nobis;
1457 1793 1649 1865 quibus
1695 1801 1789 1848 aut
1831 1793 2193 1849 esurientibus

593 1903 728 1958 opus
757 1897 840 1942 est
865 1887 987 1942 cibo
1005 1851 1145 1953 ,-aut
1172 1851 1511 1951 sitientibus:
1541 1894 1691 1958 potu,
1719 1895 1811 1940 aut
1836 1896 1985 1942 veste
2006 1887 2188 1958 algen-
2221 1851 2269 1925 Β

597 1981 741 2036 tibus
769 2020 784 2046 ,
831 1990 923 2036 aut
965 1995 1086 2036 cum
1130 1979 1211 2037 sol
1259 1978 1592 2044 decesserit,
1637 1979 1876 2045 lumine,
1912 1989 1968 2036 ut
2009 1980 2190 2038 videre

598 2075 888 2145 possimus.

661 2167 834 2223 Nullis
861 2168 1022 2240 igitur
1051 2183 1114 2225 ex
1146 2168 1308 2225 rebus
1334 2177 1441 2223 tam
1476 2167 1691 2237 probari
1734 2177 1792 2224 et
1832 2167 2059 2239 intelligi
2089 2183 2186 2238 po-

592 2270 721 2328 test,
752 2263 886 2318 deos
931 2264 1086 2328 istos,
1133 2278 1253 2316 eum
1304 2261 1594 2332 aliquando
1640 2261 1912 2326 vixerint,
1945 2269 2192 2316 mortuos

599 2370 746 2420 esse,
773 2369 933 2425 quam
983 2371 1049 2410 ex
1099 2355 1216 2426 ipso
1259 2355 1363 2408 ritu
1394 2355 1485 2426 qui
1515 2363 1598 2410 est
1629 2364 1772 2410 tatus
1802 2370 1833 2411 e
1862 2364 2024 2409 terra.
2054 2353 2192 2424 Quid

597 2448 742 2504 enim
781 2448 1020 2504 etelestis
1067 2447 1121 2502 in
1174 2449 1234 2502 sé
1285 2447 1410 2502 boni
1461 2456 1639 2516 potest
1685 2447 1887 2503 habere
1931 2447 2194 2518 pecudum

594 2539 817 2609 sanguis
848 2539 1051 2595 effusus
1103 2555 1211 2610 quo
1239 2556 1362 2597 aras
1395 2541 1711 2612 inquinant?
1756 2539 1859 2594 nisi
1900 2538 2040 2594 forte
2066 2539 2198 2595 deos

595 2630 910 2686 existimant
939 2646 1006 2686 eo
1028 2633 1209 2697 vesci,
1244 2633 1386 2702 quod
1421 2633 1673 2688 homines
1704 2640 2064 2702 aspernantur
2111 2641 2196 2686 at-

597 2721 825 2792 tingere.
861 2722 928 2777 Et
952 2722 1198 2792 quisquis
1225 2723 1331 2779 illis
1363 2724 1503 2779 hanc
1551 2722 1791 2794 saginam
1843 2721 2192 2792 praestiterit,

598 2815 846 2886 quamvis
878 2815 966 2870 ille
1003 2826 1301 2887 grassator,
1333 2818 1565 2880 adulter.
1595 2817 1895 2882 veneﬁcus,
1927 2813 2196 2887 parricida

593 2909 686 2976 sit,
722 2909 913 2965 beatus
933 2925 998 2965 ac
1023 2910 1148 2966 felix
1173 2913 1296 2966 erit.
1328 2911 1482 2968 Hunc
1507 2911 1757 2982 diligunt,
1781 2909 1925 2966 hunc
1956 2918 2193 2974 tuentur;

589 3001 716 3058 huic
746 3005 946 3069 omnia,
978 3021 1098 3075 qua:
1141 3007 1444 3074 optaverit,
1497 3013 1774 3076 praestant.
1827 3003 2018 3060 Merito
2066 3018 2194 3074 ergo

594 3092 812 3150 Persius
843 3094 1154 3167 huiusmodi
1183 3097 1600 3168 superstitiones
1631 3111 1732 3153 suo
1763 3110 1916 3153 more
1940 3094 2188 3153 deridet:

1701 283 1885 343 FIRM.
1928 242 2298 342 moram"
2338 279 2541 340 DlVlN.
2569 277 2812 338 lNS'l‘lT.

3797 267 3904 327 MO

2643 397 2749 458 Qua
2767 405 2818 447 tu
2844 393 3051 459 (inquit)
3071 393 3307 459 mercede
3330 393 3537 459 deorum

2424 460 2617 512 Emeris
2640 454 2911 522 auriculas;
2935 454 3168 522 pultnone
3191 466 3242 509 et
3266 456 3472 510 lactibus
3490 454 3682 507 unctis?

2300 573 2580 630 Sentiebat
2608 573 2861 629 videlicet
2889 587 3000 628 non
3023 585 3187 629 carne
3215 585 3352 642 opus
3387 585 3512 626 esse
3554 569 3624 625 ad
3678 569 3902 640 plaano

2299 666 2422 722 dam
2473 665 2750 722 caelestem
2796 667 3171 735 majestatem,
3219 663 3316 720 sed
3368 671 3551 719 mente
3597 671 3815 729 sancta,
3846 671 3902 718 et

2294 759 2442 830 justo
2473 759 2672 828 animo,
2705 769 2760 814 et
2790 767 3010 830 pectore
3055 758 3139 829 (ut
3183 757 3300 828 ipse
3343 755 3442 829 ait)
3490 756 3634 826 quod
3666 757 3900 812 naturali

2299 854 2370 910 sit
2398 854 2678 910 honestate
2709 868 3052 925 generosum.
3097 852 3226 908 Haec
3271 861 3356 908 est
3400 851 3590 923 religio
3636 852 3899 920 caelestis,

2300 960 2408 1000 non
2435 961 2553 1016 quae
2579 955 2795 1001 constat
2827 962 2894 1000 ex
2923 946 3085 1001 rebus
3115 945 3408 1015 corruptis,
3443 944 3538 1000 sed
3566 960 3688 1016 qua:
3726 946 3900 1001 virtu-

2301 1037 2444 1092 tibus
2470 1037 2670 1102 animi,
2703 1037 2794 1108 qui
2825 1038 2998 1093 oritur
3026 1053 3056 1092 e
3083 1037 3242 1092 caelo.
3278 1037 3377 1092 llic
3405 1051 3567 1093 verus
3593 1046 3677 1094 est
3700 1037 3898 1106 cultus,

2300 1129 2356 1185 in
2420 1145 2528 1202 quo
2585 1148 2739 1186 mens
2779 1131 3009 1187 colentis
3051 1132 3286 1202 seipsam
3333 1131 3445 1186 Deo
3498 1131 3901 1188 immaculatam

2299 1225 2573 1280 victimam
2600 1225 2762 1280 sistit.
2787 1223 2844 1280 1d
2869 1237 3049 1280 autem
3076 1226 3249 1295 ipsum
3271 1224 3543 1296 quomodo
3565 1240 3905 1296 consequen-

2299 1318 2450 1384 dum,
2480 1317 2752 1389 quomodo
2783 1317 3144 1389 praestandum
3177 1318 3287 1386 sit,
3315 1319 3532 1374 docebit
3574 1319 3732 1388 hujus
3775 1319 3900 1375 libri

2298 1413 2613 1483 disputatio.
2661 1411 2811 1468 Nihil
2856 1413 3001 1468 enim
3049 1420 3158 1468 tam
3204 1413 3555 1484 praeclarum,
3590 1413 3901 1484 hominique

2296 1508 2628 1563 conveniens
2659 1515 2836 1578 potest
2863 1521 3006 1574 esse,
3055 1522 3214 1579 quam
3263 1507 3481 1565 erudire
3531 1508 3784 1566 homines
3831 1509 3900 1565 ad

2294 1599 2579 1670 justitiam.

2371 1693 2407 1744 Α
2418 1689 2524 1762 pud
2539 1687 2856 1747 Ciceronem
2877 1689 3098 1746 Catulus
3116 1692 3170 1747 in
3194 1691 3481 1748 llortensio
3500 1692 3902 1766 pbilosopniam

2297 1783 2459 1840 rebus
2485 1785 2734 1840 omnibus
2766 1784 3078 1854 praeferens,
3125 1785 3286 1842 malle
3331 1801 3391 1842 se
3434 1787 3563 1843 dicit
3605 1788 3690 1844 vel
3735 1807 3901 1848 unum

2299 1892 2519 1948 parvum
2552 1879 2620 1936 de
2649 1880 2838 1938 Officio
2869 1883 3132 1947 libellum,
3165 1898 3326 1954 quam
3356 1883 3570 1954 longam
3599 1887 3904 1943 orationem

2294 1989 2390 2043 pro
2436 1974 2695 2032 seditioso
2737 1977 2956 2033 homine
2985 1975 3261 2034 Cornelio.
3307 1978 3436 2046 Qua:
3476 1982 3744 2037 sententia
3795 1999 3907 2038 non

2293 2067 2475 2138 utique
2499 2066 2698 2135 Catuli,
2726 2070 2815 2141 qui
2844 2070 3077 2127 fortasse
3116 2071 3245 2127 illud
3289 2088 3395 2128 non
3441 2072 3601 2140 dixit,
3633 2074 3729 2130 sed
3750 2074 3911 2132 Cice-

2293 2162 2442 2217 ronis
2468 2171 2550 2216 est
2578 2164 2830 2230 putanda,
2864 2165 2954 2236 qui
2978 2165 3218 2235 scripsit.
3245 2165 3444 2232 Credo,
3471 2176 3530 2222 ut
3556 2167 3746 2235 libros,
3769 2184 3909 2240 quos

2295 2255 2363 2310 de
2391 2254 2606 2312 Officiis
2632 2266 2750 2312 erat
2789 2259 3114 2327 scripturus,
3145 2260 3586 2316 commendaret:
3616 2261 3669 2316 in
3709 2262 3908 2333 quibus

2299 2345 2452 2416 ipsis,
2484 2347 2615 2402 nihil
2648 2362 2772 2404 esse
2804 2358 3033 2404 testatur
3063 2350 3114 2404 in
3145 2351 3294 2406 omni
3339 2350 3677 2423 pliilos0pliia
3709 2353 3907 2410 melius

2301 2450 2356 2494 et
2386 2440 2737 2508 fructuosius,
2787 2457 2948 2513 quam
3003 2453 3271 2514 praecepta
3321 2445 3442 2499 vitae
3484 2444 3635 2502 dare.
3666 2445 3822 2515 Quod
3859 2447 3906 2502 si

2303 2530 2407 2587 hoc
2456 2532 2534 2588 illi
2586 2532 2816 2601 faciunt,
2871 2535 3066 2605 quibus
3118 2550 3227 2591 non
3275 2546 3360 2592 est
3408 2538 3607 2594 veritas
3648 2539 3908 2610 cognita;

2299 2634 2502 2696 quanto
2535 2628 2703 2696 magis
2732 2642 2829 2682 nos
2860 2628 3042 2683 facere
3069 2627 3350 2696 debemus,
3387 2629 3478 2700 qni
3508 2647 3538 2686 a
3570 2631 3681 2687 Deo
3705 2633 3909 2688 eruditi

2301 2729 2354 2774 et
2381 2719 2663 2775 illuminati
2704 2736 2990 2792 possumus
3019 2739 3146 2780 vera
3178 2725 3513 2796 prsecipere?
3555 2727 3666 2784 Nec
3718 2737 3908 2786 tamen

2299 2811 2377 2866 sic
2406 2811 2744 2879 docebimus,
2774 2823 2832 2868 ut
2860 2815 3014 2884 quasi
3045 2816 3214 2886 prima
3244 2816 3458 2872 virtutis
3485 2818 3756 2875 elementa
3785 2831 3909 2876 trao

2299 2902 2510 2969 damus,
2541 2905 2682 2976 quod
2713 2915 2795 2961 est
2835 2906 3100 2962 infinitum
3129 2924 3144 2965 :
3177 2909 3271 2964 sed
3305 2919 3557 2980 tauquam
3593 2910 3911 2968 docendum

2301 2998 2699 3068 susceperimus
2722 3014 2867 3065 eum,
2894 3001 2984 3071 qui
3013 3001 3154 3072 apud
3185 3003 3308 3058 illos
3340 3003 3452 3073 jam
3491 3004 3758 3075 perfectus
3779 3023 3914 3064 esse

2297 3091 2562 3148 videatur.
2611 3092 2947 3150 Manentibus
2993 3095 3136 3151 enim
3184 3098 3466 3169 praeceptis
3508 3113 3732 3167 eorum,
3778 3116 3914 3173 qua:

1951 3207 2308 3268 VARIORUM
2348 3206 2577 3265 ΝΟΤᾸΞ.

593 3339 642 3402 et
667 3331 874 3389 caloris.
915 3333 988 3388 Ita
1018 3349 1160 3402 sirpe
1189 3335 1494 3392 Lactantius
1523 3343 1581 3390 et
1603 3331 1813 3390 Cicero.
1843 3331 2073 3398 Noster,
2103 3329 2142 3384 l.
2166 3344 2184 3383 ι

595 3401 793 3484 instit.,
813 3420 933 3476 cap.
962 3406 996 3460 5
1018 3401 1342 3484 χΠι-ῳῃιυηι
1361 3408 1414 3460 in
1440 3403 1680 3484 eo'(lleo)
1699 3407 1763 3484 sit
1783 3406 1999 3484 istarum
2021 3417 2192 3484 rerum

595 3472 685 3548 (id
718 3484 836 3548 est,
875 3472 1286 3546 magnitudinis,
1331 3472 1940 3548 potestatis,'virtutis,
1989 3473 2190 3544 majes-

615 3544 742 3616 ati_s)
761 3588 774 3611 ,
802 3544 1064 3616 quantum,
1094 3559 1200 3605 etc.
1232 3544 1364 3606 BDN.

669 3614 792 3670 Pati
815 3614 1042 3688 possent.
1075 3620 1164 3676 Sic
1192 3621 1470 3676 emendavi
1501 3635 1566 3675 ex
1607 3622 1642 3676 5
1671 3619 1830 3674 editis
1875 3618 2192 3688 cunctisque

594 3690 875 3762 msgquod
907 3701 1132 3762 poscunt
1153 3693 1385 3762 prteced.
1415 3702 1646 3755 noceret,
1675 3700 1729 3746 et
1749 3705 1864 3761 seq.
1886 3691 2187 3762 postularet.

669 3758 1277 3833 I_’ostularet.7Heuman.
1307 3765 1412 3833 leg.
1440 3763 1682 3833 postulat.

666 3829 927 3903 Ceramni.
962 3831 1090 3887 Mss.
1120 3836 1172 3888 1.
1204 3834 1337 3903 Reg.
1363 3829 1473 3888 vet.
1505 3849 1766 3895 cerarum;
1789 3834 1812 3888 1
1838 3832 1972 3902 Reg.
2003 3841 2190 3903 ree.et

596 3899 730 3982 edit.
768 3900 844 3982 is.
868 3917 1176 3982 Acereorum;
1211 3906 1234 3959 l
1266 3899 1338 3959 al.
1371 3905 1505 3975 Reg.
1536 3919 1648 3960 rec.
1681 3899 1964 3958 cereoruni.
1991 3902 2189 3959 Cteteri

595 3977 654 4024 ιιι
681 3977 734 4024 in
764 3979 939 4028 textu.

664 4039 848 4095 Poeta.
879 4042 1096 4099 Lucret.
1130 4045 1227 4100 lib.
1251 4061 1304 4099 v.
1330 4045 1398 4101 de
1423 4045 1620 4102 Natura
1652 4061 1856 4100 rerum.

666 4111 775 4166 Sed
800 4113 1071 4187 liquidum.
1106 4116 1217 4172 Hoc
1245 4126 1329 4173 est
1353 4161 1367 4182 ,
1399 4117 1604 4172 clarum
1626 4159 1638 4179 ,
1665 4115 1809 4187 quod
1833 4117 2186 4187 sincerum,a

591 4183 720 4239 vino
741 4183 875 4241 colis
891 4184 1158 4242 defmcato
1180 4189 1529 4244 translatione
1552 4183 1712 4243 facta.
1732 4187 1807 4243 lta
1828 4186 2102 4258 Virg.Ecl.
2120 4186 2184 4243 6:

1120 4277 1183 4329 Et
1209 4278 1379 4343 liquidi
1403 4279 1549 4331 simul
1574 4281 1726 4343 ignis;

586 4367 642 4414 et
662 4359 857 4416 Lucret
888 4377 904 4417 :
1549 4421 1552 4424 .

1517 4457 1694 4507 nobilis
1711 4456 1793 4506 ille

710 4514 923 4567 Devolet
948 4517 996 4567 in
1017 4523 1198 4568 terram
1221 4520 1394 4584 liquidi
1417 4520 1548 4571 calor
1571 4533 1755 4570 aureus
1778 4521 1924 4582 ignis,

585 4594 789 4672 dixere.
814 4598 948 4672 Quae
967 4603 1257 4672 contraria
1275 4605 1497 4658 omnino
1526 4604 1775 4657 videntur
1821 4603 1948 4672 igni.
1993 4600 2174 4671 Liqui-

587 4667 712 4720 dum
740 4669 884 4744 enjm
914 4685 940 4721 a
965 4671 1169 4744 liquore
1196 4691 1207 4723 :
1241 4674 1332 4727 sed
1365 4675 1597 4744 liquidus
1629 4667 1886 4737 voratur',
1942 4673 2044 4726 hoc
2075 4667 2180 4730 est

585 4752 772 4808 purus,
803 4738 1072 4794 fnmnnon
1109 4738 1436 4812 inquinatus:
1470 4745 1780 4800 Tunxanus.

656 4819 818 4871 Φῶτες
840 4827 1216 4936 ηυηεῆραηηιικ
1237 4815 1325 4870 Sic
1348 4818 1552 4871 reSIitui
1582 4833 1644 4870 ex
1677 4830 1803 4868 mss.
1824 4814 1858 4867 Ξ
1878 4814 2014 4878 Reg.
2038 4817 2176 4870 anti-

658 4881 876 4936 issimis.
917 4898 975 4936 su
1024 4885 1327 4936 raaantihus
1362 4886 1665 4936 veterrimis
1691 4885 1930 4936 Cauc..i
1965 4885 2171 4936 Bonnn-

527 4897 536 4906 υ
583 4883 876 4950 quissimis,
917 4883 1327 4950 suffragantibus
1362 4886 1665 4942 veterrimis
1691 4885 1930 4949 Caue.,i
1965 4885 2171 4943 Bonnn.

585 4961 641 5006 et
668 4967 776 5006 rec.
809 4953 843 5006 ΕΞ
873 4953 1028 5022 Reg.,
1075 4956 1260 5010 Marm.
1295 4959 1319 5012 1
1353 4957 1588 5012 Clarom.
1613 4967 1668 5011 et
1693 4956 1857 5010 Brttn.
1885 4957 2176 5026 quibusest

615 5032 742 5102 c539;
781 5034 1150 5102 nuncupatur;
1197 5027 1332 5102 Ultr_.
1367 5031 1554 5100 fortes;
1593 5027 1629 5082 2
1661 5029 1804 5102 Reg.
1834 5043 2170 5102 recta-mag;

640 5095 771 5166 Reg.
799 5097 968 5170 (ξι-ξφ
1001 5097 1157 5151 Rom.
1191 5095 1626 5170 M74fphantes;
1652 5095 1866 5170 [Begu
1893 5102 1915 5154 1
1940 5095 2170 5170 Bonam,

579 5165 738 5233 Pen.,
770 5166 894 5222 edd.
929 5168 1172 5223 Florent.
1211 5180 1265 5223 et
1295 5165 1416 5222 Ald.
1453 5170 1590 5224 1515
1616 5212 1630 5235 ,
1665 5165 1952 5234 ΡΙιαήειεες
1987 5171 2008 5221 1
2046 5169 2172 5224 Cla-

578 5252 716 5311 rom,
750 5238 976 5311 focus;fl
1012 5239 1168 5307 Reg,
1199 5242 1234 5294 2
1260 5239 1426 5311 Culb.
1451 5245 1627 5311 focos;
1658 5242 1680 5295 1
1719 5242 1789 5293 al.
1821 5240 1970 5295 Coll).
2005 5241 2170 5310 fades;

580 5307 631 5382 in
663 5309 834 5382 altero
863 5309 1016 5364 Coll).
1047 5314 1211 5382 fontes
1232 5355 1244 5372 ,
1275 5307 1558 5374 mendose,
1587 5327 1686 5381 pro
1707 5320 1895 5380 φῶτες,
1925 5307 2064 5380 quod
2090 5323 2170 5366 est

579 5378 674 5430 uiri
719 5378 1088 5450 nuncupantur.
1138 5382 1194 5437 lit
1226 5385 1247 5437 1
1285 5382 1443 5451 Reg.,
1491 5383 1526 5436 2
1552 5378 1724 5438 Coll).
1751 5392 1805 5437 et
1851 5378 2008 5436 editis
2038 5392 2172 5454 ea;

579 5461 932 5524 nunqlpalur,
969 5454 1020 5506 id
1061 5463 1176 5524 est,
1225 5456 1314 5510 lux
1348 5455 1660 5523 appellatur.
1702 5452 2052 5509 Grammatici
2076 5452 2168 5524 idi-

581 5523 716 5571 Clllll’
741 5525 880 5642 ῗὼςδ
911 5523 1125 5602 quando
1154 5528 1315 5578 virum
1339 5525 1623 5592 significat,
1651 5524 1795 5596 gravi
1822 5534 1948 5579 tono
1975 5523 2168 5590 scribi;

581 5603 740 5642 ﬂuant
762 5606 795 5642 0
823 5607 950 5642 vero
975 5593 1169 5642 lumen-
1196 5597 1563 5642 circumflexo-

580 5593 795 5658 quando
823 5607 950 5644 vero
975 5593 1169 5658 lumen,
1196 5597 1563 5652 circumflexo.

654 5659 908 5739 quesci.
929 5663 1338 5739 _Se_._sang_uine.
1367 5667 1562 5723 Rarius
1589 5668 1724 5739 vesci
1743 5667 1811 5722 de
1838 5665 2166 5739 potionibus.

577 5729 690 5817 (lie.
721 5731 814 5817 lib.
848 5749 884 5788 ιι
913 5736 978 5789 de
1006 5733 1124 5817 Nat.
1159 5729 1346 5817 dego.
1389 5753 1508 5813 cap.
1541 5739 1658 5816 εὖτ
1691 5737 1778 5797 Dii
1807 5729 1897 5798 n'ec
1928 5738 2053 5795 escis
2083 5755 2174 5795 nec

582 5805 872 5873 potionibus
899 5816 1190 5872 vescuntur.
1220 5806 1352 5870 BUN.
1455 5805 1473 5813 ’
1541 5813 1546 5816 ’

2370 3325 2704 3400 Huiusmodi.
2737 3327 2812 3383 Ita
2845 3329 3138 3400 repositum
3171 3345 3238 3386 ex
3276 3331 3530 3388 omnibus
3561 3331 3730 3389 ferme
3759 3351 3909 3392 mss.

2295 3405 2360 3474 et
2370 3397 2506 3474 edit.
2540 3397 2713 3474 Paris.
2746 3397 3063 3474 1525.]:[2
3093 3401 3226 3472 Reg.
3254 3419 3383 3474 Arec.
3433 3406 3747 3474 cunctisque
3784 3409 3912 3464 fere

2296 3469 2457 3545 editis
2486 3478 2568 3545 est
2595 3470 2963 3545 hujuscemodi.
3000 3469 3223 3545 Persius
3247 3472 3423 3545 Satyr.
3451 3475 3508 3540 2,
3538 3492 3590 3530 v.
3620 3469 3708 3532 50.

2370 3539 2571 3616 {inieris
2598 3541 2963 3616 auriculas._ld
2992 3555 3094 3609 est,
3126 3539 3454 3601 auditionem
3479 3539 3796 3616 benignam.

2369 3610 2610 3687 [fortibus
2638 3613 2823 3668 unctis.
2857 3613 2970 3687 Hoc
2997 3625 3100 3680 est,
3131 3617 3416 3687 pinguibus
3454 3610 3749 3675 intestinis.-

2373 3682 2501 3762 Non
2546 3686 2930 3762 carne.....__ad
2981 3682 3590 3762 placandamaﬁgregie
3632 3689 3745 3762 Cie.
3804 3707 3914 3762 pro

2289 3753 2540 3833 Cluentio
2571 3769 2622 3809 c.
2655 3754 2727 3833 98
2755 3773 2766 3807 :
2801 3754 2979 3833 lVeque
3008 3758 3271 3828 intelligit,
3302 3753 3486 3826 pietate
3503 3753 3581 3833 vet
3625 3753 3912 3833 religio-ne,

2291 3835 2338 3878 et
2351 3826 2508 3904 justi:
2530 3826 2758 3904 precilrus
2778 3828 2990 3904 deorum
3009 3826 3317 3904 ttietttes,nec
3343 3826 3918 3904 superstitioneﬁreque

2293 3895 2361 3949 ad
2380 3898 2554 3968 scelus
2569 3897 3096 3968 perﬁciendumewsis
3121 3901 3299 3953 hostiis
3331 3895 3475 3968 posse
3504 3895 3720 3968 placari.
3754 3895 3914 3962 Buri.

2367 3966 2613 4021 Naturali
2643 3969 2708 4041 sit
2740 3970 3000 4041 honestate
3024 3966 3344 4041 generosum.
3380 3966 3547 4027 Persii
3581 3975 3762 4029 verbis
3799 3993 3915 4032 vo-

2293 4052 2411 4092 cem
2459 4038 2714 4115 naluralis
2759 4039 2979 4109 adjecit,
3027 4038 3517 4115 quamperperam
3567 4060 3918 4115 acceperunt

2296 4109 2559 4184 nonnulli.
2597 4108 2720 4184 Ideo
2746 4108 2926 4166 autem
2957 4108 3060 4167 voi
3087 4112 3176 4166 illa
3207 4108 3431 4179 inserta,
3473 4116 3596 4184 quia
3627 4108 3918 4174 naturalia

2294 4178 2606 4251 firmissime
2634 4179 2861 4245 luerent,
2897 4191 2953 4237 nt
2990 4183 3151 4237 nativi
3194 4178 3744 4251 eoloresret’similia;
3794 4191 3919 4247 nisi

2292 4259 2472 4324 tamen
2501 4249 2836 4324 honestatem
2865 4254 3161 4310 naturalem
3211 4256 3501 4324 appellavit
3541 4249 3793 4312 Lactant.
3835 4265 3915 4318 ad

2291 4320 2500 4402 dogma_
2533 4321 2773 4377 Stoicum
2823 4326 3142 4402 respiciens.
3177 4320 3520 4402 Generosum
3567 4327 3726 4394 dixit,
3765 4335 3920 4402 quia

2291 4405 2418 4447 vera
2452 4393 2622 4461 pietas
2651 4393 3038 4468 generosafest,
3090 4397 3243 4452 bona:
3293 4399 3406 4468 Spei
3453 4399 3646 4467 plena;
3695 4393 3920 4460 contra

2290 4478 2420 4540 vero
2445 4465 2757 4540 superstitio
2797 4466 3138 4540 meticulosa,
3187 4477 3243 4522 et
3289 4465 3339 4522 in
3388 4465 3608 4523 humum
3651 4470 3918 4540 deiecta.

2133 4603 2145 4632 ἕ
2206 4572 2260 4632 D
2286 4533 2490 4632 “Quare'
3253 4555 3372 4632 eSS‘e
3397 4611 3408 4622 .
3431 4540 3667 4632 (Ξίξριηει
3685 4533 3733 4607 ,⁷
3781 4561 3920 4627 Po"

2283 4609 2558 4683 ospomeiau
2583 4607 2842 4683 numinis,
2874 4609 2967 4663 sed
2999 4611 3255 4666 κολακείαν
3284 4628 3295 4663 :
3325 4611 3411 4665 cui
3441 4607 3574 4665 Vitio
3605 4616 3917 4682 proprium

2279 4677 2630 4752 racemus»,
2658 4677 2801 4746 quod
2847 4694 3111 4748 generoso
3157 4683 3336 4736 animo
3363 4677 3643 4752 repngnai.
3675 4677 3748 4738 Is.
3789 4686 3922 4744 Ca-

2279 4760 2568 4822 saqnoutis.
2591 4747 2877 4822 Alncﬂoctunir
2901 4767 3145 4820 generoso
3175 4763 3347 4822 pectus
3374 4747 3602 4807 honesto.
3630 4754 3809 4811 Pass.

2351 4817 2430 4870 De
2458 4818 2654 4893 Ofﬁcio.
2685 4817 3042 4893 Sc‘ripti'ergo
3074 4817 3200 4878 sunt
3221 4823 3532 4879 Officiurttm
3554 4825 3713 4880 libelli
3757 4841 3919 4887 ante

2279 4887 2648 4962 Hortensium,
2679 4889 2770 4960 qui
2801 4887 2979 4962 periit.

2351 4957 2478 5040 ξω.
2507 4957 2746 5040 seditioso
2794 4957 2999 5017 homine
3047 4963 3303 5040 Cornelio.
3356 4963 3470 5040 Non
3503 4966 3690 5033 Balbo,
3722 4972 3919 5040 cujus

2279 5031 2509 5108 actionis
2535 5030 2610 5108 de
2635 5032 2852 5108 civitate
2871 5038 3107 5108 quaestio
3136 5046 3238 5090 est.
3271 5036 3555 5107 Actionum
3601 5030 3691 5108 pro
3744 5030 3918 5099 ϐὅτ-

2279 5102 2424 5155 nelio
2451 5102 2693 5156 meminit
2723 5104 2834 5173 ipse
2863 5103 3054 5159 Cicero
3083 5108 3134 5160 in
3167 5108 3259 5162 lib.
3293 5109 3360 5160 de
3385 5104 3532 5162 om.
3557 5102 3614 5163 et
3637 5108 3699 5162 dc
3731 5110 3918 5170 Peti-

2281 5173 2427 5252 tione
2455 5175 2788 5252 consulatus.
2822 5175 3090 5252 Caeterum
3117 5177 3247 5252 haecL
3255 5176 3532 5234 Ciceronis
3558 5181 3716 5235 verba
3750 5195 3918 5252 puto

2277 5244 2669 5317 exilortensio
2699 5260 2819 5301 esse
2845 5247 3182 5317 deprompta.
3214 5248 3542 5305 Bsruuzws.

2349 5313 2534 5378 Credo,
2568 5327 2620 5369 ut
2646 5317 2820 5371 libros.
2857 5313 2931 5371 ita
2977 5313 3185 5374 resiitui
3216 5336 3279 5374 ex
3319 5321 3452 5374 edit.
3487 5321 3677 5376 Cellar.
3707 5339 3920 5383 cuneo

2277 5384 2608 5462 tisque_ms_s.
2638 5396 2834 5462 praeter
2860 5388 2894 5441 2
2923 5389 3054 5459 Reg.
3099 5406 3209 5446 rec.
3253 5392 3304 5444 in
3334 5392 3547 5462 quibus,
3583 5405 3635 5448 ut
3666 5394 3717 5448 in
3759 5399 3912 5454 vul-

2276 5460 2436 5526 gatis,
2471 5456 2666 5526 legitur
2696 5457 2912 5512 libellos.
3009 5456 3028 5514 ξ

2355 5526 2608 5581 Testatur.
2641 5526 2818 5583 Cicer.
2851 5529 2920 5584 de
2951 5530 3108 5585 Offie.
3143 5533 3314 5588 initio.

2353 5597 2644 5674 [tt/initum.
2696 5601 2719 5653 1
2768 5599 2922 5657 Colb.
2974 5601 3134 5658 Brun.
3169 5605 3299 5660 edit.
3335 5603 3492 5660 Rom.
3529 5606 3688 5674 1470,
3715 5619 3781 5666 et
3817 5612 3910 5669 ls.

2275 5669 2530 5739 inﬁmum.

2273 5741 2640 5884 alir;;£;zét‘tﬁ.
2673 5741 2820 5803 inter
2842 5743 3213 5819 philosophos,
3234 5747 3324 5806 alii
3345 5758 3500 5808 erant
3528 5750 3916 5828 proficientes,
