4142 6200
270 267 366 330 Ml

1443 251 1648 311 LIBER
1685 249 1774 308 Vl.
1819 245 1910 306 DE
1948 244 2138 305 VERO
2173 241 2428 304 CULTU.

3471 227 3578 290 6l2

267 383 446 442 solent
472 377 540 435 ad
571 376 893 450 probitatem
925 381 1072 430 recte
1101 371 1254 436 dare,
1299 371 1474 443 ignota
1519 368 1627 424 illis
1665 380 1858 438 super-
1886 365 1939 425 Α
1965 358 2288 432 quibusdam
2331 351 2702 450 delinimentls
2743 347 3080 450 naturalibus
3118 346 3326 450 illicere
3363 347 3573 450 animos

267 487 562 540 struemus,
607 470 674 527 ad
707 468 1089 542 perficiendam
1119 463 1706 534 consummandamque
1751 461 1872 531 jus-

268 570 464 634 titiam,
485 580 646 638 quam
694 577 803 620 non
835 570 1040 619 tenent.
1071 559 1149 615 Ea
1177 573 1326 622 vero,
1349 572 1469 628 quae
1496 564 1722 626 possunt
1747 568 1871 608 cum

268 663 378 720 illis
402 675 526 718 csse
553 657 862 716 communia
887 698 902 722 ,
935 652 1381 726 praetermittam;
1433 665 1500 705 ne
1547 647 1678 720 quid
1709 647 1778 702 ab
1807 646 1873 701 iis

270 756 455 814 videar
503 752 778 818 mutuari,
830 765 1060 822 quorum
1106 761 1320 805 errores
1367 758 1664 815 coarguere
1709 751 1873 812 atque

269 849 482 922 aperire
510 843 874 904 decreverim.

911 955 1140 1014 CAPUT
1178 954 1269 1011 111.

275 1077 353 1134 De
378 1077 501 1144 viis,
534 1083 580 1130 et
605 1074 668 1130 de
697 1072 828 1128 vitiis
855 1081 903 1127 et
931 1069 1232 1135 virtutibus;
1254 1083 1314 1122 ac
1345 1069 1408 1122 de
1443 1066 1552 1122 (mli
1583 1063 1805 1135 praemiis
1826 1067 1876 1117 et

806 1167 1124 1238 infernarum
1155 1164 1336 1234 pinnis.

349 1308 481 1363 Dum
528 1312 651 1362 sunt
693 1303 790 1358 vim
820 1301 1193 1373 (Constantine
1239 1297 1553 1370 imperator)
1607 1314 1699 1368 per
1742 1311 1874 1368 quas

277 1401 573 1457 humanam
619 1397 776 1452 vitam
824 1393 1070 1464 progredi
1105 1408 1328 1449 necesse
1354 1401 1437 1447 est
1467 1410 1479 1446 :
1511 1406 1636 1455 una,
1670 1405 1791 1462 qum
1821 1390 1874 1444 in

272 1493 473 1550 ccelum
507 1490 674 1554 ferat;
703 1488 868 1542 altera
889 1528 902 1551 ,
928 1500 1048 1556 qum
1073 1484 1142 1539 ad
1184 1483 1387 1538 inferos
1415 1482 1712 1553 deprimat;
1743 1493 1876 1551 quas

275 1594 332 1641 et
353 1593 528 1655 poeta‘
567 1583 618 1636 in
649 1577 1001 1642 carminibus,
1031 1585 1087 1632 et
1119 1575 1421 1646 philosophi
1465 1575 1518 1629 in
1557 1573 1877 1644 disputatio-

275 1677 436 1733 nibus
462 1674 576 1730 suis
606 1672 955 1728 induxerunt.
988 1670 1052 1724 Et
1072 1667 1288 1739 quidem
1316 1667 1620 1738 phil050phi
1651 1668 1875 1723 alteram

273 1769 532 1829 virtutum
560 1780 682 1821 esse
713 1763 1019 1830 voluerunt,
1049 1761 1275 1816 alteram
1306 1761 1561 1816 vitiorum
1603 1778 1617 1815 :
1650 1775 1878 1831 eamque
1906 1762 1955 1822 B

273 1877 398 1934 quae
445 1861 514 1915 sit
556 1858 826 1928 assignato
885 1854 1192 1922 virtutibus,
1235 1855 1411 1923 primo
1462 1853 1606 1910 aditu
1657 1869 1776 1910 esse
1827 1863 1881 1910 et

274 1955 526 2017 arduam,
559 1961 614 2009 et
641 1949 1054 2021 confragosum;
1086 1949 1137 2002 in
1179 1963 1282 2018 qua
1314 1948 1359 2002 si
1393 1947 1537 2020 quis,
1567 1947 1880 2006 difficultate

275 2057 547 2119 superata,
583 2046 637 2101 in
663 2059 934 2101 summum
962 2041 1081 2111 ejus
1125 2042 1380 2111 evaserit,
1409 2042 1608 2098 habere
1647 2059 1769 2099 eum
1812 2043 1880 2099 de

277 2151 478 2198 caetero
507 2140 722 2211 planum
767 2139 890 2205 iter,
919 2138 1175 2195 lucidum-
1202 2149 1580 2208 ammnumque
1605 2152 1877 2208 campum,

282 2246 342 2292 et
365 2247 560 2291 omnes
594 2231 838 2288 laborum
867 2246 1085 2288 suorum
1113 2245 1306 2301 capere
1346 2231 1548 2286 fructus
1579 2230 1770 2286 uberes
1797 2240 1879 2286 at-

277 2345 387 2401 que
424 2325 713 2398 jucundos.
743 2325 892 2393 Quos
935 2333 1114 2381 autem
1159 2323 1315 2394 primi
1367 2322 1544 2379 aditus
1589 2322 1879 2380 difﬁcultas

275 2421 628 2488 deterruerit,
678 2434 773 2476 eos
820 2419 874 2475 in
915 2435 1037 2475 eam
1086 2419 1338 2474 vitiorum
1386 2420 1526 2474 viam
1577 2419 1681 2474 labi
1719 2429 1880 2491 atque

278 2516 594 2584 deﬂectere,
637 2530 758 2586 quze
805 2515 980 2586 primo
1024 2513 1268 2583 ingressu
1324 2512 1394 2567 sit
1437 2511 1591 2584 quasi
1631 2529 1877 2583 ammna,

277 2611 565 2682 multoque
593 2609 788 2675 tritior,
819 2607 1014 2664 deinde
1047 2623 1170 2669 cum
1214 2619 1266 2667 in
1298 2623 1415 2664 eam
1457 2607 1617 2678 paulo
1656 2608 1882 2665 ulterius

277 2702 668 2776 processerint,
698 2699 1024 2760 amoenitatis
1051 2704 1187 2777 [ejus
1226 2705 1460 2775 speciem
1501 2714 1726 2776 repente
1758 2704 1886 2760 sub-

279 2795 411 2851 duci
446 2814 458 2848 :
490 2794 686 2850 exoriri
717 2803 892 2850 autem
926 2795 1067 2852 viam
1093 2798 1445 2869 praecipitem,
1465 2813 1607 2854 nunc
1632 2799 1777 2854 saxis
1799 2813 1885 2854 as-

280 2901 497 2959 peram,
535 2900 678 2941 nunc
735 2885 1023 2942 obductam
1073 2890 1334 2957 sentibus,
1383 2906 1526 2946 nunc
1579 2891 1882 2962 gurgitibus

283 2978 622 3044 intercisam,
683 2979 770 3034 vel
814 2979 1144 3036 torrentibus
1182 2981 1459 3052 rapidam,
1510 2991 1570 3037 ut
1613 2982 1882 3047 laborare,

282 3074 522 3140 haerere,
556 3071 688 3138 labi,
715 3071 910 3129 cadere
938 3072 1012 3128 sit
1039 3088 1277 3130 necesse.
1311 3073 1443 3142 Quae
1464 3075 1643 3130 omnia
1669 3090 1736 3132 eo
1763 3091 1889 3146 pro-

1977 452 2275 517 hominum,
2307 458 2360 505 et
2386 447 2621 504 inanium
2650 443 3041 517 jucunditatum
3087 439 3267 512 specie
3292 447 3478 508 captos
3506 437 3575 494 ad

1974 544 2198 600 acerbas
2222 539 2612 597 amaritudines
2639 537 2993 607 miseriasque
3018 533 3575 605 perducere.Sapiens

1977 648 2199 706 prorsus
2225 632 2540 704 disputatio,
2565 631 2610 686 si
2641 630 2898 686 virtutum
2923 629 3156 698 ipsarum
3189 627 3390 682 formas
3415 633 3576 695 atque

1977 729 2238 785 terminos
2259 728 2485 783 scirent.
2510 725 2626 781 Non
2654 725 2799 780 enim
2826 723 3150 787 didicerant,
3184 722 3269 776 vel
3298 735 3418 791 qum
3445 719 3574 783 sint,

1976 822 2060 876 vel
2085 819 2214 891 quid
2241 834 2335 875 eas
2366 817 2636 874 mercedis
2666 832 2696 872 a
2737 817 2849 872 Deo
2879 826 3095 871 maneat
3121 830 3138 881 ;
3180 814 3323 886 quod
3357 826 3456 868 nos
3495 811 3578 868 his

1977 912 2190 968 duobus
2218 911 2370 966 libris
2395 910 2734 966 docebimus.

2050 1004 2114 1063 lli
2161 1018 2313 1070 vero,
2345 1003 2469 1074 quia
2494 1001 2816 1074 ignorabant
2868 1009 2963 1056 aut
3003 999 3322 1056 dubitabant
3367 998 3578 1055 animas

1979 1095 2257 1151 hominum
2285 1094 2622 1150 immortales
2643 1107 2797 1158 esse,
2825 1102 2879 1147 et
2906 1093 3162 1158 virtutes,
3193 1100 3249 1146 et
3271 1091 3429 1158 vitia,
3462 1098 3574 1145 ter-

1979 1188 2125 1244 renis
2146 1187 2448 1243 honoribus
2474 1195 2566 1242 aut
2593 1186 2768 1257 poenis
2794 1186 3215 1242 aestimaverunt.
3239 1183 3428 1240 Omnis
3449 1198 3580 1255 ergo

1979 1279 2096 1336 haec
2121 1280 2188 1336 de
2219 1279 2424 1335 duabus
2446 1279 2546 1334 viis
2566 1278 2882 1349 disputatio,
2906 1278 2973 1332 ad
3005 1277 3366 1349 frugalitatem
3400 1291 3464 1331 ac
3493 1275 3576 1330 Iu-

1980 1374 2185 1428 xuriam
2212 1382 2438 1444 spectat.
2471 1371 2666 1426 Dicunt
2691 1374 2834 1426 enim
2865 1371 3114 1425 humana:
3136 1371 3262 1424 vitae
3291 1381 3512 1422 cursum
3536 1365 3578 1421 Υ

1981 1466 2176 1522 littera:
2204 1481 2326 1521 esse
2369 1465 2625 1529 similem,
2674 1463 2816 1534 quod
2868 1461 3236 1532 unusquisque
3274 1460 3576 1528 hominum,

1979 1575 2104 1615 eum
2133 1559 2320 1628 prima:
2359 1557 2742 1614 adolescentiae
2768 1557 2932 1613 limen
2976 1555 3238 1626 attigerit,
3272 1563 3327 1611 et
3356 1553 3410 1610 in
3453 1569 3578 1610 eum

1981 1653 2160 1708 locum
2197 1653 2428 1716 venerit,

2166 1767 2342 1818 Partes
2364 1766 2448 1816 ubi
2470 1779 2527 1816 se
2548 1767 2626 1816 via
2649 1765 2786 1815 [indit
2805 1767 2854 1815 in
2875 1765 3042 1815 ambas
3056 1803 3070 1823 ,

1983 1873 2183 1929 haereat
2233 1872 2610 1937 nutabundus,
2637 1887 2701 1927 ac
2727 1871 2935 1927 nesciat
2961 1871 3014 1924 in
3064 1883 3226 1940 quam
3271 1883 3332 1924 se
3374 1875 3583 1938 partem

1985 1967 2162 2038 potius
2201 1967 2452 2022 inclinet.
2503 1965 2560 2022 Si
2602 1965 2793 2021 ducem
2839 1975 3027 2021 nactus
3050 1963 3232 2028 fuerit,
3262 1965 3351 2033 qui
3393 1963 3587 2034 dirigat

1983 2059 2051 2115 ad
2083 2059 2305 2115 meliora
2338 2059 2688 2126 titubantem,
2716 2059 2819 2114 hoc
2844 2069 2962 2127 est,
2994 2061 3037 2114 si
3071 2067 3161 2113 aut
3191 2057 3584 2129 phil030phiam

1984 2153 2270 2219 didicerit,
2337 2161 2430 2207 aut
2483 2153 2884 2224 eloquentiam,
2944 2160 3038 2208 aut
3093 2151 3294 2223 aliquid
3345 2152 3590 2208 honesta:

1986 2249 2121 2302 artis
2140 2289 2156 2316 ,
2185 2262 2292 2316 quo
2324 2247 2518 2304 evadat
2552 2247 2618 2302 ad
2653 2246 2853 2302 bonam
2883 2246 3091 2317 frugem
3111 2287 3125 2312 ,
3152 2245 3299 2316 quod
3329 2246 3442 2302 fieri
3471 2245 3592 2302 sine

1985 2339 2174 2395 labore
2223 2339 2459 2394 maxime
2507 2355 2613 2393 non
2658 2347 2856 2408 potest,
2887 2338 3170 2394 honestam
3217 2352 3280 2392 ac
3310 2338 3590 2408 copiosam

1987 2433 2149 2488 vitam
2179 2431 2453 2502 disputant
2477 2442 2840 2502 peracturum.
2867 2432 2921 2487 Si
2951 2446 3080 2487 vero
3107 2431 3384 2487 doctorem
3413 2431 3594 2503 fruga-

1986 2524 2153 2580 litatis
2179 2539 2286 2579 non
2309 2524 2598 2592 invenerit,
2628 2526 2681 2580 in
2709 2525 2978 2580 sinistram
3008 2524 3170 2590 viam,
3201 2539 3322 2594 qua:
3351 2523 3593 2580 melioris

1989 2616 2225 2686 speciem
2254 2617 2567 2682 mentiatur,
2599 2616 2862 2682 incidere,
2883 2616 2934 2671 id
2957 2626 3062 2682 est,
3088 2615 3331 2682 desidiae,
3360 2616 3590 2683 inertize,

1989 2711 2214 2766 luxuria:
2265 2726 2324 2766 se
2383 2710 2630 2776 tradere;
2677 2727 2799 2781 quae
2849 2711 3030 2765 suavia
3077 2708 3294 2780 quidem
3343 2709 3594 2766 videntur

1987 2803 2054 2858 ad
2082 2811 2294 2872 tempus
2325 2818 2450 2857 vera
2484 2802 2622 2857 bona
2671 2802 2959 2870 ignoranti,
2989 2809 3110 2871 post
3136 2809 3341 2867 autem,
3390 2801 3593 2856 amissa

1989 2895 2134 2949 omni
2174 2893 2433 2965 dignitate
2463 2909 2526 2948 ac
2567 2909 2627 2948 re
2657 2892 2938 2959 familiari,
2969 2893 3021 2947 in
3061 2892 3314 2948 omnibus
3358 2891 3594 2947 miseriis

1990 2986 2387 3059 ignominiaque
2429 2986 2718 3041 victurum.
2754 2985 2835 3040 Ad
2866 3000 3064 3056 corpus
3091 2999 3241 3055 ergo,
3275 2993 3330 3039 et
3354 2983 3421 3039 ad
3451 2984 3590 3039 hanc

1991 3079 2154 3134 vitam
2177 3121 2192 3146 ,
2227 3092 2388 3150 quam
2419 3078 2473 3132 in
2506 3087 2646 3134 terra
2676 3077 2955 3144 ducimus,
2994 3078 3130 3132 lines
3157 3092 3341 3132 earum
3375 3077 3588 3131 viarum

283 3167 560 3232 feruntur,
583 3174 641 3221 ut
663 3176 920 3238 appareat
961 3165 1015 3222 in
1043 3166 1330 3223 virtutibus
1359 3167 1633 3239 capiendis
1671 3143 1887 3225 labores
1912 3143 1958 3208 (ἶ
1992 3143 2314 3230 retulerunt.
2347 3173 2527 3229 Poetae
2567 3173 2798 3228 fortasse
2849 3143 3062 3238 melius,
3117 3171 3206 3242 qui
3253 3169 3357 3226 hoc
3397 3169 3600 3226 bivium

283 3276 414 3319 esse
443 3259 728 3326 maximos,
776 3259 828 3315 in
859 3261 1134 3332 perceptis
1157 3270 1334 3318 autem
1362 3262 1627 3318 maximos
1655 3261 1882 3331 fructus,

281 3363 348 3412 et
385 3353 589 3411 solidas
615 3362 776 3426 atque
817 3355 1158 3425 incorruptas
1211 3355 1553 3427 voluptates:
1583 3357 1708 3412 vitia
1760 3372 1887 3414 vero

1990 3266 2129 3337 apud
2175 3266 2379 3322 inferos
2422 3281 2545 3322 esse
2577 3265 2882 3321 voluerunt.
2930 3263 3040 3320 Sed
3081 3264 3132 3318 in
3189 3279 3256 3319 eo
3313 3262 3597 3329 falluntur,

1991 3359 2134 3428 quod
2177 3374 2270 3415 eas
2297 3359 2416 3414 vias
2467 3359 2697 3414 mortuis
2739 3366 3162 3429 proposuerunt.
3195 3355 3424 3428 Utrique
3471 3369 3601 3429 ergo

1662 3492 2026 3552 VARIORUM
2062 3491 2294 3550 NOTAE.

364 3637 525 3692 Recte
552 3637 690 3690 dare.
725 3635 815 3693 Sic
842 3634 1126 3694 emendavi
1152 3649 1217 3691 ex
1250 3632 1501 3690 omnibus
1529 3649 1660 3689 mss.
1692 3649 1754 3689 ac
1779 3645 1890 3691 vet.

285 3710 422 3762 edit.
460 3707 616 3762 Rom.
646 3717 700 3762 et
730 3707 904 3764 Betul.
939 3708 1004 3762 Et
1035 3708 1113 3762 sic
1141 3706 1589 3778 legendumtquw
1617 3705 1716 3778 [illi
1748 3707 1896 3761 scili-

284 3779 418 3905 εοᾎ
435 3781 599 3833 solent
628 3779 695 3832 ad
726 3781 1024 3846 probitatem
1053 3787 1184 3832 recte
1213 3778 1356 3830 dare.
1386 3776 1534 3831 Edit.
1565 3776 1655 3844 15,
1680 3779 1816 3831 dari.

425 3866 505 3904 me
538 3860 654 3904 sunt
682 3851 790 3904 vite.
822 3851 956 3905 Post»
979 3850 1093 3903 hzee
1122 3848 1279 3903 verba
1312 3847 1365 3901 in
1398 3849 1577 3903 multis
1601 3863 1731 3902 mss.
1757 3849 1816 3902 Cc

425 3866 505 3904 me
538 3860 654 3904 sunt
682 3851 790 3904 vite.
822 3851 956 3905 Post»
979 3850 1093 3903 hzee
1122 3848 1279 3903 verba
1312 3847 1365 3901 in
1398 3849 1577 3903 multis
1601 3863 1731 3902 mss.
1757 3849 1897 3902 (Jon-

286 3924 522 3978 stantine
570 3923 844 3991 imperator
895 3921 1016 3977 addi
1065 3919 1256 3975 asserit
1307 3919 1556 3983 Gallmus,
1611 3919 1898 3991 additaque

288 3995 460 4049 etiam
517 3990 786 4058 reperi'in
838 4008 944 4047 uno
994 3992 1124 4061 Reg.
1160 3991 1481 4054 veterrima,
1513 3991 1565 4044 in
1619 3990 1724 4044 alio
1769 3992 1895 4046 item

289 4067 487 4136 Regio,
538 4064 724 4136 Martii.
751 4073 826 4136 iet
873 4064 923 4117 in
968 4063 1137 4136 editis
1174 4078 1289 4136 seat.
1335 4062 1542 4136 Desunt
1580 4062 1898 4136 it12__Bon.,

292 4139 330 4189 7
361 4132 564 4204 Regiis,
593 4136 627 4189 6
671 4132 822 4190 C0“).
848 4178 862 4199 ,
891 4136 923 4190 5
953 4134 1379 4199 Oxoniensibus,
1420 4134 1648 4204 aliisque
1682 4134 1746 4188 18
1788 4149 1898 4189 rec.

294 4209 353 4264 in
383 4206 545 4262 editis
575 4207 608 4259 5
641 4216 746 4261 vet.
774 4205 931 4260 llom.
959 4214 1012 4260 et
1037 4205 1070 4259 9
1095 4205 1234 4258 aliis.

376 4277 518 4342 Quas
550 4287 593 4330 et
619 4288 798 4345 poetw.
832 4277 1118 4331 llesiodus.
1150 4277 1201 4329 in
1228 4274 1402 4345 Ergis.

375 4347 445 4402 Et
473 4349 784 4417 philosOplti.
819 4347 1154 4415 Xenophon,
1189 4347 1284 4417 vel
1309 4345 1448 4414 apud
1482 4345 1901 4417 Xenophontem

297 4423 356 4477 in
406 4420 546 4492 libro
573 4416 1114 4492 Ἀπὸμνημονευμάτων
1164 4433 1234 4480 tt;
1265 4416 1516 4492 Socrates
1563 4433 1630 4471 ex
1679 4416 1905 4492 Prodico

297 4469 558 4548 ﬂorentis
588 4469 1141 4546 ιιίιτίῗὲίίἬὲὁῆἷὲιῖὖίη
1159 4469 1314 4558 ξάιὼ
1354 4469 1526 4558 i—irnis
1555 4469 1628 4542 et
1657 4469 1906 4556 voluptas
1931 4469 1983 4528 D

299 4563 380 4619 illi
410 4562 560 4628 visat,
618 4577 842 4632 quarum
877 4572 1102 4631 utraque
1145 4557 1397 4632 juvenem
1424 4557 1491 4612 ad
1539 4559 1620 4632 sui
1667 4559 1904 4632 studium

299 4634 565 4706 pellicere
612 4628 804 4706 satagit
843 4628 1360 4706 :quo’lococitati
1384 4645 1427 4706 ,ει
1478 4629 1634 4706 nobis
1688 4628 1907 4706 Hesiodi

301 4699 506 4761 versus
557 4699 1040 4770 referuntuerua
1081 4703 1258 4757 de're
1311 4699 1434 4754 vide
1488 4699 1648 4754 etiam
1699 4700 1908 4755 Philos-

301 4786 512 4831 tratutn
552 4776 601 4828 in
646 4777 894 4840 Prodico,
929 4784 984 4830 et
1009 4773 1323 4830 Ciceronem
1352 4771 1663 4827 Officiorum
1697 4772 1909 4843 primo;

297 4858 363 4904 et
388 4845 532 4918 apud
575 4846 852 4918 Platonem
879 4848 929 4900 in
973 4846 1263 4918 Protagora
1296 4845 1410 4918 ipse
1457 4842 1716 4918 Prodicus
1754 4842 1913 4898 indu-

297 4913 476 4980 citur,
533 4918 600 4972 dc
651 4917 754 4972 hoc
799 4917 1008 4972 virtutis
1053 4915 1191 4970 colle
1245 4913 1405 4968 verba
1454 4914 1676 4969 faciens.
1735 4918 1915 4983 Atque

299 4990 480 5059 hujus
536 5004 723 5043 rursus
775 4990 1021 5046 meminit
1077 4987 1217 5042 idem
1273 4985 1572 5059 PlatoJlib.
1614 4985 1680 5039 de
1723 4985 1912 5059 Legit).

298 5055 531 5132 quarto;
564 5059 674 5115 Nec
719 5059 1001 5132 dissimilia
1056 5067 1209 5124 sunt,
1263 5071 1382 5126 qua.
1431 5055 1603 5111 Cebes
1651 5055 1817 5111 nobis
1861 5057 1915 5110 in

300 5131 411 5188 sua
435 5131 683 5196 depinxit
704 5131 903 5186 tabula.

390 5202 542 5267 Esse,
581 5213 627 5258 et
665 5204 893 5257 virtutes.
928 5202 1088 5257 Deest
1113 5209 1161 5256 et
1201 5200 1252 5254 iu
1286 5199 1304 5253 1
1341 5197 1548 5252 Bonon.
1579 5197 1747 5268 autiq.
1796 5211 1859 5252 ac
1885 5196 1919 5253 5

300 5275 505 5333 editis.

392 5344 658 5400 Humana:
697 5347 812 5401 vita:
850 5361 1051 5399 cursum
1098 5342 1140 5396 Y
1173 5343 1352 5396 littera:
1392 5358 1500 5396 esse
1544 5341 1781 5395 similem.
1813 5340 1922 5396 Lit-

302 5429 454 5474 terae
479 5417 848 5488 Pythagoricae
898 5416 1140 5471 meminit
1167 5431 1234 5488 cit
1269 5413 1648 5488 ecclesiasticis
1695 5413 1926 5488 scripto-

305 5489 478 5546 ribus
523 5482 910 5559 Hieronymus,
944 5488 995 5540 in
1045 5485 1266 5559 epistola
1301 5483 1530 5559 quadam
1580 5482 1646 5538 ad
1694 5482 1924 5559 Lactant,

302 5563 455 5616 item
485 5560 550 5614 ad
587 5554 1009 5623 Pammachium,
1041 5554 1108 5612 de
1132 5557 1277 5612 obitu
1309 5555 1577 5618 Paulium;
1608 5563 1664 5609 et
1693 5554 1745 5609 in
1778 5569 1826 5608 c.
1859 5554 1928 5608 10

305 5630 699 5694 Ecclesiastis,
749 5631 889 5685 hunc
916 5630 1092 5684 locum
1147 5627 1347 5696 liquido
1373 5643 1496 5682 cum
1550 5626 1728 5696 elogio
1774 5627 1926 5694 citat.

305 5703 669 5788 Describitur
705 5701 773 5756 ab
805 5701 1046 5757 Ausonio
1078 5699 1161 5754 his
1188 5698 1470 5754 versiculis
1506 5714 1520 5751 :

363 5815 367 5817 ·
466 5794 654 5846 Littera
679 5794 968 5860 Pythagorae
1000 5792 1284 5846 discrimine
1307 5796 1445 5845 secta
1466 5791 1654 5843 bicorni

2121 3631 2359 3682 Humana:
2393 3631 2507 3680 vitae
2531 3633 2753 3694 Speciem
2779 3630 3017 3694 prtei‘erre
3043 3630 3256 3694 videtur.

2126 3694 2248 3756 Nam
2274 3695 2350 3756 via
2377 3693 2572 3743 virtutis
2590 3693 2822 3744 dextrum
2843 3694 2969 3756 petit
2987 3693 3136 3743 ardua
3158 3693 3354 3751 collem,

2125 3755 2487 3817 Ditlicilemque
2501 3757 2682 3805 aditum
2700 3755 2906 3819 primum
2917 3757 3256 3819 spectantibus
3273 3757 3445 3806 oﬂert:

2127 3819 2226 3869 Sed
2256 3820 2485 3880 requiem
2514 3817 2711 3880 praebet
2727 3817 2872 3880 fessis
2897 3817 2957 3866 in‘
2971 3819 3156 3880 vertice
3182 3831 3392 3867 summo.

2129 3880 2276 3930 Molle
2298 3877 2526 3929 ostentat
2553 3882 2646 3930 iter
2672 3883 2744 3929 via
2770 3879 2894 3928 lata:
2918 3881 3009 3929 sed
3033 3877 3203 3928 ultima
3226 3885 3357 3929 meta

2126 3943 2410 4004 Praecipitat
2430 3951 2614 4004 captos,
2636 3941 2886 4004 volvitque
2915 3956 3005 4004 per
3038 3941 3188 3990 ardua
3214 3955 3353 3992 saxa.

2130 4004 2362 4067 Quisquis
2380 4006 2514 4067 enim
2538 4005 2686 4067 duros
2699 4018 2852 4067 casus
2870 4005 3068 4053 virtutis
3091 4016 3279 4061 amore,

2129 4064 2348 4129 Vicerit,
2375 4064 2462 4129 ille
2481 4067 2575 4115 sibi
2600 4065 2895 4129 laudemque
2917 4067 3170 4128 decusque
3197 4066 3415 4129 parabit:

2130 4128 2194 4192 At
2217 4127 2576 4192 quidesidiam,
2599 4127 2868 4191 lusumque
2893 4127 3136 4192 sequetur
3173 4127 3405 4189 inertem,

2133 4188 2260 4239 Dum
2285 4188 2410 4251 fugit
2434 4191 2686 4253 Oppositos
2712 4188 2903 4253 incauta
2929 4188 3098 4240 tuente
3125 4188 3341 4246 labores.

2132 4253 2327 4316 'l‘urpis,
2357 4251 2616 4316 inopsque,
2637 4251 2782 4301 simul
2807 4253 3088 4302 miserabile
3113 4254 3360 4313 transiget
3374 4265 3551 4302 mrum.

2007 4359 2238 4428 Attingit
2284 4367 2344 4429 et
2385 4357 2728 4427 Palingenius
2783 4359 2834 4411 in
2884 4356 3201 4429 Sagittario.
3251 4357 3612 4429 Ptyhagorica

2011 4427 2255 4502 fortassis
2296 4427 2514 4502 d_ici_tur.
2558 4429 2681 4498 quia
2725 4445 2759 4502 υ
2789 4438 2842 4502 et
2867 4445 2896 4480 z
2932 4427 3224 4502 creduntur
3250 4444 3280 4483 a
3314 4427 3617 4502 Pythagora

2009 4500 2265 4556 iuventte.
2301 4497 2380 4552 Ea:
2405 4497 2700 4564 Βετυιζειο,
2728 4497 2834 4568 ’(ιυί
2866 4514 3149 4568 perperam
3179 4500 3277 4556 hos
3304 4497 3619 4555 versus'sub

2009 4571 2243 4627 Maronis
2267 4571 2486 4624 nomine
2511 4572 2796 4633 citaverat,
2833 4584 2954 4623 cum
2994 4571 3106 4625 sint
3136 4572 3392 4637 Ausonii,
3428 4580 3485 4625 ut
3524 4572 3624 4626 ob-

2011 4642 2248 4770 s‘i‘grvajéit
2296 4639 2578 4696 Francius.
2612 4639 2748 4696 Vide
2801 4641 3046 4696 Servium
3098 4642 3152 4696 in
3199 4642 3295 4699 lib.
3346 4657 3399 4698 vt
3429 4642 3617 4714 Virgil.

2090 4730 2176 4767 net
2223 4753 2238 4768 .

2090 4730 2238 4768 ηεια.

2086 4783 2214 4840 Cum
2256 4785 2436 4855 prima:
2476 4783 2834 4856 adolescentia:
2874 4783 3029 4856 limen
3070 4784 3313 4856 attigerit.
3367 4784 3443 4840 Ita
3485 4800 3619 4842 mss.

2014 4870 2235 4916 omnes,
2271 4866 2467 4924 praeter
2493 4855 2528 4909 ‘2
2565 4854 2699 4926 Reg.
2734 4869 2844 4910 rec.
2878 4855 2932 4909 in
2983 4854 3203 4926 quibus,
3230 4867 3290 4912 ut
3333 4867 3387 4914 et
3423 4857 3477 4913 in
3509 4857 3623 4913 vul-
3719 4919 3722 4922 ,

2016 4928 2175 5000 gatis.
2205 4936 2290 4981 est
2316 4928 2562 5000 primum.

2093 4997 2292 5052 Partes.
2326 4998 2451 5052 Hzec
2479 5014 2545 5053 ex
2575 4997 2766 5068 Virgil.
2798 5013 2852 5052 vt
2885 4996 3103 5054 1Eneid.
3137 5016 3188 5052 v.
3223 4998 3350 5056 540.

2092 5068 2296 5140 Findit.
2331 5070 2357 5124 1
2393 5069 2551 5140 Reg.,
2582 5070 2607 5124 1
2645 5069 2810 5124 Brun.
2841 5079 2896 5126 et
2926 5070 3054 5125 edit.
3086 5070 3344 5126 Thomas.
3378 5069 3584 5126 scindit.

2092 5139 2160 5194 In
2184 5139 2443 5195 sinistram
2472 5139 2636 5206 uiam,
2665 5157 2779 5210 qua:
2815 5141 3042 5195 melioris
3071 5142 3292 5209 speciem
3332 5143 3628 5195 mentiatur.

2023 5211 2168 5267 Edit.
2203 5213 2258 5276 5,
2289 5211 2357 5264 ad
2394 5212 2678 5266 sinistram.
2723 5211 2852 5267 Mss.
2896 5212 3083 5274 Cauc.,
3128 5211 3278 5275 Jun.,
3325 5211 3414 5268 ed.
3461 5212 3629 5282 Gym-

2023 5284 2152 5338 mic.
2184 5290 2238 5337 et
2272 5283 2474 5348 Betul.,
2504 5298 2618 5354 qua:
2648 5283 2850 5338 virtutis
2879 5299 2938 5336 ac
2969 5282 3193 5336 melioris
3231 5283 3450 5351 speciem
3489 5298 3631 5338 men-

2025 5356 2203 5409 tiatur.

2099 5424 2355 5479 Incidere.
2383 5425 2474 5481 Sic
2518 5425 2802 5481 emendavi
2832 5439 2897 5479 ex
2927 5422 3322 5493 antiquioribus
3348 5441 3412 5482 ae
3439 5425 3634 5483 melio-

2029 5497 2182 5553 ribus
2211 5511 2340 5552 mss.
2372 5499 2395 5552 1
2430 5497 2637 5552 Bouon.
2670 5508 2723 5551 et
2747 5495 2782 5547 2
2810 5494 2941 5564 Reg.
2977 5509 3188 5550 necnon
3217 5497 3345 5553 edit.
3372 5498 3442 5556 Is.
3469 5500 3535 5555 Et
3557 5501 3638 5554 sic

2030 5567 2317 5638 legendum
2370 5583 2492 5624 esse
2544 5566 2842 5623 censebant
2893 5567 3059 5623 lsaeus
3112 5577 3168 5624 et
3217 5567 3496 5628 Francius.
3535 5569 3639 5627 Alii

2031 5639 2250 5695 codices
2277 5640 2528 5694 incedere.

2119 5709 2386 5766 Videntur.
2425 5711 2623 5766 l-leutn.
2653 5708 2784 5780 legit
2811 5710 3097 5767 videantur.

2113 5781 2266 5856 Apud
2289 5783 2501 5856 inferos.
2538 5781 2616 5838 De
2647 5781 2747 5839 hoc
2772 5784 3018 5856 sequenti
3045 5785 3219 5857 capite
3245 5783 3473 5842 dicetur.
