4142 6200
588 213 603 246 1

533 315 641 373 617
1634 313 1824 371 FIRM.
1865 311 2233 372 LACTANTII
2270 309 2475 371 DIVIN.
2515 309 2764 370 INSTIT.
3735 305 3841 364 6L8

534 435 736 508 perfrui
787 434 998 506 possis:
1029 435 1113 492 sin
1141 441 1320 491 autem
1348 448 1590 505 praesens
1619 437 1787 491 otium
1839 435 2126 502 malueris,
2158 444 2213 506 Α
2237 434 2456 500 animis,
2484 433 2552 488 ad
2595 432 2755 488 unius
2780 429 2952 487 hostis
2999 428 3222 486 insidias
3245 427 3333 486 vel
3361 434 3581 499 apertos
3607 425 3847 498 impetus

534 544 692 599 quam
724 527 960 584 laborem
983 570 998 592 ,
1026 529 1225 583 malum
1255 527 1350 583 tibi
1381 529 1671 582 maximum
1712 526 1876 582 facias
1904 541 2130 582 necesse
2231 527 2455 596 vigilare
2480 541 2495 589 ;
2523 526 2612 596 qui
2644 540 2762 592 nos,
2791 524 2930 580 sicut
2955 523 3113 594 periti
3139 530 3196 577 et
3213 519 3493 577 exercitati
3534 519 3701 575 duces
3751 533 3847 575 so-

533 630 643 684 est;
671 621 1070 692 przeoccupabit
1092 620 1234 676 enim
1260 619 1601 675 adversarius
1624 633 1729 674 non
1759 619 2132 682 resiStentem;

533 712 884 768 vastabuntur
907 715 1052 784 agri,
1085 713 1366 782 diripietur
1392 711 1584 767 domus
1605 753 1621 778 ,
1645 712 1700 765 in
1727 711 1965 781 praedam
1992 725 2128 764 uxor

533 821 598 862 ac
627 807 781 862 liberi
803 808 1055 874 venient,
1075 817 1130 862 et
1161 815 1217 861 tu
1246 806 1360 876 ipse
1388 805 1734 871 iuterliciere,
1762 813 1855 859 aut
1880 804 2126 872 capiere:

533 893 863 970 quas'omnia
901 915 969 954 ne
1011 898 1291 964 accidant,
1325 911 1564 967 praesens
1593 895 1935 951 commodum
1979 894 2134 948 diffe-

534 992 760 1048 rendum
807 1001 928 1059 est,
977 1001 1034 1046 ut
1086 990 1259 1060 majus
1305 989 1623 1059 longiusque
1662 987 1920 1057 pariatur.
1958 986 2049 1040 Sic
2079 983 2134 1038 in

535 1087 682 1142 omni
731 1086 833 1142 hac
872 1087 1013 1149 vita,
1048 1085 1170 1156 quia
1196 1084 1353 1139 nobis
1383 1082 1751 1138 adversarium
1781 1081 1925 1134 Deus
1957 1092 2136 1133 reser-

535 1180 717 1244 vavit,
762 1187 820 1234 ut
868 1191 1151 1248 possemus
1175 1189 1370 1246 capere
1398 1174 1683 1236 virtutem,
1713 1170 2008 1226 omittenda
2049 1178 2134 1224 est

539 1285 778 1340 praesens
811 1270 1086 1340 voluptas,
1113 1284 1181 1324 ne
1209 1267 1378 1322 hostis
1423 1267 1692 1336 opprimat
1718 1283 1730 1318 :
1763 1263 2093 1334 vigilandum
2117 1303 2133 1328 ,

538 1363 800 1416 stationes
829 1360 1085 1431 agendae,
1142 1358 1403 1412 militares
1425 1340 1794 1427 expeditiones
1835 1355 2136 1420 obeundae,

537 1451 841 1509 fundendus
866 1453 932 1507 ad
964 1453 1211 1506 ultimum
1241 1467 1422 1517 cruor,
1471 1453 1650 1506 omnia
1683 1451 1922 1520 denique
1955 1464 2137 1504 amara

535 1558 588 1602 et
614 1549 798 1618 gravia
852 1546 1118 1616 patienter
1159 1544 1416 1609 ferenda;
1446 1558 1512 1598 eo
1543 1543 1758 1613 quidem
1816 1542 2137 1612 promptius,

537 1653 642 1708 quo
671 1638 826 1692 nobis
851 1637 1146 1706 imperator
1177 1645 1362 1690 noster
1399 1636 1538 1689 Deus
1567 1634 1787 1703 praemia
1822 1649 1917 1702 pro
1943 1633 2143 1688 labori-

542 1731 642 1787 bus
671 1740 869 1786 :eterna
899 1730 1194 1784 constituit.
1231 1729 1300 1783 Et
1330 1744 1450 1782 cum
1481 1729 1531 1781 in
1566 1728 1665 1782 hac
1699 1737 1912 1782 terrena
1942 1727 2134 1780 militia

2233 619 2366 683 lent,
2401 617 2564 672 variis
2588 616 2793 671 artibus
2839 623 3041 686 captat,
3089 629 3190 684 pro
3239 612 3500 684 cujusque
3549 619 3743 666 natura
3792 619 3849 666 et

2234 706 2474 766 moribus
2495 709 2748 765 saeviens.
2769 707 2903 764 Aliis
2932 707 3075 763 enim
3106 704 3456 776 cupiditatem
3486 701 3848 758 insatiabilem

2237 806 2499 871 immittit,
2525 814 2584 860 ut
2608 804 2802 874 opibus
2829 805 3211 875 suisjtanquam
3239 798 3593 870 compedibus
3620 797 3853 868 illigatos

2236 915 2266 954 a
2295 899 2381 953 via
2415 897 2659 952 veritatis
2685 896 2943 952 excutiat.
2965 895 3119 950 Alios
3150 893 3451 949 inflammat
3474 891 3568 946 ira:
3589 889 3851 956 stimulis,

2236 1001 2295 1045 ut
2322 991 2388 1045 ad
2421 989 2726 1046 nocendum
2759 990 2936 1059 potius
2982 987 3241 1054 intentos,
3296 1001 3327 1040 a
3375 985 3469 1040 Dei
3525 983 3858 1052 contempla-

2240 1082 2386 1136 tione
2415 1081 2753 1151 detorqueat.
2785 1079 2934 1134 Alios
2970 1076 3345 1133 immoderatis
3375 1073 3695 1130 libidinibus
3743 1074 3852 1130 im-

2241 1174 2457 1244 mergit,
2503 1182 2560 1227 ut
2584 1173 2847 1242 voluptati
2878 1179 2948 1246 et.
2967 1171 3182 1240 corpori
3212 1170 3537 1235 servientes,
3571 1168 3640 1221 ad
3676 1167 3856 1222 virtu-

2240 1274 2348 1321 tem
2387 1264 2661 1335 respicere
2694 1263 3063 1334 nonpossint.
3097 1263 3230 1317 Aliis
3267 1276 3396 1318 vero
3445 1259 3673 1330 inspirat
3715 1259 3860 1314 invi-

2241 1360 2406 1427 diam,
2439 1369 2498 1413 ut
2531 1360 2644 1413 suis
2683 1359 2785 1428 ipsi
2827 1356 3114 1413 tormentis
3141 1357 3410 1426 occupati,
3447 1356 3581 1410 nihil
3610 1343 3856 1425 cogitent

2242 1450 2410 1518 aliud,
2433 1449 2535 1503 nisi
2568 1463 2780 1516 eorum,
2828 1465 2964 1519 quos
3009 1449 3254 1513 oderint,
3307 1446 3660 1502 felicitatem?
3701 1443 3860 1500 Alios

2242 1540 2396 1596 inﬂat
2429 1540 2836 1596 ambitionibus.
2871 1540 2912 1596 Ii
2941 1550 3100 1608 sunt,
3128 1540 3220 1611 qui
3249 1539 3316 1595 ad
3342 1539 3608 1610 gerendos
3648 1538 3859 1609 magis-

2246 1643 2414 1690 tratus
2441 1649 2660 1690 omnem
2701 1635 2826 1689 νίιαι
2855 1649 2967 1690 $033
3013 1649 3234 1704 operam
3283 1648 3581 1705 curamque
3621 1648 3854 1691 conver-

2247 1737 2382 1793 tunt,
2414 1739 2472 1783 ut
2521 1728 2689 1784 fastos
2733 1730 2978 1800 signent,
3011 1737 3065 1784 et
3108 1730 3267 1784 annis
3311 1743 3510 1784 nomen
3544 1729 3859 1800 imponant.

545 1833 748 1878 tantum
797 1822 1042 1878 homines
1084 1821 1283 1876 laboris
1311 1819 1649 1886 exhauriant,
1683 1830 1739 1874 ut
1786 1836 1845 1876 ea
1895 1821 1995 1876 sibi
2046 1835 2140 1890 pa-
2174 1844 2221 1904 Β
2247 1821 2612 1889 Quorumdam
2643 1822 2910 1892 cupiditas
2952 1821 3126 1878 tendit
3170 1822 3350 1889 altius,
3397 1838 3505 1879 non
3549 1833 3607 1878 ut
3634 1826 3866 1894 provin-

546 1915 718 1994 riant,
750 1930 870 1985 quae
915 1924 1137 1984 possunt
1166 1915 1354 1968 eodem
1387 1913 1546 1968 modo
1598 1915 1772 1982 perire
1793 1955 1808 1979 ,
1838 1927 1944 1982 quo
1993 1922 2143 1982 parta

547 2018 676 2062 sunt
707 2026 720 2062 :
753 2017 899 2064 certe
935 2007 1091 2062 nobis
1133 2007 1310 2061 nullus
1352 2006 1502 2059 labor
1527 2014 1612 2060 est
1639 2005 1990 2072 recusandus,
2021 2005 2142 2075 qui-

543 2099 644 2154 bus
674 2097 724 2153 id
753 2097 1070 2169 acquiritur,
1099 2097 1241 2168 quod
1271 2097 1417 2152 nullo
1447 2096 1609 2152 modo
1640 2097 1810 2168 possit
1837 2097 2030 2151 amitti.

621 2191 802 2247 Voluit
829 2192 972 2246 enim
1003 2191 1180 2256 Deus,
1211 2191 1301 2263 qui
1346 2191 1591 2246 homines
1617 2191 1682 2245 ad
1729 2191 1867 2247 hanc
1895 2192 2136 2246 militiam

545 2286 751 2358 genuit,
795 2284 1076 2355 expeditos
1117 2284 1174 2338 in
1219 2284 1336 2339 acie
1385 2291 1552 2352 stare,
1585 2291 1640 2339 et
1683 2284 1903 2338 intentis
1941 2287 2139 2340 acriter

2253 1915 2365 1969 cias
2397 1915 2678 1986 temporali
2705 1914 2884 1986 gladio
2909 1927 3097 1985 regant
3130 1933 3145 1970 :
3179 1916 3275 1971 sed
3301 1927 3357 1971 ιιι
3387 1916 3596 1972 infinita
3635 1928 3689 1973 et
3729 1933 3864 1990 per-

2251 2017 2409 2076 petua
2439 2017 2706 2078 potestate
2746 2007 2994 2063 dominos
3028 2023 3087 2064 se
3123 2008 3229 2064 dici
3267 2009 3438 2066 velint
3478 2012 3722 2067 universi
3756 2028 3862 2083 ge-

2249 2101 2394 2156 neris
2422 2100 2658 2155 humani.
2689 2101 2836 2169 Quos
2862 2112 3044 2157 autem
3070 2102 3190 2172 pios
3228 2101 3445 2168 viderit,
3476 2104 3640 2159 variis
3672 2104 3864 2176 impli-

2246 2203 2332 2246 cat
2356 2192 2739 2262 religionibus,
2768 2201 2827 2247 ut
2874 2194 3070 2263 impios
3097 2192 3281 2250 faciat.
3335 2194 3407 2250 lis
3442 2210 3610 2264 vero,
3640 2198 3730 2266 qui
3765 2212 3864 2253 sa-

2245 2285 2501 2356 pientiam
2528 2297 2794 2358 quaerunt,
2828 2287 3223 2360 philosophiam
3276 2288 3331 2345 in
3361 2290 3548 2348 oculos
3578 2291 3862 2363 impingit;

1864 2420 1952 2475 VA
1964 2420 2227 2479 RIORUM
2266 2423 2496 2480 ΝΟΤᾹΞ.

621 2541 881 2599 Stationes
910 2539 1146 2612 agendae.
1170 2537 1409 2612 Mimesis
1449 2553 1514 2594 ex
1551 2539 1870 2612 fragmento'
1890 2537 1958 2594 de
1981 2610 1987 2612 Α
2007 2539 2144 2610 Rep.

551 2614 703 2672 Unde
730 2615 892 2668 etiam
919 2609 1023 2667 hoc
1048 2622 1154 2676 est,
1185 2609 1327 2680 quod
1362 2611 1526 2666 Deum
1558 2609 1940 2683 imperatorem
1969 2609 2150 2683 (αὐτὸ-

550 2684 796 2764 aput-opai)
828 2685 1090 2738 nominat.
1139 2683 1214 2737 De
1258 2695 1366 2752 quo
1396 2697 1559 2752 supra
1593 2681 1736 2764 libro
1781 2698 1860 2746 ιιι,
1904 2681 2024 2749 cap.
2059 2683 2146 2738 18.

1696 2753 2026 2809 BETULEIUS.

623 2828 772 2883 Eo...
799 2827 1113 2898 promptius,
1131 2824 1286 2894 quod.
1319 2826 1467 2881 Multi
1495 2824 1708 2898 quidem
1738 2826 1947 2898 scripti,
1980 2825 2032 2878 in
2067 2824 2152 2880 bis

552 2899 732 2963 Witt.,
785 2897 956 2968 Lips.,
1020 2897 1278 2968 Reimm.,
1321 2914 1444 2968 cum
1498 2897 1656 2953 editis
1686 2897 1969 2968 omnibus,
2019 2911 2147 2951 eo...

553 2966 862 3041 promptius,
879 2985 1012 3038 quo;
1038 2967 1134 3022 sed
1156 2969 1295 3023 edidi
1319 2985 1382 3023 ex
1414 2967 1688 3024 Guelferb.
1711 2977 1767 3022 et
1785 2966 1949 3041 Goth.
1980 2983 2152 3041 tne_m-

2254 2543 2510 2618 mendasi,
2545 2559 2643 2614 pro
2671 2561 2843 2618 anno
2889 2546 3239 2604 efﬁnxerunt.
3290 2547 3482 2603 Isidor.
3517 2547 3860 2618 Hispaleus.,

2373 2617 2929 2703 v._Etym_olog_.lcap,
2965 2620 3055 2687 56,
3096 2627 3151 2703 et
3175 2618 3286 2674 alii.
3328 2619 3478 2676 Idem
3510 2615 3735 2676 Servius
3787 2621 3861 2676 ad

2256 2687 2408 2754 illttd,
2443 2688 2478 2740 Ι.
2512 2703 2566 2740 v.
2596 2687 2815 2744 Aineid.
2844 2708 2858 2743 :

2403 2805 2564 2882 Aditis
2581 2817 2689 2854 cum
2714 2806 2934 2858 lubricus
2955 2809 3132 2870 anguis
3157 2809 3219 2859 ab
3237 2810 3434 2860 imis....

2256 2911 2468 2964 Annum
2511 2919 2688 2966 autem
2735 2911 2852 2966 Jovi
2880 2954 2893 2977 ,
2942 2929 3156 2969 menses
3195 2913 3392 2970 Junoni
3439 2913 3858 2970 consecrabant.

2259 2981 2531 3054 Plutarch.
2560 2982 2876 3050 problemat.
2909 2983 3069 3039 Rom.
3099 3000 3223 3054 ca.p
3267 2986 3358 3049 77,
3397 2994 3720 3054 constatque
3758 2986 3860 3041 ini-

554 3038 739 3125 brutiis
772 3059 784 3095 :
818 3059 874 3095 eo
902 3041 1226 3129 .promptiu's,
1263 3041 1398 3129 quod
1419 3056 1443 3129 ξ
1487 3041 1556 3094 ita
1595 3047 1869 3129 ttostech.
1905 3039 1938 3094 6
1985 3055 1998 3090 :
2045 3038 2153 3092 Fa-

2259 3053 2334 3106 tio
2373 3055 2528 3129 unius
2557 3038 2761 3129 iautum
2807 3056 3011 3110 mensis
3042 3038 3278 3129 Spatium
3319 3038 3521 3110 a'nnum
3555 3038 3848 3121 habuisse,

554 3115 761 3166 ciunt...
806 3111 968 3165 multa
1005 3109 1119 3180 quae
1173 3109 1290 3163 boni
1328 3111 1561 3178 faciunt,
1595 3126 1652 3162 eo
1688 3109 1890 3179 quidem
1941 3125 2152 3179 promp-

558 3185 678 3246 tius,
702 3182 845 3250 quod
878 3182 1091 3252 fallendi
1131 3181 1516 3252 gratiafuciunt.
1551 3181 1684 3235 BUN.
1781 3247 1784 3251 ι

630 3254 827 3320 Quibus
854 3251 907 3307 id
927 3252 1225 3323 acquiritur.
1258 3251 1386 3306 Mss.
1410 3253 1444 3305 5
1471 3267 1579 3307 rec.
1596 3293 1612 3320 ,
1643 3267 1742 3321 quo
1767 3251 1823 3304 id
1844 3253 2148 3322 acquiritur.

557 3326 697 3382 Editi
731 3333 874 3385 octo.
905 3340 1004 3394 quo
1039 3325 1093 3376 id
1118 3324 1443 3394 acquiratur.
2120 3349 2122 3352 -

629 3398 710 3450 Ad
749 3392 1089 3450 unius'hostis
1123 3392 1362 3449 insidias.
1395 3392 1521 3448 Mss.
1557 3395 1583 3449 1
1612 3394 1740 3464 Reg.
1774 3403 1829 3449 et
1865 3394 2056 3460 Brttn.,
2086 3397 2154 3449 ad

559 3470 712 3536 hujus
737 3468 930 3530 hostis;
957 3465 1143 3530 Cauc.,
1179 3468 1203 3520 1
1243 3467 1397 3536 Reg.,
1425 3467 1466 3536 ί1
1508 3464 1744 3536 βοιιιθιι.
1770 3475 1825 3520 et
1849 3467 1880 3520 7
1907 3466 2057 3532 editi,
2088 3467 2156 3520 ad

557 3535 823 3594 invisibilis
877 3538 1068 3602 hostis;
1122 3537 1156 3591 5
1208 3535 1365 3608 Βεςζ,
1408 3535 1442 3589 Δ·
1495 3535 1758 3599 Colbert.,
1809 3537 1845 3590 2
1891 3537 2153 3603 Clarom.,

557 3611 715 3666 Cant.
745 3619 800 3665 et
823 3610 909 3665 ed.
937 3609 1096 3663 Rom.
1123 3608 1283 3675 1470,
1317 3608 1384 3662 ad
1423 3610 1572 3663 unius
1599 3609 1674 3662 vel
1703 3608 1970 3663 invisibilis
2000 3609 2156 3664 hostis

560 3684 796 3737 insidias.

637 3752 703 3808 Ut
749 3751 995 3821 voluptati
1038 3760 1092 3824 et
1140 3751 1362 3824 corpori.
1410 3751 1433 3806 1
1468 3751 1600 3822 Reg.
1643 3765 1754 3806 rec.
1793 3758 1846 3806 et
1875 3750 2072 3818 Brun.,
2103 3761 2159 3806 ut

565 3825 816 3890 uoluptati
843 3823 1073 3888 corporis
1113 3825 1401 3876 servientes.

597 3903 601 3906 '
634 3895 798 3962 Inﬂat
837 3893 1215 3946 ambitionibus.
1245 3893 1318 3945 lta
1349 3892 1629 3948 emendavi
1678 3909 1746 3946 ex
1769 3893 2161 3962 antiquissimis

563 3973 617 4020 et
667 3965 884 4034 Optitnis
939 3977 1070 4034 tnss.
1105 3965 1130 4016 1
1178 3964 1385 4034 Βοηοιι.
1427 3965 1617 4032 antiq.,
1649 3964 1683 4016 5
1721 3963 1876 4029 Reg,
1909 3961 2099 4031 Cauc.,
2128 3966 2155 4020 1

565 4033 737 4104 Lips.,
769 4035 908 4099 PaL,
938 4033 1101 4104 Brun.
1130 4043 1183 4087 et
1209 4033 1338 4088 edit.
1369 4033 1435 4087 ls.
1474 4036 1756 4104 At'scripti
1791 4035 1819 4086 7
1859 4035 1989 4104 Reg.
2023 4052 2159 4099 rec.,

567 4108 600 4163 6
632 4103 893 4165 Colbert..
919 4106 945 4160 1
977 4103 1214 4181 Clarum.
1243 4115 1298 4160 et
1335 4103 1404 4181 11
1440 4105 1585 4181 typis
1627 4106 1808 4159 excusi
1856 4103 2032 4181 ferunt
2083 4108 2164 4181 in—

564 4181 816 4248 ﬂammat,
846 4176 993 4247 quod
1023 4191 1126 4230 non
1165 4180 1442 4243 convenit,
1488 4187 1542 4231 et
1569 4177 1678 4245 jam
1712 4191 1833 4230 mox
1887 4176 2165 4245 praeceSsit

533 4287 536 4290 ι
565 4247 851 4321 inﬂammat
891 4253 982 4302 ira:
1009 4248 1249 4302 stimulis.
1268 4249 1306 4321 _1
1338 4247 1598 4311 Clarom.,
1617 4248 1909 4321 inﬂammat
1933 4260 1978 4301 et
2002 4250 2163 4321 inﬂat

565 4319 944 4377 ambitionibus.
973 4349 1046 4360 —
1074 4321 1211 4374 Alios
1259 4319 1405 4388 inﬂat
1450 4320 1826 4373 ambitionibus.
1873 4319 1945 4372 Ita
1998 4319 2034 4372 Ι.
2084 4335 2161 4386 vr,

564 4409 616 4449 c.
644 4393 748 4448 24:
781 4392 1040 4459 Superbia
1070 4391 1295 4445 tumidus
1327 4391 1564 4449 inﬂetur.
1600 4390 1713 4445 Lib.
1746 4405 1835 4448 vn.
1867 4405 1916 4444 c.
1943 4391 1966 4444 1
2000 4431 2010 4442 .
2042 4393 2191 4444 Αηι--

565 4465 754 4520 bitione
779 4465 967 4534 inﬂati.
999 4462 1157 4519 Conf.
1206 4472 1343 4528 not.,
1378 4464 1414 4516 l.
1449 4478 1500 4526 v,
1531 4477 1580 4517 c.
1609 4461 1699 4514 22.
1726 4461 2072 4534 (Ζγρι-ἱιιηηι.
2101 4477 2160 4524 ιι,
2191 4463 2244 4523 D

568 4551 658 4605 ep.
697 4537 733 4589 2
764 4554 776 4590 :
819 4532 973 4590 Inﬂet
999 4534 1233 4606 superbia
1252 4578 1265 4601 ,
1297 4534 1931 4606 iiracundiajnﬂamntet.
1962 4532 2163 4606 Pl_urali

571 4601 795 4662 numero
845 4601 1142 4660 ambitiones
1197 4607 1250 4660 in
1296 4605 1539 4660 Verrinis
1584 4601 1773 4660 Cicero
1811 4604 1971 4659 dixit.
2001 4603 2160 4660 Conf.

569 4676 744 4741 Lact.,
773 4677 808 4730 l.
833 4693 906 4742 ιν,
929 4692 982 4747 c.
1005 4677 1094 4741 16,
1126 4677 1425 4747 injustitias.
1457 4675 1590 4731 BDN.

642 4747 714 4802 Et
751 4748 918 4802 annis.
964 4746 1271 4816 Legendum
1306 4746 1442 4801 forte
1493 4763 1647 4801 anno.
1689 4747 1758 4799 Et
1796 4748 1944 4800 annis
1981 4763 2167 4801 nomen

573 4821 856 4886 imponant.
887 4819 1057 4883 Quam
1102 4818 1244 4870 varia
1291 4829 1345 4872 et
1392 4819 1668 4888 multiplex
1718 4819 1770 4870 in
1819 4818 2167 4872 numerandis

573 4894 685 4948 suis
709 4894 865 4946 annis
892 4889 1142 4944 Vetustas
1171 4889 1350 4952 fuerit,
1374 4904 1627 4944 enarrare
1651 4889 1735 4941 hic
1764 4889 1977 4957 longum
2007 4890 2162 4944 foret.

571 4963 936 5020 Consulantur
996 4960 1057 5015 D.
1118 4960 1424 5030 Augustin.,
1467 4961 1555 5014 lib.
1605 4975 1677 5014 xu
1720 4959 1790 5013 de
1837 4959 1992 5030 civit.
2047 4961 2163 5025 Dei,

571 5051 691 5106 cap.
723 5035 810 5100 10;
840 5045 892 5089 et
924 5033 1116 5106 lib._§v
1162 5030 1406 5106 ejusdem
1437 5032 1635 5106 operis,
1665 5046 1784 5106 cap.
1818 5029 1906 5101 M.
1933 5031 1996 5106 _C.
2025 5031 2163 5084 Plin.

573 5100 665 5162 lib'.
704 5122 798 5170 vn,
839 5121 958 5172 cap.
1017 5102 1108 5157 48.
1157 5104 1221 5156 Α.
1275 5100 1440 5167 Gell.,
1489 5103 1576 5157 lib.
1631 5118 1686 5155 ttt
1733 5101 1886 5155 Noct.
1916 5101 2165 5169 Atticar.,

575 5191 694 5250 cap.
722 5178 812 5250 48.
844 5175 1170 5250 Censorinus
1194 5174 1262 5228 de
1288 5173 1380 5250 Die
1404 5172 1575 5250 Rutuli
1601 5214 1617 5238 ,
1646 5188 1765 5250 cap.
1798 5173 1867 5250 15_
1894 5174 2168 5250 et_(_‘._0pi0_-

571 5243 702 5305 sitis.
743 5249 861 5306 Jan.
893 5249 1177 5311 Parrltas.,
1224 5246 1380 5315 epist.
1412 5244 1498 5298 65.
1537 5243 1654 5298 Pet.
1697 5244 1938 5298 Nannius
1963 5243 2172 5315 Misce!-

573 5321 801 5387 laneor.,
831 5322 924 5376 lib.
954 5336 1006 5382 v,
1048 5332 1166 5386 cap.
1197 5314 1466 5371 7.’Carol.
1499 5315 1684 5385 Sigon.
1706 5357 1720 5380 ,
1751 5316 1848 5387 lib.
1884 5332 1941 5370 ιι.
1973 5314 2171 5387 Emen-

574 5390 903 5515 diathﬂcap.
949 5391 1037 5447 16.
1079 5389 1300 5445 Servius
1346 5387 1652 5443 Honoratus
1699 5386 1765 5440 ad
1814 5387 1967 5453 illud,
2015 5386 2110 5441 lib.
2153 5400 2172 5441 ι

577 5493 598 5515 λ
653 5479 737 5515 net
781 5503 794 5515 .

577 5479 794 5517 mrtem.

701 5552 921 5615 Triginta
943 5556 1132 5617 magnis
1154 5555 1405 5606 volvendis
1427 5553 1684 5604 mensibus
1701 5551 1864 5602 orbes.

574 5660 643 5717 Et
681 5658 841 5730 primi
882 5658 1188 5732 mortalium
1227 5659 1464 5732 Egyptii
1506 5669 1631 5716 ante
1679 5675 1831 5715 usum
1874 5657 2173 5732 litterarum

569 5728 897 5794 inventum,
951 5729 1241 5786 draconem
1291 5728 1387 5786 ore
1437 5733 1664 5788 caudam
1707 5734 2062 5794 retinentem,
2108 5728 2176 5784 ad

589 5813 768 5866 motus
810 5803 1120 5879 reciprocos
1160 5812 1429 5860 astrorum
1467 5815 1520 5862 et
1560 5802 1965 5862 vicissitudines
1998 5799 2178 5873 expri-

2255 3139 2412 3198 quem
2435 3124 2558 3193 quia
2586 3125 2652 3198 ad
2676 3127 2815 3198 lunae
2859 3124 3086 3198 cursum
3103 3127 3482 3190 metiebantur,
3510 3129 3858 3198 tunarcmap-

2256 3196 2548 3321 ἷεὲἐιέὺίιυι.
2581 3195 2737 3252 Joan.
2777 3195 2994 3253 Jovian.
3045 3198 3276 3254 Pontan.
3315 3199 3408 3254 lib.
3438 3214 3477 3253 ιι
3505 3198 3762 3266 Uraniae,
3793 3195 3857 3256 de

3129 3383 3347 3437 Orbibus
3367 3385 3517 3436 orbes

2382 3445 2552 3508 Mutat,
2579 3460 2737 3510 agens
2765 3450 2964 3510 circum,
2991 3456 3043 3498 et
3083 3461 3286 3511 parvum
3319 3451 3626 3500 convertitur
3658 3459 3850 3499 annum.

2261 3551 2668 3624 Alii_bimestris
2694 3553 2867 3622 spatio
2893 3569 3094 3608 annum
3127 3553 3482 3608 terminabant
3505 3593 3521 3618 ,
3553 3552 3697 3609 inter
3715 3566 3844 3624 quos

2260 3635 2313 3678 et
2336 3622 2595 3694 Egyptii.
2623 3623 2766 3679 Idem
2799 3625 3077 3680 Pontanus
3104 3624 3297 3681 eodem
3327 3625 3448 3681 loco
3485 3642 3498 3678 :

2386 3737 2580 3803 IEgypti
2606 3739 2814 3802 primum
2835 3738 3039 3791 veteres
3061 3739 3232 3791 fecere
3255 3741 3569 3792 bimestrem.

2263 3866 2427 3942 iidem
2460 3866 2535 3920 illi
2565 3865 2802 3939 ngyptii
2832 3867 3098 3922 interdum
3132 3867 3185 3922 in
3211 3877 3318 3942 tres
3349 3884 3586 3942 menses,
3617 3871 3853 3942 aliquan-

2263 3941 2333 3992 do
2364 3939 2419 3992 in
2452 3948 2681 4007 quatuor
2716 3955 2912 3992 annum
2957 3953 3114 3993 suum
3161 3940 3434 3995 secabant.
3481 3939 3759 3998 Plutarch.
3804 3945 3857 4000 in

2264 4009 2456 4082 Numa.
2491 4009 2655 4082 Cares
2682 4018 2736 4064 et
2771 4009 3098 4082 Acarnanes
3115 4025 3216 4082 sex,
3239 4012 3504 4082 mensium
3547 4014 3726 4082 spatio
3764 4030 3858 4069 an-

2265 4096 2392 4135 num
2411 4081 2753 4152 claudebant.
2769 4080 3054 4135 Ceusorin.
3088 4081 3257 4136 lib.de
3285 4081 3371 4136 die
3395 4080 3605 4147 Natali,
3629 4099 3754 4152 cap.
3775 4086 3858 4151 I9,

2266 4163 2323 4206 ut
2358 4159 2414 4205 et
2447 4151 2656 4205 Hebraei
2698 4152 2765 4205 ad
2803 4153 2944 4206 lunae
2981 4160 3185 4206 motum
3226 4168 3427 4206 annum
3469 4169 3564 4208 sex
3593 4157 3860 4211 mensium

2267 4223 2516 4295 effecere,
2563 4222 2716 4277 Sttid.
2752 4223 2803 4276 in
2847 4238 2978 4295 voce
3031 4225 3295 4289 ἐνιαυτὸς,
3341 4240 3527 4278 annus.
3577 4228 3757 4295 Atque
3809 4227 3860 4282 hi

2267 4294 2484 4364 quidem
2519 4309 2615 4360 pro
2651 4309 2864 4348 summo
2893 4293 3003 4348 Deo
3040 4295 3219 4348 lunam
3271 4293 3703 4361 venerabantur;
3745 4297 3863 4354 ideo

2268 4365 2334 4420 ad
2381 4364 2624 4434 ejusdem
2667 4380 2882 4420 cursum
2921 4380 3092 4419 annos
3133 4380 3260 4420 suos
3296 4367 3860 4423 circumscribebant:

2269 4436 2387 4489 aliis
2408 4437 2564 4505 aliter
2590 4438 2794 4501 visum,
2823 4439 2913 4505 qui
2940 4437 3240 4491 caelestium
3269 4436 3504 4492 siderum
3538 4438 3734 4494 ducem
3768 4441 3864 4496 So-

2268 4510 2375 4564 lem
2415 4503 3056 4578 agnbveruutaejusque
3105 4510 3393 4564 metientes
3434 4524 3624 4565 cursus
3648 4553 3662 4572 ,
3693 4525 3866 4567 annos

2268 4594 2396 4634 suos
2423 4579 2490 4633 ad
2523 4588 2727 4632 motum
2768 4577 2912 4633 illius
2951 4577 3379 4634 conformabant.
3413 4580 3568 4636 Serv.
3618 4581 3689 4637 ad
3733 4581 3860 4638 illud

2270 4650 2365 4706 lib.
2393 4666 2471 4704 ιιι.
2503 4648 2718 4704 ΑΞιιθὶό.
2765 4666 2779 4703 :
3025 4673 3027 4675 ί

2396 4765 2594 4816 Interea
2617 4775 2847 4826 magnum
2869 4765 2942 4816 sol
2965 4768 3353 4818 circumvertitur
3388 4781 3584 4819 annum.

2270 4904 2340 4947 :—
2377 4872 2444 4927 Ut
2476 4877 2637 4947 fastos
2661 4873 2896 4947 signent,
2943 4885 2993 4929 et
3022 4875 3170 4947 annis
3201 4892 3383 4930 nomen
3421 4877 3715 4946 imponant.
3749 4877 3859 4947 Agit

2273 4944 2582 4999 Lactantius
2610 4945 2686 5016 de
2720 4945 2787 4999 iis
2818 4960 2952 5016 quos
2982 4944 3188 5000 inﬂavit
3218 4947 3290 5001 ita
3329 4944 3551 5001 ambitio
3572 4988 3588 5010 .
3648 4959 3707 5003 ut
3735 4944 3857 5003 nihil

2272 5017 2507 5089 Cogitcnt
2550 5015 2694 5071 aliud
2741 5015 2900 5089 quam
2944 5028 3002 5071 ut
3063 5029 3254 5088 gerant
3305 5020 3694 5089 magistratus,
3736 5020 3858 5074 tales

2274 5088 2530 5150 maxime,
2560 5089 2756 5158 quibus
2786 5088 3074 5159 Fastorum
3102 5089 3344 5159 signandi
3389 5088 3444 5144 et
3473 5091 3632 5146 anuis
3677 5105 3858 5146 nomen

2275 5159 2586 5231 imponendi
2611 5161 2745 5213 ratio
2771 5159 3022 5231 adjuncta
3054 5158 3187 5224 fuit;
3223 5160 3272 5214 id
3302 5169 3406 5224 est,
3439 5162 3547 5231 agit
3580 5162 3648 5217 de
3678 5175 3856 5216 consu-

2276 5229 2444 5294 libus,
2494 5230 2563 5286 de
2608 5231 2802 5300 quibus
2844 5229 2990 5285 Fasti
3033 5233 3344 5286 consulares
3385 5229 3554 5298 dicti,
3603 5233 3858 5302 iidemque

2276 5302 2530 5373 consules
2551 5302 2706 5356 anuis
2748 5317 2943 5357 nomen
2985 5302 3352 5373 imponebant.
3401 5305 3539 5372 Apte
3570 5304 3772 5360 Seneca
3799 5303 3859 5356 de

2276 5372 2357 5427 Ira
2400 5372 2536 5427 libro
2576 5374 2748 5443 primo
2790 5383 3021 5428 exeunte
3059 5372 3074 5427 ε
3119 5374 3338 5427 Ambitio
3384 5392 3484 5428 non
3523 5385 3595 5429 est
3637 5383 3859 5430 contenta

2278 5443 2554 5498 honoribus
2605 5445 2825 5509 annuis;
2869 5445 2914 5498 si
2961 5446 3072 5514 ﬁeri
3101 5456 3292 5515 potest,
3327 5462 3434 5501 uno
3467 5448 3690 5502 nomine
3717 5463 3858 5501 occu-

2279 5517 2595 5588 parcfastos
2627 5515 2754 5588 uult,
2795 5532 2899 5588 per
2914 5532 3114 5588 omnem
3154 5520 3324 5571 orbem
3366 5519 3544 5588 titulos
3577 5519 3857 5588 disponere.

2277 5587 2580 5653 Salvianus,
2614 5587 2703 5642 lib.
2736 5603 2804 5658 vt,
2839 5586 2905 5641 ed
2935 5587 3138 5653 Brem.,
3163 5603 3219 5658 p.
3254 5588 3392 5645 406:
3423 5587 3596 5654 Quum
3619 5586 3727 5644 haec
3753 5603 3858 5643 ont-

2279 5659 2367 5711 nia
2392 5659 2493 5728 ipsi
2513 5657 2818 5730 (consules)
2845 5669 3032 5730 agant,
3062 5659 3148 5726 qui
3168 5657 3334 5714 annis
3361 5662 3572 5715 nomina
3612 5661 3855 5725 tribuunt,

2281 5738 2328 5784 et
2358 5729 2593 5801 aquibus
2619 5729 2866 5801 anuigipsi
2884 5729 3155 5785 exordium
3181 5741 3404 5786 sumant.

2363 5799 2532 5856 variis
2559 5799 2808 5874 implicat.
2846 5803 2937 5868 Sic
2977 5803 3096 5878 lego
3141 5819 3266 5861 cum
3309 5819 3440 5864 mss.
3482 5799 3856 5880 antiquisSiDIiS
