4142 6200
469 279 583 338 655

1551 267 1736 330 FIRM.
1777 267 2148 329 LAC'I‘ANTII
2190 267 2391 328 DlVIN.
2425 266 2677 328 lNSTlT.

3677 266 3781 327 656

465 395 664 452 derunt
703 393 1001 462 amputant,
1042 401 1112 446 ne
1150 386 1272 461 quis
1315 386 1436 444 illos
1479 396 1667 444 contra
1711 388 1858 458 ipsos
1898 387 2067 458 possit
2092 389 2146 447 A
2171 400 2290 456 quae
2317 384 2597 441 dissidium
2622 381 2838 454 generis
2866 380 3087 441 humani
3127 378 3268 439 ferre
3309 395 3416 438 non
3462 390 3678 454 potest,
3723 393 3781 440 et

466 489 688 547 imitari.
725 486 1109 544 Verumtamen
1139 493 1409 556 putemus,
1443 485 1544 540 hoc
1570 483 1808 539 officium
1836 499 1941 538 non
1966 482 2066 538 nisi

462 583 593 642 boni
619 597 760 650 esse,
792 590 851 637 ut
881 581 1050 636 bonos
1079 578 1354 636 defendat.
1387 580 1460 635 At
1488 578 1542 634 id
1572 579 1872 646 suscipere,
1907 576 2066 631 facile

462 683 570 741 est,
599 674 843 744 implere,
891 671 1144 736 difficile;
1191 672 1314 741 quia
1357 685 1478 725 cum
1526 680 1578 726 te
1614 669 1895 725 certamini
1937 683 2065 723 con~

461 764 837 836 gressionique
861 763 1220 827 commiseris,
1265 763 1318 816 in
1365 761 1588 817 arbitrio
1620 761 1747 826 Dei,
1797 775 1903 814 non
1946 768 2062 824 tuo,

461 858 638 929 posita
682 856 902 912 victoria
948 863 1053 911 est.
1101 854 1169 909 Et
1205 854 1522 924 plerumque
1565 853 1816 923 improbi,
1861 859 1918 907 et
1959 867 2062 905 uu-

459 968 636 1017 mero,
678 961 731 1008 et
755 949 1154 1021 conspiratione
1179 955 1303 1002 sunt
1326 947 1675 1017 potentiores,
1709 960 1869 1016 quam
1897 944 2057 1009 boni;

459 1057 522 1103 ut
547 1047 614 1102 ad
640 1060 735 1102 eos
759 1043 1114 1115 superandos,
1143 1056 1250 1096 non
1278 1049 1386 1095 tam
1417 1041 1586 1095 virtus
1614 1041 1704 1105 sit,
1735 1054 1892 1110 quam
1935 1038 2059 1094 feli-

459 1139 594 1194 citas
621 1136 945 1193 necessaria.
980 1137 1062 1190 An
1101 1133 1297 1204 aliquis
1340 1133 1568 1203 ignorat,
1615 1133 1826 1202 quoties
1868 1129 2059 1186 melior

453 1231 757 1301 iustiorque
788 1243 911 1299 pars
937 1227 1080 1282 vieta
1112 1225 1221 1281 sit?
1254 1223 1390 1279 Hinc
1418 1238 1630 1295 semper
1659 1222 2058 1278 dominationes

454 1323 665 1380 acerbae
695 1323 750 1376 in
775 1321 921 1376 cives
949 1321 1261 1377 extiterunt.
1296 1318 1458 1374 Plena
1481 1327 1565 1375 est
1595 1317 1858 1388 exemplis
1879 1317 2056 1372 omnis

450 1417 681 1472 historia
706 1433 720 1470 :
743 1413 840 1469 sed
869 1428 968 1469 nos
997 1413 1234 1468 contenti
1269 1412 1470 1467 erimus
1499 1426 1624 1466 uno.
1659 1411 1856 1466 Cneius
1894 1411 2054 1465 Pom-

451 1509 608 1580 peius
649 1506 912 1562 bonorum
956 1503 1124 1558 voluit
1165 1517 1289 1558 esse
1332 1501 1614 1568 defensor;
1658 1503 1921 1573 siquidem
1957 1516 2054 1572 pro

450 1598 755 1670 republica,
784 1611 882 1667 pro
906 1595 1142 1658 Senatu,
1184 1610 1282 1664 pro
1322 1593 1570 1649 libertate
1599 1610 1747 1648 arma
1793 1595 2046 1664 suscepit.

448 1694 599 1750 Idem
629 1703 807 1746 tamen
837 1691 1011 1746 victus
1052 1703 1172 1744 cum
1205 1689 1316 1758 ipsa
1349 1688 1596 1744 libertate
1638 1687 1871 1754 occidit,
1918 1697 1974 1743 et
2019 1689 2048 1742 :‘t

2172 479 2498 548 ubicumque
2527 493 2676 532 arma
2707 476 2975 539 fulserint,
3008 475 3133 532 hinc
3155 490 3273 532 eam
3305 476 3473 546 iugari
3503 484 3558 532 et
3601 485 3785 533 exter-

2172 570 2365 625 minari
2397 583 2619 624 necesse
2645 576 2744 624 est.
2777 567 2977 624 Verum
3006 577 3092 624 est
3129 568 3271 623 enim
3295 559 3569 624 Ciceronis
3611 568 3774 624 illud:

2173 665 2277 733 Qui
2303 673 2478 720 autem
2503 664 2691 718 civium
2716 665 2968 719 rationem
2995 665 3169 718 dicunt
3200 663 3507 731 habendam,
3538 673 3777 719 externo-

2168 773 2282 812 rum
2313 766 2519 828 negant,
2548 757 2794 812 dirimunt
2821 757 2873 810 hi
2893 773 3207 812 communem
3233 758 3432 829 generis
3455 757 3668 812 humani
3691 774 3776 814 so-

2166 850 2395 905 cietatem
2418 868 2437 905 :
2465 866 2567 921 qua
2586 851 2806 916 sublata,
2834 852 3187 920 beneficentia,
3216 851 3518 918 liberalitas,
3551 851 3769 917 bonitas,

2155 944 2359 1015 justitia
2385 943 2620 1014 funditus
2646 944 2862 999 tollitur.
2900 943 3034 999 Nam
3077 945 3350 1014 quomodo
3392 954 3568 1016 potest
3590 947 3768 1018 justus

2163 1051 2305 1104 esse,
2347 1039 2436 1108 qui
2482 1047 2663 1102 nocet,
2707 1038 2798 1109 qui
2827 1037 2964 1106 odit,
3011 1039 3100 1108 qui
3137 1040 3352 1108 spoliat,
3403 1041 3491 1110 qui
3525 1041 3766 1096 occidit?

2161 1130 2294 1198 Quae
2314 1131 2493 1185 omnia
2519 1130 2751 1198 faciunt,
2792 1131 2882 1202 qui
2912 1133 3098 1202 patria:
3127 1133 3386 1203 prodesse
3413 1135 3673 1190 nituntur.
3709 1135 3764 1190 ld

2160 1223 2304 1278 enim
2332 1223 2504 1293 ipsum
2532 1221 2810 1292 prodesse,
2847 1224 2976 1295 quid
3019 1225 3119 1293 sit,
3168 1225 3448 1295 ignorant,
3497 1228 3586 1298 qui
3630 1229 3763 1285 nihil

2159 1326 2350 1388 putant
2375 1317 2525 1381 utile,
2561 1317 2693 1372 nihil
2719 1317 3087 1383 commodum,
3112 1318 3214 1373 nisi
3244 1319 3386 1390 quod
3413 1322 3578 1376 teneri
3602 1337 3762 1376 manu

2158 1419 2354 1481 potest,
2382 1409 2524 1482 quod
2549 1411 2725 1467 solum
2751 1411 2923 1467 teneri
2954 1425 3059 1466 non
3091 1420 3288 1481 potest,
3337 1413 3457 1483 quia
3490 1413 3624 1484 eripi
3668 1431 3764 1485 po-

2156 1514 2280 1562 test.

2228 1601 2352 1657 Haec
2381 1602 2559 1672 itaque
2586 1600 2607 1673 (
2629 1608 2687 1654 ut
2713 1599 2812 1672 ipsi
2840 1597 3148 1670 appellant)
3183 1598 3319 1654 bona
3363 1601 3604 1671 quisquis
3650 1616 3748 1671 pa-

2154 1695 2271 1750 triae
2298 1695 2624 1764 acquisierit,
2651 1693 2752 1749 hoc
2773 1701 2876 1758 est,
2907 1693 2997 1763 qui
3028 1691 3230 1747 eversis
3261 1691 3588 1756 civitatibus,
3615 1708 3753 1762 gen-

449 1785 781 1856 spadonibus
803 1781 1073 1855 {Egyptiis
1095 1782 1462 1847 detruncatus,
1495 1781 1791 1851 insepultus
1811 1782 2051 1851 abjectus
2080 1783 2129 1844 B
2159 1786 2406 1855 tibusque
2447 1783 2638 1841 deletis
2657 1825 2673 1849 ,
2716 1784 2965 1838 mrarium
2993 1783 3216 1852 pecunia
3261 1781 3560 1850 referserit,
3598 1799 3759 1853 agros

445 1889 550 1938 est.

517 1971 637 2028 Non
667 1977 749 2026 est
777 1969 937 2040 igitur
971 1967 1141 2022 virtus
1163 2009 1178 2033 ,
1228 1974 1320 2021 aut
1361 1966 1569 2022 hostem
1611 1965 1874 2021 malorum
1909 1979 2050 2034 esse,

444 2072 541 2120 aut
565 2062 906 2120 defensorem
933 2059 1219 2126 bonorum,
1247 2057 1371 2130 quia
1393 2060 1566 2114 virtus
1594 2058 1816 2114 incertis
1836 2059 2052 2115 casibus

445 2172 557 2213 non
587 2163 766 2226 potest
787 2169 911 2211 esse
936 2153 1196 2223 subjecta.

568 2248 825 2301 Commoda
850 2253 1093 2310 praeterea
1116 2246 1284 2308 patria:
1308 2245 1402 2295 sibi
1423 2246 1577 2308 prima
1601 2253 1794 2308 putare.

443 2352 666 2410 Sublata
713 2350 990 2406 hominum
1036 2348 1360 2412 concordia,
1404 2349 1573 2403 virtus
1617 2349 1759 2404 nulla
1806 2355 1890 2404 est
1928 2363 2044 2404 om-

440 2445 592 2499 nino.
624 2443 756 2509 Qute
780 2450 906 2496 sunt
936 2441 1080 2496 enim
1110 2441 1293 2510 patriae
1333 2438 1640 2504 commoda,
1675 2441 1776 2495 nisi
1820 2439 2042 2495 alterius

439 2537 693 2603 civitatis,
722 2543 815 2590 aut
836 2538 1010 2606 gentis
1039 2534 1418 2589 incommoda?
1445 2532 1501 2588 ld
1544 2542 1647 2600 est,
1681 2536 1812 2588 lines
1843 2549 2043 2605 propa-

437 2644 570 2698 gare
599 2627 717 2682 aliis
742 2628 1008 2682 violenter
1043 2634 1281 2696 ereptos,
1311 2641 1508 2696 augere
1537 2625 1843 2696 imperium,
1872 2627 2043 2682 vecti-

436 2720 578 2792 galia
606 2718 786 2774 facerc
812 2717 1038 2788 majora.
1069 2716 1202 2784 Qum
1229 2717 1406 2772 omnia
1438 2733 1544 2773 non
1585 2719 1768 2788 utique
1796 2717 2039 2785 virtutes,

437 2811 536 2868 sed
560 2811 817 2867 virtutum
847 2821 967 2865 sunt
1002 2810 1332 2865 eversiones.
1365 2810 1418 2863 lu
1452 2811 1638 2880 primis
1667 2812 1809 2866 enim
1841 2812 2043 2868 tollitur

436 2904 689 2960 humanm
714 2904 989 2960 societatis
1011 2903 1340 2974 conjunctio,
1369 2905 1570 2959 tollitur
1592 2906 1917 2974 innocentia,
1944 2908 2041 2962 tol-

2156 1879 2381 1949 ceperit,
2409 1878 2557 1934 cives
2583 1891 2713 1933 suos
2743 1876 3123 1946 locupletiores
3151 1875 3368 1943 fecerit;
3397 1877 3484 1932 hic
3513 1877 3760 1933 laudibus

2156 1972 2329 2028 fertur
2356 1973 2406 2027 in
2435 1972 2652 2039 coelum,
2686 1969 2740 2025 in
2783 1969 2888 2026 hoc
2931 1978 3148 2040 putatur
3185 1985 3394 2025 summa
3423 1979 3478 2024 et
3523 1969 3762 2040 perlecta

2155 2081 2279 2124 esse
2306 2067 2496 2122 virtus.
2524 2065 2626 2135 Qui
2666 2079 2819 2121 error
2843 2078 2950 2119 non
2979 2063 3140 2118 modo
3170 2063 3352 2135 populi
3394 2073 3449 2119 et
3476 2064 3758 2134 imperito-

2155 2175 2296 2228 rum,
2343 2159 2437 2215 sed
2485 2159 2646 2213 etiam
2693 2155 3137 2228 phiIOSOphorum
3182 2163 3300 2222 est;
3349 2155 3439 2226 qui
3489 2165 3758 2225 praecepta

2154 2267 2372 2323 quoque
2412 2251 2542 2306 dant
2568 2249 2635 2305 ad
2676 2247 3014 2320 injustitiam,
3045 2262 3116 2302 ne
3153 2247 3394 2302 stultitia:
3435 2261 3499 2302 ac
3542 2247 3762 2302 malitize

2148 2343 2448 2415 disciplinae
2475 2341 2769 2398 auctoritas
2813 2340 2969 2396 desit.
3000 2339 3184 2410 itaque
3211 2355 3332 2395 cum
3363 2338 3432 2395 de
3459 2338 3652 2394 officiis
3693 2338 3762 2394 ad

2149 2455 2266 2496 rem
2295 2438 2584 2493 militarem
2613 2434 3009 2506 pertinentibus
3029 2432 3327 2504 disputant,
3351 2447 3528 2502 neque
3555 2431 3620 2486 ad
3642 2432 3760 2502 jus-

2146 2533 2342 2599 titiam,
2375 2545 2552 2600 neque
2589 2529 2656 2585 ad
2684 2543 2870 2584 veram
2898 2528 3149 2582 virtutem
3181 2525 3624 2581 accommodatur
3670 2527 3759 2581 illa

2148 2625 2327 2682 omnis
2353 2623 2547 2690 oratio,
2571 2621 2667 2678 sed
2694 2621 2761 2677 ad
2795 2620 2932 2675 hanc
2977 2619 3141 2673 vitam
3173 2633 3490 2688 moremque
3519 2619 3757 2683 civilem,

2149 2732 2310 2789 quem
2341 2731 2446 2771 non
2466 2729 2587 2771 esse
2604 2713 2889 2784 justitiam,
2912 2723 2967 2767 et
2990 2726 3081 2766 res
3104 2710 3325 2777 indicat,
3353 2720 3407 2765 et
3427 2710 3543 2781 ipse
3563 2709 3758 2766 Cicero

2153 2819 2378 2868 testatus
2405 2818 2507 2865 est.
2540 2827 2559 2859 ‹
2597 2806 2702 2864 Sed
2730 2820 2850 2872 nos,
2881 2804 3074 2875 inquit,
3107 2803 3219 2859 veri
3244 2802 3404 2872 juris,
3451 2818 3758 2874 germana:-

2150 2922 2273 2978 qute
2294 2903 2541 2976 justitize,
2582 2902 2809 2959 solidam
2839 2908 2895 2955 et
2934 2913 3246 2970 expressam
3275 2897 3504 2968 effigiem
3552 2897 3756 2952 nullam

435 2995 567 3052 litur
591 2996 751 3052 alieni
778 2996 1124 3061 abstinentia,
1155 2995 1358 3050 tollitur
1381 2994 1611 3066 denique
1656 2997 1767 3066 ipsa
1806 2999 2034 3067 justitia,
2066 2991 2114 3057 C
2146 3009 2409 3056 tenemus.
2443 2995 2642 3054 Umbra
2672 3003 2726 3052 et
2746 2993 3068 3063 imaginibus
3101 2991 3328 3057 utimur;
3377 3006 3579 3062 easque
3609 2991 3758 3062 ipsas

1842 3134 1926 3189 VA
1935 3135 2201 3194 RIORUM
2231 3134 2467 3193 ΝΟΤᾹΞ.

434 3272 782 3346 conveniunt.
814 3271 1173 3346 Yide__librum
1195 3271 1262 3328 de
1294 3271 1553 3330 Mortibus
1599 3273 2037 3346 Persecutorum,

437 3364 560 3419 cap.
586 3347 678 3419 36,
706 3343 797 3410 is,
826 3343 917 3419 so,
946 3342 1033 3397 51.

509 3415 590 3474 Ἀη
617 3417 802 3485 aliquis
829 3417 1050 3486 ignorat,
1093 3415 1286 3484 quoties
1327 3417 1524 3484 melior,
1559 3425 1664 3472 etc.
1710 3418 1800 3475 Sic
1826 3422 2038 3477 restitui

437 3506 507 3548 ex
533 3490 567 3544 5
597 3499 716 3560 vet.
735 3487 975 3560 editis_ct
997 3487 1068 3540 20
1097 3503 1254 3560 Inanu
1280 3489 1532 3556 exaratis,
1579 3491 1720 3546 inter
1747 3507 1883 3560 quos
1911 3504 2038 3548 sunt

436 3559 795 3632 antiquissimi
827 3559 853 3612 1
883 3558 1016 3632 Bon.
1048 3559 1319 3632 ct_2_Reg.

513 3628 695 3688 adem
740 3629 1038 3696 Pompeius.
1090 3628 1123 3682 4
1153 3629 1312 3699 Reg,
1361 3632 1395 3685 5
1431 3629 1689 3693 Colbert.,
1718 3632 1753 3686 2
1798 3632 2033 3690 Clarom.

440 3704 644 3759 habent
669 3699 1085 3772 Gneiusalunq
1135 3699 1456 3772 1_Colbcrt.,
1494 3703 1624 3756 edit.
1656 3702 1803 3769 Ald.,
1841 3707 2034 3772 Paris.,

441 3772 870 3844 Jutitar.,Crat.,
889 3771 1116 3844 ϐιρνιι..
1142 3770 1328 3844 Cneius
1361 3775 1493 3826 enint
1525 3773 1842 3844 Pompeius;
1873 3770 2034 3844 Ultr.,

441 3841 779 3904 Brun.,Cum
796 3843 929 3895 enim
958 3839 1253 3915 Pompeius.
1284 3844 1363 3915 De
1383 3845 1530 3898 Cucii
1563 3839 1777 3915 Pompei
1813 3849 1863 3902 in
1893 3839 2036 3903 rem;

439 3915 710 3985 publicam
756 3926 941 3966 amore
983 3912 1104 3986 vide
1134 3912 1498 3986 Plutarchum,
1530 3912 1756 3986 Appian.
1805 3920 2035 3974 Alexan-

442 3982 684 4059 drinum,
717 3997 784 4059 a_c_
807 3982 1104 4059 praesertim
1133 3983 1444 4059 Ciceronem
1474 3987 1524 4039 in
1549 3982 1791 4052 epismlis
1815 3992 2034 4059 passim.

517 4055 686 4109 Idem.
731 4053 822 4108 Sic
861 4053 1076 4118 reposui
1115 4069 1180 4107 ex
1220 4055 1642 4111 omnibus-mss.
1694 4069 1744 4112 et
1795 4053 1879 4113 cii.
1928 4073 2036 4116 vel.

443 4127 604 4184 Rom.
635 4137 689 4181 et
719 4125 889 4196 Betui.
919 4124 976 4179 lu
1007 4125 1216 4178 caeteris
1244 4125 1456 4196 legitur,
1486 4127 1541 4179 Is
1571 4139 1735 4182 tamen
1759 4133 1931 4184 victus.

524 4198 744 4273 Qccidit.
764 4195 855 4273 _lta
883 4211 1070 4273 omnes
1099 4195 1426 4273 prolieuntss.
1448 4201 1807 4273 et_impressi.
1848 4204 1881 4256 5
1909 4203 2038 4273 Reg.

443 4277 500 4327 et
528 4269 653 4326 Jun.
677 4278 732 4323 et
762 4265 796 4320 5
817 4275 922 4338 vet.
950 4266 1101 4338 edit.,
1128 4269 1410 4334 occiditur;
1442 4272 1459 4324 1
1492 4265 1755 4338 Collicrt.,
1788 4265 2040 4328 occubuit.

519 4342 565 4396 Α
597 4337 930 4410 Spadonibus
954 4336 1238 4409 Afgyptiis.
1284 4340 1569 4395 Pltotiumn
1611 4336 1913 4398 eunuclunn
1958 4362 2046 4400 re-

2149 3277 2240 3350 qui
2276 3278 2474 3348 justam
2501 3275 2876 3334 defensionem
2901 3287 3022 3331 cum
3050 3273 3233 3346 iniqua
3260 3271 3606 3345 aggressione
3629 3288 3760 3330 con-

2148 3350 2458 3492 magnimos.
2493 3421 2582 3478 Sic
2607 3419 2821 3492 restitui
2848 3434 2920 3492 ex
2946 3419 2980 3474 8
3003 3415 3353 3492 vet.‘_editis,
3396 3417 3760 3492 omnibusque

2147 3508 2279 3549 mss.
2306 3488 2498 3562 praeter
2523 3493 2637 3548 Pal.
2666 3502 2720 3548 et
2741 3495 2767 3546 1
2801 3490 2947 3558 Lips.
2972 3492 3023 3544 in
3047 3488 3241 3559 quibus
3266 3499 3348 3544 est
3373 3491 3577 3561 ereptis,
3607 3504 3763 3544 meu-

2145 3564 2308 3626 dose;
2344 3565 2395 3618 in
2427 3564 2590 3620 Cauc.
2617 3575 2671 3619 et
2700 3564 2768 3618 13
2798 3562 3096 3632 impressis,
3128 3562 3320 3632 ejectis.

2229 3635 2510 3707 Vectigalia
2537 3639 2704 3707 facere
2731 3629 2968 3707 majora:
2984 3632 3113 3686 Mss.
3144 3631 3390 3707 2_Collh_,
3416 3629 3607 3707 60th.,
3638 3641 3692 3687 et
3721 3631 3759 3685 7

2145 3707 2298 3775 edit.,
2350 3701 2579 3762 meliora.
2605 3701 2824 3762 Plinius
2857 3705 2909 3758 in
2941 3704 3278 3775 Panegyric,
3312 3701 3452 3756 Fisci
3474 3719 3759 3775 nunquam

2141 3771 2301 3832 causa
2327 3779 2457 3833 bona
2499 3788 2594 3845 est,
2633 3778 2730 3832 nisi
2768 3775 2858 3830 sub
2894 3775 3025 3830 bono
3065 3771 3327 3844 Principe.
3358 3803 3430 3814 —
3473 3771 3760 3845 Vectigalia

2147 3843 2770 3920 faceremoliora.iCresar
2801 3849 2939 3902 libro
2975 3849 2996 3901 1
3029 3845 3107 3920 de
3127 3845 3190 3900 Β.
3228 3846 3457 3920 _Civ.,Ac.
3478 3843 3763 3920 §5,__disit

2144 3915 2411 3992 uectigalia
2449 3936 2672 3991 augere;
2717 3928 2883 3992 etgex
2922 3919 3171 3992 opposito
3228 3916 3265 3972 l.
3300 3932 3316 3970 ι
3362 3916 3430 3992 de
3468 3915 3536 3992 _B.
3583 3915 3756 3984 Gall.,

2144 4007 2193 4047 c.
2219 3988 2307 4057 56,
2337 3988 2613 4062 vectigalia
2635 3990 2886 4054 deteriora
2903 3992 3090 4059 facere.
3109 3988 3272 4062 Forte
3289 3988 3506 4062 scripsit
3527 3996 3713 4042 noster
3737 4004 3756 4046 :

2146 4064 2424 4132 vectigalia
2453 4059 2620 4132 facere
2653 4064 2862 4132 majora
2877 4070 3027 4132 atque
3055 4059 3290 4132 meliora.
3319 4059 3453 4132 BDN.

2219 4130 2494 4189 Ciceronis.
2527 4133 2643 4188 Lib.
2677 4148 2735 4188 nr
2769 4130 3092 4202 Ofﬁc.‘cap.
3128 4131 3184 4198 2,
3227 4131 3370 4187 unde
3415 4133 3530 4184 tunc
3571 4130 3760 4186 omnia

2146 4203 2426 4274 desumpta
2458 4213 2601 4260 sunt.

2217 4271 2429 4330 Iustitia
2456 4276 2691 4346 funditus
2733 4275 2948 4330 tollitur.
2979 4273 3274 4339 Funditus,
3318 4273 3460 4343 quod
3493 4271 3658 4346 deest
3696 4272 3759 4327 in

2149 4349 2423 4403 nonnullis
2447 4344 2630 4414 editis,
2660 4347 2866 4402 restitui
2913 4361 2979 4401 ex
3018 4347 3230 4402 caeteris
3259 4344 3538 4414 impressis
3576 4346 3760 4397 enmi-

445 4409 1007 4503 gium‘iut‘ell-igilt):
1024 4413 1150 4503 loco
1176 4410 1450 4466 Ptolomaei
1470 4413 1680 4482 juvenis
1704 4431 1926 4482 regnum
1950 4417 2040 4472 ad-
2072 4443 2124 4503 ι)
2152 4417 2358 4503 busque
2381 4435 2510 4475 mss.
2538 4428 2593 4474 et
2616 4409 2684 4503 cx
2706 4419 2824 4503 ipso
2857 4415 3235 4503 Cicerone
3264 4409 3518 4471 nr'Oftic.
3548 4431 3674 4503 ean:
3692 4414 3756 4495 ξι.

449 4480 807 4536 ministrabat.
840 4480 1160 4536 BETULEIUS.

524 4552 743 4606 Sublata
772 4551 1032 4604 hominum
1062 4555 1354 4617 concordia,
1384 4555 1541 4610 virtus
1561 4557 1702 4611 nulla
1723 4568 1793 4612 est
1815 4561 2040 4615 omnino.

449 4623 612 4678 Deest
638 4627 792 4692 uirtus
824 4623 876 4676 in
906 4624 938 4675 8
973 4622 1126 4692 Reg,
1157 4624 1189 4679 6
1231 4624 1491 4689 C0lbert.,
1521 4627 1706 4688 Cauc..
1739 4629 1862 4684 Jun.
1895 4643 1944 4687 ct
1981 4633 2045 4686 10

449 4694 592 4767 aliis.
621 4693 678 4767 In
708 4691 776 4746 14
802 4692 1036 4760 scriptis,
1062 4691 1160 4767 pro
1194 4696 1359 4760 nulla,
1395 4699 1583 4767 legitur
1607 4701 1754 4754 nihil.

523 4763 722 4842 Patria:
747 4767 1029 4842 commoda.
1065 4764 1277 4842 Natura:
1301 4769 1414 4823 sive
1438 4763 1784 4842 Humanitatis
1808 4775 1896 4842 jus
1916 4787 2056 4828 con--

449 4836 743 4913 stringitet
768 4834 982 4902 copulat
1008 4835 1315 4913 universum
1353 4855 1522 4913 genus
1551 4834 1861 4908 humanum,
1899 4846 2039 4913 quod

448 4909 542 4977 qui
574 4907 1032 4984 v_iplat,_nat_uram
1065 4908 1229 4984 ipsam
1267 4907 1458 4964 evertit
1486 4929 1498 4963 :
1529 4921 1714 4984 contra
1742 4907 1884 4984 quod
1918 4907 2040 4984 pec—

449 4978 657 5054 cantii,
693 4977 782 5054 qui
806 4977 1177 5054 sui_commodi
1218 4983 1589 5054 catlsakquod
1616 4977 2036 5054 aliisproprium

448 5058 534 5105 est
555 5046 860 5104 detrahunt.
893 5046 1003 5127 Hoc
1030 5049 1191 5112 enim,
1223 5049 1368 5117 juxta
1393 5046 1730 5127 Ciceronem,
1762 5046 1928 5127 inagis
1957 5068 2039 5114 est

447 5130 635 5194 contra
663 5130 908 5194 naturam
924 5120 1111 5194 ipsam,
1133 5135 1289 5194 manu
1311 5137 1477 5185 mors,
1501 5141 1658 5194 quam
1677 5120 2036 5193 dolorfquam

445 5191 548 5246 alia
576 5191 965 5266 quaevismala.
1003 5191 1409 5266 lliuccolligere
1437 5191 1635 5262 licebit,
1664 5197 1751 5266 jus
1775 5191 1912 5254 istud
1942 5202 2037 5255 lm-

445 5276 664 5339 manum
690 5263 827 5339 nihil
864 5277 1080 5339 prorsus
1109 5261 1253 5316 aliud
1285 5261 1428 5339 esse,
1459 5282 1616 5335 quam
1639 5261 1726 5338 jus
1755 5269 2032 5339 Geutimn,

444 5333 587 5409 quod
613 5334 700 5400 qui
730 5333 951 5409 dirimit,
981 5334 1234 5389 dirimere
1262 5335 1335 5409 eti
1355 5353 1422 5390 un
1452 5333 1665 5409 omnem
1697 5344 1907 5409 generis
1937 5333 2034 5396 bu;

441 5404 586 5456 mani
608 5405 1058 5482 consociationem
1083 5407 1348 5482 putandus
1370 5418 1471 5482 est.
1490 5408 1638 5482 Nulla
1661 5404 1922 5482 siquidem
1949 5414 2031 5469 lex

439 5487 591 5554 :equa
615 5474 878 5554 censenda
907 5486 1008 5538 est,
1039 5493 1155 5543 qum
1197 5479 1276 5532 vel
1323 5481 1372 5554 iu
1403 5479 1640 5554 fraudem
1671 5474 1872 5537 natura:
1898 5502 2030 5541 con-

434 5545 699 5626 stituitur,
744 5545 827 5597 vel
874 5561 978 5625 non
1019 5560 1082 5626 es
1129 5558 1333 5626 :cterna
1359 5552 1474 5626 lege
1518 5551 1652 5606 fluit.
1689 5554 1837 5610 Unde
1868 5559 2027 5612 etiam

435 5616 724 5696 privilegia.
743 5616 918 5696 omnia
948 5625 1134 5670 contra
1167 5616 1580 5696 arqualiili'tatem
1612 5629 2029 5683 consociatiouis

433 5687 685 5762 humana:
711 5687 937 5748 invecta,
989 5702 1108 5762 cum
1151 5687 1401 5760 tuquitatc
1429 5698 1711 5762 conjuncta
1745 5713 1848 5752 non
1880 5709 2020 5755 sunt.

434 5759 514 5815 Ex
559 5760 657 5816 hac
698 5768 822 5822 nota
865 5757 1091 5814 emenda
1135 5757 1300 5818 totum
1349 5764 1488 5822 lmuc
1517 5757 1776 5826 Lactantii
1825 5773 2022 5842 locum,

2222 4485 2403 4547 Justus
2444 4507 2570 4546 esse.
2616 4485 2746 4545 Post
2775 4490 2913 4554 hrcc,
2957 4505 3024 4544 ex
3055 4489 3306 4544 omnibus
3333 4502 3462 4542 mss.
3492 4496 3548 4542 et
3590 4485 3759 4541 editis

2149 4563 2562 4632 quamplurimis
2586 4560 2788 4628 addidi,
2815 4561 2900 4631 qui
2922 4571 3086 4626 nocet,
3108 4562 3196 4630 qui
3216 4560 3345 4626 odit,
3369 4559 3586 4629 quodin
3611 4573 3753 4611 non-

2149 4633 2311 4686 nullis
2336 4633 2541 4689 deerat.

2224 4703 2524 4773 Disciplime
2550 4703 2846 4758 auctoritas.
2881 4702 2971 4759 Sic
2997 4702 3211 4771 reposui
3245 4716 3313 4757 ex
3342 4702 3403 4758 1-1
3457 4700 3584 4755 Mss.
3616 4715 3758 4773 quos

2146 4789 2265 4829 rum
2295 4772 2433 4830 unus
2473 4783 2556 4830 est
2599 4775 2767 4843 antiq.
2799 4773 3108 4845 Regio-Pot.
3148 4773 3458 4845 adduntque
3501 4772 3756 4826 nonnulli

2144 4863 2356 4916 quoque.
2399 4847 2456 4902 In
2496 4845 2709 4916 scriptis
2735 4845 2769 4900 8
2809 4855 2865 4901 et
2893 4844 3122 4916 vulgatis
3157 4847 3221 4900 17
3265 4857 3351 4900 est
3391 4844 3669 4913 disciplina
3699 4853 3755 4896 et

2143 4919 2438 4973 auctoritas.

2217 4987 2517 5051 Disputant.
2551 4988 2676 5043 Mss.
2701 4987 2824 5043 Jun.
2851 4997 2905 5044 et
2927 4988 2962 5043 5
2988 4987 3144 5056 edit.,
3173 4987 3450 5057 disputent.

2217 5059 2416 5115 Oratio.
2448 5062 2570 5115 Mss.
2604 5061 2854 5124 'l‘ornes.,
2882 5060 2918 5113 Ξ
2955 5057 3111 5114 Colb.
3144 5073 3198 5114 et
3219 5058 3340 5113 edd.
3366 5057 3422 5119 4,
3457 5059 3610 5112 ratio.

2213 5129 2406 5256 Cicieéo.
2437 5132 2595 5189 Offic.
2627 5133 2720 5186 lib.
2751 5147 2830 5200 ιιι,
2859 5147 2978 5202 cap.
3008 5132 3063 5196 5,
3089 5133 3175 5186 vel
3206 5147 3261 5184 n.
3289 5129 3379 5194 69,
3405 5129 3471 5184 de
3497 5130 3580 5184 his
3606 5126 3751 5184 infra

2213 5218 2257 5256 o.
2363 5245 2376 5256 .

2138 5217 2257 5272 cap.
2289 5206 2376 5257 l2.

2215 5274 2409 5330 Umbra
2435 5284 2481 5331 et
2501 5275 2804 5346 imaginibus
2828 5275 3036 5329 utimur.
3082 5275 3105 5328 1
3137 5273 3398 5346 Clarotn.,
3427 5271 3658 5346 umbris;
3689 5279 3756 5346 et.

2138 5346 2217 5400 sic
2248 5346 2530 5416 legendum
2559 5343 2679 5401 esse
2702 5347 2961 5402 censebat
2990 5345 3269 5400 Francius.
3302 5344 3538 5414 Utraque
3581 5343 3752 5396 lectio

2137 5416 2295 5488 bona.
2332 5419 2546 5488 Legitur
2571 5417 2747 5471 umbra
2778 5417 2864 5471 hic
2885 5417 3470 5488 lociapmlCiceroucm
3498 5431 3512 5481 ;
3541 5424 3594 5466 et
3617 5429 3753 5488 "le

2140 5486 2333 5542 Umbra
2362 5486 2608 5561 etimago
2623 5489 2859 5561 justitite,
2903 5501 2953 5542 et
2983 5487 3118 5543 infra
3152 5503 3272 5557 cap.
3307 5487 3337 5536 7
3365 5504 3382 5541 ;
3416 5486 3599 5561 Specie
3640 5487 3754 5537 vir-

2136 5562 2255 5614 tutis
2301 5558 2558 5624 inductif
2590 5558 2796 5613 umbras
2844 5571 2890 5614 et
2933 5561 3179 5629 imagines
3224 5558 3644 5631 apprehenduut;
3687 5569 3750 5610 ct

2132 5646 2251 5700 cap.
2286 5633 2373 5699 12,
2405 5633 2635 5685 umbram
2663 5627 3360 5702 imaginemque'virtutis,et
3397 5629 3464 5682 ad
3505 5627 3748 5680 umbram

2132 5703 2500 5775 imaginemque
2519 5700 2784 5775 justitiazf
2809 5700 2986 5772 capite
3025 5717 3153 5756 vero
3199 5702 3258 5775 tl
3289 5700 3432 5755 circa
3474 5702 3743 5766 medium,

2132 5773 2305 5846 Abjice
2335 5773 2538 5830 umbras
2566 5774 2683 5828 illas
2712 5775 3056 5846 imaginesque
3076 5773 3314 5844 justitim.
