4142 6200
455 232 564 291 657

1633 236 1834 294 LIBER
1872 235 1962 295 Vl.
2005 235 2092 292 DE
2131 233 2317 292 VERO
2353 235 2601 297 CULTU.

3655 239 3762 299 658

453 352 657 408 utinam
687 356 1070 424 sequeremur!
1103 355 1371 413 Feruntur
1416 354 1556 411 enim
1589 355 1656 410 ab
1700 355 1917 426 optimis
1963 368 2059 409 na-
2083 357 2137 417 Α
2166 355 2335 409 titiam
2367 357 2646 426 sapientes
2673 357 3074 425 existimantur,
3112 359 3293 428 specie
3324 358 3532 416 virtutis
3558 359 3763 417 inducti

452 453 588 500 turae
638 461 702 500 ac
752 447 992 502 veritatis
1037 449 1319 520 exemplis.
1360 468 1379 500 ι
1415 447 1610 504 Umbra
1659 457 1741 503 est
1793 445 1952 517 igitur
2001 455 2056 500 et

452 538 630 610 imago
655 540 905 609 iustitiae,
935 557 1096 613 quam
1138 543 1212 598 illi
1239 543 1500 613 justitiam
1537 550 1872 612 putaverunt.
1914 539 2054 608 Quid

447 631 766 702 sapientiam
785 633 809 686 ?
829 649 1009 688 nonne
1027 633 1166 690 idem
1187 635 1473 689 confitetur
1490 635 1540 688 in
1567 632 1908 704 phisosophis
1933 647 2054 688 esse

448 725 688 780 nullam?
723 743 742 777 ‹
779 727 885 781 Aut
925 741 1044 782 cum
1078 726 1382 794 Fabricius,
1424 727 1615 797 inquit,
1657 735 1748 780 aut
1789 724 2052 781 Aristides

440 817 620 886 justus
649 819 983 886 nominatur,
1016 829 1107 874 aut
1136 820 1204 875 ab
1231 821 1337 875 illis
1367 819 1711 888 fortitudinis,
1743 829 1834 873 aut
1872 819 1940 874 ab
1965 817 2050 873 his

438 912 664 983 justiti-.c
695 913 898 984 petitur
923 923 1176 984 tanquam
1201 929 1231 969 a
1257 915 1500 984 sapiente
1525 913 1852 984 exemplum.
1879 911 2048 968 Nemo

442 1008 586 1062 enim
620 1006 813 1062 horum
841 1008 920 1063 sic
945 1008 1199 1080 sapiens,
1239 1019 1298 1063 ut
1343 1009 1639 1078 sapientem
1681 1009 1928 1062 volumus
1967 1007 2046 1061 in-

443 1101 626 1172 telligi.
654 1101 764 1157 Nec
788 1102 824 1157 ii
847 1103 936 1173 qui
963 1103 1234 1172 sapientes
1257 1102 1423 1158 habiti
1443 1112 1495 1158 et
1519 1102 1800 1166 nominati,
1825 1101 1894 1156 M.
1913 1099 2046 1157 Cato

439 1202 496 1248 et
522 1190 582 1247 C.
616 1191 834 1258 Lzelius,
881 1195 1156 1264 sapientes
1201 1192 1438 1260 fuerunt,
1468 1209 1536 1249 ne
1566 1193 1640 1248 illi
1670 1191 1885 1263 quidem
1916 1207 2043 1263 sep-

441 1293 550 1340 tem
580 1304 593 1339 :
625 1285 719 1342 sed
747 1300 814 1341 ex
843 1285 1143 1342 mediorum
1181 1285 1479 1342 ofﬁciorum
1523 1286 1821 1357 frequentia
1852 1286 2045 1342 simili-

440 1375 677 1432 tudinem
694 1377 979 1447 quamdam
1001 1377 1261 1449 gerebant
1289 1377 1632 1450 speciemque
1657 1378 1999 1448 sapientium.
2015 1397 2036 1432 ι

434 1467 493 1525 Si
522 1484 652 1540 ergo
692 1479 746 1526 et
774 1470 1112 1542 philosophis
1142 1473 1384 1544 ipsorum
1417 1473 1762 1529 confessione
1790 1473 2039 1544 adempta

429 1563 692 1632 sapientia
734 1572 839 1631 est,
887 1573 941 1620 et
972 1564 1038 1621 iis
1084 1566 1176 1636 qui
1219 1565 1352 1636 justi
1398 1565 1562 1622 habiti
1593 1576 1739 1631 sunt,
1785 1566 2036 1636 adempta

422 1657 630 1727 justitia
661 1666 766 1726 est,
800 1673 990 1714 omnes
1032 1659 1196 1730 igitur
1243 1659 1349 1715 illae
1389 1660 1606 1716 virtutis
1642 1660 2036 1730 descriptiones

2160 448 2377 502 umbras
2398 457 2452 502 et
2473 449 2729 520 imagines
2759 467 2784 502 a
2794 450 3069 520 pprehend
3079 459 3191 515 unt,
3213 451 3346 506 nihil
3371 467 3582 510 verum.
3603 451 3762 520 Quod

2159 553 2221 593 ea
2244 539 2302 593 fit
2332 541 2535 596 ratione
2556 583 2568 603 ,
2603 543 2853 612 quoniam
2881 544 2964 597 via
2992 544 3082 598 illa
3107 544 3338 600 mendax
3361 585 3376 609 ,
3405 560 3526 614 qua:
3555 543 3660 600 fert
3688 545 3761 602 ad

2157 645 2442 696 occasum,
2474 633 2672 686 multos
2705 634 2944 689 tramites
2976 635 3174 703 habet,
3204 645 3426 706 propter
3454 636 3760 694 studiorum

2155 733 2209 778 et
2235 723 2631 794 disciplinarum
2664 728 2978 782 varietatem
3002 770 3016 793 ,
3049 745 3168 800 quae
3189 738 3316 785 sunt
3346 730 3399 785 in
3429 730 3534 785 vita
3574 729 3760 786 homi—

2153 831 2282 871 num
2312 817 2602 874 dissimiles
2632 829 2794 890 atque
2820 820 3064 875 diversae.
3102 821 3232 876 Nam
3260 823 3398 878 sicut
3425 822 3512 878 via
3552 822 3642 878 illa
3669 838 3758 878 sa-

2153 908 2368 977 pientia:
2417 910 2576 966 habet
2625 911 2823 982 aliquid
2875 913 3055 969 simile
3103 915 3374 981 stultitiae,
3424 916 3568 986 quod
3614 916 3756 973 libro

2152 1002 2491 1070 praecedente
2540 1005 2954 1060 monstravimus
2988 1023 3000 1060 :
3034 1007 3104 1061 ita
3154 1005 3298 1073 hmo,
3347 1022 3470 1064 cum
3525 1009 3594 1064 sit
3638 1017 3756 1065 tota

2149 1093 2419 1160 stultitiae,
2451 1095 2614 1152 habet
2652 1097 2850 1168 aliquid
2891 1099 3070 1154 simile
3098 1100 3410 1169 sapientius,
3441 1101 3584 1170 quod
3611 1101 3752 1156 arri-

2148 1189 2296 1257 piant
2342 1190 2406 1254 ii,
2456 1192 2545 1261 qui
2588 1191 2871 1246 stultitiam
2918 1191 3186 1262 publicam
3238 1193 3575 1263 intelligunt;
3609 1202 3755 1249 etut

2147 1280 2309 1338 habet
2329 1283 2454 1338 vitia
2487 1283 2768 1341 manilesta
2800 1303 2813 1340 :
2842 1286 2922 1340 sic
2950 1285 3109 1341 habet
3137 1286 3338 1356 aliquid
3360 1328 3376 1354 ,
3402 1286 3546 1356 quod
3569 1285 3752 1344 simile

2144 1389 2265 1431 esse
2296 1375 2541 1432 videatur
2569 1378 2786 1443 virtuti;
2817 1388 2874 1432 ut
2920 1377 3082 1433 habet
3127 1387 3373 1451 apertum
3416 1379 3595 1433 scelus
3626 1396 3639 1432 :
3669 1379 3750 1434 sic

2144 1471 2430 1541 imaginem
2461 1471 2748 1541 quamdam
2798 1471 3143 1542 speciemque
3184 1471 3430 1540 justitia}.
3463 1469 3750 1537 Quomodo

2141 1564 2283 1618 enim
2315 1578 2619 1632 praeeursor
2644 1562 2762 1634 ejus
2791 1564 2921 1630 viae,
2950 1563 3103 1634 cujus
3125 1563 3206 1618 vis
3230 1573 3283 1618 et
3304 1571 3543 1633 potestas
3571 1563 3748 1620 omnis

2141 1657 2194 1710 in
2218 1655 2456 1712 fallendo
2477 1667 2579 1722 est,
2609 1656 2890 1711 universos
2912 1657 2964 1710 in
2989 1655 3230 1710 fraudem
3252 1665 3441 1726 posset
3467 1655 3754 1722 inducere,

423 1749 573 1805 falsa:
601 1749 711 1805 sint
740 1765 962 1807 necesse
989 1760 1102 1818 est;
1133 1751 1258 1822 quia
1282 1767 1405 1823 qua:
1430 1752 1501 1808 sit
1526 1753 1695 1808 virtus
1715 1767 1863 1821 vera,
1891 1753 2032 1808 seire
2059 1757 2108 1818 Β
2137 1749 2241 1804 nisi
2271 1750 2581 1804 verisimilia
2616 1749 2921 1806 hominibus
2942 1749 3279 1805 ostentaret?
3314 1749 3456 1804 Deus
3484 1749 3651 1814 enim,
3683 1759 3746 1806 ut

423 1857 532 1897 non
560 1851 767 1912 potest,
796 1843 898 1898 nisi
925 1843 1103 1914 justus
1139 1858 1202 1900 ac
1239 1846 1480 1915 sapiens.
1523 1843 1709 1900 Justus
1743 1855 1921 1900 autem
1963 1859 2026 1900 ac

419 1937 637 2006 sapiens
661 1951 820 1992 nemo
847 1946 951 2004 est,
982 1938 1084 1994 nisi
1113 1953 1273 2010 quem
1305 1937 1445 1995 Deus
1493 1938 1779 2009 praeceptis
1824 1937 2024 1996 coeles-

421 2028 563 2085 tibus
589 2028 840 2086 erudivit.

1028 2143 1258 2201 CAPUT
1296 2143 1413 2200 VII.

417 2256 496 2314 De
521 2257 602 2314 via
623 2260 810 2314 erroris
838 2275 898 2312 ac
917 2259 1177 2326 veritatis;
1202 2260 1338 2329 quod
1359 2277 1418 2316 ea
1445 2261 1663 2330 simplex
1683 2261 1770 2329 sit,
1802 2272 2020 2333 angusta

679 2364 726 2409 et
752 2354 935 2422 ardua,
968 2364 1115 2424 atque
1143 2355 1312 2412 Deum
1337 2357 1520 2412 habeat
1551 2357 1749 2413 ducem.

480 2487 616 2546 Nam
656 2489 733 2546 illi
776 2503 986 2560 omnes,
1014 2490 1106 2564 qui
1135 2505 1236 2564 per
1271 2491 1502 2549 aliorum
1531 2491 1834 2550 confessam
1879 2494 2016 2549 stul-

2132 1846 2438 1900 immortalc
2467 1844 2599 1899 illud
2625 1859 2883 1900 arcanum
2912 1844 3026 1914 ejus
3051 1844 3104 1898 in
3132 1852 3324 1913 Operto
3346 1851 3525 1910 esset,
3560 1843 3744 1911 posuit

2130 1937 2184 1993 in
2212 1938 2296 1992 via
2323 1952 2421 1992 sua
2442 1977 2458 2004 ,
2480 1953 2600 2007 qua:
2625 1937 2874 1992 homines
2907 1951 3005 2006 pro
3035 1936 3192 1990 malis
3213 1946 3266 1991 et
3289 1934 3532 2006 turpibus
3553 1949 3742 2006 asper-

2131 2038 2410 2093 narentur,
2441 2039 2498 2084 ut
2523 2030 2698 2084 aversi
2725 2045 2754 2083 a
2783 2029 3045 2098 sapientia
3068 2038 3122 2082 et
3146 2028 3404 2093 veritate,
3431 2043 3592 2098 quam
3618 2028 3742 2084 sine

2128 2121 2239 2176 ullo
2270 2121 2406 2177 duce
2432 2121 2816 2191 requirebant,
2851 2121 2904 2174 in
2939 2119 2990 2174 id
3021 2119 3196 2190 ipsum
3227 2119 3559 2182 inciderent.
3591 2118 3739 2189 quod

2129 2214 2298 2270 vitare
2341 2228 2404 2269 ac
2450 2195 2974 2285 fugere‘cupiebant.
3007 2211 3195 2282 Itaque
3226 2212 3374 2266 illam
3404 2211 3729 2282 perditionis

2125 2322 2189 2363 ac
2215 2307 2406 2362 mortis
2427 2309 2567 2362 viam
2600 2306 2952 2376 multiplicem
2981 2304 3252 2370 ostendit,
3279 2305 3367 2360 vel
3391 2303 3533 2375 quod
3563 2303 3740 2362 multa

2124 2410 2249 2456 sunt
2272 2414 2472 2470 genera
2501 2400 2624 2454 vitae
2645 2441 2658 2463 ,
2689 2397 2773 2453 vel
2800 2397 2944 2469 quod
2969 2396 3044 2452 dii
3073 2397 3225 2451 multi
3252 2397 3342 2467 qui
3371 2396 3646 2452 coluntur.

2197 2494 2366 2566 Hujus
2391 2493 2500 2550 dux
2528 2494 2911 2566 praevaricator
2954 2507 3019 2548 ac
3069 2490 3328 2549 subdolus
3346 2533 3364 2561 ,
3393 2500 3454 2548 ut
3482 2490 3735 2549 videatur

1677 2665 1688 2685 ι
1729 2626 2093 2686 VARIORUM
2133 2628 2365 2687 NOTAE.

483 2764 559 2820 Ab
600 2764 801 2835 optimis
829 2773 1028 2820 natura:
1052 2780 1114 2819 ac
1151 2765 1380 2820 veritatis
1409 2765 1672 2834 exemplis.
1719 2764 1792 2820 Ita
1825 2779 2014 2820 omnes

415 2835 834 2907 (quodseiam)
873 2851 1004 2891 mss.
1055 2846 1110 2890 et
1151 2838 1278 2892 editi
1324 2837 1602 2892 Lactantii.
1646 2837 1703 2892 In
1737 2839 2014 2891 nonnullis

413 2905 568 2964 editis
593 2905 871 2963 Ciceronis
898 2908 1144 2972 habetur,
1171 2924 1232 2962 ea:
1259 2909 1462 2979 optimis
1489 2919 1685 2963 natura:
1724 2910 2010 2979 principiis,

413 2991 458 3034 et
480 2981 703 3037 veritatis
731 2981 995 3050 exentplis,
1023 2980 1163 3050 quod
1190 2983 1388 3035 rectius
1408 2989 1509 3035 est.
1536 2981 1791 3047 Quzedam
1834 2991 2011 3036 tamen

413 3051 678 3107 editiones
709 3066 814 3105 non
842 3053 1036 3106 habent
1061 3053 1118 3105 τὸ
1140 3052 1422 3120 principiis.
1966 3067 1969 3070 ·

485 3124 588 3177 Aut
614 3140 727 3177 cum
759 3121 1027 3205 altrici‘us
1052 3121 1260 3205 (inquit)
1290 3133 1375 3176 aut
1398 3123 1830 3205 Aristides-justus
1849 3123 2011 3205 nomi-

416 3206 586 3263 natur,
619 3205 706 3248 aut
731 3195 793 3247 ab
818 3193 922 3248 illis
950 3193 1290 3264 fortitudinis,
1320 3205 1407 3248 aut
1435 3196 1497 3248 ab
1529 3195 1606 3247 his
1625 3195 1841 3264 justitia:
1879 3196 2013 3262 peti-

420 3278 500 3321 tur
529 3277 785 3334 tamquam
814 3282 847 3318 a
891 3267 1121 3336 sapiente
1164 3267 1471 3333 exemplum.
1519 3265 1670 3320 Hunc
1713 3266 1887 3320 locum
1936 3265 2015 3319 sic

417 3336 698 3393 emendavi
725 3347 778 3392 et
821 3337 1046 3400 restitui,
1095 3351 1201 3406 non
1234 3337 1406 3391 solum
1434 3353 1500 3392 ex
1544 3336 1578 3390 8
1619 3351 1748 3390 mss.
1779 3336 1936 3406 Reg,
1980 3337 2015 3391 4

418 3409 573 3465 Colb.
603 3409 848 3478 aliisque.
878 3407 971 3462 sed
1000 3416 1054 3463 et
1077 3423 1142 3463 ex
1175 3405 1455 3471 Cicerone.
1503 3415 1772 3478 expuncto
1797 3405 2014 3478 nomine

419 3483 609 3554 fortis,
631 3477 755 3554 post
790 3478 1090 3554 Fabricius;
1131 3481 1220 3554 i_ta_
1245 3487 1304 3554 u_t
1347 3497 1448 3534 vox
1487 3480 1592 3533 illis
1637 3477 1915 3554 r_e_feratur_
1945 3477 2012 3532 ad

417 3551 554 3607 duos
585 3552 773 3607 Decios
798 3560 850 3606 et
878 3551 943 3604 ad
971 3551 1106 3606 duos
1135 3551 1438 3618 Scipiones,
1478 3565 1613 3618 quos
1641 3551 1828 3604 Cicero
1869 3551 2014 3603 viros

417 3624 586 3679 fortes
608 3638 731 3676 mox
752 3623 1215 3676 commemoravit.
1241 3623 1330 3678 Sic
1355 3623 1580 3676 habetur
1604 3621 1689 3675 ltic
1707 3622 1856 3674 locus
1874 3620 2013 3688 apud

416 3693 732 3750 Ciceronem
780 3694 871 3747 lib.
903 3709 958 3746 ιιι
993 3692 1320 3753 Ofticiorum,
1355 3709 1474 3763 cap.
1503 3697 1530 3748 4
1563 3712 1574 3745 :
1607 3691 1712 3745 Nec
1742 3708 1854 3746 vero
1898 3707 2015 3745 cum

416 3768 521 3820 duo
553 3765 715 3831 Decii,
746 3776 831 3818 aut
863 3770 965 3818 duo
997 3765 1262 3832 Scipiones
1289 3767 1438 3818 etiam
1469 3767 1623 3835 fortes
1665 3765 1759 3817 viri
1795 3778 2017 3816 comme-

415 3847 701 3905 morantur,
732 3849 818 3890 aut
849 3853 963 3889 cum
993 3835 1278 3897 Fabricius,
1314 3847 1399 3890 aut
1436 3837 1684 3890 Aristides
1715 3839 1884 3904 justus
1923 3852 2015 3886 nc-

415 3911 658 3974 minatur,
703 3918 790 3962 aut
825 3907 886 3960 ab
923 3909 1025 3961 illis
1062 3909 1398 3979 fortitudinis,
1449 3917 1538 3960 aut
1583 3908 1645 3960 ab
1683 3907 1760 3979 his
1804 3906 2017 3979 iustitia:

416 3993 672 4051 tamquam
701 3999 732 4034 a
767 3981 998 4051 sapiente
1028 3977 1212 4045 petitur
1238 3979 1546 4047 exemplum.
1574 3989 1678 4051 etc.
1709 3977 2017 4051 Hincivides

414 4048 720 4107 Fabricium
757 4066 786 4104 a
827 4049 1088 4105 Cicerone
1116 4051 1304 4105 adduci
1353 4067 1459 4104 non
1505 4051 1569 4104 ad
1625 4048 1973 4103 Fortitudinis
1998 4089 2012 4113 ,

413 4123 511 4179 sed
533 4121 598 4177 ad
623 4123 851 4177 iustitia:
875 4122 1201 4190 exemplum.
1240 4121 1404 4177 Unde'
1433 4121 1518 4175 hic
1543 4137 1646 4174 vox
1671 4120 1817 4188 fortis
1849 4121 2018 4172 almu-

415 4195 546 4249 dare
572 4195 812 4249 videtur:
844 4203 894 4246 et
919 4194 1068 4247 locus
1089 4209 1152 4248 ex
1183 4192 1295 4247 Cie.
1329 4192 1713 4247 restituendus.
1747 4190 1827 4244 Ex
1858 4192 2011 4246 lszao.

413 4296 485 4306 ——
525 4267 624 4319 Aut
650 4282 764 4320 cum
791 4263 1081 4320 Fabricius.
1137 4264 1482 4320 lleumannus
1513 4262 1618 4334 legi
1644 4265 1754 4318 vult
1777 4279 1866 4316 nec
1903 4280 2018 4316 cum

415 4337 703 4392 Fabricius.

488 4408 614 4464 Cato
633 4420 682 4463 et
707 4408 918 4464 Lazlius.
952 4409 1028 4463 De
1071 4408 1171 4462 hoc
1211 4407 1352 4476 apud
1395 4407 1568 4476 ipsum
1597 4405 1916 4460 Ciceronem
1961 4406 2014 4459 in

415 4481 604 4546 Lzelio,
633 4484 745 4536 sive
770 4481 837 4535 de
862 4481 1128 4543 Amicitia,
1157 4489 1211 4534 et
1231 4474 1283 4533 in
1311 4474 1534 4545 Catone,
1580 4478 1694 4532 sive
1719 4476 1785 4532 de
1813 4478 2016 4533 Senec-
2038 4474 2092 4533 D

415 4562 549 4608 tute.
580 4553 710 4607 Vide
731 4568 886 4620 supra
923 4554 1012 4607 lib.
1043 4567 1098 4616 v,
1129 4566 1245 4620 cap.
1275 4551 1360 4605 18.

408 4629 434 4674 ti
491 4616 830 4694 Sapientiam.
879 4623 951 4677 lta
985 4616 1328 4693 manuscripti
1353 4664 1367 4684 ,
1399 4631 1593 4691 praster
1617 4619 1652 4673 2
1679 4619 1938 4694 Bru_n._et
1979 4616 2013 4672 4

413 4695 540 4749 edd.
568 4691 626 4750 in
658 4696 848 4764 quibus
874 4706 954 4752 est
975 4691 1269 4761 sapientiae.
1292 4695 1314 4747 -1
1351 4694 1483 4762 Reg.
1513 4707 1623 4748 rec.
1654 4702 1709 4748 et
1736 4691 1824 4746 ed.
1850 4691 2008 4746 Rom.

415 4767 578 4830 1470.
609 4767 928 4836 sapientiam,
961 4767 1254 4828 mendose;
1286 4767 1320 4820 5
1345 4766 1493 4833 edd.,
1521 4767 1827 4836 sapientum.

489 4839 552 4892 Si
577 4835 693 4910 ergo
714 4848 760 4892 et
786 4839 1123 4910 philosOphis.
1151 4836 1342 4893 Addidi
1365 4854 1487 4908 ergo
1507 4853 1573 4892 ex
1600 4835 1854 4893 omnibus
1877 4847 2008 4889 mss.

411 4919 468 4966 et
497 4911 565 4964 12
591 4913 834 4980 vulgatis.

490 5001 608 5056 Nisi
638 5004 803 5068 iustus
826 5019 887 5056 ac
913 5003 1138 5069 sapiens.
1168 5001 1297 5056 Post
1324 5000 1440 5056 hzec
1463 5002 1625 5059 verba
1649 4997 1825 5055 addidi
1849 5013 1916 5052 ex
1944 4995 2012 5050 12

411 5073 575 5129 editis
603 5075 917 5143 cunctisque
945 5090 1074 5129 mss.
1125 5082 1319 5140 praeter
1349 5084 1479 5138 tres,
1511 5073 1694 5126 Justus
1740 5080 1911 5124 autem
1939 5086 2012 5143 ac

411 5146 640 5216 sapiens,
671 5163 790 5215 qlia:
817 5142 1188 5200 desiderantur
1217 5146 1268 5199 in
1301 5146 1324 5197 Ἰ
1362 5144 1520 5214 Reg,
1551 5145 1576 5198 1
1609 5145 1812 5216 Bonou.
1839 5142 2006 5216 antiq.

410 5211 598 5270 et'iu‘l
635 5211 864 5272 Stirlion.
893 5218 944 5270 in
982 5233 1206 5286 quorum
1237 5211 1522 5286 postremis
1547 5214 1756 5268 duobus
1790 5222 1845 5267 et
1883 5213 1935 5267 in
1974 5211 2008 5265 4

410 5289 572 5360 editis
599 5298 699 5350 est.
729 5289 864 5360 quod
887 5305 1033 5360 nemo
1060 5297 1150 5342 est.
1183 5288 1239 5342 In
1265 5291 1287 5342 1
1325 5287 1478 5356 Reg,
1517 5286 1690 5360 nullus
1730 5294 1821 5337 est.

488 5357 629 5411 Nam
651 5361 727 5414 illi
741 5353 946 5414 omnes.
982 5358 1119 5412 Nam
1152 5360 1364 5428 reposui
1396 5353 1462 5412 ex
1490 5357 1621 5411 edit.
1647 5355 1682 5409 2
1711 5364 1817 5409 vet.
1847 5353 2004 5408 Rom.

411 5439 467 5483 et
501 5429 569 5484 Is.
598 5445 661 5486 ae
689 5431 888 5486 Cellar.
919 5446 1014 5485 nec
1047 5446 1148 5484 non
1182 5445 1245 5484 ex
1292 5430 1545 5484 omnibus
1590 5441 1722 5482 mss.
1755 5436 1950 5496 pra-ter
1980 5428 2005 5480 1

412 5501 547 5569 Reg.
582 5518 691 5558 rec.
717 5504 800 5556 cui
833 5511 916 5557 est
939 5503 1060 5555 Jam
1081 5544 1095 5564 ,
1129 5510 1262 5556 utet
1293 5499 1356 5554 15
1389 5499 1685 5569 impressis.

541 5575 910 5644 isciplinarum.
960 5573 1033 5626 ita
1082 5572 1364 5641 legendum
1398 5588 1473 5644 ex
1517 5570 1765 5644 omnibus
1796 5584 1925 5644 mss.
1957 5576 2012 5623 et

412 5643 484 5698 12
513 5638 692 5698 editis.
726 5647 913 5700 Plures
940 5638 1362 5714 vulgatiwvitiose
1395 5643 1575 5713 lt-gnnt
1605 5638 2006 5714 discipulorum,

410 5715 557 5780 quod
589 5717 717 5771 vitio
747 5711 1201 5789 typOgraplurrnm
1247 5725 1338 5769 aut
1383 5711 1722 5789 librariorum
1751 5711 2010 5789 accidisse

412 5797 627 5845 constat
653 5803 717 5846 ex
747 5783 1095 5861 sequentibus
1115 5829 1131 5858 ,
1156 5802 1270 5858 quia
1306 5794 1419 5843 sunt
1445 5783 1716 5844 dissimiles
1743 5795 1893 5856 atque
1933 5783 2011 5840 di-

2116 2782 2290 2821 uersae.
2319 2766 2372 2824 Si
2402 2767 2707 2822 Lactantius
2738 2768 3108 2834 discipulorum
3154 2769 3498 2839 scripsisset,
3531 2769 3718 2826 immi-

2119 2840 2246 2892 nino
2257 2854 2455 2909 genere
2471 2840 2749 2908 sequentia
2769 2855 2874 2894 non
2894 2841 3194 2908 potuissent
3209 2841 3478 2895 enuntiari
3498 2858 3512 2897 :
3529 2841 3730 2897 deinde

2117 2925 2182 2964 ex
2213 2924 2376 2978 SCOpO
2398 2910 2650 2964 Auctoris
2675 2912 2753 2964 sic
2779 2912 2941 2965 etiam
2957 2912 3239 2982 legendum
3267 2927 3388 2967 esse
3414 2921 3578 2980 patet,
3597 2913 3726 2982 quia

2117 2997 2223 3034 non
2256 2991 2470 3050 propter
2498 2982 2627 3036 disci
2666 2983 2868 3036 ulorum
2894 3025 2908 3047 ,
2941 2984 3035 3038 sed
3070 2993 3292 3053 propter
3323 2983 3723 3053 disciplinarum

2118 3053 2431 3107 varietatem
2462 3054 2560 3107 insi
2605 2999 2856 3107 discipuli
2887 3052 3130 3107 feruntur
3175 3054 3244 3107 ad
3275 3069 3547 3107 occasum.
3577 3053 3723 3107 GAL-

2118 3053 2431 3108 varictatem
2462 3054 2560 3124 ipsi
2605 3052 2856 3124 discipuli
2887 3052 3130 3109 feruntur
3175 3052 3244 3110 ad
3275 3052 3547 3110 occasum.
3577 3053 3725 3111 GAL-

2118 3139 2288 3179 ιιευε.

2180 3195 2256 3279 λιι
2286 3197 2388 3250 vita
2427 3197 2688 3251 hominum
2725 3195 3016 3252 dissimiles.
3050 3197 3075 3252 ‘l
3112 3195 3265 3253 Colb.
3297 3206 3352 3252 et
3379 3196 3410 3250 7
3437 3195 3597 3266 edit.,
3628 3196 3725 3253 Ito-

2120 3285 2298 3324 mtms.

2194 3339 2344 3406 Quod
2372 3339 2645 3410 arripiant.
2677 3338 2765 3394 Sic
2797 3339 3010 3405 reposui
3041 3354 3109 3394 ex
3144 3354 3272 3410 mss.
3323 3338 3719 3410 antiquissimis

2117 3411 2350 3472 Bonon.,
2374 3410 2410 3462 2
2440 3409 2594 3481 lteg.,
2627 3410 2818 3474 Cauc.,
2848 3411 2882 3465 4
2918 3411 3049 3480 Reg.
3077 3425 3211 3476 ree.,
3231 3409 3265 3463 4
3288 3409 3530 3481 Colbert.
3557 3411 3722 3464 aliis-

2117 3498 2221 3549 que
2250 3490 2304 3535 et
2328 3483 2362 3536 5
2382 3489 2487 3534 vet.
2520 3479 2648 3536 edit.
2683 3481 2926 3550 Scripti7
2949 3479 3229 3550 et’vulgati
3257 3479 3322 3535 14
3357 3481 3554 3537 habent
3581 3483 3719 3536 arri-

2155 3553 2287 3606 iunt.

2117 3570 2491 3677 p’ugiiecursor
2517 3623 2626 3692 ejus
2644 3623 2755 3677 viae.
2791 3622 2863 3676 Ita
2895 3621 3072 3678 ferunt
3093 3637 3282 3676 omnes
3306 3637 3472 3693 prope
3500 3623 3632 3679 editi
3659 3636 3716 3682 et

2119 3709 2248 3748 mss.
2285 3695 2422 3749 inter
2462 3709 2598 3762 quos
2637 3705 2762 3748 sunt
2791 3695 3064 3748 veterrimi
3094 3702 3150 3747 et
3193 3695 3400 3760 optimi.
3437 3693 3503 3747 Et
3529 3696 3606 3748 sic
3637 3695 3719 3750 le-

2119 3766 2390 3830 gendum,
2418 3765 2541 3831 quia
2591 3765 2900 3820 Lactantius
2948 3766 3185 3834 loquitur
3225 3765 3294 3820 de
3323 3765 3630 3820 inductione
3657 3767 3712 3821 in

2119 3837 2386 3900 fraudem,
2417 3836 2561 3906 quod
2590 3837 2656 3891 de
2686 3852 3000 3906 praecurrere
3043 3835 3378 3890 commodius
3399 3876 3414 3896 ,
3459 3851 3618 3906 quam
3647 3837 3719 3892 de

2121 3924 2437 3976 percursore,
2464 3916 2520 3962 ut
2549 3907 2748 3962 habent
2776 3908 3017 3963 nonnulli
3059 3921 3188 3962 mss.
3213 3916 3268 3961 et
3292 3906 3441 3975 editi,
3472 3907 3579 3963 dici
3611 3923 3714 3978 po-

2121 3990 2243 4036 test.

2195 4073 2504 4127 Ostentaret.
2535 4089 2550 4126 ι
2582 4073 2790 4126 Bonon.
2824 4073 2992 4136 antiq.
3027 4071 3197 4137 solus,
3225 4070 3531 4125 ostenderet.

2192 4145 2494 4198 [inmortale
2544 4144 2676 4197 illud
2722 4160 2967 4196 arcanum
3019 4145 3152 4211 ejus.
3201 4143 3222 4195 1
3263 4142 3468 4196 Bonon.
3519 4142 3714 4211 antiq.,

2120 4215 2684 4282 intmortalitatemJita
2714 4230 2981 4268 arcanum.
3011 4213 3146 4266 Deus
3167 4214 3320 4277 enim,
3351 4223 3405 4264 ut
3433 4213 3719 4282 immortale

2120 4289 2250 4342 illud
2279 4303 2524 4340 arcanum
2545 4280 2676 4354 ejus,
2707 4297 2812 4340 etc.
2843 4285 3018 4338 Locus
3051 4283 3440 4354 pet-obscurus,
3465 4280 3714 4354 aitA'l‘ho-

2123 4358 2345 4420 masius,
2375 4373 2438 4411 ac
2470 4352 2643 4426 primo
2688 4365 2938 4424 aspectus
2969 4355 3178 4408 videtur
3203 4353 3512 4426 Lactantius
3545 4352 3714 4426 Deum

2120 4438 2395 4484 auctorem
2437 4423 2612 4481 facere
2639 4423 2818 4481 rerum
2853 4427 3086 4494 turpium
3111 4434 3166 4478 et
3193 4424 3495 4490 malarum}:
3525 4423 3618 4476 sed
3645 4439 3716 4478 ex

2120 4501 2222 4559 his.
2255 4515 2372 4568 qua:
2400 4509 2525 4552 ante
2552 4499 2602 4551 in
2633 4496 2823 4568 eodem
2847 4499 3024 4568 capite
3055 4497 3210 4568 dixit,
3240 4502 3292 4548 et
3319 4495 3714 4568 prtesertim‘ex

2120 4564 2296 4638 capite
2329 4569 2516 4623 ultimo
2569 4567 2922 4636 praecedentis
2951 4566 3094 4632 libri,
3131 4566 3217 4620 hic
3241 4568 3388 4638 locus
3417 4564 3581 4620 debet
3623 4565 3710 4618 in-

2123 4637 2308 4712 telligi.
2343 4642 2430 4695 Ait
2469 4655 2600 4710 ergo
2632 4639 2800 4712 Deum
2851 4639 2903 4692 in
2951 4639 3034 4691 via
3063 4653 3160 4691 sua
3208 4637 3452 4706 posuisse
3477 4651 3563 4704 ea,
3591 4651 3714 4707 quae

2124 4711 2294 4781 turpia
2327 4713 2406 4767 vel
2438 4712 2576 4766 mala
2595 4752 2610 4776 ,
2641 4711 2800 4778 vulgo
2824 4717 3099 4778 putantur;
3129 4717 3186 4762 ut
3207 4717 3340 4781 sunt
3369 4722 3713 4781 cruces,,op-

2124 4778 2356 4854 probria,
2392 4784 2618 4837 verbera
2643 4791 2697 4835 et
2720 4796 2885 4836 mors.
2910 4781 3113 4854 Quare?
3137 4780 3365 4854 primum
3395 4789 3451 4833 ut
3479 4778 3715 4854 proben-

2124 4849 2210 4910 iur
2231 4854 2418 4917 eleCIi,
2448 4855 2569 4908 dein
2604 4862 2659 4906 ut
2683 4853 2856 4918 multi,
2883 4852 2971 4922 qui
3000 4851 3314 4920 sapientiam
3347 4849 3710 4919 inquirebant.

2123 4926 2369 4981 videntes
2391 4923 2727 4979 Christianos
2773 4940 2868 5000 pro
2901 4923 3161 4992 religione
3188 4931 3244 4976 et
3277 4922 3556 5000 disciplina
3587 4933 3711 4972 sus-

2116 5007 2270 5068 cepta
2299 5006 2609 5069 constanter
2653 4996 2834 5050 omnia
2864 5003 3237 5069 tormenta,_et
3263 5001 3490 5069 mortem
3538 4996 3710 5069 ipsam

2116 5063 2316 5131 subire,
2352 5068 2625 5140 inquirant
2667 5081 2915 5140 quamam
2959 5067 3029 5140 sit
3055 5080 3118 5120 ea
3150 5063 3428 5140 disciplina
3454 5100 3470 5125 ,
3517 5063 3605 5140 cui
3649 5073 3710 5114 se

2110 5141 2352 5196 addictos
2378 5134 2713 5212 profitentur.
2745 5139 2818 5192 lta
2847 5139 2921 5192 illi
2945 5138 3034 5212 qui
3061 5134 3237 5212 aversi
3263 5141 3416 5212 erant
3441 5146 3470 5211 ξι
3492 5134 3712 5198 sapien-

2115 5215 2182 5266 tia
2212 5222 2267 5268 et
2296 5202 2540 5275 veritate,
2573 5210 2620 5264 id
2649 5220 2763 5273 est,
2793 5225 2821 5262 a
2842 5202 2973 5262 vera
2987 5206 3233 5275 doctrina
3269 5202 3710 5268 christianorutn,

2113 5300 2233 5338 cum
2288 5293 2466 5337 tamen
2521 5273 2838 5354 sapientiam
2893 5279 3008 5332 sine
3065 5276 3176 5330 ullo
3205 5273 3342 5354 duce
3379 5285 3710 5354 ςιιιωιθιᾟιιι3

2113 5370 2271 5424 quam
2328 5365 2502 5408 tamen
2534 5344 2806 5422 quomodo
2832 5355 3156 5424 _qtnerereut
3191 5344 3610 5424 pesciebant_,in
3657 5345 3710 5400 id

2113 5413 2288 5494 ipsum
2333 5413 2664 5487 incidebant,
2705 5419 2844 5494 quod
2866 5413 3062 5472 'vitare
3088 5433 3152 5472 ac
3187 5414 3371 5494 fugere
3400 5413 3709 5494 eutiiebant,

2115 5487 2164 5549 id
2195 5505 2298 5560 est,
2347 5497 2399 5550 in
2448 5497 2618 5564 ipsatn
2651 5487 2963 5560 religionem
3012 5498 3066 5543 et
3110 5489 3428 5558 sapientiam
3460 5487 3711 5542 christia-

2115 5583 2262 5630 nam,
2291 5568 2374 5621 vel
2407 5568 2458 5621 in
2491 5566 2577 5620 illa
2608 5565 2793 5616 eadem
2831 5571 3096 5615 tormenta
3124 5572 3180 5616 et
3202 5575 3413 5623 cruces,
3444 5575 3576 5630 quas
3605 5573 3704 5610 an-

2116 5649 2198 5691 tea
2232 5641 2400 5692 vitare
2448 5635 2859 5691 cons'ituerant.
2906 5633 3058 5700 Quod
3089 5632 3306 5703 quidem
3334 5629 3580 5703 exemplo
3608 5642 3708 5703 suo

2115 5710 2300 5764 docuit
2345 5709 2591 5764 Justinus
2625 5695 2975 5774 philosophus
3007 5715 3059 5760 et
3092 5695 3438 5776 tiiartyr;_si_e
3469 5699 3611 5776 enim
3638 5695 3708 5749 de

2113 5797 2175 5843 se
2201 5782 2274 5839 ait
2307 5799 2318 5837 :
2350 5779 2496 5853 quod
2521 5771 2644 5837 cum
2685 5771 2921 5836 Platonis
2948 5771 3287 5848 philosOpbia
3324 5771 3708 5835 delectaretur,
