4142 6200
400 203 506 264 059

1514 195 1696 256 “Ml.
1741 188 2106 256 LACTANTII
2151 189 2354 250 DIVlN.
2396 187 2640 253 INSTIT.

3602 191 3710 260 ῧῆθ

401 335 525 380 esse
552 319 842 380 discrimen
870 317 1086 390 aliquod
1119 317 1236 380 falsi
1287 323 1341 374 et
1371 317 1481 372 veri
1506 358 1521 382 ,
1573 314 1700 374 mali
1744 329 1805 371 ac
1832 314 1958 371 boni
1977 353 1993 378 ,
2023 311 2075 378 Α
2102 323 2206 364 non
2228 308 2524 374 inveniunt,
2557 308 2678 380 quia
2703 307 2754 368 in
2779 314 2920 370 terra
2949 308 3149 380 potius,
3183 308 3273 364 ubi
3303 321 3706 379 apparerenon

401 415 508 474 alia
532 413 677 470 ducit
705 413 1008 470 luxuriosos
1031 453 1046 477 ,
1075 411 1180 467 alia
1207 425 1302 467 eos
1332 409 1420 484 qui
1453 407 1590 481 frugi
1621 407 1960 479 appellantur
1985 423 2000 473 ;

405 507 507 568 alia
583 505 906 576 imperitos,
963 503 1064 558 alia
1120 503 1348 568 doctos;
1413 501 1517 560 alia
1593 499 1839 567 inertes,
1897 499 2003 554 alia

403 609 688 662 strenuos;
739 597 842 653 alia
896 597 1129 663 stultos,
1179 597 1282 652 alia
1342 593 1732 665 philosophos;
1797 600 1851 647 et
1911 605 2006 646 cos

406 690 629 763 quidem
657 704 764 746 non
797 705 904 750 uno
935 689 1170 746 tramite.
1198 689 1323 745 litos
1347 687 1511 750 enim,
1538 687 1627 756 qui
1652 695 1744 742 aut
1763 685 2007 755 volupta-

405 794 490 846 tes
511 827 526 852 ,
559 793 652 840 aut
674 784 894 842 divitias
924 799 1030 840 non
1059 782 1361 855 refugiunt,
1385 783 1451 838 ab
1479 782 1580 838 hac
1607 781 1817 853 publica
1844 788 1899 836 et
1922 794 2009 834 ce-

405 880 544 940 lebri
576 881 661 936 via
686 879 896 940 modice
926 888 1175 950 segregat
1206 896 1219 932 :
1251 892 1348 933 eos
1374 885 1553 934 autem
1573 918 1589 942 ,
1617 877 1706 946 qui
1729 884 1821 929 aut
1842 874 2011 928 virtus

401 982 514 1032 tem
541 973 692 1040 sequi
721 971 926 1036 volunt,
953 981 1044 1026 aut
1064 980 1435 1040 contemptum
1455 984 1637 1025 rerum
1663 966 2004 1039 profitentur,

406 1086 506 1142 per
529 1070 736 1141 fragosa
767 1069 1014 1140 qumdam
1043 1067 1336 1138 praecipitia
1365 1065 1550 1122 trahit.
1581 1063 1688 1122 Sed
1715 1072 1891 1116 tamen
1921 1059 2011 1116 illa

407 1163 588 1220 omnia
617 1163 806 1218 itinera
829 1203 843 1230 ,
875 1177 994 1232 qum
1023 1160 1257 1229 speciem
1289 1160 1551 1214 bonorum
1575 1170 1799 1228 operum
1829 1162 2014 1208 ostcn-v

408 1266 563 1324 tant,
595 1273 701 1312 non
735 1267 861 1310 sunt
887 1255 1007 1310 alia:
1036 1254 1134 1308 viae
1154 1291 1172 1318 ,
1202 1250 1295 1307 sed
1327 1249 1640 1307 diverticula
1671 1257 1726 1304 et
1771 1246 2009 1312 semitae;

409 1365 531 1420 quae
559 1349 808 1404 videntur
830 1346 1048 1416 quidem
1078 1346 1147 1401 ab
1172 1344 1262 1400 illa
1289 1342 1564 1400 communi
1604 1342 2015 1398 dextrovorsum

413 1439 654 1511 separari
678 1481 691 1504 ,
725 1439 790 1494 ad
823 1437 1068 1494 eamdem
1092 1445 1302 1505 tamen,
1331 1445 1386 1494 et
1406 1435 1470 1491 ad
1495 1450 1659 1492 unum
1684 1449 1873 1490 omnes
1899 1434 2016 1490 exi-

411 1542 528 1590 tum
557 1532 657 1588 sub
686 1532 805 1603 ipso
839 1533 944 1586 line
971 1530 1299 1586 referuntur.
1329 1528 1408 1584 Ibi
1437 1529 1580 1590 enim
1610 1529 1740 1596 dux,
1765 1528 1856 1584 ille
1881 1543 2014 1584 con-

406 1625 586 1697 iungit
615 1640 807 1681 omnes
826 1666 841 1692 ,
878 1624 964 1690 ubi
998 1637 1134 1694 opus
1163 1623 1357 1686 fuerat,
1388 1623 1560 1678 bonos
1585 1637 1613 1675 a
1643 1622 1820 1688 malis,
1850 1619 2018 1677 fortes

2107 411 2304 476 potest,
2329 411 2594 474 quaerunt.
2629 403 2823 464 Errant
2873 418 3004 484 ergo
3030 403 3178 462 velut
3213 404 3267 460 in
3309 402 3444 462 mari
3493 416 3708 472 magno,

2110 511 2211 554 nec
2241 511 2348 566 quo
2389 495 2631 552 ferantur
2658 496 2981 568 intelligunt,
3013 495 3138 564 quia
3163 511 3262 554 nec
3285 495 3425 554 viam
3457 504 3709 560 cernunt,

2111 606 2211 650 nec
2240 589 2432 646 ducem
2466 601 2765 661 sequuntur
2796 591 2986 650 ullum.
3013 590 3214 648 Eadem
3243 605 3474 659 namque
3499 589 3714 646 ratione

2111 680 2247 742 hanc
2273 681 2393 739 vitae
2421 681 2560 736 viam
2611 683 2779 753 animi
2815 691 3050 754 oportet,
3083 697 3186 754 qua
3217 683 3268 737 in
3292 681 3404 740 alto
3427 681 3530 737 iter
3559 682 3712 738 navi-

2110 775 2212 840 bus
2257 774 2552 846 quieritur;
2584 791 2708 846 quin
2753 775 2855 832 nisi
2899 775 3114 846 aliquod
3152 773 3274 830 coeli
3320 774 3500 832 lumen
3530 773 3715 829 obser-

2111 877 2260 936 vent,
2283 868 2496 926 incertis
2523 868 2770 925 cursibus
2791 876 3072 940 vagantur.
3107 867 3365 940 Quisquis
3390 877 3568 924 autem
3596 883 3716 922 rec-.-

2114 968 2225 1016 tum
2259 960 2360 1018 iter
2386 960 2485 1018 viae
2515 969 2694 1020 tenere
2745 958 2950 1027 nititur,
2983 976 3091 1016 non
3137 971 3336 1026 terram
3379 959 3544 1018 debet
3566 961 3713 1032 aSpi—

2113 1067 2263 1117 cere,
2298 1051 2395 1108 sed
2420 1051 2612 1110 omium
2640 1070 2652 1105 :
2683 1064 2735 1108 et
2764 1053 2842 1125 (ut
2885 1054 3122 1124 apertius
3155 1052 3368 1125 loquar)
3396 1067 3503 1112 non
3542 1051 3716 1108 homi-

2113 1161 2238 1210 nem
2261 1145 2411 1216 sequi
2442 1144 2624 1211 debet,
2654 1145 2748 1200 sed
2783 1145 2982 1210 Deum;
3015 1161 3122 1204 non
3151 1145 3233 1202 his
3261 1143 3610 1208 terrestribus
3634 1146 3714 1199 si-

2114 1237 2392 1306 mulacris,
2441 1239 2536 1300 sed
2577 1239 2686 1296 Deo
2730 1239 2938 1296 servire
2981 1239 3225 1305 caelesti;
3268 1252 3374 1296 non
3405 1236 3472 1296 ad
3521 1251 3721 1310 corpus

2114 1331 2320 1394 referre
2351 1331 2553 1398 omnia,
2582 1331 2676 1390 sed
2717 1332 2785 1390 ad
2825 1341 3096 1400 mentem;
3139 1346 3246 1394 non
3277 1330 3401 1388 huic
3431 1330 3558 1392 vita:
3587 1329 3721 1386 dare

2116 1437 2360 1494 Operam,
2383 1423 2476 1480 sed
2500 1435 2736 1484 telorum.
2770 1424 2951 1495 itaque
2978 1424 3022 1486 si
3046 1421 3230 1484 oculos
3272 1424 3324 1480 in
3354 1422 3550 1486 (mlum
3576 1438 3723 1485 scin,

2117 1532 2213 1589 per
2233 1517 2499 1584 intendas,
2525 1527 2579 1574 ct
2606 1519 2798 1583 solem,
2822 1533 2931 1590 quo
2955 1517 3147 1586 oritur,
3183 1517 3459 1581 observes.
3489 1532 3722 1588 cumque

2119 1609 2316 1670 habeas
2339 1612 2458 1672 vita:
2492 1611 2645 1684 quasi
2672 1612 2862 1682 navigii
2893 1611 3109 1682 ducem,
3148 1626 3245 1672 sua
3272 1621 3466 1684 sponte
3494 1611 3547 1672 in
3576 1611 3720 1667 viam

411 1721 484 1780 ab
513 1718 795 1786 inertibus,
829 1717 1103 1786 sapientes
1133 1731 1162 1770 a
1193 1716 1371 1772 stultis
1397 1715 1669 1785 separari;
1709 1715 1760 1770 in
1787 1715 2013 1770 deorum
2042 1721 2092 1782 ﬂ
2120 1702 2284 1773 pedes
2310 1703 2636 1776 dirigentur;
2669 1712 2723 1760 et
2753 1704 2880 1766 illud
2903 1705 3125 1762 cmleste
3152 1705 3356 1774 lumen.
3385 1703 3530 1775 quod
3568 1705 3722 1762 sanis

411 1814 620 1871 scilicet
662 1812 806 1868 cultu
829 1853 844 1876 ,
879 1811 930 1865 in
961 1826 1068 1882 quo
1113 1809 1204 1865 ille
1235 1809 1548 1874 universos,
1574 1809 1696 1880 quia
1741 1809 1860 1865 sine
1906 1809 2014 1864 ullo

417 1905 731 1964 discrimine
775 1902 924 1968 stulti
953 1902 1201 1968 fuerunt,
1234 1917 1343 1962 uno
1373 1916 1631 1958 mucrone
1665 1901 1911 1973 jugulat,
1963 1909 2018 1958 et

415 1995 726 2068 praecipitat
754 1994 804 2048 in
834 2001 1083 2050 mortem.
1110 1992 1240 2048 Haec
1269 2003 1448 2052 autem
1483 1993 1590 2059 via,
1621 2007 1743 2063 qua:
1770 2001 1853 2050 est
1877 1992 2019 2049 veri-

411 2089 539 2146 tatis
560 2130 576 2156 ,
607 2098 663 2145 et
691 2087 1001 2158 sapientiae,
1030 2096 1084 2144 et
1114 2087 1324 2143 virtutis
1347 2129 1361 2155 ,
1394 2097 1448 2144 et
1489 2086 1746 2156 justitiaa,
1789 2103 2018 2158 quorum

420 2181 667 2238 omnium
696 2179 815 2234 fons
846 2194 982 2235 unus
1009 2188 1128 2247 est,
1159 2195 1263 2236 una
1292 2180 1403 2248 vis,
1449 2176 1553 2234 uda
1585 2177 1773 2244 sedes;
1805 2189 1857 2235 et
1885 2179 2020 2236 sim-

420 2276 544 2347 plex
572 2281 656 2330 est
675 2315 688 2340 ,
717 2272 860 2344 quod
894 2272 1111 2342 paribus
1139 2272 1354 2338 animis,
1386 2285 1707 2342 summaque
1735 2272 2024 2328 concordia

421 2384 591 2424 unum
619 2381 926 2436 sequamur,
959 2376 1012 2421 et
1039 2366 1279 2420 colamus
1306 2365 1506 2430 Deum;
1539 2373 1594 2420 et
1617 2373 1864 2436 angusta,
1891 2380 2027 2435 quo~

428 2459 573 2516 niani
602 2459 946 2528 paucioribus
977 2460 1146 2513 virtus
1170 2458 1291 2513 data
1314 2467 1428 2522 est;
1459 2468 1515 2513 ct
1540 2457 1742 2526 ardua,
1775 2459 2026 2528 quoniam

425 2555 494 2609 ad
519 2555 758 2619 bonum,
803 2551 944 2622 quod
992 2567 1260 2606 summum
1309 2560 1471 2621 atque
1500 2551 1730 2606 sublime
1774 2560 1886 2618 est,
1927 2551 2029 2617 nisi

427 2662 549 2702 cum
594 2661 804 2702 summa
849 2643 1139 2701 difiiculate
1165 2660 1228 2700 ac
1261 2644 1443 2700 labore
1488 2658 1594 2698 non
1629 2653 1807 2715 potest
1846 2657 2034 2716 perve-

425 2757 551 2800 ruri.

1036 2808 1264 2868 CAPUT
1321 2809 1456 2866 Vill.

497 2905 577 2960 De
614 2905 872 2960 moribus
895 2905 1350 2976 PhilosOpltorum,
1394 2919 1455 2958 ac
1483 2905 1727 2960 varietate
1757 2904 1967 2980 Legum.

2120 1797 2390 1860 mentibus
2421 1797 2590 1858 multo
2619 1797 2816 1857 clarior
2845 1798 2924 1858 sul
2951 1806 3054 1865 est,
3075 1813 3234 1870 quam
3265 1796 3353 1854 hic
3374 1811 3533 1869 quem
3552 1810 3724 1858 carne

2121 1891 2330 1950 mortali
2369 1891 2631 1959 videmus,
2685 1891 2764 1948 sic
2814 1899 2982 1960 reget,
3036 1891 3113 1946 sic
3156 1889 3498 1962 gubernabit,
3553 1899 3612 1950 ut
3647 1888 3720 1946 ad

2123 2000 2390 2040 summum
2417 1985 2712 2055 sapientiae,
2749 1984 3068 2055 virtutisque
3092 1993 3303 2056 portum
3333 1985 3452 2044 sine
3478 1982 3590 2042 nilo
3620 1997 3711 2038 er-

2125 2093 2247 2134 rore
2278 2077 2553 2148 perducat.

2203 2257 2554 2328 Suscipiendo
2588 2257 2750 2327 igitur
2774 2256 2865 2310 Del
2895 2255 2976 2311 lex
3001 2260 3104 2321 est,
3129 2267 3250 2326 quae
3279 2268 3378 2310 nos
3404 2253 3471 2309 ad
3499 2253 3603 2310 hoc
3628 2252 3736 2309 iter

2130 2351 2320 2421 dirigat
2348 2368 2361 2405 :
2398 2351 2484 2404 illa
2511 2359 2717 2415 saneta,
2749 2349 2839 2403 illa
2863 2349 3126 2413 caelestis,
3164 2362 3324 2418 quam
3353 2347 3560 2402 Marcus
3591 2347 3725 2401 Tul-

2136 2444 2238 2506 lius
2265 2444 2317 2500 in
2352 2443 2490 2506 libro
2512 2442 2579 2500 de
2600 2442 2894 2514 Republica
2924 2442 3080 2504 tertio
3107 2456 3246 2512 pene
3274 2441 3454 2500 divina
3486 2455 3619 2498 voce
3639 2439 3736 2496 dc-

2135 2536 2338 2608 pinxit;
2367 2535 2521 2604 cujus
2552 2550 2674 2605 ego,
2708 2550 2774 2589 ne
2802 2534 2952 2604 plura
2994 2532 3263 2600 dicerem,
3296 2534 3458 2589 verba
3487 2533 3692 2603 subjecr
3722 2551 3734 2589 :

2145 2611 2164 2682 ξ
2192 2629 2285 2684 Est
2305 2625 2520 2699 quidem
2539 2643 2664 2682 vera
2685 2628 2793 2695 lex,
2820 2637 2964 2683 recta
2987 2627 3145 2695 ratio,
3182 2638 3385 2683 natura:
3410 2643 3736 2699 congruens,

2139 2722 2335 2780 diffusa
2366 2723 2418 2782 in
2462 2738 2675 2790 omnes,
2704 2733 2981 2792 constans,
3014 2723 3378 2793 sempiterna;
3411 2739 3530 2794 quin
3582 2735 3743 2778 vocet

2139 2817 2204 2872 ad
2230 2817 2492 2882 officium,
2536 2816 2806 2887 iubendo;
2849 2816 3101 2882 vetando,
3140 2832 3170 2871 a
3211 2816 3401 2878 fraude
3425 2817 3740 2876 deterreat:

2146 2923 2269 2986 quin
2299 2917 2475 2964 tamen
2519 2923 2696 2980 neque
2753 2909 2950 2980 probos
2995 2908 3190 2963 frustra
3215 2909 3387 2988 jubet,
3421 2918 3513 2964 aut
3559 2917 3742 2975 vetat;

504 3001 631 3062 time
674 3010 756 3062 est
785 3001 887 3068 via,
923 3015 1082 3072 quam
1123 2997 1426 3072 philosophi
1465 3007 1713 3072 quaerunt
1745 3017 1757 3053 :
1792 2999 1885 3054 scd
1916 2999 2038 3056 ideo
2065 2991 2110 3053 C
2145 3017 2244 3056 nec
2275 3001 2551 3073 improbos
2568 2999 2828 3072 iubendo,
2864 2999 3208 3064 autvetando
3235 3007 3436 3066 movet.
3472 2999 3608 3058 Huic
3640 2999 3746 3072 legi

1697 3111 2062 3170 VARIORUM
2091 3113 2323 3170 ΝΟΤΛΕ.

430 3237 656 3293 audiens
703 3235 896 3289 multos
939 3250 1002 3289 es
1038 3233 1238 3288 nostris
1289 3231 1616 3304 martyribus
1639 3246 1734 3300 pro
1767 3231 2025 3302 religione

431 3309 726 3366 cliriStiana
776 3307 1212 3364 constantissime
1261 3315 1490 3360 mortem
1530 3314 1786 3373 oppetere
1811 3346 1824 3368 ,
1855 3305 2026 3364 voluit

430 3398 550 3436 eam
584 3379 916 3448 Religionem
948 3393 1130 3450 nosse,
1162 3391 1408 3450 prodqua
1434 3375 1506 3430 illi
1535 3385 1646 3450 iani
1675 3376 1902 3450 libenter
1930 3391 2025 3450 ορ.»

431 3445 756 3507 cumbebant
781 3469 794 3513 ;
823 3465 982 3518 quam
1012 3445 1224 3515 quidém
1255 3446 1342 3502 ille
1373 3463 1491 3502 cuni
1523 3445 1914 3515 perfectissime
1949 3449 2026 3506 in.

433 3524 753 3584 tclicxisset,
777 3536 874 3591 pro
897 3520 1084 3574 eadem
1116 3529 1298 3588 postea
1341 3533 1445 3572 non
1478 3518 1741 3571 dubitavit
1774 3523 1935 3591 vitam
1963 3521 2027 3591 li-

432 3595 751 3652 bentissime
783 3589 1144 3662 profundere,
1171 3591 1310 3662 inse
1335 3600 1610 3662 espertus,
1655 3589 1793 3662 quod
1826 3590 1877 3646 iii
1908 3590 2027 3644 aliis

435 3676 594 3720 antea
637 3659 814 3719 fuerat
858 3663 1172 3718 admiratus.
1205 3660 1330 3722 ilice
1365 3675 1432 3714 eo
1477 3659 1583 3715 line
1631 3661 1941 3718 scribimus.
1976 3671 2032 3715 ut

437 3737 775 3790 Lactantium
825 3735 893 3788 ab
937 3733 1084 3788 omni
1137 3749 1322 3789 errore
1373 3731 1698 3798 liberemus,
1733 3748 1798 3786 ne
1829 3733 2034 3787 dicatur

436 3807 812 3877 gravissimum
838 3815 1143 3877 auctorch
1173 3805 1646 3877 Delllli‘ﬂthltll‘tﬂll
1669 3801 1794 3877 mali
1820 3803 2033 3877 fecisse,

437 3874 468 3931 ii
497 3893 604 3947 quo
635 3892 820 3931 errore
847 3892 911 3930 es
951 3876 1072 3947 aliis
1101 3874 1394 3941 Scriptoris
1421 3874 1579 3942 hujus
1607 3874 1741 3927 locis
1769 3876 1924 3928 nobis
1938 3879 2036 3947 _vi-

438 3943 599 4002 detur
628 3947 900 4000 immunis.
934 3973 1004 3984 —
1031 3943 1290 3998 Arcanum
1313 3947 1421 4014 ejus
1455 3947 1508 3997 in
1552 3956 1726 4013 aperto
1759 3955 1904 3999 esset.
1937 3945 2040 4000 Re-

439 4020 603 4074 mittit
632 4032 729 4072 nos
758 4016 1068 4072 Lactantius
1096 4017 1160 4071 ad
1193 4017 1385 4068 librum
1406 4016 1825 4085 prmcedcntem,
1855 4016 1903 4069 id
1935 4027 2038 4080 est,

440 4091 710 4160 quintum,
747 4090 832 4141 ubi
866 4103 915 4143 c.
948 4087 1015 4143 18
1047 4086 1297 4160 :_ldcirco
1318 4088 1559 4160 _virtutem
1586 4087 1751 4158 ipsam
1783 4085 1922 4160 Deus
1951 4089 2042 4160 sub

444 4157 665 4230 persona
692 4160 926 4214 stultitia:
953 4158 1111 4213 voluit
1125 4175 1233 4212 esse
1253 4157 1503 4225 ci-latam,
1521 4168 1573 4230 ut
1589 4157 1884 4230 mysterium
1912 4159 2041 4230 ueri-

442 4228 562 4288 tatis
589 4248 649 4286 ac
669 4231 932 4302 religionis
955 4246 1067 4285 sua:
1088 4240 1233 4284 esset
1255 4245 1521 4302 arcanum.
1545 4228 1699 4302 Qtitid
1721 4240 1906 4302 nostro
1924 4229 2044 4285 loco

442 4304 641 4359 dicitur
663 4300 910 4357 arcanum
925 4303 1034 4373 ejus
1055 4309 1105 4355 in
1128 4310 1301 4372 operto
1323 4310 1470 4373 esset,
1494 4301 1546 4354 in
1565 4300 1709 4373 libro
1728 4301 1915 4371 quinto
1939 4311 2040 4373 c_st,

2159 3231 2328 3361 rNou
2355 3241 2472 3290 sunt
2506 3233 2626 3288 alii:
2670 3233 2784 3289 vita.
2834 3231 3044 3295 Borion.
3069 3233 3243 3308 antiq.
3281 3231 3429 3291 solus
3483 3249 3584 3294 non
3623 3247 3746 3290 sunt

2180 3323 2344 3361 ιυοεη.
2591 3318 2600 3328 ’

2129 3318 2194 3362 οη
2204 3323 2344 3361 vom.
2591 3318 2600 3328 ’

2205 3376 2538 3447 Iieferuntur.
2571 3374 2628 3447 id
2659 3384 2763 3441 est,
2802 3391 3016 3432 rursum
3045 3375 3307 3434 feruntur.
3343 3375 3624 3434 Francius.

2209 3445 2324 3508 Una
2344 3448 2507 3504 sedes.
2539 3445 2634 3501 Ms.
2661 3449 2809 3502 solus
2853 3451 2870 3502 l
2919 3447 3127 3504 Bonon.
3181 3449 3350 3516 anth.
3402 3459 3458 3504 et
3496 3464 3621 3511 cum
3673 3464 3742 3504 eo

2131 3519 2260 3575 edit.
2292 3521 2324 3574 4
2357 3536 2467 3574 rec.
2503 3519 2706 3574 addunt
2733 3521 2923 3582 suavis,
2958 3535 3079 3588 qua:
3108 3535 3210 3574 vos
3240 3519 3630 3587 proscribenda
3665 3521 3746 3576 vi-

2137 3591 2312 3646 detur.
2347 3621 2419 3632 ——
2452 3589 2570 3646 Una
2599 3590 2765 3654 sedes,
2793 3601 2838 3646 et
2871 3590 3089 3658 simplex
3117 3602 3208 3645 est.
3243 3591 3346 3646 Sed
3377 3591 3609 3659 simplex
3660 3593 3752 3648 hic

2134 3662 2332 3718 dicitur
2359 3663 2410 3716 in
2441 3663 2780 3730 oppositione
2805 3664 2902 3716 vim
2927 3662 3226 3726 mendacis,
3257 3678 3374 3731 qua:
3400 3678 3585 3733 supra,
3613 3666 3753 3718 mul—

2138 3744 2216 3788 tos
2246 3735 2470 3787 tramites
2498 3733 2658 3787 habet
2686 3751 2698 3792 ε
2731 3733 2855 3788 inde
2885 3743 3043 3790 vocat
3069 3733 3202 3792 viain
3232 3734 3587 3804 multiplicem.
3611 3735 3749 3790 Buri.

2216 3805 2389 3869 Quod.
2416 3804 2718 3860 Heumann.
2744 3805 2870 3874 legit
2889 3821 3011 3874 quo.

2215 3875 2328 3930 Nec
2345 3876 2524 3930 ducem
2553 3885 2830 3945 sequuntur
2856 3876 3038 3930 ullum.
3069 3875 3324 3932 Ultimam
3357 3891 3543 3932 vocem
3571 3877 3743 3934 ullum

2145 3949 2179 4004 5
2207 3963 2319 4002 rec.
2354 3947 2513 4002 editis
2539 3947 2836 4014 neglectam
2872 3949 3082 4004 restitui
3106 3964 3169 4001 ex
3200 3950 3411 4003 cameris
3447 3958 3500 4003 et
3534 3951 3755 4005 cunctis

2147 4033 2278 4075 mss.
2326 4029 2523 4087 praeter
2566 4023 2587 4072 1
2629 4017 2838 4074 Bonon.
2878 4021 3046 4088 antiq.
3075 4020 3160 4074 cui
3191 4028 3296 4085 est,
3329 4018 3441 4074 Nec
3461 4019 3640 4074 ducem
3671 4037 3755 4074 se-

2145 4100 2388 4161 quuntur.
2445 4089 2716 4162 Rationem
2759 4089 2911 4144 lianc.
2955 4091 3061 4147 Pro
3103 4089 3342 4158 ullum,l
3380 4091 3510 4162 Reg.
3543 4106 3684 4156 rem,
3713 4095 3740 4149 1

2146 4162 2328 4228 (3011),,
2360 4163 2385 4216 1
2416 4162 2578 4218 Bruti.
2616 4161 2836 4225 habent,
2866 4161 3034 4220 illum.

2220 4231 2344 4358 {Yon
2373 4235 2628 4290 hominem
2653 4235 2794 4303 sequi
2813 4234 2978 4288 debet.
3007 4233 3172 4290 Abest
3210 4233 3354 4289 debet
3379 4234 3494 4291 abl
3529 4233 3744 4290 Borion.

2245 4322 2316 4358 in.

2147 4319 2316 4372 antiq.

439 4385 497 4464 ῑέι
535 4375 900 4464 mysterium...
930 4369 1348 4464 csset‘arcanum.
1372 4371 1514 4427 Ideni
1547 4369 1848 4464 ἀπίοιμεν,
1880 4388 1928 4425 c.
1961 4371 2039 4455 2.:
2071 4403 2122 4464 Ι)
2221 4369 2388 4464 Matt:
2413 4379 2602 4432 clarior
2631 4379 2708 4434 ,οι
2734 4386 2826 4464 est,
2869 4393 3019 4445 quant
3050 4377 3150 4442 hic,
3177 4386 3286 4460 etc,
3319 4375 3409 4464 §i£
3435 4377 3742 4464 restitt‘niIex

446 4441 690 4502 Stultitia:
716 4447 996 4500 velamento
1029 4443 1260 4510 Deus,ne
1287 4459 1545 4504 arcanum
1576 4445 1656 4497 sui
1684 4441 1842 4497 divini
1872 4444 2041 4514 operis

441 4519 498 4571 in
528 4517 806 4586 propatulo
821 4527 985 4586 esset,
1009 4520 1299 4574 thesaurum
1316 4516 1578 4586 sapientia:
1595 4515 1816 4572 veritatis
1833 4517 2044 4570 abscon-

445 4583 540 4643 dit;
571 4583 793 4654 ibid.,e.
826 4583 859 4640 5
891 4605 902 4639 :
935 4585 1082 4642 Multi
1119 4583 1396 4643 veritatem
1426 4585 1516 4642 sub
1544 4588 1790 4642 uelamine
1817 4588 2046 4644 stultitia:

447 4663 684 4714 latentem
706 4670 1045 4724 aspernantur
1067 4676 1126 4712 ac
1152 4668 1418 4729 respuunt.
1447 4657 1580 4716 BUN.

518 4731 636 4788 Alia
664 4732 869 4794 inertes,
904 4729 1008 4782 alia
1035 4740 1282 4784 strenuos.
1317 4730 1479 4786 Goth.
1530 4731 1634 4786 alia
1679 4729 1897 4798 ineptos,
1939 4730 2046 4783 alia

444 4810 697 4858 strenuos.
750 4799 955 4870 Inepte.
1002 4798 1240 4872 Reliqui
1269 4801 1473 4864 inertes,
1529 4811 1701 4866 recte;
1732 4809 2046 4870 repetuntur

447 4874 594 4929 enim
621 4873 779 4942 fortes
819 4872 880 4926 ab
911 4871 1174 4927 inertibus.
1217 4871 1413 4930 luci-tes
1451 4873 1677 4926 fortibus
1705 4887 1766 4925 ac
1809 4873 2045 4926 strenuis

446 4954 814 5015 opponuntur.
841 4945 992 5015 (Ioni.
1017 4953 1130 4998 not.
1157 4943 1192 4996 l.
1220 4959 1292 5015 vt,
1315 4957 1364 4998 c.
1389 4945 1455 5000 14
1487 4961 1498 4996 :
1527 4943 1846 5015 Quietumab
1872 4944 2045 5008 inerti;

448 5013 568 5087 cap.
598 5017 696 5077 i8:
725 5014 1005 5070 llabebitur
1030 5031 1123 5084 pro
1145 5014 1285 5088 segni
1301 5016 1654 5088 et__t'nerti,_cni
1681 5013 1877 5088 ibidem
1897 5017 2046 5088 {ortis

448 5085 774 5145 ac'strenuus
824 5088 1124 5158 oppositus.
1163 5086 1240 5141 ita
1263 5088 1316 5141 in
1348 5085 1523 5142 Valer.
1553 5086 1700 5158 Max.
1723 5085 1760 5140 l.
1786 5085 2043 5152 vnr,‘c.8,

446 5159 633 5215 inertes
707 5168 762 5214 et
824 5157 1018 5216 strenui
1081 5159 1180 5218 sibi
1241 5159 1614 5214 adversiintur.
1690 5157 1944 5214 Boethius
1995 5173 2045 5212 iv

447 5228 604 5290 Metr.
646 5229 824 5286 7:!te
847 5247 981 5290 nunc
1005 5234 1184 5301 fortes.
1230 5272 1242 5285 .
1292 5272 1305 5286 .
1351 5268 1365 5284 .
1412 5271 1425 5284 .
1453 5245 1548 5284 cur
1571 5230 1755 5286 inertes
1783 5238 1922 5300 terga
1946 5247 2047 5286 non

450 5301 626 5355 datis?
654 5302 785 5359 BUN.

527 5369 629 5424 Per
649 5377 877 5494 (rugosa.
906 5371 983 5428 ita
1012 5373 1190 5431 scribo
1217 5391 1280 5430 ex
1305 5371 1694 5445 antiquissimis
1721 5387 1849 5428 mss.
1882 5373 1916 5427 2
1946 5373 2049 5428 Βο-

527 5458 608 5494 IL.
635 5442 650 5494 I
677 5445 805 5494 elui.
831 5454 883 5494 et
907 5445 932 5494 1
961 5443 1282 5494 Regio-Pin-
1313 5462 1342 5494 ε)
1374 5449 1539 5494 nrima
1565 5460 1725 5494 manu
1755 5463 1766 5494 :
1795 5461 1914 5494 atrii:
1944 5461 2046 5494 vox

448 5442 805 5517 non.,_lieiiil.
831 5454 883 5498 et
899 5445 932 5517 _i
961 5443 1282 5517 ᾓυείυ-Ριιι.
1313 5462 1342 5500 a
1374 5442 1725 5517 primainanu
1755 5463 1766 5499 :
1795 5461 1914 5517 qua:
1944 5461 2047 5499 vox

451 5515 746 5586 reperitur;
772 5515 910 5584 apud
965 5513 1243 5585 Virgilium
1275 5528 1330 5574 et
1369 5513 1779 5586 Quintilianum.
1814 5513 2048 5572 ’Νυειτω

451 5584 671 5658 Ιβιςιίοςιί
725 5584 868 5658 favet
917 5594 1028 5658 vet.
1067 5584 1234 5643 editio
1264 5584 1504 5644 Romana
1552 5587 1712 5652 1468,
1739 5604 1858 5658 qua:
1890 5589 2050 5643 habet

450 5657 706 5734 [rogi-osa,
745 5657 954 5714 vitiose.
1003 5653 1107 5714 Alii
1152 5675 1284 5718 mss.
1328 5675 1438 5717 rec.
1474 5653 1779 5734 complures
1820 5671 1879 5716 et
1917 5659 2047 5715 editi

445 5731 798 5801 confragrota.

2151 4463 2282 4504 mss.
2299 4449 2332 4502 5
2347 4448 2476 4518 Reg.
2498 4466 2725 4518 quorum
2750 4449 2856 4502 duo
2868 4458 2991 4503 sunt
3007 4450 3304 4509 veterrimi,
3322 4447 3521 4503 9Colh.
3534 4447 3713 4511 ,Gotb.
3728 4491 3745 4512 ,

2149 4519 2365 4585 Marm.,
2403 4520 2426 4573 1
2459 4523 2717 4584 t_2l:ironi.,
2748 4520 3047 4574 faventibus
3104 4521 3321 4589 scriptis
3355 4520 3389 4574 ἓ
3427 4520 3558 4588 Reg.
3611 4529 3668 4574 et
3708 4519 3751 4574 2

2150 4591 2300 4648 Coib.
2319 4593 2371 4646 in
2385 4591 2576 4658 quibus
2589 4603 2690 4655 est,
2713 4591 2870 4644 multo
2882 4591 3071 4645 clarior
3082 4593 3186 4646 sole
3199 4600 3293 4657 est;
3311 4592 3362 4645 in
3380 4591 3540 4646 Brun.
3555 4633 3570 4655 ,
3585 4592 3750 4644 multo

2147 4662 2356 4732 clarior,
2405 4679 2556 4730 quant
2605 4665 2682 4717 sol
2708 4673 2800 4718 est.
2831 4662 2882 4715 In
2916 4677 3044 4718 mss.
3077 4661 3112 4716 ὁ
3144 4662 3420 4732 lieg.rec.,
3451 4660 3679 4723 9Com,
3709 4661 3754 4715 Ξ

2148 4731 2319 4804 Lips.,
2356 4735 2380 4788 1
2425 4733 2654 4790 Clarum.
2702 4743 2756 4788 et
2801 4734 2980 4794 editis,
3025 4734 3183 4788 multo
3226 4731 3415 4788 clarius
3443 4734 3550 4788 sole
3575 4745 3670 4788 est.

2225 4804 2386 4871 Quem
2437 4820 2588 4858 carne
2627 4806 2832 4859 mortali
2875 4805 3122 4860 uidemus.
3165 4804 3240 4859 Ita
3275 4806 3460 4875 scripti
3487 4816 3541 4860 et
3587 4806 3745 4870 editi,

2147 4889 2344 4946 printer
2402 4891 2503 4928 ins.
2537 4876 2650 4930 Pal.
2707 4887 2762 4930 et
2807 4892 2904 4931 sex
2957 4875 3088 4930 edit.
3138 4876 3334 4946 quibus
3377 4885 3480 4943 est,
3515 4893 3662 4946 quem
3693 4878 3752 4931 in

2149 4963 2301 5004 carne
2327 4948 2532 5002 mortali
2554 4948 2799 5007 videmus.

2222 5018 2312 5074 Sic
2342 5029 2496 5088 reget.
2533 5019 2657 5090 ilice
2685 5036 2746 5073 ex
2779 5032 2906 5074 mss.
2927 5025 3004 5090 Aet
3033 5017 3303 5090 plerisque
3339 5017 3502 5075 editis
3532 5017 3750 5087 addidi,

2152 5105 2272 5162 qua;
2306 5087 2579 5162 nonnullis
2603 5092 2879 5160 impressis
2907 5087 3120 5162 desunt.

2226 5160 2293 5218 Ut
2317 5162 2384 5216 ad
2408 5161 2678 5218 Summum
2704 5162 2986 5232 sapientiai.
3027 5161 3097 5216 Ita
3119 5177 3186 5217 ex
3217 5177 3349 5218 mss.
3374 5169 3429 5217 et
3457 5163 3750 5232 quamplu-

2149 5231 2299 5304 riinis
2320 5232 2610 5304 editisivct.
2629 5233 2871 5304 reposui.
2904 5231 2958 5286 in
2979 5248 3069 5288 sex
3090 5233 3317 5303 vulgatis
3333 5244 3432 5298 est,
3469 5231 3750 5289 summam.

2221 5303 2448 5374 Dirigut.
2468 5303 2585 5359 Jam
2608 5303 2816 5362 dixerat
2845 5303 3006 5360 David
3039 5323 3050 5357 :
3088 5305 3325 5362 Lucerna
3352 5305 3576 5376 pedibus
3604 5306 3745 5360 meis

2151 5377 2376 5431 verbum
2408 5388 2577 5432 tuum.

2220 5444 2346 5500 Lex.
2390 5447 2480 5501 Sic
2536 5445 2674 5502 idem
2719 5443 2909 5518 Cicero
2948 5446 3042 5504 lib.
3077 5446 3183 5503 idc
3237 5447 3468 5518 Legibus
3495 5448 3604 5503 ait:
3643 5445 3759 5503 ιω

2149 5529 2222 5571 est
2247 5520 2382 5592 ratio
2412 5535 2628 5584 summa,
2660 5519 2814 5574 insita
2845 5517 2897 5572 in
2942 5530 3151 5586 natura,
3179 5535 3292 5590 quae
3322 5517 3478 5591 jubet
3521 5537 3580 5574 ea
3633 5537 3754 5592 qua:

2149 5590 2389 5661 facienda
2409 5599 2546 5644 sunt.

2226 5659 2362 5714 Huic
2391 5661 2488 5731 legi
2519 5678 2609 5717 nec
2658 5661 2894 5734 obrogari
2921 5665 3002 5734 fas
3037 5672 3130 5718 est.
3176 5661 3267 5719 Sic
3314 5662 3500 5734 legunt
3531 5678 3661 5720 mss.
3708 5664 3740 5719 1

2226 5679 2362 5714 nuic
2391 5679 2486 5731 tegi
2519 5679 2609 5717 nec
2658 5679 2779 5716 ooro
2817 5679 2894 5716 ari
2921 5679 3002 5734 [as
3037 5679 3130 5718 est.
3176 5679 3267 5719 sic
3315 5679 3500 5734 tegunt
3531 5679 3661 5720 mss.
3708 5679 3740 5719 ι

2147 5730 2282 5816 1188.
2315 5734 2742 5812 antiquissimus,
2777 5679 2941 5818 ὕιιιοη
2995 5734 3133 5814 PaL,
3179 5734 3352 5818 Lips.,
3397 5735 3586 5818 Brom,
3619 5745 3671 5789 et
3703 5734 3748 5816 (ἦ
