4142 6200
417 224 518 282 661

1583 221 1786 289 LIBER
1824 220 1912 283 VI.
1956 220 2046 279 DE
2080 220 2265 282 VERO
2302 224 2552 287 CULTU.

3627 238 3733 299 669

414 356 516 399 nec
544 340 796 414 obrogari
839 338 919 404 fas
959 348 1063 410 est,
1094 354 1267 415 neque
1293 338 1541 411 derogari
1583 353 1649 395 ex
1681 339 1782 393 hac
1821 337 2023 413 aliquid
2049 348 2105 407 Α

412 437 565 504 licet,
609 450 789 508 neque
828 442 941 491 tota
970 434 1218 507 abrogari
1253 443 1448 511 potest.
1480 431 1592 491 Nec
1633 446 1763 488 vero
1793 439 1886 487 aut
1927 446 2023 504 per

417 533 698 599 Senatum,
724 537 818 595 aut
837 543 935 603 per
962 529 1218 603 populum
1250 526 1386 584 solvi
1429 526 1530 581 hac
1562 525 1680 596 lege
1709 539 2017 597 possumus.

412 624 602 699 Neque
626 631 711 685 est
735 620 1061 694 quarendus
1090 621 1430 692 explanator,
1470 627 1564 675 aut
1594 619 1865 690 interpres
1904 616 2020 689 ejus

417 718 574 774 alius.
631 714 744 779 Nec
793 714 897 772 erit
937 714 1041 770 alia
1090 714 1177 770 lex
1218 713 1430 780 Romae,
1487 712 1592 767 alia
1640 710 1888 779 Athenis,
1914 710 2019 767 alia

414 825 584 877 nunc,
629 807 732 863 alia
779 806 1004 883 posthac
1034 824 1047 860 :
1079 805 1175 862 sed
1206 815 1260 860 et
1302 817 1492 860 omnes
1539 809 1749 875 gentes,
1782 810 1837 857 et
1869 801 2019 855 omni

412 913 658 977 tempore
705 916 813 957 una
854 901 963 969 lex,
1032 908 1087 963 et
1137 900 1492 971 sempiterna,
1558 905 1613 953 et
1669 895 2018 953 immutabilis

411 995 746 1060 continebit;
791 1008 1036 1069 unusque
1077 993 1179 1050 erit
1227 992 1528 1048 communis
1555 990 1707 1062 quasi
1738 989 2013 1061 magister,

411 1098 468 1151 et
493 1089 792 1160 imperator
821 1087 1059 1143 omnium
1094 1085 1258 1155 Deus,
1288 1085 1379 1141 ille
1398 1084 1528 1156 legis
1560 1083 1719 1154 hujus
1740 1083 2013 1148 inventor,

410 1179 763 1252 disceptator,
792 1179 958 1245 lator;
982 1180 1067 1234 cui
1091 1179 1182 1251 qui
1206 1193 1311 1232 non
1341 1176 1572 1249 parebit,
1603 1178 1717 1246 ipse
1743 1189 1803 1230 se
1824 1171 2012 1244 fugiet,

410 1288 477 1330 ac
498 1283 745 1328 naturam
775 1271 1012 1328 hominis
1038 1280 1382 1345 aspernatus,
1406 1271 1510 1326 hoc
1537 1271 1654 1343 ipso
1682 1269 1793 1324 luet
1839 1267 2013 1322 maxi-

408 1381 530 1431 mas
558 1380 766 1438 pcenas,
813 1365 1027 1421 etiamsi
1065 1374 1262 1425 ctetera
1302 1364 1563 1437 supplicia
1611 1378 1731 1434 quae
1758 1368 2017 1433 putantur

408 1459 680 1531 effugerit.
714 1476 734 1512 ι
770 1458 902 1529 Quis
949 1466 1349 1519 sacramentum
1399 1458 1496 1513 Dei
1537 1457 1735 1525 sciens,
1790 1464 1900 1509 tam
1941 1454 2014 1509 si-

409 1554 738 1628 gnificanter
781 1567 1037 1613 enarrare
1090 1552 1265 1625 legem
1293 1552 1388 1608 Dei
1434 1559 1638 1624 posset,
1667 1564 1830 1622 quam
1862 1547 2013 1603 illam

404 1649 572 1705 homo
616 1648 779 1721 longe
819 1661 853 1704 a
894 1646 1138 1703 veritatis
1189 1644 1380 1701 notitia
1422 1652 1661 1701 remotus
1705 1641 2013 1716 expressit?

2746 438 2974 500 CAPUT
3013 443 3105 501 IX.

2123 610 2205 668 De
2222 613 2357 687 Lege
2378 624 2424 671 et
2443 616 2712 693 Praecepto
2734 619 2856 685 Dei;
2878 622 2941 677 de
2962 622 3336 697 Misericordia,
3370 634 3523 703 atque
3546 643 3724 688 errore

2701 733 3156 807 Philosophorum.

2194 890 2364 962 Hujus
2390 891 2524 964 legis
2553 901 2714 965 caput
2740 895 2970 967 primum
2998 904 3100 967 est,
3134 897 3312 970 ipsum
3339 898 3507 959 Deum
3535 918 3720 977 nosse,

2120 982 2221 1041 soli
2275 982 2673 1056 obtemperare,
2710 987 2884 1043 solum
2942 990 3142 1048 colere.
3195 990 3312 1048 Non
3347 1004 3525 1073 potest
3576 998 3720 1061 enim

2120 1080 2383 1136 rationem
2426 1081 2656 1137 hominis
2678 1082 2943 1148 obtinere,
2972 1084 3061 1157 qui
3093 1096 3365 1159 parentem
3390 1090 3586 1147 animae
3608 1107 3722 1155 sua:

2120 1169 2287 1225 Deum
2313 1172 2518 1238 nescit;
2548 1173 2691 1244 quod
2731 1184 2811 1230 est
2842 1191 3112 1232 summum
3140 1178 3314 1235 nefas.
3346 1180 3482 1253 Quae
3509 1184 3721 1255 ignora-

2118 1264 2195 1320 tio
2223 1264 2370 1333 facit,
2397 1276 2456 1322 ut
2484 1266 2589 1323 diis
2615 1267 2809 1324 alienis
2845 1271 3069 1339 serviat,
3101 1288 3209 1346 quo
3244 1275 3378 1333 nihil
3409 1277 3722 1337 sceleratius

2117 1360 2383 1415 committi
2411 1370 2604 1433 potest.
2653 1362 2790 1418 Hinc
2813 1363 2924 1434 jam
2957 1365 3206 1437 proclivis
3251 1376 3334 1422 est
3362 1368 3430 1423 ad
3458 1370 3718 1435 malitiam

2116 1452 2317 1525 gradus
2336 1469 2434 1526 per
2456 1455 2819 1526 ignorantiam
2846 1456 2959 1511 veri
2988 1471 3052 1511 ac
3081 1458 3371 1530 singularis
3402 1458 3566 1529 boni;
3596 1463 3719 1535 quia

2117 1546 2281 1614 Deus,
2314 1562 2475 1617 quem
2504 1562 2667 1603 nosse
2693 1547 2909 1621 refugit,
2940 1548 3062 1605 fons
3087 1560 3169 1606 est
3184 1549 3303 1623 ipse
3318 1551 3595 1613 bonitatis.
3622 1555 3721 1613 Vel

2115 1639 2159 1695 si
2188 1640 2445 1715 justitiam
2478 1641 2629 1712 sequi
2672 1643 2817 1699 volet
2846 1643 2960 1712 Dei,
2992 1644 3157 1706 divini
3195 1653 3373 1703 tamen
3399 1649 3541 1720 juris
3563 1650 3717 1722 igna-

404 1739 521 1814 Ego
549 1755 682 1797 vero
708 1754 828 1808 eos,
875 1738 968 1817 qui
1019 1752 1145 1795 vera
1190 1735 1561 1810 imprudentes
1584 1736 1898 1807 loquuntur,
1926 1734 2005 1795 sic
2035 1736 2085 1799 B
2112 1748 2225 1801 rus,
2253 1735 2430 1806 gentis
2447 1748 2559 1791 sua:
2604 1734 2752 1805 leges
2795 1744 3045 1808 tanquam
3094 1751 3282 1792 verum
3308 1739 3396 1810 jus
3432 1742 3717 1813 amplecti~

402 1831 687 1893 habendos
725 1841 878 1905 puto,
927 1840 1181 1903 tanquam
1221 1830 1466 1887 divinent
1491 1829 1683 1903 spiritu
1713 1829 1895 1903 aliquo
1922 1828 2005 1884 in-

400 1925 607 1983 stincti.
640 1924 796 1996 Quod
841 1925 908 1993 si,
961 1933 1017 1979 ut
1066 1923 1202 1995 legis
1233 1931 1435 1980 sancta:
1478 1923 1587 1978 vim
1628 1922 2003 1994 rationemque

398 2018 657 2092 pervidit,
686 2018 759 2073 ita
786 2017 914 2073 illud
963 2032 1177 2089 quoque
1203 2017 1395 2094 scisset
1431 2026 1523 2071 aut
1567 2016 1908 2089 explicasset,
1945 2015 2001 2071 in

396 2112 595 2186 quibus
620 2110 910 2187 praeceptis
960 2110 1047 2165 lex
1077 2110 1189 2180 ipsa
1218 2109 1540 2166 consisteret
1569 2126 1581 2162 :
1614 2123 1720 2163 non
1753 2108 1999 2179 philoso-

394 2204 489 2277 phi
530 2203 746 2259 functus
773 2199 961 2258 fuisset
997 2200 1198 2269 officio,
1235 2200 1331 2258 sed
1367 2200 1666 2272 prophetae.
1694 2199 1847 2267 Quod
1877 2201 2003 2273 quia

392 2300 572 2363 facere
600 2297 691 2357 ille
722 2312 828 2353 non
864 2306 1096 2367 poterat,
1139 2295 1294 2352 nobis
1324 2294 1625 2351 faciendum
1666 2304 1769 2363 est,
1800 2293 1997 2363 quibus

391 2391 509 2467 ipsa
534 2392 622 2447 lex
650 2390 842 2447 tradita
873 2399 958 2448 est
976 2389 1044 2447 ab
1060 2389 1155 2445 illo
1172 2404 1281 2446 uno
1297 2388 1556 2465 magistro
1583 2397 1638 2443 et
1668 2389 1994 2461 imperatore

392 2485 635 2543 omnium
667 2483 802 2551 Deo.

2109 1835 2235 1895 tur;
2268 1842 2401 1899 quas
2443 1842 2554 1883 non
2601 1829 2785 1900 utique
2830 1829 3059 1901 justitia,
3107 1828 3203 1887 sed
3241 1830 3446 1891 utilitas
3489 1837 3711 1907 reperit.

2108 1921 2218 1978 Cur
2280 1920 2425 1978 enim
2489 1936 2588 1995 per
2647 1936 2837 1979 omnes
2892 1922 3120 1995 populos
3176 1923 3395 1981 diversa
3462 1934 3517 1982 et
3568 1929 3716 1993 varia

2103 2014 2224 2086 jura
2289 2025 2414 2070 sunt
2483 2014 2736 2084 condita,
2798 2015 2902 2072 nisi
2966 2016 3112 2089 quod
3182 2032 3520 2093 unaquaeque
3580 2036 3713 2095 gens

2107 2108 2161 2164 id
2219 2108 2323 2164 sibi
2372 2109 2591 2176 sanxit,
2655 2110 2797 2182 quod
2858 2110 3060 2182 putavit
3116 2111 3279 2167 rebus
3342 2114 3456 2169 suis
3530 2116 3714 2173 utile?

2107 2199 2375 2269 Quantum
2413 2209 2591 2255 autem
2621 2215 2649 2253 a
2681 2200 2887 2272 justitia
2937 2200 3157 2258 recedat
3210 2202 3437 2273 utilitas,
3477 2206 3709 2278 populus

2106 2293 2222 2367 ipse
2258 2294 2535 2352 Romanus
2593 2296 2772 2365 docet,
2820 2298 2912 2371 qui
2962 2312 3059 2368 per
3107 2296 3349 2355 Feciales
3395 2298 3533 2357 bella
3563 2300 3706 2365 indi~

2104 2387 2299 2458 cendo,
2333 2398 2387 2446 et
2435 2389 2672 2459 legitime
2712 2389 2935 2461 injurias
2977 2390 3250 2459 faciendo,
3284 2407 3501 2465 semper
3528 2394 3706 2459 aliena

2102 2479 2391 2553 cupiendo,
2423 2492 2583 2555 atque
2639 2482 2918 2557 rapiendo,
2947 2492 3004 2539 et
3048 2484 3447 2555 possessionem
3487 2486 3591 2544 sibi
3624 2495 3707 2545 to-

1750 2591 2118 2651 VARIORUM
2155 2595 2389 2653 ΝΟΤᾸΕ.

388 2694 520 2751 edit.
563 2692 636 2747 Et
686 2692 758 2748 ita
803 2689 1200 2748 emendandum
1247 2703 1369 2746 esse
1423 2697 1646 2745 censent
1704 2686 1987 2753 Latinius,

386 2766 574 2831 Joan.,
617 2762 802 2827 Cauci,
831 2763 1126 2829 Betuleius,
1155 2761 1443 2817 Francius.
1476 2760 1580 2816 Alii
1614 2761 1802 2830 legunt
1827 2757 1988 2819 abro-

387 2838 537 2908 gari;
587 2836 929 2908 promulgari,
955 2835 1288 2908 _progagari,
1344 2832 1649 2902 prorogari,
1708 2840 1983 2908 corrupte.

390 2902 692 2978 Dbroyori,
717 2902 814 2963 Ex'
844 2902 1192 2977 Ulpiano'le'x
1240 2904 1536 2978 abrogatur,
1565 2918 1688 2978 cum
1730 2902 1988 2978 prior_lex

2099 2688 2231 2767 ben_t
2250 2702 2589 2767 aspernatur;
2623 2696 2690 2752 10
2727 2695 3001 2765 impressi,
3030 2697 3406 2767 aspernabitur.

2173 2759 2477 2843 .Possetllta
2505 2759 2894 2843 quamplurimi
2914 2759 3213 2843 mss._intc_r
3237 2776 3529 2843 quos_sunt
3551 2771 3697 2843 anti_-_

2100 2834 2340 2915 quissitni
2368 2834 2602 2915 Βρηορι.ἱ
2624 2834 2844 2915 ξῐὶεεη
2868 2838 3016 2915 lum,
3040 2834 3339 2915 4_Col‘he'rt.
3368 2840 3534 2915 Brun.
3574 2849 3629 2897 et
3665 2841 3699 2895 5

2099 2912 2209 2980 vet_.
2243 2904 2603 2980 edit._Scripti
2636 2909 2668 2965 6
2696 2904 2808 2965 rec.
2831 2904 2889 2966 et
2916 2910 2983 2964 12
3008 2910 3231 2980 vulgati,
3258 2912 3436 2977 possit.

388 2972 596 3037 tollitur
658 2972 953 3057 derogatuii,
984 2991 1272 3057 cumpars
1312 2972 1509 3057 primae
1532 2972 1767 3039 tollitur:
1810 2972 1989 3057 subro:
2020 2992 2066 3056 ρ
2099 3043 2133 3057 Α
2171 2972 2556 3057 Imprudentes.
2586 2980 2928 3057 Sicnrestitui
2966 2997 3030 3036 ex
3060 2972 3311 3057 omnibus
3341 2982 3455 3038 fere
3484 2997 3616 3057 mss.
3640 2994 3694 3043 et

387 3060 559 3123 gatur,
593 3064 717 3123 cum
739 3043 1263 3123 aliquid‘adjiciiur;
1295 3043 1595 3123 abrogatur,
1625 3044 1991 3123 cum__aliquid
2025 3043 2066 3056 “'
2098 3043 2135 3099 2
2160 3043 2272 3123 vet.
2304 3049 2487 3123 editis.
2514 3050 2572 3107 lu
2602 3052 2623 3105 1
2672 3052 2802 3122 Reg.
2827 3067 2942 3123 rec.
2974 3060 3030 3107 et
3070 3054 3095 3108 1
3127 3054 3367 3123 Colbert.
3396 3069 3460 3110 ac
3486 3043 3554 3117 14
3586 3058 3697 3117 im~

380 3116 639 3179 mutatur.
667 3116 1457 3191 Spani—Quéinterpretatio
1469 3118 1735 3191 estipsius
1751 3116 1990 3191 Ulpiani.

457 3192 571 3253 Nec
613 3193 710 3248 erit
740 3194 844 3247 alia
868 3194 951 3247 lex
994 3188 1197 3260 Romae,
1227 3188 1349 3245 'alia
1380 3190 1613 3245 Athenis.
1659 3188 1877 3245 Notatio
1906 3197 1991 3251 est

377 3264 519 3336 juris
541 3263 799 3336 nimirum
831 3264 1025 3329 civilis,
1075 3278 1182 3336 non
1212 3262 1395 3336 unius,
1429 3261 1527 3336 sed
1558 3262 1794 3336 alterius
1822 3260 1986 3336 etiam

381 3332 722 3407 reipublicae.
756 3335 832 3390 De
872 3351 978 3406 quo
1011 3334 1190 3407 vide§
1222 3333 1330 3407 Sed
1354 3334 1468 3403 jus.
1502 3332 1832 3407 insiitut._de
1862 3332 1987 3401 jure

380 3401 638 3474 naturali,
668 3416 815 3477 gent.
848 3401 905 3462 et
929 3407 1100 3462 civili.
1132 3401 1188 3462 ei
1218 3407 1271 3460 in
1304 3401 1549 3459 Decretis
1578 3401 1829 3458 Pontiﬂc.
1858 3417 1981 3476 cap.

383 3479 441 3549 2,
477 3478 825 3534 distinctione
855 3481 907 3533 1.

454 3551 563 3623 διά
581 3558 631 3623 et
660 3566 831 3623 omnes
858 3559 1051 3623 gentes.
1082 3551 1107 3623 1
1135 3549 1344 3623 Bonon.
1373 3546 1570 3623 antiq,
1603 3546 1744 3600 omni
1773 3547 1930 3623 genti.

452 3620 762 3687 Continebit;
787 3618 1019 3692 unusque
1038 3622 1150 3676 erit.
1184 3620 1329 3692 idem
1375 3620 1583 3692 Bouon.
1613 3634 1767 3688 quam
1793 3618 1985 3692 sican-

379 3694 576 3759 rinebit,
605 3689 966 3763 unusquisque,
992 3694 1106 3747 erit.
1166 3691 1358 3747 Cicero
1384 3691 1625 3763 igiturjn
1650 3689 1889 3763 secundo
1910 3690 1980 3746 de

376 3764 617 3837 Legibus
644 3765 719 3819 ait
738 3761 805 3820 de
833 3761 952 3834 lege
980 3765 1189 3837 scilicet
1214 3761 1441 3818 naturali
1461 3780 1487 3837 _:
1518 3761 1674 3837 Hanc
1703 3762 1863 3831 igitur
1896 3763 1976 3815 vi-

377 3834 500 3901 deo,
529 3837 1021 3903 sapientissimorum
1070 3836 1229 3905 fuisse
1256 3835 1578 3899 sententiam,
1609 3834 1769 3904 legem
1813 3849 1976 3905 neque

377 3908 653 3970 hominum
673 3908 891 3979 ingeniis
920 3903 1278 3977 excogitatam,
1307 3922 1398 3979 nec
1424 3906 1608 3960 scitum
1634 3903 1847 3979 aliquod
1868 3921 1977 3958 esse

378 3979 714 4050 populorum,
731 3976 842 4032 Fsed
899 3976 1140 4033 internum
1194 3978 1461 4050 quiddam,
1517 3976 1654 4047 quod
1680 3977 1973 4050 universum

373 4048 628 4123 inundum
677 4060 891 4123 regeret,
933 4050 1223 4123 impeiandi
1250 4049 1649 4123 prohibendique
1686 4048 1966 4123 _sapientia.

374 4120 606 4195 verum,
631 4118 782 4195 juxta
810 4131 1052 4195 mentem
1067 4118 1365 4195 Thomasii,
1398 4118 1649 4195 nolumus
1684 4118 1968 4195 Lectorem

373 4194 594 4264 privare
632 4190 855 4263 antiqua
885 4192 1087 4247 codicis
1129 4192 1488 4247 Bononiensis
1518 4190 1752 4246 lectione
1778 4192 1830 4245 in
1863 4206 1968 4264 qua

373 4263 462 4319 sic
482 4265 707 4335 legitur:
731 4264 820 4319 sed
845 4273 890 4317 et
917 4266 1056 4318 omni
1077 4265 1214 4333 genti
1242 4274 1286 4317 et
1311 4264 1447 4318 omni
1487 4272 1727 4335 tempore
1747 4279 1851 4335 una
1882 4263 1966 4317 lex

373 4345 455 4389 est
482 4332 788 4406 sempiterna
809 4344 856 4389 ct
877 4332 1230 4399 immutabilis,
1260 4350 1412 4403 quam
1433 4335 1476 4406 si
1507 4332 1780 4406 continebit
1798 4350 1967 4406 unus—

371 4404 609 4477 quisque,
664 4408 757 4461 erit
796 4406 1073 4461 communis
1122 4406 1270 4476 quasi
1316 4405 1572 4475 magister.
1619 4404 1749 4470 Qua:
1797 4404 1969 4460 Verba

371 4480 653 4550 egregium
679 4478 839 4550 etiam
871 4492 1086 4535 sensum
1112 4485 1522 4550 repraesentant.

433 4544 718 4605 Lln'uentor.
753 4549 896 4620 Ergo
923 4544 1313 4604 Demosthenes
1354 4547 1423 4601 de
1461 4545 1602 4620 civili
1632 4546 1750 4617 lege
1772 4544 1976 4620 faciens

368 4621 584 4696 verba;
597 4636 719 4676 cum
750 4617 1065 4696 aitizArro'wrat
1119 4622 1203 4677 τὸν
1254 4620 1401 4694 νόμον
1430 4619 1631 4696 adfingo:
1679 4622 1766 4673 καὶ
1815 4617 1974 4696 δῷρργ

370 4696 501 4748 θεῶν
536 4688 692 4749 εἶναιέ
721 4692 1007 4764 significat,
1037 4707 1129 4748 eas
1152 4707 1218 4746 ex
1250 4688 1704 4764 naturali'll'ucre,
1733 4700 1790 4764 et
1817 4688 1898 4745 ob"
1921 4691 1972 4751 id

367 4777 539 4819 veras
563 4780 707 4831 esse,
762 4758 1017 4833 nulloque
1068 4774 1308 4833 tempore
1357 4762 1675 4818 abolendas.
1725 4758 1966 4830 Cretera,

2097 3120 2301 3201 pressis
2330 3130 2413 3201 est
2463 3120 2829 3201 imprudenter.
2882 3122 3051 3201 Yetus
3071 3125 3252 3180 versio
3293 3120 3519 3201 Gallica,
3548 3123 3692 3181 Cena:

2094 3190 2181 3258 qui
2200 3207 2319 3246 sans
2350 3190 2395 3246 le
2422 3190 2686 3249 connaitre
2709 3194 2872 3248 disent
2901 3195 2973 3249 les
2999 3196 3176 3251 choses
3204 3196 3385 3251 vraies.

2166 3260 2451 3338 Tamquam
2479 3266 2700 3338 divinent
2724 3267 2909 3338 spiritu
2937 3266 3112 3335 aliqua
3140 3268 3391 3323 instincti.
3426 3268 3534 3323 Pro
3559 3268 3692 3324 divi-

2094 3342 2231 3397 nent,
2266 3337 2426 3390 ms.i
2481 3337 2631 3405 Lips.
2668 3337 2828 3392 habet
2868 3337 3142 3393 dementes.
3185 3342 3211 3394 1
3260 3339 3441 3405 Colb.,
3488 3341 3515 3394 1
3561 3340 3693 3396 Cla-

2090 3415 2362 3487 romsoet'
2391 3406 2601 3487 Brttn.,__
2633 3417 2876 3487 tanquam
2926 3409 3152 3463 divinent
3179 3410 3365 3487 spiritu
3394 3411 3565 3487 aliqua
3604 3413 3693 3487 _in-

2089 3476 2288 3529 structi.
2333 3476 2461 3550 Jun.
2491 3488 2545 3534 et
2569 3477 2603 3532 5
2631 3476 2867 3550 excusi,
2901 3489 3140 3550 tanquam
3171 3476 3341 3535 divino
3384 3476 3571 3550 spiritu
3598 3483 3685 3536 in-

2089 3555 2331 3629 structos.
2354 3548 2693 3629 _Videsupra
2742 3549 2947 3629 eodem
2966 3548 3105 3607 libro
3126 3552 3181 3619 6,
3225 3553 3378 3607 initio
3408 3548 3599 3622 capitis
3627 3554 3682 3629 1,

2086 3615 2469 3693 divinospiritu
2500 3615 2799 3693 instruente.
2831 3623 2906 3677 De
2934 3622 3053 3692 lege
3080 3615 3283 3679 aeterna
3316 3638 3429 3693 prae
3467 3615 3684 3683 caeteris

2084 3688 2467 3761 ecclesiasticis
2508 3691 2875 3761 Scriptorihus
2921 3688 3182 3761 praeclare
3233 3688 3445 3751 locutus
3493 3702 3578 3751 est
3620 3694 3682 3751 S.

2083 3756 2414 3827 Augustinus
2443 3764 2536 3817 lib.
2571 3779 2589 3819 ι
2617 3756 2684 3818 de
2704 3763 2902 3819 Libero
2922 3756 3189 3821 'Arbitrio.

2151 3830 2421 3909 ζσξιιήςερω
2448 3835 2627 3909 Coto,
2650 3837 2778 3905 fuit;
2809 3837 2843 3892 5
2863 3834 2996 3909 Reg.
3022 3846 3078 3892 et
3100 3836 3356 3909 tredecim
3380 3836 3509 3909 edit.
3531 3847 3679 3897 esset.

2158 3901 2328 3980 {lujus
2357 3905 2500 3980 legis.
2537 3901 2734 3980 res...
2766 3901 3021 3980 autiqﬁiet
3051 3909 3075 3964 1
3107 3908 3398 3980 Beg.rec.,
3423 3908 3605 3979 Cujus.

2151 3973 2336 4045 gelum
2360 3973 2545 4032 colere.
2568 3977 2749 4033 Exod.
2779 3994 2872 4043 xx,
2897 3973 3123 4034 Denter.
3152 3973 3212 4045 νζ
3233 3973 3567 4037 Psal.t.xix.

2152 4042 2220 4126 l_Jt
2380 4049 2561 4126 alienis
2592 4051 2795 4126 seruiat.
2823 4051 2991 4105 Brun.
3024 4051 3163 4108 aliis.
3192 4042 3219 4107 1
3263 4052 3473 4109 Bonon.
3501 4052 3675 4126 antiq.

2074 4118 2201 4188 facit
2229 4119 2329 4172 diis
2358 4120 2542 4175 alienis
2571 4123 2775 4176 seruire.

2153 4187 2428 4245 Bonitatis.
2464 4191 2556 4247 Vel
2577 4194 2641 4247 si.
2676 4208 2779 4248 ms.
2811 4192 2977 4248 Brun.
3003 4204 3058 4249 et
3084 4192 3215 4249 edit.
3245 4192 3447 4259 Betul.,
3475 4195 3679 4250 bonitao

2073 4260 2136 4316 tis
2152 4277 2211 4335 ac
2228 4262 2475 4318 veritatis.
2493 4261 2587 4318 Vel
2610 4264 2655 4320 si
2672 4265 2744 4335 ,(i
2780 4264 2989 4335 Bonan.
3006 4264 3169 4335 antiq.
3182 4306 3198 4333 ,
3218 4265 3474 4320 bonitatis.
3502 4264 3589 4321 Ne
3608 4268 3672 4327 si.

2151 4332 2415 4387 Justitiam
2458 4336 2598 4397 sequi
2623 4334 2754 4388 uolet
2780 4334 2898 4390 Dei.
2925 4332 3151 4391 Vocem'
3173 4336 3268 4388 Dei
3304 4334 3536 4390 deletam
3561 4338 3675 4391 vult

2080 4402 2463 4477 Heumannus;
2496 4415 2550 4461 et
2572 4417 2754 4475 posset
2791 4404 3003 4472 abesse,
3039 4416 3097 4477 ut
3126 4420 3272 4477 smpe
3302 4406 3560 4476 justitiam
3586 4423 3670 4462 se-

1999 4454 2055 4515 D
2078 4454 2523 4547 arsissent:
2534 4454 3003 4546 stigmam;
3029 4454 3234 4533 (ῖῖνῐιῆἷ
3246 4454 3671 4547 Ξώῐῖἶὶίῖἰῦἶῖι,

2078 4560 2196 4618 cap.
2232 4546 2320 4612 17,
2353 4555 2407 4618 et
2426 4547 2520 4618 lib.
2556 4562 2654 4613 vn,
2681 4545 2800 4618 cap.
2845 4547 2933 4603 11.
2965 4547 3072 4605 Sed
3119 4545 3319 4607 habent
3359 4545 3448 4604 hic
3481 4565 3671 4615 omnes

2076 4617 2220 4673 libri.
2250 4617 2407 4673 Conf.
2440 4617 2601 4675 infra.
2633 4617 2913 4674 Bonarum.

2151 4688 2252 4755 Qui
2264 4706 2391 4766 _per
2439 4688 2673 4766 Feciales
2704 4690 2852 4766 _bella
2885 4690 3177 4766 indicendo.
3205 4692 3263 4749 In
3314 4706 3445 4747 mss.
3470 4692 3665 4766 2__Reg.

2074 4773 2212 4834 rec..
2262 4760 2436 4831 Lips.,
2495 4761 2654 4830 Ultr.,
2702 4762 2897 4829 Brun.,
2946 4763 3031 4833 qui
3055 4766 3342 4834 frequenter
3366 4780 3457 4834 per
3485 4760 3672 4823 Facia—

2074 4831 2169 4906 l_es,
2189 4840 2307 4906 etc.
2342 4837 2369 4887 1
2399 4834 2604 4906 Bonan.
2634 4835 2830 4905 antiq.,
2864 4831 3173 4906 qui‘per/ida
3205 4834 3338 4890 bella
3368 4831 3668 4895 indicendo.

2072 4901 2371 4991 Fecialiutn
2404 4905 2639 4991 oin-cium
2661 4901 2799 4991 erat,
2828 4901 3215 4991 dareoPeram
3256 4922 3345 4991 ne‘
3355 4906 3550 4989 bellum
3582 4909 3668 4991 l_n-

2068 4976 2270 5043 justnm
2302 4976 2458 5031 alicui
2488 4977 2812 5044 inferretur;
2842 4978 2887 5033 si
2936 4976 3049 5034 laesi
3078 4987 3260 5034 essent
3306 4977 3555 5041 Romani,
3586 4978 3667 5034 le-

2109 5052 2225 5120 atos
2254 5048 2493 5120 mittere,
2524 5058 2583 5120 ut
2602 5048 2691 5119 jus
2714 5049 2928 5105 illorum
2967 5058 3341 5120 repeteretur;
3367 5059 3422 5104 et
3449 5050 3491 5103 si
3516 5062 3666 5120 _con-

2097 5116 2322 5172 mderati
2351 5116 2683 5191 spernebant
2704 5119 2911 5191 legatos
2937 5121 3019 5176 vel
3032 5116 3233 5185 ’verba,
3265 5130 3373 5174 tum
3396 5120 3481 5191 illi
3504 5118 3667 5176 facie-

2069 5186 2202 5260 bant
2228 5186 2514 5257 postulata,
2530 5186 2809 5260 et,belluin
2826 5191 3160 5247 indicebant:
3181 5205 3367 5260 pacem
3392 5190 3517 5260 item
3536 5205 3667 5247 con-

2070 5259 2344 5333 ficiebant,
2372 5259 2814 5333 autillegitimam
2845 5262 3048 5333 irritant
3079 5259 3377 5333 reddebant
3404 5259 3660 5333 ;Ajudica-

2070 5329 2201 5406 bant
2229 5333 2391 5406 etiam
2420 5329 2807 5406 dejegato_rum
2837 5332 3067 5402 injuriis,
3096 5342 3202 5387 etc.
3234 5331 3309 5385 De
3332 5329 3527 5406 quibus
3542 5333 3666 5390 vide

2070 5399 2381 5475 Dionysium
2412 5415 2466 5459 et
2496 5399 2633 5461 Plin.
2661 5399 2941 5459 Cautus.

2142 5471 2456 5547 Et'legitime
2509 5476 2729 5539 injurias
2766 5472 3024 5547 faciendo.
3070 5471 3198 5547 Haec
3225 5482 3309 5547 est
3347 5472 3512 5531 lectio
3550 5492 3669 5536 om-

2069 5546 2215 5617 nium
2248 5544 2358 5602 lere
2384 5562 2541 5617 mss.,
2556 5548 2596 5617 2
2619 5560 2730 5603 vet.
2752 5545 2883 5601 edit.
2901 5544 3086 5613 noun,
3108 5545 3663 5616 ls.,Cellar.,Walch.

2069 5616 2125 5693 l_n
2151 5615 2340 5693 Quum,
2362 5615 2696 5693 Em.,.’(_3ant.
2733 5626 2787 5671 et
2818 5617 2877 5671 11
2911 5621 3127 5693 excusis
3152 5618 3345 5689 legitur
3366 5621 3663 5693 inferendo.

2068 5686 2494 5762 Legitime'vero,
2520 5687 2572 5762 id
2602 5698 2719 5762 est,
2737 5689 3037 5762 secundum
3064 5686 3346 5762 Romanas
3364 5686 3531 5762 leges.

2139 5757 2324 5824 Aliena
2354 5757 2623 5839 cupiendo.
2658 5758 2805 5848 Lips.
2835 5761 2896 5833 2,
2928 5760 2983 5833 5,
3017 5760 3277 5832 Reimm.,
3306 5757 3469 5819 Torn.
3501 5761 3664 5841 1587,

367 4849 500 4905 quae
529 4851 593 4890 ex
627 4836 856 4890 naturali
884 4834 1149 4905 originem
1193 4850 1301 4888 non
1333 4834 1553 4899 habent,
1609 4834 1727 4889 sine
1761 4833 1971 4905 piaculo

366 4904 463 4978 ἧφι
500 4907 719 4978 negligi,
755 4907 841 4961 vel
863 4904 1110 4976 abrdgari
1142 4914 1385 4978 possunt.
1424 4904 1604 4960 Facile
1631 4904 1848 4960 veroex
1870 4905 1971 4961 hoc

366 4976 474 5050 lib.
500 4976 845 5048 intelligetur,
873 4993 991 5050 quae
1021 4979 1162 5047 leges
1192 4976 1389 5050 ex‘ltac
1415 4988 1618 5031 aeterna
1648 4992 1755 5050 non
1784 4991 1971 5050 mana-

369 5047 518 5105 rint:
548 5047 741 5119 nempe
762 5047 1029 5119 quaecum
1060 5063 1184 5103 vera
1208 5047 1467 5118 religione
1493 5057 1689 5102 etcum
1708 5048 1970 5102 charitate

371 5121 607 5192 proximi
639 5129 909 5191 pugnant;
939 5132 993 5175 et
1038 5120 1143 5176 illa:
1180 5122 1303 5190 quia
1346 5121 1394 5173 vi
1442 5120 1781 5192 potissimum
1833 5134 1969 5173 con-

368 5190 546 5258 stant,
575 5190 935 5263 legis’nomen
959 5206 1065 5248 non
1092 5201 1392 5257 merentur,
1424 5206 1525 5246 nec
1542 5190 1692 5263 apud
1725 5191 1965 5263 Graecos,

368 5277 481 5319 nec
506 5260 653 5333 apud
669 5264 907 5320 Latinos.
938 5263 1030 5319 His
1051 5266 1191 5320 enim
1216 5262 1485 5319 delectum
1509 5260 1798 5333 significat,
1835 5277 1863 5315 a
1893 5262 1969 5316 le-

370 5332 549 5408 gendo
568 5336 821 5397 nimirum
842 5335 1246 5408 dicta:illis,o‘m6
1261 5340 1351 5391 τοῦ
1365 5348 1623 5408 νεμςινβο
1643 5332 1786 5408 quod
1811 5348 1964 5388 suum

369 5403 574 5475 cuique
604 5407 821 5462 tribuat.
879 5406 1091 5467 Nemini
1138 5416 1316 5463 autem
1366 5403 1652 5476 quidquam
1683 5403 1963 5476 debemus,

369 5474 553 5560 inquit
593 5476 887 5560 Apostolus
910 5520 950 5560 ,_
979 5485 1174 5560 praeter
1193 5474 1687 5560 charitatemzNa‘m
1714 5475 1966 5546 pra-copti

370 5547 503 5604 linis
529 5559 608 5604 est
634 5548 891 5605 charitas.
930 5550 954 5605 1
980 5547 1047 5608 ad
1077 5549 1418 5605 Timotheum
1445 5563 1494 5604 c.
1522 5549 1574 5604 1.
1604 5547 1934 5605 Bswu-zws.

451 5619 783 5691 Aspernatus.
837 5620 927 5677 Sic
972 5619 1253 5677 emendavi
1309 5636 1374 5676 ex
1415 5618 1797 5677 vetustissimis
1826 5634 1960 5691 mss.

370 5689 587 5764 Bonan.
638 5692 771 5764 Reg.
817 5702 872 5764 et
912 5691 1325 5764 quamplurimis
1353 5691 1474 5747 aliis
1499 5705 1562 5764 ac
1606 5691 1656 5764 §_
1684 5699 1791 5747 vet.
1830 5689 1960 5764 edit.

367 5763 576 5840 βοτη)ιὶ
604 5757 788 5836 νει-0⁷2
815 5757 949 5847 Reg:
984 5757 1121 5843 reci,
1150 5762 1187 5819 2
1214 5761 1480 5839 (ἰοιὺθτι.³
1524 5760 1561 5833 2
1600 5757 1835 5827 Claram.
1868 5759 1961 5829 ita:
