  <div class='ocr_page' id='page_1' title='image "/cluster/home/n/w/nwhite01/storage/ocr_20150623/6/hvd.32044096580345/337.png"; bbox 0 0 4142 6200; ppageno 0'>
   <div class='ocr_carea' id='block_1_1' title="bbox 465 193 571 251">
    <p class='ocr_par' dir='ltr' id='par_1_1' title="bbox 465 193 571 251">
     <span class='ocr_line' id='line_1_1' title="bbox 465 193 571 251; baseline 0.019 -3"><span class='ocrx_word' id='word_1_1' title='bbox 465 193 571 251; x_wconf 70' lang='grc' dir='ltr'><strong>(ἱὶὸ</strong></span> 
     </span>
    </p>
   </div>
   <div class='ocr_carea' id='block_1_2' title="bbox 1548 206 2669 281">
    <p class='ocr_par' dir='ltr' id='par_1_2' title="bbox 1548 206 2669 281">
     <span class='ocr_line' id='line_1_2' title="bbox 1548 206 2669 281; baseline 0.017 -18"><span class='ocrx_word' id='word_1_2' title='bbox 1548 206 1735 266; x_wconf 77' lang='lat' dir='ltr'><strong>FIRM.</strong></span> <span class='ocrx_word' id='word_1_3' title='bbox 1778 206 2144 271; x_wconf 72' lang='lat' dir='ltr'><strong>LACTANTII</strong></span> <span class='ocrx_word' id='word_1_4' title='bbox 2182 214 2386 275; x_wconf 80' lang='lat' dir='ltr'><strong>DIVIN.</strong></span> <span class='ocrx_word' id='word_1_5' title='bbox 2425 218 2669 281; x_wconf 74' lang='lat' dir='ltr'><strong>INSTIT.</strong></span> 
     </span>
    </p>
   </div>
   <div class='ocr_carea' id='block_1_3' title="bbox 3665 235 3772 298">
    <p class='ocr_par' dir='ltr' id='par_1_3' title="bbox 3665 235 3772 298">
     <span class='ocr_line' id='line_1_3' title="bbox 3665 235 3772 298; baseline 0.028 -3"><span class='ocrx_word' id='word_1_6' title='bbox 3665 235 3772 298; x_wconf 74' lang='grc'><strong>664</strong></span> 
     </span>
    </p>
   </div>
   <div class='ocr_carea' id='block_1_4' title="bbox 463 313 3775 414">
    <p class='ocr_par' dir='ltr' id='par_1_4' title="bbox 463 313 3775 414">
     <span class='ocr_line' id='line_1_4' title="bbox 463 313 3775 414; baseline 0.014 -47"><span class='ocrx_word' id='word_1_7' title='bbox 463 313 567 367; x_wconf 86' lang='lat' dir='ltr'><strong>tius</strong></span> <span class='ocrx_word' id='word_1_8' title='bbox 610 315 759 371; x_wconf 84' lang='lat' dir='ltr'><strong>orbis</strong></span> <span class='ocrx_word' id='word_1_9' title='bbox 801 320 1150 388; x_wconf 74' lang='lat' dir='ltr'><strong>comparavit.</strong></span> <span class='ocrx_word' id='word_1_10' title='bbox 1189 320 1384 378; x_wconf 86' lang='lat' dir='ltr'><strong>Verum</strong></span> <span class='ocrx_word' id='word_1_11' title='bbox 1414 321 1662 395; x_wconf 88' lang='lat' dir='ltr'><strong>ltijustos</strong></span> <span class='ocrx_word' id='word_1_12' title='bbox 1684 340 1744 381; x_wconf 85' lang='lat' dir='ltr'><strong>se</strong></span> <span class='ocrx_word' id='word_1_13' title='bbox 1767 335 1975 397; x_wconf 87' lang='lat' dir='ltr'><strong>putant,</strong></span> <span class='ocrx_word' id='word_1_14' title='bbox 2009 328 2056 384; x_wconf 91' lang='lat' dir='ltr'><strong>si</strong></span> <span class='ocrx_word' id='word_1_15' title='bbox 2084 335 2134 394; x_wconf 85' lang='grc' dir='ltr'>Α</span> <span class='ocrx_word' id='word_1_16' title='bbox 2161 334 2309 390; x_wconf 92' lang='lat' dir='ltr'><strong>omni</strong></span> <span class='ocrx_word' id='word_1_17' title='bbox 2359 350 2525 394; x_wconf 89' lang='lat' dir='ltr'><strong>sensu</strong></span> <span class='ocrx_word' id='word_1_18' title='bbox 2553 347 2724 397; x_wconf 90' lang='lat' dir='ltr'><strong>caret.</strong></span> <span class='ocrx_word' id='word_1_19' title='bbox 2766 340 2951 414; x_wconf 92' lang='lat' dir='ltr'><strong>Itaque</strong></span> <span class='ocrx_word' id='word_1_20' title='bbox 2979 342 3222 403; x_wconf 88' lang='lat' dir='ltr'><strong>membra</strong></span> <span class='ocrx_word' id='word_1_21' title='bbox 3260 346 3352 405; x_wconf 90' lang='lat' dir='ltr'><strong>illa</strong></span> <span class='ocrx_word' id='word_1_22' title='bbox 3379 348 3610 409; x_wconf 76' lang='lat' dir='ltr'><strong>formam</strong></span> <span class='ocrx_word' id='word_1_23' title='bbox 3652 363 3775 412; x_wconf 89' lang='lat' dir='ltr'><strong>tan-</strong></span> 
     </span>
    </p>
   </div>
   <div class='ocr_carea' id='block_1_5' title="bbox 460 410 2061 489">
    <p class='ocr_par' dir='ltr' id='par_1_5' title="bbox 460 410 2061 489">
     <span class='ocr_line' id='line_1_5' title="bbox 460 410 2061 489; baseline 0.012 -30"><span class='ocrx_word' id='word_1_24' title='bbox 460 416 648 462; x_wconf 88' lang='lat' dir='ltr'><strong>contra</strong></span> <span class='ocrx_word' id='word_1_25' title='bbox 680 410 823 479; x_wconf 91' lang='lat' dir='ltr'><strong>leges</strong></span> <span class='ocrx_word' id='word_1_26' title='bbox 875 424 997 465; x_wconf 87' lang='lat' dir='ltr'><strong>suas</strong></span> <span class='ocrx_word' id='word_1_27' title='bbox 1028 413 1165 468; x_wconf 85' lang='lat' dir='ltr'><strong>nihil</strong></span> <span class='ocrx_word' id='word_1_28' title='bbox 1212 415 1442 482; x_wconf 80' lang='lat' dir='ltr'><strong>faciant;</strong></span> <span class='ocrx_word' id='word_1_29' title='bbox 1495 418 1636 489; x_wconf 93' lang='lat' dir='ltr'><strong>quod</strong></span> <span class='ocrx_word' id='word_1_30' title='bbox 1687 420 1848 474; x_wconf 91' lang='lat' dir='ltr'><strong>etiam</strong></span> <span class='ocrx_word' id='word_1_31' title='bbox 1878 421 2061 478; x_wconf 86' lang='lat' dir='ltr'><strong>timori</strong></span> 
     </span>
    </p>
   </div>
   <div class='ocr_carea' id='block_1_6' title="bbox 458 497 2063 580">
    <p class='ocr_par' dir='ltr' id='par_1_6' title="bbox 458 497 2063 580">
     <span class='ocr_line' id='line_1_6' title="bbox 458 497 2063 580; baseline 0.014 -29"><span class='ocrx_word' id='word_1_32' title='bbox 458 497 694 554; x_wconf 80' lang='lat' dir='ltr'><strong>adscribi</strong></span> <span class='ocrx_word' id='word_1_33' title='bbox 736 511 932 570; x_wconf 90' lang='lat' dir='ltr'><strong>potest,</strong></span> <span class='ocrx_word' id='word_1_34' title='bbox 964 505 1008 560; x_wconf 88' lang='lat' dir='ltr'><strong>si</strong></span> <span class='ocrx_word' id='word_1_35' title='bbox 1037 509 1384 575; x_wconf 72' lang='lat' dir='ltr'><strong>praesentium</strong></span> <span class='ocrx_word' id='word_1_36' title='bbox 1412 525 1691 580; x_wconf 62' lang='lat' dir='ltr'><strong>poenarum</strong></span> <span class='ocrx_word' id='word_1_37' title='bbox 1721 525 1865 570; x_wconf 89' lang='lat' dir='ltr'><strong>metu</strong></span> <span class='ocrx_word' id='word_1_38' title='bbox 1890 516 2063 573; x_wconf 87' lang='lat' dir='ltr'><strong>scele-</strong></span> 
     </span>
    </p>
   </div>
   <div class='ocr_carea' id='block_1_7' title="bbox 459 591 2060 676">
    <p class='ocr_par' dir='ltr' id='par_1_7' title="bbox 459 591 2060 676">
     <span class='ocr_line' id='line_1_7' title="bbox 459 591 2060 676; baseline 0.012 -32"><span class='ocrx_word' id='word_1_39' title='bbox 459 591 609 646; x_wconf 85' lang='lat' dir='ltr'><strong>ribus</strong></span> <span class='ocrx_word' id='word_1_40' title='bbox 633 592 958 652; x_wconf 89' lang='lat' dir='ltr'><strong>ahstineant.</strong></span> <span class='ocrx_word' id='word_1_41' title='bbox 987 598 1091 653; x_wconf 85' lang='lat' dir='ltr'><strong>Sed</strong></span> <span class='ocrx_word' id='word_1_42' title='bbox 1118 601 1478 656; x_wconf 82' lang='lat' dir='ltr'><strong>concedamus</strong></span> <span class='ocrx_word' id='word_1_43' title='bbox 1510 618 1662 671; x_wconf 90' lang='lat' dir='ltr'><strong>sane,</strong></span> <span class='ocrx_word' id='word_1_44' title='bbox 1693 615 1751 661; x_wconf 93' lang='lat' dir='ltr'><strong>ut</strong></span> <span class='ocrx_word' id='word_1_45' title='bbox 1776 607 1827 661; x_wconf 91' lang='lat' dir='ltr'><strong>id</strong></span> <span class='ocrx_word' id='word_1_46' title='bbox 1848 616 2060 676; x_wconf 88' lang='lat' dir='ltr'><strong>natura,</strong></span> 
     </span>
    </p>
   </div>
   <div class='ocr_carea' id='block_1_8' title="bbox 453 682 2063 770">
    <p class='ocr_par' dir='ltr' id='par_1_8' title="bbox 453 682 2063 770">
     <span class='ocr_line' id='line_1_8' title="bbox 453 682 2063 770; baseline 0.014 -35"><span class='ocrx_word' id='word_1_47' title='bbox 453 682 542 738; x_wconf 86' lang='lat' dir='ltr'><strong>vel</strong></span> <span class='ocrx_word' id='word_1_48' title='bbox 565 683 649 752; x_wconf 91' lang='lat' dir='ltr'><strong>(ut</strong></span> <span class='ocrx_word' id='word_1_49' title='bbox 676 686 750 740; x_wconf 89' lang='lat' dir='ltr'><strong>ait</strong></span> <span class='ocrx_word' id='word_1_50' title='bbox 773 687 1146 763; x_wconf 79' lang='lat' dir='ltr'><strong>phil050phus)</strong></span> <span class='ocrx_word' id='word_1_51' title='bbox 1176 708 1270 748; x_wconf 89' lang='lat' dir='ltr'><strong>sua</strong></span> <span class='ocrx_word' id='word_1_52' title='bbox 1315 707 1509 765; x_wconf 87' lang='lat' dir='ltr'><strong>sponte</strong></span> <span class='ocrx_word' id='word_1_53' title='bbox 1558 696 1781 765; x_wconf 82' lang='lat' dir='ltr'><strong>faciant,</strong></span> <span class='ocrx_word' id='word_1_54' title='bbox 1811 701 1954 770; x_wconf 91' lang='lat' dir='ltr'><strong>quod</strong></span> <span class='ocrx_word' id='word_1_55' title='bbox 1986 702 2063 758; x_wconf 90' lang='lat' dir='ltr'><strong>le-</strong></span> 
     </span>
    </p>
   </div>
   <div class='ocr_carea' id='block_1_9' title="bbox 462 775 2063 867">
    <p class='ocr_par' dir='ltr' id='par_1_9' title="bbox 462 775 2063 867">
     <span class='ocr_line' id='line_1_9' title="bbox 462 775 2063 867; baseline 0.014 -38"><span class='ocrx_word' id='word_1_56' title='bbox 462 775 620 847; x_wconf 80' lang='lat' dir='ltr'><strong>gibus</strong></span> <span class='ocrx_word' id='word_1_57' title='bbox 650 777 830 836; x_wconf 82' lang='lat' dir='ltr'><strong>facere</strong></span> <span class='ocrx_word' id='word_1_58' title='bbox 854 796 1138 853; x_wconf 86' lang='lat' dir='ltr'><strong>coguntur.</strong></span> <span class='ocrx_word' id='word_1_59' title='bbox 1163 786 1298 842; x_wconf 89' lang='lat' dir='ltr'><strong>Num</strong></span> <span class='ocrx_word' id='word_1_60' title='bbox 1326 789 1527 847; x_wconf 80' lang='lat' dir='ltr'><strong>idcirco</strong></span> <span class='ocrx_word' id='word_1_61' title='bbox 1562 793 1694 861; x_wconf 86' lang='lat' dir='ltr'><strong>justi</strong></span> <span class='ocrx_word' id='word_1_62' title='bbox 1724 805 1909 862; x_wconf 92' lang='lat' dir='ltr'><strong>erunt,</strong></span> <span class='ocrx_word' id='word_1_63' title='bbox 1939 797 2063 867; x_wconf 89' lang='lat' dir='ltr'><strong>quia</strong></span> 
     </span>
    </p>
   </div>
   <div class='ocr_carea' id='block_1_10' title="bbox 460 873 2065 955">
    <p class='ocr_par' dir='ltr' id='par_1_10' title="bbox 460 873 2065 955">
     <span class='ocr_line' id='line_1_10' title="bbox 460 873 2065 955; baseline 0.012 -31"><span class='ocrx_word' id='word_1_64' title='bbox 460 880 656 939; x_wconf 89' lang='lat' dir='ltr'><strong>parent</strong></span> <span class='ocrx_word' id='word_1_65' title='bbox 686 873 941 930; x_wconf 80' lang='lat' dir='ltr'><strong>inStitutis</strong></span> <span class='ocrx_word' id='word_1_66' title='bbox 969 875 1270 947; x_wconf 89' lang='lat' dir='ltr'><strong>hominum,</strong></span> <span class='ocrx_word' id='word_1_67' title='bbox 1293 882 1383 952; x_wconf 91' lang='lat' dir='ltr'><strong>qui</strong></span> <span class='ocrx_word' id='word_1_68' title='bbox 1409 892 1464 938; x_wconf 86' lang='lat' dir='ltr'><strong>et</strong></span> <span class='ocrx_word' id='word_1_69' title='bbox 1485 883 1587 953; x_wconf 86' lang='lat' dir='ltr'><strong>ipsi</strong></span> <span class='ocrx_word' id='word_1_70' title='bbox 1613 894 1711 940; x_wconf 91' lang='lat' dir='ltr'><strong>aut</strong></span> <span class='ocrx_word' id='word_1_71' title='bbox 1735 888 1942 955; x_wconf 83' lang='lat' dir='ltr'><strong>errare,</strong></span> <span class='ocrx_word' id='word_1_72' title='bbox 1972 898 2065 944; x_wconf 79' lang='lat' dir='ltr'><strong>ant</strong></span> 
     </span>
    </p>
   </div>
   <div class='ocr_carea' id='block_1_11' title="bbox 460 962 2065 1038">
    <p class='ocr_par' dir='ltr' id='par_1_11' title="bbox 460 962 2065 1038">
     <span class='ocr_line' id='line_1_11' title="bbox 460 962 2065 1038; baseline 0.011 -21"><span class='ocrx_word' id='word_1_73' title='bbox 460 962 792 1034; x_wconf 89' lang='lat' dir='ltr'><strong>injusticsse</strong></span> <span class='ocrx_word' id='word_1_74' title='bbox 820 972 1145 1038; x_wconf 83' lang='lat' dir='ltr'><strong>potuerunt!</strong></span> <span class='ocrx_word' id='word_1_75' title='bbox 1199 973 1350 1028; x_wconf 91' lang='lat' dir='ltr'><strong>Sicut</strong></span> <span class='ocrx_word' id='word_1_76' title='bbox 1395 975 1469 1030; x_wconf 92' lang='lat' dir='ltr'><strong>illi</strong></span> <span class='ocrx_word' id='word_1_77' title='bbox 1498 975 1784 1033; x_wconf 87' lang='lat' dir='ltr'><strong>duodecim</strong></span> <span class='ocrx_word' id='word_1_78' title='bbox 1836 978 2065 1035; x_wconf 90' lang='lat' dir='ltr'><strong>Tabula-</strong></span> 
     </span>
    </p>
   </div>
   <div class='ocr_carea' id='block_1_12' title="bbox 456 1058 2066 1142">
    <p class='ocr_par' dir='ltr' id='par_1_12' title="bbox 456 1058 2066 1142">
     <span class='ocr_line' id='line_1_12' title="bbox 456 1058 2066 1142; baseline 0.013 -34"><span class='ocrx_word' id='word_1_79' title='bbox 456 1069 576 1110; x_wconf 88' lang='lat' dir='ltr'><strong>rum</strong></span> <span class='ocrx_word' id='word_1_80' title='bbox 599 1058 930 1124; x_wconf 90' lang='lat' dir='ltr'><strong>conditores,</strong></span> <span class='ocrx_word' id='word_1_81' title='bbox 964 1061 1055 1133; x_wconf 92' lang='lat' dir='ltr'><strong>qui</strong></span> <span class='ocrx_word' id='word_1_82' title='bbox 1078 1071 1224 1119; x_wconf 90' lang='lat' dir='ltr'><strong>certe</strong></span> <span class='ocrx_word' id='word_1_83' title='bbox 1246 1065 1476 1136; x_wconf 68' lang='lat' dir='ltr'><strong>publica:</strong></span> <span class='ocrx_word' id='word_1_84' title='bbox 1508 1068 1721 1125; x_wconf 85' lang='lat' dir='ltr'><strong>utilitati</strong></span> <span class='ocrx_word' id='word_1_85' title='bbox 1748 1086 1850 1142; x_wconf 89' lang='lat' dir='ltr'><strong>pro</strong></span> <span class='ocrx_word' id='word_1_86' title='bbox 1878 1072 2066 1128; x_wconf 88' lang='lat' dir='ltr'><strong>condi-</strong></span> 
     </span>
    </p>
   </div>
   <div class='ocr_carea' id='block_1_13' title="bbox 456 1148 2066 1234">
    <p class='ocr_par' dir='ltr' id='par_1_13' title="bbox 456 1148 2066 1234">
     <span class='ocr_line' id='line_1_13' title="bbox 456 1148 2066 1234; baseline 0.012 -32"><span class='ocrx_word' id='word_1_87' title='bbox 456 1148 608 1206; x_wconf 86' lang='lat' dir='ltr'><strong>tione</strong></span> <span class='ocrx_word' id='word_1_88' title='bbox 634 1159 938 1222; x_wconf 89' lang='lat' dir='ltr'><strong>temporum</strong></span> <span class='ocrx_word' id='word_1_89' title='bbox 991 1158 1317 1213; x_wconf 89' lang='lat' dir='ltr'><strong>servierunt.</strong></span> <span class='ocrx_word' id='word_1_90' title='bbox 1371 1159 1531 1216; x_wconf 81' lang='lat' dir='ltr'><strong>Aliud</strong></span> <span class='ocrx_word' id='word_1_91' title='bbox 1575 1171 1660 1218; x_wconf 90' lang='lat' dir='ltr'><strong>est</strong></span> <span class='ocrx_word' id='word_1_92' title='bbox 1700 1163 1862 1234; x_wconf 80' lang='lat' dir='ltr'><strong>igitur</strong></span> <span class='ocrx_word' id='word_1_93' title='bbox 1907 1165 2066 1223; x_wconf 89' lang='lat' dir='ltr'><strong>civile</strong></span> 
     </span>
    </p>
   </div>
   <div class='ocr_carea' id='block_1_14' title="bbox 450 1241 2066 1323">
    <p class='ocr_par' dir='ltr' id='par_1_14' title="bbox 450 1241 2066 1323">
     <span class='ocr_line' id='line_1_14' title="bbox 450 1241 2066 1323; baseline 0.012 -26"><span class='ocrx_word' id='word_1_94' title='bbox 450 1241 561 1311; x_wconf 90' lang='lat' dir='ltr'><strong>jus,</strong></span> <span class='ocrx_word' id='word_1_95' title='bbox 612 1246 754 1315; x_wconf 90' lang='lat' dir='ltr'><strong>quod</strong></span> <span class='ocrx_word' id='word_1_96' title='bbox 800 1262 899 1317; x_wconf 92' lang='lat' dir='ltr'><strong>pro</strong></span> <span class='ocrx_word' id='word_1_97' title='bbox 946 1250 1189 1306; x_wconf 91' lang='lat' dir='ltr'><strong>moribus</strong></span> <span class='ocrx_word' id='word_1_98' title='bbox 1229 1252 1430 1323; x_wconf 90' lang='lat' dir='ltr'><strong>ubique</strong></span> <span class='ocrx_word' id='word_1_99' title='bbox 1478 1256 1716 1311; x_wconf 83' lang='lat' dir='ltr'><strong>variatur</strong></span> <span class='ocrx_word' id='word_1_100' title='bbox 1750 1274 1763 1309; x_wconf 88' lang='lat'><strong>:</strong></span> <span class='ocrx_word' id='word_1_101' title='bbox 1795 1257 1939 1313; x_wconf 87' lang='lat' dir='ltr'><strong>aliud</strong></span> <span class='ocrx_word' id='word_1_102' title='bbox 1980 1269 2066 1316; x_wconf 91' lang='lat' dir='ltr'><strong>est</strong></span> 
     </span>
    </p>
   </div>
   <div class='ocr_carea' id='block_1_15' title="bbox 454 1338 2066 1423">
    <p class='ocr_par' dir='ltr' id='par_1_15' title="bbox 454 1338 2066 1423">
     <span class='ocr_line' id='line_1_15' title="bbox 454 1338 2066 1423; baseline 0.012 -33"><span class='ocrx_word' id='word_1_103' title='bbox 454 1351 584 1391; x_wconf 88' lang='lat' dir='ltr'><strong>vera</strong></span> <span class='ocrx_word' id='word_1_104' title='bbox 607 1338 836 1407; x_wconf 86' lang='lat' dir='ltr'><strong>justitia,</strong></span> <span class='ocrx_word' id='word_1_105' title='bbox 864 1357 1028 1411; x_wconf 87' lang='lat' dir='ltr'><strong>quam</strong></span> <span class='ocrx_word' id='word_1_106' title='bbox 1065 1343 1385 1402; x_wconf 83' lang='lat' dir='ltr'><strong>uniformem</strong></span> <span class='ocrx_word' id='word_1_107' title='bbox 1431 1362 1495 1403; x_wconf 92' lang='lat' dir='ltr'><strong>ac</strong></span> <span class='ocrx_word' id='word_1_108' title='bbox 1531 1349 1837 1421; x_wconf 89' lang='lat' dir='ltr'><strong>simplicem</strong></span> <span class='ocrx_word' id='word_1_109' title='bbox 1867 1367 2066 1423; x_wconf 86' lang='lat' dir='ltr'><strong>propo-</strong></span> 
     </span>
    </p>
   </div>
   <div class='ocr_carea' id='block_1_16' title="bbox 459 1427 2064 1515">
    <p class='ocr_par' dir='ltr' id='par_1_16' title="bbox 459 1427 2064 1515">
     <span class='ocr_line' id='line_1_16' title="bbox 459 1427 2064 1515; baseline 0.014 -36"><span class='ocrx_word' id='word_1_110' title='bbox 459 1427 569 1481; x_wconf 90' lang='lat' dir='ltr'><strong>suit</strong></span> <span class='ocrx_word' id='word_1_111' title='bbox 596 1429 848 1484; x_wconf 91' lang='lat' dir='ltr'><strong>omuibus</strong></span> <span class='ocrx_word' id='word_1_112' title='bbox 870 1431 1049 1499; x_wconf 89' lang='lat' dir='ltr'><strong>Deus;</strong></span> <span class='ocrx_word' id='word_1_113' title='bbox 1086 1449 1247 1504; x_wconf 90' lang='lat' dir='ltr'><strong>quem</strong></span> <span class='ocrx_word' id='word_1_114' title='bbox 1267 1436 1359 1507; x_wconf 90' lang='lat' dir='ltr'><strong>qui</strong></span> <span class='ocrx_word' id='word_1_115' title='bbox 1379 1438 1610 1510; x_wconf 77' lang='lat' dir='ltr'><strong>ignorat,</strong></span> <span class='ocrx_word' id='word_1_116' title='bbox 1636 1449 1691 1497; x_wconf 92' lang='lat' dir='ltr'><strong>et</strong></span> <span class='ocrx_word' id='word_1_117' title='bbox 1714 1442 1885 1513; x_wconf 86' lang='lat' dir='ltr'><strong>ipsam</strong></span> <span class='ocrx_word' id='word_1_118' title='bbox 1903 1444 2064 1515; x_wconf 89' lang='lat' dir='ltr'><strong>justi-</strong></span> 
     </span>
    </p>
   </div>
   <div class='ocr_carea' id='block_1_17' title="bbox 457 1521 1204 1593">
    <p class='ocr_par' dir='ltr' id='par_1_17' title="bbox 457 1521 1204 1593">
     <span class='ocr_line' id='line_1_17' title="bbox 457 1521 1204 1593; baseline 0.013 -20"><span class='ocrx_word' id='word_1_119' title='bbox 457 1521 586 1576; x_wconf 87' lang='lat' dir='ltr'><strong>tiam</strong></span> <span class='ocrx_word' id='word_1_120' title='bbox 620 1522 829 1593; x_wconf 78' lang='lat' dir='ltr'><strong>ignoret</strong></span> <span class='ocrx_word' id='word_1_121' title='bbox 852 1540 1076 1583; x_wconf 88' lang='lat' dir='ltr'><strong>necesse</strong></span> <span class='ocrx_word' id='word_1_122' title='bbox 1101 1537 1204 1583; x_wconf 87' lang='lat' dir='ltr'><strong>est.</strong></span> 
     </span>
    </p>
   </div>
   <div class='ocr_carea' id='block_1_18' title="bbox 530 1614 2062 1699">
    <p class='ocr_par' dir='ltr' id='par_1_18' title="bbox 530 1614 2062 1699">
     <span class='ocr_line' id='line_1_18' title="bbox 530 1614 2062 1699; baseline 0.01 -28"><span class='ocrx_word' id='word_1_123' title='bbox 530 1614 636 1672; x_wconf 87' lang='lat' dir='ltr'><strong>Sed</strong></span> <span class='ocrx_word' id='word_1_124' title='bbox 668 1626 917 1687; x_wconf 90' lang='lat' dir='ltr'><strong>putemus</strong></span> <span class='ocrx_word' id='word_1_125' title='bbox 944 1620 1057 1676; x_wconf 88' lang='lat' dir='ltr'><strong>lleri</strong></span> <span class='ocrx_word' id='word_1_126' title='bbox 1089 1638 1269 1691; x_wconf 87' lang='lat' dir='ltr'><strong>posse,</strong></span> <span class='ocrx_word' id='word_1_127' title='bbox 1311 1633 1371 1680; x_wconf 89' lang='lat' dir='ltr'><strong>ut</strong></span> <span class='ocrx_word' id='word_1_128' title='bbox 1402 1626 1597 1699; x_wconf 90' lang='lat' dir='ltr'><strong>aliquis</strong></span> <span class='ocrx_word' id='word_1_129' title='bbox 1633 1630 1865 1685; x_wconf 87' lang='lat' dir='ltr'><strong>naturali</strong></span> <span class='ocrx_word' id='word_1_130' title='bbox 1893 1640 1949 1688; x_wconf 88' lang='lat' dir='ltr'><strong>et</strong></span> <span class='ocrx_word' id='word_1_131' title='bbox 1975 1630 2062 1686; x_wconf 85' lang='lat' dir='ltr'><strong>in-</strong></span> 
     </span>
    </p>
   </div>
   <div class='ocr_carea' id='block_1_19' title="bbox 2167 428 3768 515">
    <p class='ocr_par' dir='ltr' id='par_1_19' title="bbox 2167 428 3768 515">
     <span class='ocr_line' id='line_1_19' title="bbox 2167 428 3768 515; baseline 0.016 -36"><span class='ocrx_word' id='word_1_132' title='bbox 2167 428 2451 484; x_wconf 90' lang='lat' dir='ltr'><strong>tummodo</strong></span> <span class='ocrx_word' id='word_1_133' title='bbox 2508 432 2876 490; x_wconf 84' lang='lat' dir='ltr'><strong>membrorum</strong></span> <span class='ocrx_word' id='word_1_134' title='bbox 2922 434 3144 506; x_wconf 85' lang='lat' dir='ltr'><strong>habent,</strong></span> <span class='ocrx_word' id='word_1_135' title='bbox 3179 455 3334 495; x_wconf 88' lang='lat' dir='ltr'><strong>usum</strong></span> <span class='ocrx_word' id='word_1_136' title='bbox 3388 458 3496 499; x_wconf 91' lang='lat' dir='ltr'><strong>non</strong></span> <span class='ocrx_word' id='word_1_137' title='bbox 3548 445 3768 515; x_wconf 87' lang='lat' dir='ltr'><strong>habent,</strong></span> 
     </span>
    </p>
   </div>
   <div class='ocr_carea' id='block_1_20' title="bbox 2168 522 3775 605">
    <p class='ocr_par' dir='ltr' id='par_1_20' title="bbox 2168 522 3775 605">
     <span class='ocr_line' id='line_1_20' title="bbox 2168 522 3775 605; baseline 0.016 -33"><span class='ocrx_word' id='word_1_138' title='bbox 2168 524 2279 573; x_wconf 92' lang='lat' dir='ltr'><strong>tam</strong></span> <span class='ocrx_word' id='word_1_139' title='bbox 2328 522 2556 591; x_wconf 87' lang='lat' dir='ltr'><strong>scilicet,</strong></span> <span class='ocrx_word' id='word_1_140' title='bbox 2590 540 2750 596; x_wconf 90' lang='lat' dir='ltr'><strong>quam</strong></span> <span class='ocrx_word' id='word_1_141' title='bbox 2797 538 2961 599; x_wconf 91' lang='lat' dir='ltr'><strong>caput</strong></span> <span class='ocrx_word' id='word_1_142' title='bbox 3010 530 3129 586; x_wconf 91' lang='lat' dir='ltr'><strong>sine</strong></span> <span class='ocrx_word' id='word_1_143' title='bbox 3158 547 3409 605; x_wconf 91' lang='lat' dir='ltr'><strong>corpore.</strong></span> <span class='ocrx_word' id='word_1_144' title='bbox 3440 533 3541 592; x_wconf 88' lang='lat' dir='ltr'><strong>Cui</strong></span> <span class='ocrx_word' id='word_1_145' title='bbox 3582 538 3775 599; x_wconf 83' lang='lat' dir='ltr'><strong>similis</strong></span> 
     </span>
    </p>
   </div>
   <div class='ocr_carea' id='block_1_21' title="bbox 2167 614 3773 701">
    <p class='ocr_par' dir='ltr' id='par_1_21' title="bbox 2167 614 3773 701">
     <span class='ocr_line' id='line_1_21' title="bbox 2167 614 3773 701; baseline 0.017 -37"><span class='ocrx_word' id='word_1_146' title='bbox 2167 620 2273 679; x_wconf 90' lang='lat' dir='ltr'><strong>est,</strong></span> <span class='ocrx_word' id='word_1_147' title='bbox 2330 614 2420 685; x_wconf 92' lang='lat' dir='ltr'><strong>qui</strong></span> <span class='ocrx_word' id='word_1_148' title='bbox 2471 630 2594 672; x_wconf 92' lang='lat' dir='ltr'><strong>cum</strong></span> <span class='ocrx_word' id='word_1_149' title='bbox 2626 618 2795 674; x_wconf 92' lang='lat' dir='ltr'><strong>Deum</strong></span> <span class='ocrx_word' id='word_1_150' title='bbox 2847 636 2957 678; x_wconf 86' lang='lat' dir='ltr'><strong>non</strong></span> <span class='ocrx_word' id='word_1_151' title='bbox 3000 624 3232 695; x_wconf 86' lang='lat' dir='ltr'><strong>ignoret,</strong></span> <span class='ocrx_word' id='word_1_152' title='bbox 3282 628 3412 685; x_wconf 83' lang='lat' dir='ltr'><strong>vivit</strong></span> <span class='ocrx_word' id='word_1_153' title='bbox 3458 629 3680 701; x_wconf 90' lang='lat' dir='ltr'><strong>injuste.</strong></span> <span class='ocrx_word' id='word_1_154' title='bbox 3712 632 3773 691; x_wconf 88' lang='lat' dir='ltr'><strong>Id</strong></span> 
     </span>
    </p>
   </div>
   <div class='ocr_carea' id='block_1_22' title="bbox 2169 702 3773 795">
    <p class='ocr_par' dir='ltr' id='par_1_22' title="bbox 2169 702 3773 795">
     <span class='ocr_line' id='line_1_22' title="bbox 2169 702 3773 795; baseline 0.017 -39"><span class='ocrx_word' id='word_1_155' title='bbox 2169 702 2313 758; x_wconf 91' lang='lat' dir='ltr'><strong>enim</strong></span> <span class='ocrx_word' id='word_1_156' title='bbox 2343 706 2517 762; x_wconf 92' lang='lat' dir='ltr'><strong>solum</strong></span> <span class='ocrx_word' id='word_1_157' title='bbox 2560 707 2744 776; x_wconf 89' lang='lat' dir='ltr'><strong>habet,</strong></span> <span class='ocrx_word' id='word_1_158' title='bbox 2771 712 2914 783; x_wconf 91' lang='lat' dir='ltr'><strong>quod</strong></span> <span class='ocrx_word' id='word_1_159' title='bbox 2956 723 3041 770; x_wconf 90' lang='lat' dir='ltr'><strong>est</strong></span> <span class='ocrx_word' id='word_1_160' title='bbox 3073 730 3343 773; x_wconf 91' lang='lat' dir='ltr'><strong>summum</strong></span> <span class='ocrx_word' id='word_1_161' title='bbox 3387 721 3524 778; x_wconf 90' lang='lat' dir='ltr'><strong>:sed</strong></span> <span class='ocrx_word' id='word_1_162' title='bbox 3547 721 3773 795; x_wconf 77' lang='lat' dir='ltr'><strong>frustra,</strong></span> 
     </span>
    </p>
   </div>
   <div class='ocr_carea' id='block_1_23' title="bbox 2166 798 3481 885">
    <p class='ocr_par' dir='ltr' id='par_1_23' title="bbox 2166 798 3481 885">
     <span class='ocr_line' id='line_1_23' title="bbox 2166 798 3481 885; baseline 0.015 -35"><span class='ocrx_word' id='word_1_163' title='bbox 2166 798 2422 868; x_wconf 90' lang='lat' dir='ltr'><strong>quoniam</strong></span> <span class='ocrx_word' id='word_1_164' title='bbox 2447 800 2739 859; x_wconf 87' lang='lat' dir='ltr'><strong>virtutibus</strong></span> <span class='ocrx_word' id='word_1_165' title='bbox 2771 813 3024 877; x_wconf 88' lang='lat' dir='ltr'><strong>tanquam</strong></span> <span class='ocrx_word' id='word_1_166' title='bbox 3058 809 3317 867; x_wconf 88' lang='lat' dir='ltr'><strong>membris</strong></span> <span class='ocrx_word' id='word_1_167' title='bbox 3337 823 3481 885; x_wconf 86' lang='lat' dir='ltr'><strong>eget.</strong></span> 
     </span>
    </p>
   </div>
   <div class='ocr_carea' id='block_1_24' title="bbox 2236 889 3778 981">
    <p class='ocr_par' dir='ltr' id='par_1_24' title="bbox 2236 889 3778 981">
     <span class='ocr_line' id='line_1_24' title="bbox 2236 889 3778 981; baseline 0.016 -37"><span class='ocrx_word' id='word_1_168' title='bbox 2236 889 2423 962; x_wconf 86' lang='lat' dir='ltr'><strong>Itaque</strong></span> <span class='ocrx_word' id='word_1_169' title='bbox 2447 904 2504 949; x_wconf 90' lang='lat' dir='ltr'><strong>ut</strong></span> <span class='ocrx_word' id='word_1_170' title='bbox 2523 895 2594 951; x_wconf 90' lang='lat' dir='ltr'><strong>sit</strong></span> <span class='ocrx_word' id='word_1_171' title='bbox 2623 896 2803 954; x_wconf 85' lang='lat' dir='ltr'><strong>vivum</strong></span> <span class='ocrx_word' id='word_1_172' title='bbox 2833 913 2899 955; x_wconf 89' lang='lat' dir='ltr'><strong>ae</strong></span> <span class='ocrx_word' id='word_1_173' title='bbox 2944 902 3202 959; x_wconf 87' lang='lat' dir='ltr'><strong>sensibile</strong></span> <span class='ocrx_word' id='word_1_174' title='bbox 3238 918 3460 976; x_wconf 89' lang='lat' dir='ltr'><strong>corpus,</strong></span> <span class='ocrx_word' id='word_1_175' title='bbox 3491 915 3547 963; x_wconf 88' lang='lat' dir='ltr'><strong>et</strong></span> <span class='ocrx_word' id='word_1_176' title='bbox 3571 909 3778 981; x_wconf 81' lang='lat' dir='ltr'><strong>agnitio</strong></span> 
     </span>
    </p>
   </div>
   <div class='ocr_carea' id='block_1_25' title="bbox 2168 979 3774 1072">
    <p class='ocr_par' dir='ltr' id='par_1_25' title="bbox 2168 979 3774 1072">
     <span class='ocr_line' id='line_1_25' title="bbox 2168 979 3774 1072; baseline 0.014 -38"><span class='ocrx_word' id='word_1_177' title='bbox 2168 979 2261 1035; x_wconf 89' lang='lat' dir='ltr'><strong>Dei</strong></span> <span class='ocrx_word' id='word_1_178' title='bbox 2293 986 2597 1041; x_wconf 87' lang='lat' dir='ltr'><strong>necessaria</strong></span> <span class='ocrx_word' id='word_1_179' title='bbox 2643 997 2749 1055; x_wconf 90' lang='lat' dir='ltr'><strong>est,</strong></span> <span class='ocrx_word' id='word_1_180' title='bbox 2790 990 2943 1061; x_wconf 90' lang='lat' dir='ltr'><strong>quasi</strong></span> <span class='ocrx_word' id='word_1_181' title='bbox 2981 1001 3177 1065; x_wconf 90' lang='lat' dir='ltr'><strong>caput;</strong></span> <span class='ocrx_word' id='word_1_182' title='bbox 3221 1004 3275 1051; x_wconf 91' lang='lat' dir='ltr'><strong>et</strong></span> <span class='ocrx_word' id='word_1_183' title='bbox 3311 1011 3503 1054; x_wconf 89' lang='lat' dir='ltr'><strong>omnes</strong></span> <span class='ocrx_word' id='word_1_184' title='bbox 3523 979 3774 1072; x_wconf 81' lang='lat' dir='ltr'><strong>virtutes,</strong></span> 
     </span>
    </p>
   </div>
   <div class='ocr_carea' id='block_1_26' title="bbox 2115 1073 3778 1156">
    <p class='ocr_par' dir='ltr' id='par_1_26' title="bbox 2115 1073 3778 1156">
     <span class='ocr_line' id='line_1_26' title="bbox 2115 1073 3778 1156; baseline 0.016 -32"><span class='ocrx_word' id='word_1_185' title='bbox 2115 1143 2126 1153; x_wconf 34' lang='grc' dir='ltr'><strong><em>ο</em></strong></span> <span class='ocrx_word' id='word_1_186' title='bbox 2166 1073 2321 1141; x_wconf 89' lang='lat' dir='ltr'><strong>quasi</strong></span> <span class='ocrx_word' id='word_1_187' title='bbox 2350 1088 2567 1145; x_wconf 89' lang='lat' dir='ltr'><strong>corpus.</strong></span> <span class='ocrx_word' id='word_1_188' title='bbox 2594 1077 2671 1133; x_wconf 88' lang='lat' dir='ltr'><strong>Ita</strong></span> <span class='ocrx_word' id='word_1_189' title='bbox 2701 1078 2794 1136; x_wconf 84' lang='lat' dir='ltr'><strong>ﬁet</strong></span> <span class='ocrx_word' id='word_1_190' title='bbox 2818 1080 2982 1138; x_wconf 90' lang='lat' dir='ltr'><strong>homo</strong></span> <span class='ocrx_word' id='word_1_191' title='bbox 3025 1084 3324 1156; x_wconf 82' lang='lat' dir='ltr'><strong>perfectus,</strong></span> <span class='ocrx_word' id='word_1_192' title='bbox 3357 1104 3421 1145; x_wconf 90' lang='lat' dir='ltr'><strong>ac</strong></span> <span class='ocrx_word' id='word_1_193' title='bbox 3447 1092 3600 1148; x_wconf 86' lang='lat' dir='ltr'><strong>vivus</strong></span> <span class='ocrx_word' id='word_1_194' title='bbox 3632 1110 3648 1147; x_wconf 88' lang='lat'><strong>:</strong></span> <span class='ocrx_word' id='word_1_195' title='bbox 3678 1093 3778 1151; x_wconf 86' lang='lat' dir='ltr'><strong>sed</strong></span> 
     </span>
    </p>
   </div>
   <div class='ocr_carea' id='block_1_27' title="bbox 2167 1174 3778 1254">
    <p class='ocr_par' dir='ltr' id='par_1_27' title="bbox 2167 1174 3778 1254">
     <span class='ocr_line' id='line_1_27' title="bbox 2167 1174 3778 1254; baseline 0.016 -34"><span class='ocrx_word' id='word_1_196' title='bbox 2167 1174 2348 1224; x_wconf 89' lang='lat' dir='ltr'><strong>tamen</strong></span> <span class='ocrx_word' id='word_1_197' title='bbox 2380 1184 2591 1227; x_wconf 91' lang='lat' dir='ltr'><strong>summa</strong></span> <span class='ocrx_word' id='word_1_198' title='bbox 2614 1176 2792 1230; x_wconf 92' lang='lat' dir='ltr'><strong>omnis</strong></span> <span class='ocrx_word' id='word_1_199' title='bbox 2817 1176 2870 1232; x_wconf 93' lang='lat' dir='ltr'><strong>in</strong></span> <span class='ocrx_word' id='word_1_200' title='bbox 2893 1179 3073 1249; x_wconf 86' lang='lat' dir='ltr'><strong>capite</strong></span> <span class='ocrx_word' id='word_1_201' title='bbox 3095 1190 3209 1246; x_wconf 90' lang='lat' dir='ltr'><strong>est;</strong></span> <span class='ocrx_word' id='word_1_202' title='bbox 3242 1184 3490 1254; x_wconf 88' lang='lat' dir='ltr'><strong>quamvis</strong></span> <span class='ocrx_word' id='word_1_203' title='bbox 3517 1196 3778 1245; x_wconf 87' lang='lat' dir='ltr'><strong>constare</strong></span> 
     </span>
    </p>
   </div>
   <div class='ocr_carea' id='block_1_28' title="bbox 2166 1264 3779 1352">
    <p class='ocr_par' dir='ltr' id='par_1_28' title="bbox 2166 1264 3779 1352">
     <span class='ocr_line' id='line_1_28' title="bbox 2166 1264 3779 1352; baseline 0.015 -38"><span class='ocrx_word' id='word_1_204' title='bbox 2166 1276 2273 1316; x_wconf 90' lang='lat' dir='ltr'><strong>non</strong></span> <span class='ocrx_word' id='word_1_205' title='bbox 2305 1264 2477 1333; x_wconf 86' lang='lat' dir='ltr'><strong>possit</strong></span> <span class='ocrx_word' id='word_1_206' title='bbox 2505 1266 2624 1323; x_wconf 92' lang='lat' dir='ltr'><strong>sine</strong></span> <span class='ocrx_word' id='word_1_207' title='bbox 2655 1269 2932 1338; x_wconf 89' lang='lat' dir='ltr'><strong>omnibus,</strong></span> <span class='ocrx_word' id='word_1_208' title='bbox 2965 1273 3083 1330; x_wconf 89' lang='lat' dir='ltr'><strong>sine</strong></span> <span class='ocrx_word' id='word_1_209' title='bbox 3121 1274 3445 1346; x_wconf 88' lang='lat' dir='ltr'><strong>quibusdam</strong></span> <span class='ocrx_word' id='word_1_210' title='bbox 3467 1288 3649 1337; x_wconf 91' lang='lat' dir='ltr'><strong>tamen</strong></span> <span class='ocrx_word' id='word_1_211' title='bbox 3681 1297 3779 1352; x_wconf 87' lang='lat' dir='ltr'><strong>po-</strong></span> 
     </span>
    </p>
   </div>
   <div class='ocr_carea' id='block_1_29' title="bbox 2168 1355 3778 1440">
    <p class='ocr_par' dir='ltr' id='par_1_29' title="bbox 2168 1355 3778 1440">
     <span class='ocr_line' id='line_1_29' title="bbox 2168 1355 3778 1440; baseline 0.015 -31"><span class='ocrx_word' id='word_1_212' title='bbox 2168 1362 2290 1411; x_wconf 90' lang='lat' dir='ltr'><strong>test.</strong></span> <span class='ocrx_word' id='word_1_213' title='bbox 2319 1355 2389 1412; x_wconf 89' lang='lat' dir='ltr'><strong>Et</strong></span> <span class='ocrx_word' id='word_1_214' title='bbox 2412 1359 2516 1414; x_wconf 93' lang='lat' dir='ltr'><strong>erit</strong></span> <span class='ocrx_word' id='word_1_215' title='bbox 2555 1360 2774 1432; x_wconf 88' lang='lat' dir='ltr'><strong>quidem</strong></span> <span class='ocrx_word' id='word_1_216' title='bbox 2804 1365 3005 1421; x_wconf 87' lang='lat' dir='ltr'><strong>animal</strong></span> <span class='ocrx_word' id='word_1_217' title='bbox 3037 1366 3289 1425; x_wconf 91' lang='lat' dir='ltr'><strong>vitiosum</strong></span> <span class='ocrx_word' id='word_1_218' title='bbox 3336 1385 3400 1426; x_wconf 91' lang='lat' dir='ltr'><strong>ae</strong></span> <span class='ocrx_word' id='word_1_219' title='bbox 3441 1372 3656 1440; x_wconf 86' lang='lat' dir='ltr'><strong>debile;</strong></span> <span class='ocrx_word' id='word_1_220' title='bbox 3679 1373 3778 1432; x_wconf 87' lang='lat' dir='ltr'><strong>sed</strong></span> 
     </span>
    </p>
   </div>
   <div class='ocr_carea' id='block_1_30' title="bbox 2166 1452 3777 1538">
    <p class='ocr_par' dir='ltr' id='par_1_30' title="bbox 2166 1452 3777 1538">
     <span class='ocr_line' id='line_1_30' title="bbox 2166 1452 3777 1538; baseline 0.012 -35"><span class='ocrx_word' id='word_1_221' title='bbox 2166 1458 2347 1505; x_wconf 88' lang='lat' dir='ltr'><strong>tamen</strong></span> <span class='ocrx_word' id='word_1_222' title='bbox 2372 1452 2537 1517; x_wconf 86' lang='lat' dir='ltr'><strong>vivet,</strong></span> <span class='ocrx_word' id='word_1_223' title='bbox 2567 1454 2707 1510; x_wconf 89' lang='lat' dir='ltr'><strong>sicut</strong></span> <span class='ocrx_word' id='word_1_224' title='bbox 2741 1456 2789 1511; x_wconf 90' lang='lat' dir='ltr'><strong>is</strong></span> <span class='ocrx_word' id='word_1_225' title='bbox 2814 1458 2906 1528; x_wconf 91' lang='lat' dir='ltr'><strong>qui</strong></span> <span class='ocrx_word' id='word_1_226' title='bbox 2947 1467 3004 1515; x_wconf 90' lang='lat' dir='ltr'><strong>et</strong></span> <span class='ocrx_word' id='word_1_227' title='bbox 3035 1458 3200 1515; x_wconf 90' lang='lat' dir='ltr'><strong>Deum</strong></span> <span class='ocrx_word' id='word_1_228' title='bbox 3231 1462 3407 1529; x_wconf 91' lang='lat' dir='ltr'><strong>novit,</strong></span> <span class='ocrx_word' id='word_1_229' title='bbox 3430 1474 3487 1519; x_wconf 91' lang='lat' dir='ltr'><strong>et</strong></span> <span class='ocrx_word' id='word_1_230' title='bbox 3515 1465 3568 1519; x_wconf 92' lang='lat' dir='ltr'><strong>in</strong></span> <span class='ocrx_word' id='word_1_231' title='bbox 3590 1465 3777 1538; x_wconf 86' lang='lat' dir='ltr'><strong>aliqua</strong></span> 
     </span>
    </p>
   </div>
   <div class='ocr_carea' id='block_1_31' title="bbox 2166 1544 3780 1627">
    <p class='ocr_par' dir='ltr' id='par_1_31' title="bbox 2166 1544 3780 1627">
     <span class='ocr_line' id='line_1_31' title="bbox 2166 1544 3780 1627; baseline 0.012 -30"><span class='ocrx_word' id='word_1_232' title='bbox 2166 1556 2226 1598; x_wconf 88' lang='lat' dir='ltr'><strong>re</strong></span> <span class='ocrx_word' id='word_1_233' title='bbox 2251 1553 2457 1614; x_wconf 89' lang='lat' dir='ltr'><strong>peccat.</strong></span> <span class='ocrx_word' id='word_1_234' title='bbox 2494 1544 2596 1601; x_wconf 88' lang='lat' dir='ltr'><strong>Dat</strong></span> <span class='ocrx_word' id='word_1_235' title='bbox 2614 1547 2759 1602; x_wconf 90' lang='lat' dir='ltr'><strong>enim</strong></span> <span class='ocrx_word' id='word_1_236' title='bbox 2785 1550 2997 1604; x_wconf 90' lang='lat' dir='ltr'><strong>veniam</strong></span> <span class='ocrx_word' id='word_1_237' title='bbox 3025 1553 3260 1620; x_wconf 90' lang='lat' dir='ltr'><strong>peccatis</strong></span> <span class='ocrx_word' id='word_1_238' title='bbox 3277 1552 3437 1610; x_wconf 91' lang='lat' dir='ltr'><strong>Deus.</strong></span> <span class='ocrx_word' id='word_1_239' title='bbox 3458 1554 3645 1627; x_wconf 90' lang='lat' dir='ltr'><strong>Itaque</strong></span> <span class='ocrx_word' id='word_1_240' title='bbox 3657 1557 3780 1617; x_wconf 84' lang='lat' dir='ltr'><strong>sine</strong></span> 
     </span>
    </p>
   </div>
   <div class='ocr_carea' id='block_1_32' title="bbox 2166 1635 3775 1717">
    <p class='ocr_par' dir='ltr' id='par_1_32' title="bbox 2166 1635 3775 1717">
     <span class='ocr_line' id='line_1_32' title="bbox 2166 1635 3775 1717; baseline 0.012 -29"><span class='ocrx_word' id='word_1_241' title='bbox 2166 1635 2426 1692; x_wconf 89' lang='lat' dir='ltr'><strong>membris</strong></span> <span class='ocrx_word' id='word_1_242' title='bbox 2441 1637 2710 1708; x_wconf 89' lang='lat' dir='ltr'><strong>aliquibus</strong></span> <span class='ocrx_word' id='word_1_243' title='bbox 2730 1639 2838 1697; x_wconf 86' lang='lat' dir='ltr'><strong>vivi</strong></span> <span class='ocrx_word' id='word_1_244' title='bbox 2851 1648 3049 1712; x_wconf 89' lang='lat' dir='ltr'><strong>potest,</strong></span> <span class='ocrx_word' id='word_1_245' title='bbox 3080 1644 3198 1701; x_wconf 90' lang='lat' dir='ltr'><strong>sine</strong></span> <span class='ocrx_word' id='word_1_246' title='bbox 3218 1647 3394 1717; x_wconf 87' lang='lat' dir='ltr'><strong>capite</strong></span> <span class='ocrx_word' id='word_1_247' title='bbox 3410 1648 3561 1705; x_wconf 93' lang='lat' dir='ltr'><strong>nullo</strong></span> <span class='ocrx_word' id='word_1_248' title='bbox 3582 1649 3775 1707; x_wconf 88' lang='lat' dir='ltr'><strong>modo.</strong></span> 
     </span>
    </p>
   </div>
   <div class='ocr_carea' id='block_1_33' title="bbox 456 1710 3781 1806">
    <p class='ocr_par' dir='ltr' id='par_1_33' title="bbox 456 1710 3781 1806">
     <span class='ocr_line' id='line_1_33' title="bbox 456 1710 3781 1806; baseline 0.011 -43"><span class='ocrx_word' id='word_1_249' title='bbox 456 1710 640 1779; x_wconf 88' lang='lat' dir='ltr'><strong>genito</strong></span> <span class='ocrx_word' id='word_1_250' title='bbox 669 1711 809 1766; x_wconf 90' lang='lat' dir='ltr'><strong>bono</strong></span> <span class='ocrx_word' id='word_1_251' title='bbox 850 1728 1007 1769; x_wconf 85' lang='lat' dir='ltr'><strong>veras</strong></span> <span class='ocrx_word' id='word_1_252' title='bbox 1050 1717 1281 1773; x_wconf 89' lang='lat' dir='ltr'><strong>virtutes</strong></span> <span class='ocrx_word' id='word_1_253' title='bbox 1309 1722 1504 1789; x_wconf 87' lang='lat' dir='ltr'><strong>capiat,</strong></span> <span class='ocrx_word' id='word_1_254' title='bbox 1538 1722 1750 1792; x_wconf 89' lang='lat' dir='ltr'><strong>qualem</strong></span> <span class='ocrx_word' id='word_1_255' title='bbox 1784 1723 1948 1780; x_wconf 81' lang='lat' dir='ltr'><strong>fuisse</strong></span> <span class='ocrx_word' id='word_1_256' title='bbox 1974 1725 2064 1781; x_wconf 87' lang='lat' dir='ltr'><strong>Ci-</strong></span> <span class='ocrx_word' id='word_1_257' title='bbox 2094 1719 2143 1779; x_wconf 91' lang='lat' dir='ltr'><strong>B</strong></span> <span class='ocrx_word' id='word_1_258' title='bbox 2172 1727 2301 1784; x_wconf 70' lang='lat' dir='ltr'><strong>Haec</strong></span> <span class='ocrx_word' id='word_1_259' title='bbox 2331 1744 2420 1784; x_wconf 90' lang='lat' dir='ltr'><strong>res</strong></span> <span class='ocrx_word' id='word_1_260' title='bbox 2456 1729 2645 1800; x_wconf 80' lang='lat' dir='ltr'><strong>efﬁcit,</strong></span> <span class='ocrx_word' id='word_1_261' title='bbox 2690 1742 2749 1787; x_wconf 93' lang='lat' dir='ltr'><strong>ut</strong></span> <span class='ocrx_word' id='word_1_262' title='bbox 2796 1710 3123 1806; x_wconf 77' lang='lat' dir='ltr'><strong>philosophi,</strong></span> <span class='ocrx_word' id='word_1_263' title='bbox 3159 1710 3375 1794; x_wconf 79' lang='lat' dir='ltr'><strong>etiamsi</strong></span> <span class='ocrx_word' id='word_1_264' title='bbox 3417 1749 3610 1796; x_wconf 90' lang='lat' dir='ltr'><strong>natura</strong></span> <span class='ocrx_word' id='word_1_265' title='bbox 3667 1742 3781 1799; x_wconf 85' lang='lat' dir='ltr'><strong>sint</strong></span> 
     </span>
    </p>
   </div>
   <div class='ocr_carea' id='block_1_34' title="bbox 458 1807 2059 1889">
    <p class='ocr_par' dir='ltr' id='par_1_34' title="bbox 458 1807 2059 1889">
     <span class='ocr_line' id='line_1_34' title="bbox 458 1807 2059 1889; baseline 0.01 -31"><span class='ocrx_word' id='word_1_266' title='bbox 458 1819 677 1861; x_wconf 90' lang='lat' dir='ltr'><strong>monem</strong></span> <span class='ocrx_word' id='word_1_267' title='bbox 718 1807 947 1863; x_wconf 85' lang='lat' dir='ltr'><strong>Athenis</strong></span> <span class='ocrx_word' id='word_1_268' title='bbox 989 1813 1314 1881; x_wconf 89' lang='lat' dir='ltr'><strong>accepimus,</strong></span> <span class='ocrx_word' id='word_1_269' title='bbox 1343 1815 1434 1885; x_wconf 92' lang='lat' dir='ltr'><strong>qui</strong></span> <span class='ocrx_word' id='word_1_270' title='bbox 1480 1824 1535 1870; x_wconf 94' lang='lat' dir='ltr'><strong>ct</strong></span> <span class='ocrx_word' id='word_1_271' title='bbox 1561 1818 1842 1887; x_wconf 87' lang='lat' dir='ltr'><strong>egentibus</strong></span> <span class='ocrx_word' id='word_1_272' title='bbox 1868 1818 2059 1889; x_wconf 89' lang='lat' dir='ltr'><strong>stipem</strong></span> 
     </span>
    </p>
   </div>
   <div class='ocr_carea' id='block_1_35' title="bbox 457 1893 2060 1971">
    <p class='ocr_par' dir='ltr' id='par_1_35' title="bbox 457 1893 2060 1971">
     <span class='ocr_line' id='line_1_35' title="bbox 457 1893 2060 1971; baseline 0.011 -21"><span class='ocrx_word' id='word_1_273' title='bbox 457 1893 629 1964; x_wconf 86' lang='lat' dir='ltr'><strong>dedit,</strong></span> <span class='ocrx_word' id='word_1_274' title='bbox 659 1905 714 1953; x_wconf 91' lang='lat' dir='ltr'><strong>et</strong></span> <span class='ocrx_word' id='word_1_275' title='bbox 746 1914 1008 1970; x_wconf 88' lang='lat' dir='ltr'><strong>pauperes</strong></span> <span class='ocrx_word' id='word_1_276' title='bbox 1041 1902 1312 1971; x_wconf 67' lang='lat' dir='ltr'><strong>invitavit,</strong></span> <span class='ocrx_word' id='word_1_277' title='bbox 1343 1916 1399 1960; x_wconf 91' lang='lat' dir='ltr'><strong>et</strong></span> <span class='ocrx_word' id='word_1_278' title='bbox 1424 1906 1597 1961; x_wconf 88' lang='lat' dir='ltr'><strong>nudos</strong></span> <span class='ocrx_word' id='word_1_279' title='bbox 1631 1908 1824 1963; x_wconf 88' lang='lat' dir='ltr'><strong>induit.</strong></span> <span class='ocrx_word' id='word_1_280' title='bbox 1856 1909 2060 1968; x_wconf 89' lang='lat' dir='ltr'><strong>Tamen</strong></span> 
     </span>
    </p>
   </div>
   <div class='ocr_carea' id='block_1_36' title="bbox 457 1990 2059 2075">
    <p class='ocr_par' dir='ltr' id='par_1_36' title="bbox 457 1990 2059 2075">
     <span class='ocr_line' id='line_1_36' title="bbox 457 1990 2059 2075; baseline 0.012 -33"><span class='ocrx_word' id='word_1_281' title='bbox 457 2003 581 2043; x_wconf 85' lang='lat' dir='ltr'><strong>cum</strong></span> <span class='ocrx_word' id='word_1_282' title='bbox 628 1990 755 2045; x_wconf 89' lang='lat' dir='ltr'><strong>illud</strong></span> <span class='ocrx_word' id='word_1_283' title='bbox 799 2007 961 2048; x_wconf 89' lang='lat' dir='ltr'><strong>unum</strong></span> <span class='ocrx_word' id='word_1_284' title='bbox 1006 1996 1147 2064; x_wconf 87' lang='lat' dir='ltr'><strong>quod</strong></span> <span class='ocrx_word' id='word_1_285' title='bbox 1178 2005 1262 2052; x_wconf 87' lang='lat' dir='ltr'><strong>est</strong></span> <span class='ocrx_word' id='word_1_286' title='bbox 1304 1999 1596 2055; x_wconf 76' lang='lat' dir='ltr'><strong>maximum</strong></span> <span class='ocrx_word' id='word_1_287' title='bbox 1640 2001 1811 2067; x_wconf 85' lang='lat' dir='ltr'><strong>deest,</strong></span> <span class='ocrx_word' id='word_1_288' title='bbox 1858 2004 2059 2075; x_wconf 80' lang='lat' dir='ltr'><strong>agnitio</strong></span> 
     </span>
    </p>
   </div>
   <div class='ocr_carea' id='block_1_37' title="bbox 458 2080 2053 2163">
    <p class='ocr_par' dir='ltr' id='par_1_37' title="bbox 458 2080 2053 2163">
     <span class='ocr_line' id='line_1_37' title="bbox 458 2080 2053 2163; baseline 0.011 -28"><span class='ocrx_word' id='word_1_289' title='bbox 458 2080 582 2146; x_wconf 88' lang='lat' dir='ltr'><strong>Dei,</strong></span> <span class='ocrx_word' id='word_1_290' title='bbox 610 2081 721 2152; x_wconf 86' lang='lat' dir='ltr'><strong>jam</strong></span> <span class='ocrx_word' id='word_1_291' title='bbox 759 2084 846 2138; x_wconf 89' lang='lat' dir='ltr'><strong>illa</strong></span> <span class='ocrx_word' id='word_1_292' title='bbox 876 2086 1015 2140; x_wconf 87' lang='lat' dir='ltr'><strong>bona</strong></span> <span class='ocrx_word' id='word_1_293' title='bbox 1043 2090 1225 2143; x_wconf 89' lang='lat' dir='ltr'><strong>omnia</strong></span> <span class='ocrx_word' id='word_1_294' title='bbox 1255 2105 1591 2160; x_wconf 86' lang='lat' dir='ltr'><strong>supervacua</strong></span> <span class='ocrx_word' id='word_1_295' title='bbox 1615 2103 1740 2148; x_wconf 90' lang='lat' dir='ltr'><strong>sunt</strong></span> <span class='ocrx_word' id='word_1_296' title='bbox 1770 2105 1825 2151; x_wconf 91' lang='lat' dir='ltr'><strong>et</strong></span> <span class='ocrx_word' id='word_1_297' title='bbox 1852 2096 2053 2163; x_wconf 88' lang='lat' dir='ltr'><strong>inania,</strong></span> 
     </span>
    </p>
   </div>
   <div class='ocr_carea' id='block_1_38' title="bbox 457 2173 2056 2248">
    <p class='ocr_par' dir='ltr' id='par_1_38' title="bbox 457 2173 2056 2248">
     <span class='ocr_line' id='line_1_38' title="bbox 457 2173 2056 2248; baseline 0.013 -21"><span class='ocrx_word' id='word_1_298' title='bbox 457 2182 518 2228; x_wconf 93' lang='lat' dir='ltr'><strong>ut</strong></span> <span class='ocrx_word' id='word_1_299' title='bbox 545 2173 743 2230; x_wconf 79' lang='lat' dir='ltr'><strong>frustra</strong></span> <span class='ocrx_word' id='word_1_300' title='bbox 772 2178 825 2232; x_wconf 93' lang='lat' dir='ltr'><strong>in</strong></span> <span class='ocrx_word' id='word_1_301' title='bbox 851 2178 932 2232; x_wconf 88' lang='lat' dir='ltr'><strong>his</strong></span> <span class='ocrx_word' id='word_1_302' title='bbox 959 2182 1312 2248; x_wconf 88' lang='lat' dir='ltr'><strong>assequendis</strong></span> <span class='ocrx_word' id='word_1_303' title='bbox 1339 2184 1681 2241; x_wconf 80' lang='lat' dir='ltr'><strong>laboraverit.</strong></span> <span class='ocrx_word' id='word_1_304' title='bbox 1709 2187 1895 2246; x_wconf 83' lang='lat' dir='ltr'><strong>Omnis</strong></span> <span class='ocrx_word' id='word_1_305' title='bbox 1909 2192 2056 2246; x_wconf 83' lang='lat' dir='ltr'><strong>enim</strong></span> 
     </span>
    </p>
   </div>
   <div class='ocr_carea' id='block_1_39' title="bbox 458 2265 2056 2351">
    <p class='ocr_par' dir='ltr' id='par_1_39' title="bbox 458 2265 2056 2351">
     <span class='ocr_line' id='line_1_39' title="bbox 458 2265 2056 2351; baseline 0.013 -32"><span class='ocrx_word' id='word_1_306' title='bbox 458 2265 667 2336; x_wconf 90' lang='lat' dir='ltr'><strong>justitia</strong></span> <span class='ocrx_word' id='word_1_307' title='bbox 717 2269 833 2337; x_wconf 83' lang='lat' dir='ltr'><strong>ejus</strong></span> <span class='ocrx_word' id='word_1_308' title='bbox 886 2272 1075 2327; x_wconf 87' lang='lat' dir='ltr'><strong>similis</strong></span> <span class='ocrx_word' id='word_1_309' title='bbox 1103 2276 1206 2328; x_wconf 89' lang='lat' dir='ltr'><strong>erit</strong></span> <span class='ocrx_word' id='word_1_310' title='bbox 1250 2273 1486 2331; x_wconf 89' lang='lat' dir='ltr'><strong>humano</strong></span> <span class='ocrx_word' id='word_1_311' title='bbox 1525 2280 1738 2350; x_wconf 90' lang='lat' dir='ltr'><strong>corpori</strong></span> <span class='ocrx_word' id='word_1_312' title='bbox 1765 2291 1925 2351; x_wconf 89' lang='lat' dir='ltr'><strong>caput</strong></span> <span class='ocrx_word' id='word_1_313' title='bbox 1950 2299 2056 2339; x_wconf 91' lang='lat' dir='ltr'><strong>non</strong></span> 
     </span>
    </p>
   </div>
   <div class='ocr_carea' id='block_1_40' title="bbox 461 2356 2060 2436">
    <p class='ocr_par' dir='ltr' id='par_1_40' title="bbox 461 2356 2060 2436">
     <span class='ocr_line' id='line_1_40' title="bbox 461 2356 2060 2436; baseline 0.013 -25"><span class='ocrx_word' id='word_1_314' title='bbox 461 2356 680 2414; x_wconf 88' lang='lat' dir='ltr'><strong>habenti</strong></span> <span class='ocrx_word' id='word_1_315' title='bbox 708 2378 723 2426; x_wconf 89' lang='lat'><strong>;</strong></span> <span class='ocrx_word' id='word_1_316' title='bbox 753 2362 805 2416; x_wconf 91' lang='lat' dir='ltr'><strong>in</strong></span> <span class='ocrx_word' id='word_1_317' title='bbox 827 2378 933 2432; x_wconf 89' lang='lat' dir='ltr'><strong>quo</strong></span> <span class='ocrx_word' id='word_1_318' title='bbox 957 2366 1167 2421; x_wconf 88' lang='lat' dir='ltr'><strong>tametsi</strong></span> <span class='ocrx_word' id='word_1_319' title='bbox 1206 2370 1443 2423; x_wconf 86' lang='lat' dir='ltr'><strong>membra</strong></span> <span class='ocrx_word' id='word_1_320' title='bbox 1472 2372 1672 2436; x_wconf 89' lang='lat' dir='ltr'><strong>omnia,</strong></span> <span class='ocrx_word' id='word_1_321' title='bbox 1703 2383 1757 2428; x_wconf 93' lang='lat' dir='ltr'><strong>ct</strong></span> <span class='ocrx_word' id='word_1_322' title='bbox 1786 2373 1918 2429; x_wconf 89' lang='lat' dir='ltr'><strong>locis</strong></span> <span class='ocrx_word' id='word_1_323' title='bbox 1947 2377 2060 2432; x_wconf 90' lang='lat' dir='ltr'><strong>suis</strong></span> 
     </span>
    </p>
   </div>
   <div class='ocr_carea' id='block_1_41' title="bbox 460 2457 2059 2537">
    <p class='ocr_par' dir='ltr' id='par_1_41' title="bbox 460 2457 2059 2537">
     <span class='ocr_line' id='line_1_41' title="bbox 460 2457 2059 2537; baseline 0.011 -31"><span class='ocrx_word' id='word_1_324' title='bbox 460 2462 732 2519; x_wconf 88' lang='lat' dir='ltr'><strong>constent,</strong></span> <span class='ocrx_word' id='word_1_325' title='bbox 790 2465 844 2511; x_wconf 91' lang='lat' dir='ltr'><strong>et</strong></span> <span class='ocrx_word' id='word_1_326' title='bbox 896 2457 1085 2528; x_wconf 72' lang='lat' dir='ltr'><strong>figura,</strong></span> <span class='ocrx_word' id='word_1_327' title='bbox 1116 2472 1169 2515; x_wconf 90' lang='lat' dir='ltr'><strong>et</strong></span> <span class='ocrx_word' id='word_1_328' title='bbox 1216 2460 1547 2528; x_wconf 87' lang='lat' dir='ltr'><strong>habitudine,</strong></span> <span class='ocrx_word' id='word_1_329' title='bbox 1591 2473 1768 2521; x_wconf 89' lang='lat' dir='ltr'><strong>tamen</strong></span> <span class='ocrx_word' id='word_1_330' title='bbox 1809 2469 2059 2537; x_wconf 87' lang='lat' dir='ltr'><strong>quoniam</strong></span> 
     </span>
    </p>
   </div>
   <div class='ocr_carea' id='block_1_42' title="bbox 457 2541 2064 2631">
    <p class='ocr_par' dir='ltr' id='par_1_42' title="bbox 457 2541 2064 2631">
     <span class='ocr_line' id='line_1_42' title="bbox 457 2541 2064 2631; baseline 0.012 -30"><span class='ocrx_word' id='word_1_331' title='bbox 457 2541 610 2602; x_wconf 90' lang='lat' dir='ltr'><strong>deest</strong></span> <span class='ocrx_word' id='word_1_332' title='bbox 656 2546 732 2618; x_wconf 89' lang='lat' dir='ltr'><strong>id,</strong></span> <span class='ocrx_word' id='word_1_333' title='bbox 775 2549 918 2621; x_wconf 88' lang='lat' dir='ltr'><strong>quod</strong></span> <span class='ocrx_word' id='word_1_334' title='bbox 975 2566 1057 2607; x_wconf 88' lang='lat' dir='ltr'><strong>est</strong></span> <span class='ocrx_word' id='word_1_335' title='bbox 1104 2555 1344 2611; x_wconf 91' lang='lat' dir='ltr'><strong>omnium</strong></span> <span class='ocrx_word' id='word_1_336' title='bbox 1395 2557 1709 2630; x_wconf 87' lang='lat' dir='ltr'><strong>principale,</strong></span> <span class='ocrx_word' id='word_1_337' title='bbox 1759 2571 1813 2617; x_wconf 92' lang='lat' dir='ltr'><strong>et</strong></span> <span class='ocrx_word' id='word_1_338' title='bbox 1842 2561 1966 2631; x_wconf 91' lang='lat' dir='ltr'><strong>vita,</strong></span> <span class='ocrx_word' id='word_1_339' title='bbox 2007 2575 2064 2621; x_wconf 88' lang='lat' dir='ltr'><strong>et</strong></span> 
     </span>
    </p>
   </div>
   <div class='ocr_carea' id='block_1_43' title="bbox 2168 1820 3779 1902">
    <p class='ocr_par' dir='ltr' id='par_1_43' title="bbox 2168 1820 3779 1902">
     <span class='ocr_line' id='line_1_43' title="bbox 2168 1820 3779 1902; baseline 0.011 -27"><span class='ocrx_word' id='word_1_340' title='bbox 2168 1820 2316 1886; x_wconf 91' lang='lat' dir='ltr'><strong>boui,</strong></span> <span class='ocrx_word' id='word_1_341' title='bbox 2350 1829 2528 1879; x_wconf 89' lang='lat' dir='ltr'><strong>tamen</strong></span> <span class='ocrx_word' id='word_1_342' title='bbox 2576 1825 2710 1880; x_wconf 88' lang='lat' dir='ltr'><strong>nihil</strong></span> <span class='ocrx_word' id='word_1_343' title='bbox 2738 1827 2934 1896; x_wconf 86' lang='lat' dir='ltr'><strong>sciant,</strong></span> <span class='ocrx_word' id='word_1_344' title='bbox 2977 1828 3111 1884; x_wconf 92' lang='lat' dir='ltr'><strong>nihil</strong></span> <span class='ocrx_word' id='word_1_345' title='bbox 3149 1826 3389 1902; x_wconf 81' lang='lat' dir='ltr'><strong>sapiant.</strong></span> <span class='ocrx_word' id='word_1_346' title='bbox 3424 1833 3615 1890; x_wconf 87' lang='lat' dir='ltr'><strong>Omnis</strong></span> <span class='ocrx_word' id='word_1_347' title='bbox 3644 1833 3779 1892; x_wconf 78' lang='lat' dir='ltr'><strong>doc-</strong></span> 
     </span>
    </p>
   </div>
   <div class='ocr_carea' id='block_1_44' title="bbox 2164 1915 3774 1995">
    <p class='ocr_par' dir='ltr' id='par_1_44' title="bbox 2164 1915 3774 1995">
     <span class='ocr_line' id='line_1_44' title="bbox 2164 1915 3774 1995; baseline 0.011 -27"><span class='ocrx_word' id='word_1_348' title='bbox 2164 1915 2302 1968; x_wconf 89' lang='lat' dir='ltr'><strong>trina</strong></span> <span class='ocrx_word' id='word_1_349' title='bbox 2328 1924 2382 1970; x_wconf 92' lang='lat' dir='ltr'><strong>et</strong></span> <span class='ocrx_word' id='word_1_350' title='bbox 2407 1915 2579 1971; x_wconf 90' lang='lat' dir='ltr'><strong>virtus</strong></span> <span class='ocrx_word' id='word_1_351' title='bbox 2604 1932 2793 1973; x_wconf 91' lang='lat' dir='ltr'><strong>eorum</strong></span> <span class='ocrx_word' id='word_1_352' title='bbox 2814 1920 2931 1975; x_wconf 91' lang='lat' dir='ltr'><strong>sine</strong></span> <span class='ocrx_word' id='word_1_353' title='bbox 2952 1921 3128 1992; x_wconf 90' lang='lat' dir='ltr'><strong>capite</strong></span> <span class='ocrx_word' id='word_1_354' title='bbox 3152 1934 3266 1990; x_wconf 91' lang='lat' dir='ltr'><strong>est;</strong></span> <span class='ocrx_word' id='word_1_355' title='bbox 3290 1925 3413 1995; x_wconf 91' lang='lat' dir='ltr'><strong>quia</strong></span> <span class='ocrx_word' id='word_1_356' title='bbox 3447 1925 3616 1982; x_wconf 89' lang='lat' dir='ltr'><strong>Deum</strong></span> <span class='ocrx_word' id='word_1_357' title='bbox 3644 1943 3774 1985; x_wconf 82' lang='lat' dir='ltr'><strong>nes-</strong></span> 
     </span>
    </p>
   </div>
   <div class='ocr_carea' id='block_1_45' title="bbox 2161 2006 3771 2091">
    <p class='ocr_par' dir='ltr' id='par_1_45' title="bbox 2161 2006 3771 2091">
     <span class='ocr_line' id='line_1_45' title="bbox 2161 2006 3771 2091; baseline 0.011 -30"><span class='ocrx_word' id='word_1_358' title='bbox 2161 2006 2332 2074; x_wconf 89' lang='lat' dir='ltr'><strong>ciunt,</strong></span> <span class='ocrx_word' id='word_1_359' title='bbox 2348 2009 2437 2079; x_wconf 89' lang='lat' dir='ltr'><strong>qui</strong></span> <span class='ocrx_word' id='word_1_360' title='bbox 2460 2018 2540 2064; x_wconf 92' lang='lat' dir='ltr'><strong>est</strong></span> <span class='ocrx_word' id='word_1_361' title='bbox 2555 2011 2768 2067; x_wconf 89' lang='lat' dir='ltr'><strong>virtutis</strong></span> <span class='ocrx_word' id='word_1_362' title='bbox 2779 2012 3114 2070; x_wconf 73' lang='lat' dir='ltr'><strong>acdoctrina:</strong></span> <span class='ocrx_word' id='word_1_363' title='bbox 3126 2025 3290 2087; x_wconf 88' lang='lat' dir='ltr'><strong>caput</strong></span> <span class='ocrx_word' id='word_1_364' title='bbox 3312 2034 3325 2071; x_wconf 91' lang='lat'><strong>:</strong></span> <span class='ocrx_word' id='word_1_365' title='bbox 3355 2034 3517 2088; x_wconf 89' lang='lat' dir='ltr'><strong>quem</strong></span> <span class='ocrx_word' id='word_1_366' title='bbox 3538 2021 3631 2091; x_wconf 89' lang='lat' dir='ltr'><strong>qui</strong></span> <span class='ocrx_word' id='word_1_367' title='bbox 3658 2037 3771 2078; x_wconf 89' lang='lat' dir='ltr'><strong>non</strong></span> 
     </span>
    </p>
   </div>
   <div class='ocr_carea' id='block_1_46' title="bbox 2161 2100 3783 2180">
    <p class='ocr_par' dir='ltr' id='par_1_46' title="bbox 2161 2100 3783 2180">
     <span class='ocr_line' id='line_1_46' title="bbox 2161 2100 3783 2180; baseline 0.01 -28"><span class='ocrx_word' id='word_1_368' title='bbox 2161 2100 2557 2169; x_wconf 88' lang='lat' dir='ltr'><strong>agnoscit,licet</strong></span> <span class='ocrx_word' id='word_1_369' title='bbox 2569 2102 2946 2169; x_wconf 80' lang='lat' dir='ltr'><strong>videat,e:eeus</strong></span> <span class='ocrx_word' id='word_1_370' title='bbox 2958 2117 3061 2171; x_wconf 90' lang='lat' dir='ltr'><strong>est;</strong></span> <span class='ocrx_word' id='word_1_371' title='bbox 3078 2106 3205 2163; x_wconf 90' lang='lat' dir='ltr'><strong>licet</strong></span> <span class='ocrx_word' id='word_1_372' title='bbox 3218 2107 3403 2164; x_wconf 89' lang='lat' dir='ltr'><strong>audiat</strong></span> <span class='ocrx_word' id='word_1_373' title='bbox 3418 2110 3783 2180; x_wconf 85' lang='lat' dir='ltr'><strong>surdus;licet</strong></span> 
     </span>
    </p>
   </div>
   <div class='ocr_carea' id='block_1_47' title="bbox 2162 2192 3777 2278">
    <p class='ocr_par' dir='ltr' id='par_1_47' title="bbox 2162 2192 3777 2278">
     <span class='ocr_line' id='line_1_47' title="bbox 2162 2192 3777 2278; baseline 0.01 -31"><span class='ocrx_word' id='word_1_374' title='bbox 2162 2192 2431 2264; x_wconf 89' lang='lat' dir='ltr'><strong>loquatur,</strong></span> <span class='ocrx_word' id='word_1_375' title='bbox 2460 2196 2690 2268; x_wconf 81' lang='lat' dir='ltr'><strong>elinguis</strong></span> <span class='ocrx_word' id='word_1_376' title='bbox 2713 2209 2816 2254; x_wconf 90' lang='lat' dir='ltr'><strong>est.</strong></span> <span class='ocrx_word' id='word_1_377' title='bbox 2831 2198 2966 2255; x_wconf 88' lang='lat' dir='ltr'><strong>Cum</strong></span> <span class='ocrx_word' id='word_1_378' title='bbox 2995 2202 3464 2260; x_wconf 90' lang='lat' dir='ltr'><strong>veroconditorem</strong></span> <span class='ocrx_word' id='word_1_379' title='bbox 3481 2219 3663 2261; x_wconf 90' lang='lat' dir='ltr'><strong>rerum</strong></span> <span class='ocrx_word' id='word_1_380' title='bbox 3679 2220 3777 2278; x_wconf 81' lang='lat' dir='ltr'><strong>pa-</strong></span> 
     </span>
    </p>
   </div>
   <div class='ocr_carea' id='block_1_48' title="bbox 2162 2294 3778 2367">
    <p class='ocr_par' dir='ltr' id='par_1_48' title="bbox 2162 2294 3778 2367">
     <span class='ocr_line' id='line_1_48' title="bbox 2162 2294 3778 2367; baseline 0.008 -24"><span class='ocrx_word' id='word_1_381' title='bbox 2162 2300 2482 2360; x_wconf 88' lang='lat' dir='ltr'><strong>rentemque</strong></span> <span class='ocrx_word' id='word_1_382' title='bbox 2512 2294 2843 2362; x_wconf 85' lang='lat' dir='ltr'><strong>cognoverit,</strong></span> <span class='ocrx_word' id='word_1_383' title='bbox 2863 2303 2988 2349; x_wconf 91' lang='lat' dir='ltr'><strong>tunc</strong></span> <span class='ocrx_word' id='word_1_384' title='bbox 3010 2304 3066 2351; x_wconf 87' lang='lat' dir='ltr'><strong>et</strong></span> <span class='ocrx_word' id='word_1_385' title='bbox 3089 2295 3311 2363; x_wconf 90' lang='lat' dir='ltr'><strong>videbit,</strong></span> <span class='ocrx_word' id='word_1_386' title='bbox 3329 2297 3597 2367; x_wconf 89' lang='lat' dir='ltr'><strong>etaudiet,</strong></span> <span class='ocrx_word' id='word_1_387' title='bbox 3619 2309 3675 2355; x_wconf 89' lang='lat' dir='ltr'><strong>et</strong></span> <span class='ocrx_word' id='word_1_388' title='bbox 3696 2298 3778 2355; x_wconf 92' lang='lat' dir='ltr'><strong>lo-</strong></span> 
     </span>
    </p>
   </div>
   <div class='ocr_carea' id='block_1_49' title="bbox 2162 2385 3774 2462">
    <p class='ocr_par' dir='ltr' id='par_1_49' title="bbox 2162 2385 3774 2462">
     <span class='ocr_line' id='line_1_49' title="bbox 2162 2385 3774 2462; baseline 0.007 -24"><span class='ocrx_word' id='word_1_389' title='bbox 2162 2394 2373 2454; x_wconf 91' lang='lat' dir='ltr'><strong>quetur.</strong></span> <span class='ocrx_word' id='word_1_390' title='bbox 2409 2385 2617 2442; x_wconf 87' lang='lat' dir='ltr'><strong>llabere</strong></span> <span class='ocrx_word' id='word_1_391' title='bbox 2656 2389 2801 2444; x_wconf 92' lang='lat' dir='ltr'><strong>enim</strong></span> <span class='ocrx_word' id='word_1_392' title='bbox 2847 2399 3010 2460; x_wconf 90' lang='lat' dir='ltr'><strong>caput</strong></span> <span class='ocrx_word' id='word_1_393' title='bbox 3046 2390 3231 2461; x_wconf 75' lang='lat' dir='ltr'><strong>coepit,</strong></span> <span class='ocrx_word' id='word_1_394' title='bbox 3248 2390 3300 2445; x_wconf 94' lang='lat' dir='ltr'><strong>in</strong></span> <span class='ocrx_word' id='word_1_395' title='bbox 3315 2406 3422 2462; x_wconf 89' lang='lat' dir='ltr'><strong>quo</strong></span> <span class='ocrx_word' id='word_1_396' title='bbox 3436 2401 3774 2449; x_wconf 85' lang='lat' dir='ltr'><strong>suntsensus</strong></span> 
     </span>
    </p>
   </div>
   <div class='ocr_carea' id='block_1_50' title="bbox 2164 2477 3776 2554">
    <p class='ocr_par' dir='ltr' id='par_1_50' title="bbox 2164 2477 3776 2554">
     <span class='ocr_line' id='line_1_50' title="bbox 2164 2477 3776 2554; baseline 0.007 -25"><span class='ocrx_word' id='word_1_397' title='bbox 2164 2490 2353 2531; x_wconf 88' lang='lat' dir='ltr'><strong>omnes</strong></span> <span class='ocrx_word' id='word_1_398' title='bbox 2378 2477 2649 2542; x_wconf 89' lang='lat' dir='ltr'><strong>collocati.</strong></span> <span class='ocrx_word' id='word_1_399' title='bbox 2686 2479 2788 2535; x_wconf 91' lang='lat' dir='ltr'><strong>hoc</strong></span> <span class='ocrx_word' id='word_1_400' title='bbox 2810 2489 2894 2535; x_wconf 91' lang='lat' dir='ltr'><strong>est</strong></span> <span class='ocrx_word' id='word_1_401' title='bbox 2924 2480 3093 2547; x_wconf 90' lang='lat' dir='ltr'><strong>oculi,</strong></span> <span class='ocrx_word' id='word_1_402' title='bbox 3119 2496 3300 2548; x_wconf 89' lang='lat' dir='ltr'><strong>aures,</strong></span> <span class='ocrx_word' id='word_1_403' title='bbox 3324 2494 3380 2538; x_wconf 88' lang='lat' dir='ltr'><strong>et</strong></span> <span class='ocrx_word' id='word_1_404' title='bbox 3396 2483 3595 2554; x_wconf 85' lang='lat' dir='ltr'><strong>lingua.</strong></span> <span class='ocrx_word' id='word_1_405' title='bbox 3638 2483 3776 2541; x_wconf 87' lang='lat' dir='ltr'><strong>Nam</strong></span> 
     </span>
    </p>
   </div>
   <div class='ocr_carea' id='block_1_51' title="bbox 2168 2567 3774 2648">
    <p class='ocr_par' dir='ltr' id='par_1_51' title="bbox 2168 2567 3774 2648">
     <span class='ocr_line' id='line_1_51' title="bbox 2168 2567 3774 2648; baseline 0.007 -25"><span class='ocrx_word' id='word_1_406' title='bbox 2168 2567 2409 2638; x_wconf 82' lang='lat' dir='ltr'><strong>profecto</strong></span> <span class='ocrx_word' id='word_1_407' title='bbox 2456 2570 2503 2626; x_wconf 92' lang='lat' dir='ltr'><strong>is</strong></span> <span class='ocrx_word' id='word_1_408' title='bbox 2548 2570 2713 2640; x_wconf 80' lang='lat' dir='ltr'><strong>videt,</strong></span> <span class='ocrx_word' id='word_1_409' title='bbox 2748 2572 2838 2645; x_wconf 90' lang='lat' dir='ltr'><strong>qui</strong></span> <span class='ocrx_word' id='word_1_410' title='bbox 2865 2573 3145 2631; x_wconf 89' lang='lat' dir='ltr'><strong>veritatem</strong></span> <span class='ocrx_word' id='word_1_411' title='bbox 3169 2575 3222 2632; x_wconf 93' lang='lat' dir='ltr'><strong>in</strong></span> <span class='ocrx_word' id='word_1_412' title='bbox 3244 2589 3349 2648; x_wconf 88' lang='lat' dir='ltr'><strong>qua</strong></span> <span class='ocrx_word' id='word_1_413' title='bbox 3379 2574 3522 2633; x_wconf 89' lang='lat' dir='ltr'><strong>Deus</strong></span> <span class='ocrx_word' id='word_1_414' title='bbox 3549 2585 3655 2647; x_wconf 88' lang='lat' dir='ltr'><strong>est,</strong></span> <span class='ocrx_word' id='word_1_415' title='bbox 3685 2579 3774 2637; x_wconf 86' lang='lat' dir='ltr'><strong>vel</strong></span> 
     </span>
    </p>
   </div>
   <div class='ocr_carea' id='block_1_52' title="bbox 1824 2729 2453 2793">
    <p class='ocr_par' dir='ltr' id='par_1_52' title="bbox 1824 2729 2453 2793">
     <span class='ocr_line' id='line_1_52' title="bbox 1824 2729 2453 2793; baseline 0.013 -8"><span class='ocrx_word' id='word_1_416' title='bbox 1824 2729 2183 2790; x_wconf 80' lang='lat' dir='ltr'><strong>VARIORUM</strong></span> <span class='ocrx_word' id='word_1_417' title='bbox 2217 2732 2453 2793; x_wconf 66' lang='lat' dir='ltr'><strong>NOTAE.</strong></span> 
     </span>
    </p>
   </div>
   <div class='ocr_carea' id='block_1_53' title="bbox 458 2882 2054 2956">
    <p class='ocr_par' dir='ltr' id='par_1_53' title="bbox 458 2882 2054 2956">
     <span class='ocr_line' id='line_1_53' title="bbox 458 2882 2054 2956; baseline 0.003 -17"><span class='ocrx_word' id='word_1_418' title='bbox 458 2882 619 2956; x_wconf 60' lang='lat' dir='ltr'><strong>i6l5,</strong></span> <span class='ocrx_word' id='word_1_419' title='bbox 648 2882 870 2956; x_wconf 63' lang='lat' dir='ltr'><strong>Genev.</strong></span> <span class='ocrx_word' id='word_1_420' title='bbox 914 2883 1070 2956; x_wconf 71' lang='lat'><strong>1650,</strong></span> <span class='ocrx_word' id='word_1_421' title='bbox 1119 2884 1289 2939; x_wconf 86' lang='lat' dir='ltr'><strong>aliena</strong></span> <span class='ocrx_word' id='word_1_422' title='bbox 1318 2884 1587 2954; x_wconf 83' lang='lat' dir='ltr'><strong>capiendo.</strong></span> <span class='ocrx_word' id='word_1_423' title='bbox 1622 2884 1861 2942; x_wconf 73' lang='lat' dir='ltr'><strong>Prtefero</strong></span> <span class='ocrx_word' id='word_1_424' title='bbox 1888 2887 2054 2956; x_wconf 90' lang='lat' dir='ltr'><strong>prius.</strong></span> 
     </span>
    </p>
   </div>
   <div class='ocr_carea' id='block_1_54' title="bbox 458 2953 2059 3029">
    <p class='ocr_par' dir='ltr' id='par_1_54' title="bbox 458 2953 2059 3029">
     <span class='ocr_line' id='line_1_54' title="bbox 458 2953 2059 3029; baseline 0.002 -20"><span class='ocrx_word' id='word_1_425' title='bbox 458 2954 552 3011; x_wconf 88' lang='lat' dir='ltr'><strong>lib.</strong></span> <span class='ocrx_word' id='word_1_426' title='bbox 572 2970 791 3029; x_wconf 16' lang='lat' dir='ltr'><strong>Av,cap.</strong></span> <span class='ocrx_word' id='word_1_427' title='bbox 813 2955 923 3029; x_wconf 72' lang='lat'><strong>‘22:</strong></span> <span class='ocrx_word' id='word_1_428' title='bbox 948 2953 1272 3029; x_wconf 65' lang='lat' dir='ltr'><strong>Concupiscjt</strong></span> <span class='ocrx_word' id='word_1_429' title='bbox 1303 2957 1475 3029; x_wconf 61' lang='lat' dir='ltr'><strong>aliena</strong></span> <span class='ocrx_word' id='word_1_430' title='bbox 1516 2958 1763 3029; x_wconf 72' lang='lat' dir='ltr'><strong>etrapit,</strong></span> <span class='ocrx_word' id='word_1_431' title='bbox 1795 2953 1908 3029; x_wconf 69' lang='lat' dir='ltr'><strong>qtae</strong></span> <span class='ocrx_word' id='word_1_432' title='bbox 1936 2975 2059 3012; x_wconf 84' lang='lat' dir='ltr'><strong>con-</strong></span> 
     </span>
    </p>
   </div>
   <div class='ocr_carea' id='block_1_55' title="bbox 461 3024 2051 3158">
    <p class='ocr_par' dir='ltr' id='par_1_55' title="bbox 461 3024 2051 3158">
     <span class='ocr_line' id='line_1_55' title="bbox 461 3024 2051 3154; baseline 0.003 -73"><span class='ocrx_word' id='word_1_433' title='bbox 461 3027 700 3099; x_wconf 79' lang='lat' dir='ltr'><strong>cupierit,</strong></span> <span class='ocrx_word' id='word_1_434' title='bbox 736 3024 835 3098; x_wconf 43' lang='lat' dir='ltr'><strong>_per</strong></span> <span class='ocrx_word' id='word_1_435' title='bbox 878 3024 1144 3095; x_wconf 80' lang='lat' dir='ltr'><strong>iniuriam.</strong></span> <span class='ocrx_word' id='word_1_436' title='bbox 1200 3024 1359 3084; x_wconf 82' lang='lat' dir='ltr'><strong>Conf.</strong></span> <span class='ocrx_word' id='word_1_437' title='bbox 1405 3035 1521 3083; x_wconf 92' lang='lat' dir='ltr'><strong>not.</strong></span> <span class='ocrx_word' id='word_1_438' title='bbox 1577 3024 1683 3154; x_wconf 42' lang='lat' dir='ltr'><strong>libi;</strong></span> <span class='ocrx_word' id='word_1_439' title='bbox 1706 3043 1762 3093; x_wconf 81' lang='grc' dir='ltr'><strong>ν,</strong></span> <span class='ocrx_word' id='word_1_440' title='bbox 1806 3024 1932 3098; x_wconf 61' lang='lat' dir='ltr'><strong>&#39;cap.</strong></span> <span class='ocrx_word' id='word_1_441' title='bbox 1961 3029 2051 3087; x_wconf 74' lang='lat'><strong>22.</strong></span> 
     </span>
     <span class='ocr_line' id='line_1_56' title="bbox 1687 3115 1921 3158; baseline 0.013 -4"><span class='ocrx_word' id='word_1_442' title='bbox 1687 3115 1921 3158; x_wconf 64' lang='lat' dir='ltr'><strong>usuusu.</strong></span> 
     </span>
    </p>
   </div>
   <div class='ocr_carea' id='block_1_56' title="bbox 538 3189 2059 3272">
    <p class='ocr_par' dir='ltr' id='par_1_56' title="bbox 538 3189 2059 3272">
     <span class='ocr_line' id='line_1_57' title="bbox 538 3189 2059 3272; baseline 0.003 -29"><span class='ocrx_word' id='word_1_443' title='bbox 538 3189 611 3244; x_wconf 81' lang='lat' dir='ltr'><strong>lli</strong></span> <span class='ocrx_word' id='word_1_444' title='bbox 627 3191 799 3272; x_wconf 73' lang='lat' dir='ltr'><strong>justas</strong></span> <span class='ocrx_word' id='word_1_445' title='bbox 843 3207 896 3244; x_wconf 81' lang='lat' dir='ltr'><strong>se</strong></span> <span class='ocrx_word' id='word_1_446' title='bbox 931 3200 1135 3272; x_wconf 57' lang='lat' dir='ltr'><strong>putant,</strong></span> <span class='ocrx_word' id='word_1_447' title='bbox 1170 3190 1234 3245; x_wconf 88' lang='lat' dir='ltr'><strong>si.</strong></span> <span class='ocrx_word' id='word_1_448' title='bbox 1269 3189 1458 3271; x_wconf 77' lang='lat' dir='ltr'><strong>Addidi</strong></span> <span class='ocrx_word' id='word_1_449' title='bbox 1491 3190 1535 3243; x_wconf 85' lang='lat' dir='ltr'><strong>si</strong></span> <span class='ocrx_word' id='word_1_450' title='bbox 1564 3205 1626 3272; x_wconf 63' lang='lat' dir='ltr'><strong>es</strong></span> <span class='ocrx_word' id='word_1_451' title='bbox 1662 3191 1913 3272; x_wconf 75' lang='lat' dir='ltr'><strong>omnibus</strong></span> <span class='ocrx_word' id='word_1_452' title='bbox 1943 3190 2059 3272; x_wconf 69' lang='lat' dir='ltr'><strong>fere</strong></span> 
     </span>
    </p>
   </div>
   <div class='ocr_carea' id='block_1_57' title="bbox 461 3262 2069 3388">
    <p class='ocr_par' dir='ltr' id='par_1_57' title="bbox 461 3262 2069 3388">
     <span class='ocr_line' id='line_1_58' title="bbox 461 3262 2069 3388; baseline 0.003 -72"><span class='ocrx_word' id='word_1_453' title='bbox 461 3275 596 3388; x_wconf 60' lang='lat' dir='ltr'><strong>mdss:</strong></span> <span class='ocrx_word' id='word_1_454' title='bbox 647 3269 703 3317; x_wconf 91' lang='lat' dir='ltr'><strong>et</strong></span> <span class='ocrx_word' id='word_1_455' title='bbox 746 3262 1047 3330; x_wconf 75' lang='lat' dir='ltr'><strong>impressis.</strong></span> <span class='ocrx_word' id='word_1_456' title='bbox 1089 3263 1249 3318; x_wconf 84' lang='lat' dir='ltr'><strong>Deest</strong></span> <span class='ocrx_word' id='word_1_457' title='bbox 1304 3262 1356 3316; x_wconf 72' lang='grc' dir='ltr'><strong>ιιι</strong></span> <span class='ocrx_word' id='word_1_458' title='bbox 1398 3277 1503 3317; x_wconf 92' lang='lat' dir='ltr'><strong>ms.</strong></span> <span class='ocrx_word' id='word_1_459' title='bbox 1564 3262 1874 3334; x_wconf 87' lang='lat' dir='ltr'><strong>Cantabrig.</strong></span> <span class='ocrx_word' id='word_1_460' title='bbox 1923 3273 1978 3320; x_wconf 90' lang='lat' dir='ltr'><strong>et</strong></span> <span class='ocrx_word' id='word_1_461' title='bbox 2030 3264 2069 3320; x_wconf 82' lang='lat'><strong>5</strong></span> 
     </span>
     <span class='ocr_line' id='line_1_59' title="bbox 464 3342 711 3388; baseline 0 0"><span class='ocrx_word' id='word_1_462' title='bbox 464 3348 496 3388; x_wconf 93' lang='lat' dir='ltr'><strong>e</strong></span> <span class='ocrx_word' id='word_1_463' title='bbox 538 3342 649 3388; x_wconf 86' lang='lat' dir='ltr'><strong>ttts.</strong></span> <span class='ocrx_word' id='word_1_464' title='bbox 702 3381 711 3388; x_wconf 92' lang='lat'><strong>.</strong></span> 
     </span>
    </p>
   </div>
   <div class='ocr_carea' id='block_1_58' title="bbox 464 3348 1906 3486">
    <p class='ocr_par' dir='ltr' id='par_1_58' title="bbox 464 3348 1906 3486">
     <span class='ocr_line' id='line_1_60' title="bbox 464 3348 711 3389; baseline -0.004 0"><span class='ocrx_word' id='word_1_465' title='bbox 464 3348 649 3389; x_wconf 86' lang='lat' dir='ltr'><strong>catus.</strong></span> <span class='ocrx_word' id='word_1_466' title='bbox 702 3381 711 3388; x_wconf 93' lang='lat'><strong>.</strong></span> 
     </span>
     <span class='ocr_line' id='line_1_61' title="bbox 536 3414 1906 3486; baseline 0.002 -16"><span class='ocrx_word' id='word_1_467' title='bbox 536 3414 680 3470; x_wconf 86' lang='lat' dir='ltr'><strong>Num</strong></span> <span class='ocrx_word' id='word_1_468' title='bbox 707 3416 992 3474; x_wconf 60' lang='grc' dir='ltr'><strong>Μήτι-οη..</strong></span> <span class='ocrx_word' id='word_1_469' title='bbox 1024 3417 1048 3470; x_wconf 79' lang='grc'><strong>1</strong></span> <span class='ocrx_word' id='word_1_470' title='bbox 1086 3416 1293 3471; x_wconf 79' lang='grc' dir='ltr'><em>Βοιιοιι.</em></span> <span class='ocrx_word' id='word_1_471' title='bbox 1317 3416 1513 3486; x_wconf 87' lang='lat' dir='ltr'><strong>atttiq.,</strong></span> <span class='ocrx_word' id='word_1_472' title='bbox 1549 3414 1668 3470; x_wconf 83' lang='lat' dir='ltr'><strong>Non</strong></span> <span class='ocrx_word' id='word_1_473' title='bbox 1692 3417 1906 3473; x_wconf 82' lang='lat' dir='ltr'><strong>idcirco.</strong></span> 
     </span>
    </p>
   </div>
   <div class='ocr_carea' id='block_1_59' title="bbox 538 3505 2066 3566">
    <p class='ocr_par' dir='ltr' id='par_1_59' title="bbox 538 3505 2066 3566">
     <span class='ocr_line' id='line_1_62' title="bbox 538 3505 2066 3566; baseline 0.004 -6"><span class='ocrx_word' id='word_1_474' title='bbox 538 3505 819 3563; x_wconf 81' lang='lat' dir='ltr'><strong>Duodecim</strong></span> <span class='ocrx_word' id='word_1_475' title='bbox 871 3508 1182 3564; x_wconf 82' lang='lat' dir='ltr'><strong>Tabularum</strong></span> <span class='ocrx_word' id='word_1_476' title='bbox 1223 3507 1534 3563; x_wconf 74' lang='lat' dir='ltr'><strong>conditores.</strong></span> <span class='ocrx_word' id='word_1_477' title='bbox 1588 3508 1904 3564; x_wconf 86' lang='lat' dir='ltr'><strong>Decemviri.</strong></span> <span class='ocrx_word' id='word_1_478' title='bbox 1950 3510 2066 3566; x_wconf 91' lang='lat' dir='ltr'><strong>Imo</strong></span> 
     </span>
    </p>
   </div>
   <div class='ocr_carea' id='block_1_60' title="bbox 461 3578 2067 3651">
    <p class='ocr_par' dir='ltr' id='par_1_60' title="bbox 461 3578 2067 3651">
     <span class='ocr_line' id='line_1_63' title="bbox 461 3578 2067 3651; baseline -0.001 -16"><span class='ocrx_word' id='word_1_479' title='bbox 461 3579 648 3650; x_wconf 90' lang='lat' dir='ltr'><strong>injusti</strong></span> <span class='ocrx_word' id='word_1_480' title='bbox 679 3578 915 3648; x_wconf 78' lang='lat' dir='ltr'><strong>fuerunt,</strong></span> <span class='ocrx_word' id='word_1_481' title='bbox 948 3597 1014 3636; x_wconf 91' lang='lat' dir='ltr'><strong>eo</strong></span> <span class='ocrx_word' id='word_1_482' title='bbox 1052 3579 1198 3651; x_wconf 83' lang='lat' dir='ltr'><strong>quod</strong></span> <span class='ocrx_word' id='word_1_483' title='bbox 1227 3581 1278 3634; x_wconf 93' lang='lat' dir='ltr'><strong>in</strong></span> <span class='ocrx_word' id='word_1_484' title='bbox 1312 3596 1476 3634; x_wconf 89' lang='lat' dir='ltr'><strong>unum</strong></span> <span class='ocrx_word' id='word_1_485' title='bbox 1521 3594 1720 3633; x_wconf 88' lang='lat' dir='ltr'><strong>annmn</strong></span> <span class='ocrx_word' id='word_1_486' title='bbox 1748 3581 2067 3636; x_wconf 83' lang='lat' dir='ltr'><strong>condenda-</strong></span> 
     </span>
    </p>
   </div>
   <div class='ocr_carea' id='block_1_61' title="bbox 461 3650 2065 3722">
    <p class='ocr_par' dir='ltr' id='par_1_61' title="bbox 461 3650 2065 3722">
     <span class='ocr_line' id='line_1_64' title="bbox 461 3650 2065 3722; baseline 0 -16"><span class='ocrx_word' id='word_1_487' title='bbox 461 3666 582 3706; x_wconf 85' lang='lat' dir='ltr'><strong>rum</strong></span> <span class='ocrx_word' id='word_1_488' title='bbox 609 3652 785 3719; x_wconf 87' lang='lat' dir='ltr'><strong>legum</strong></span> <span class='ocrx_word' id='word_1_489' title='bbox 809 3667 971 3708; x_wconf 85' lang='lat' dir='ltr'><strong>causa</strong></span> <span class='ocrx_word' id='word_1_490' title='bbox 998 3650 1190 3715; x_wconf 80' lang='lat' dir='ltr'><strong>creati,</strong></span> <span class='ocrx_word' id='word_1_491' title='bbox 1222 3651 1472 3720; x_wconf 87' lang='lat' dir='ltr'><strong>rempub.</strong></span> <span class='ocrx_word' id='word_1_492' title='bbox 1504 3651 1555 3704; x_wconf 94' lang='lat' dir='ltr'><strong>vi</strong></span> <span class='ocrx_word' id='word_1_493' title='bbox 1593 3650 1824 3721; x_wconf 89' lang='lat' dir='ltr'><strong>quadam</strong></span> <span class='ocrx_word' id='word_1_494' title='bbox 1861 3653 2065 3722; x_wconf 86' lang='lat' dir='ltr'><strong>oligar-</strong></span> 
     </span>
    </p>
   </div>
   <div class='ocr_carea' id='block_1_62' title="bbox 462 3722 2068 3792">
    <p class='ocr_par' dir='ltr' id='par_1_62' title="bbox 462 3722 2068 3792">
     <span class='ocr_line' id='line_1_65' title="bbox 462 3722 2068 3792; baseline -0.001 -15"><span class='ocrx_word' id='word_1_495' title='bbox 462 3722 620 3778; x_wconf 88' lang='lat' dir='ltr'><strong>chica</strong></span> <span class='ocrx_word' id='word_1_496' title='bbox 651 3733 1006 3792; x_wconf 86' lang='lat' dir='ltr'><strong>occupantes,</strong></span> <span class='ocrx_word' id='word_1_497' title='bbox 1036 3738 1211 3792; x_wconf 87' lang='lat' dir='ltr'><strong>neque</strong></span> <span class='ocrx_word' id='word_1_498' title='bbox 1236 3726 1627 3791; x_wconf 75' lang='lat' dir='ltr'><strong>magistratum,</strong></span> <span class='ocrx_word' id='word_1_499' title='bbox 1658 3738 1833 3792; x_wconf 89' lang='lat' dir='ltr'><strong>neque</strong></span> <span class='ocrx_word' id='word_1_500' title='bbox 1858 3724 2068 3778; x_wconf 86' lang='lat' dir='ltr'><strong>exerci-</strong></span> 
     </span>
    </p>
   </div>
   <div class='ocr_carea' id='block_1_63' title="bbox 462 3793 2067 3863">
    <p class='ocr_par' dir='ltr' id='par_1_63' title="bbox 462 3793 2067 3863">
     <span class='ocr_line' id='line_1_66' title="bbox 462 3793 2067 3863; baseline 0.001 -16"><span class='ocrx_word' id='word_1_501' title='bbox 462 3802 580 3863; x_wconf 89' lang='lat' dir='ltr'><strong>tum</strong></span> <span class='ocrx_word' id='word_1_502' title='bbox 632 3793 909 3861; x_wconf 88' lang='lat' dir='ltr'><strong>deponere</strong></span> <span class='ocrx_word' id='word_1_503' title='bbox 954 3795 1245 3847; x_wconf 91' lang='lat' dir='ltr'><strong>voluerunt</strong></span> <span class='ocrx_word' id='word_1_504' title='bbox 1281 3810 1297 3849; x_wconf 85' lang='lat'><strong>:</strong></span> <span class='ocrx_word' id='word_1_505' title='bbox 1333 3794 1637 3862; x_wconf 78' lang='lat' dir='ltr'><strong>praesertim</strong></span> <span class='ocrx_word' id='word_1_506' title='bbox 1673 3796 1879 3863; x_wconf 75' lang='lat' dir='ltr'><strong>Appius</strong></span> <span class='ocrx_word' id='word_1_507' title='bbox 1903 3794 2067 3849; x_wconf 84' lang='lat' dir='ltr'><strong>Clau-</strong></span> 
     </span>
    </p>
   </div>
   <div class='ocr_carea' id='block_1_64' title="bbox 464 3862 2064 3935">
    <p class='ocr_par' dir='ltr' id='par_1_64' title="bbox 464 3862 2064 3935">
     <span class='ocr_line' id='line_1_67' title="bbox 464 3862 2064 3935; baseline 0.001 -18"><span class='ocrx_word' id='word_1_508' title='bbox 464 3862 610 3935; x_wconf 81' lang='lat' dir='ltr'><strong>dius,</strong></span> <span class='ocrx_word' id='word_1_509' title='bbox 639 3865 728 3932; x_wconf 85' lang='lat' dir='ltr'><strong>qui</strong></span> <span class='ocrx_word' id='word_1_510' title='bbox 763 3863 1047 3935; x_wconf 84' lang='lat' dir='ltr'><strong>tyrannide</strong></span> <span class='ocrx_word' id='word_1_511' title='bbox 1070 3866 1189 3933; x_wconf 82' lang='lat' dir='ltr'><strong>plus</strong></span> <span class='ocrx_word' id='word_1_512' title='bbox 1219 3880 1376 3931; x_wconf 84' lang='lat' dir='ltr'><strong>quant</strong></span> <span class='ocrx_word' id='word_1_513' title='bbox 1396 3862 1909 3934; x_wconf 78' lang='lat' dir='ltr'><strong>Sicula,Virginiam</strong></span> <span class='ocrx_word' id='word_1_514' title='bbox 1928 3879 2064 3920; x_wconf 83' lang='lat' dir='ltr'><strong>coo-</strong></span> 
     </span>
    </p>
   </div>
   <div class='ocr_carea' id='block_1_65' title="bbox 462 3934 2065 4003">
    <p class='ocr_par' dir='ltr' id='par_1_65' title="bbox 462 3934 2065 4003">
     <span class='ocr_line' id='line_1_68' title="bbox 462 3934 2065 4003; baseline 0.002 -14"><span class='ocrx_word' id='word_1_515' title='bbox 462 3942 549 3989; x_wconf 81' lang='lat' dir='ltr'><strong>tra</strong></span> <span class='ocrx_word' id='word_1_516' title='bbox 585 3934 675 4003; x_wconf 88' lang='lat' dir='ltr'><strong>jus</strong></span> <span class='ocrx_word' id='word_1_517' title='bbox 700 3945 754 3988; x_wconf 91' lang='lat' dir='ltr'><strong>et</strong></span> <span class='ocrx_word' id='word_1_518' title='bbox 782 3934 860 3988; x_wconf 89' lang='lat' dir='ltr'><strong>l&#39;as</strong></span> <span class='ocrx_word' id='word_1_519' title='bbox 896 3937 948 3989; x_wconf 92' lang='lat' dir='ltr'><strong>in</strong></span> <span class='ocrx_word' id='word_1_520' title='bbox 982 3937 1301 3989; x_wconf 84' lang='lat' dir='ltr'><strong>servitutem</strong></span> <span class='ocrx_word' id='word_1_521' title='bbox 1344 3935 1620 3989; x_wconf 89' lang='lat' dir='ltr'><strong>vindicare</strong></span> <span class='ocrx_word' id='word_1_522' title='bbox 1660 3935 1952 3990; x_wconf 89' lang='lat' dir='ltr'><strong>nitebatur.</strong></span> <span class='ocrx_word' id='word_1_523' title='bbox 1986 3936 2065 3992; x_wconf 87' lang='lat' dir='ltr'><strong>De</strong></span> 
     </span>
    </p>
   </div>
   <div class='ocr_carea' id='block_1_66' title="bbox 464 4004 2064 4075">
    <p class='ocr_par' dir='ltr' id='par_1_66' title="bbox 464 4004 2064 4075">
     <span class='ocr_line' id='line_1_69' title="bbox 464 4004 2064 4075; baseline 0.001 -16"><span class='ocrx_word' id='word_1_524' title='bbox 464 4018 575 4074; x_wconf 87' lang='lat' dir='ltr'><strong>quo</strong></span> <span class='ocrx_word' id='word_1_525' title='bbox 596 4004 785 4075; x_wconf 85' lang='lat' dir='ltr'><strong>Pomp.</strong></span> <span class='ocrx_word' id='word_1_526' title='bbox 819 4005 913 4060; x_wconf 93' lang='lat' dir='ltr'><strong>lib.</strong></span> <span class='ocrx_word' id='word_1_527' title='bbox 948 4021 1006 4062; x_wconf 90' lang='grc' dir='ltr'><em>ιι.</em></span> <span class='ocrx_word' id='word_1_528' title='bbox 1034 4006 1089 4060; x_wconf 79' lang='lat' dir='ltr'><strong>ff.</strong></span> <span class='ocrx_word' id='word_1_529' title='bbox 1121 4007 1189 4061; x_wconf 90' lang='lat' dir='ltr'><strong>de</strong></span> <span class='ocrx_word' id='word_1_530' title='bbox 1217 4007 1353 4075; x_wconf 86' lang='lat' dir='ltr'><strong>orig.</strong></span> <span class='ocrx_word' id='word_1_531' title='bbox 1378 4006 1535 4072; x_wconf 82' lang='lat' dir='ltr'><strong>juris.</strong></span> <span class='ocrx_word' id='word_1_532' title='bbox 1570 4005 1798 4075; x_wconf 69' lang='lat' dir='ltr'><strong>Legeex</strong></span> <span class='ocrx_word' id='word_1_533' title='bbox 1840 4007 2064 4061; x_wconf 87' lang='lat' dir='ltr'><strong>histori-</strong></span> 
     </span>
    </p>
   </div>
   <div class='ocr_carea' id='block_1_67' title="bbox 464 4074 2060 4141">
    <p class='ocr_par' dir='ltr' id='par_1_67' title="bbox 464 4074 2060 4141">
     <span class='ocr_line' id='line_1_70' title="bbox 464 4074 2060 4141; baseline 0.001 -11"><span class='ocrx_word' id='word_1_534' title='bbox 464 4076 546 4130; x_wconf 87' lang='lat' dir='ltr'><strong>cis</strong></span> <span class='ocrx_word' id='word_1_535' title='bbox 590 4074 798 4131; x_wconf 87' lang='lat' dir='ltr'><strong>Livium</strong></span> <span class='ocrx_word' id='word_1_536' title='bbox 853 4078 945 4133; x_wconf 89' lang='lat' dir='ltr'><strong>lib.</strong></span> <span class='ocrx_word' id='word_1_537' title='bbox 993 4092 1046 4136; x_wconf 82' lang='lat' dir='ltr'><strong>v.</strong></span> <span class='ocrx_word' id='word_1_538' title='bbox 1101 4076 1258 4133; x_wconf 83' lang='lat' dir='ltr'><strong>Urbis</strong></span> <span class='ocrx_word' id='word_1_539' title='bbox 1303 4074 1500 4141; x_wconf 86' lang='lat' dir='ltr'><strong>eoud.;</strong></span> <span class='ocrx_word' id='word_1_540' title='bbox 1534 4078 1756 4141; x_wconf 84' lang='lat' dir='ltr'><strong>Dionys.</strong></span> <span class='ocrx_word' id='word_1_541' title='bbox 1788 4077 2060 4133; x_wconf 86' lang='lat' dir='ltr'><strong>Haliearn.</strong></span> 
     </span>
    </p>
   </div>
   <div class='ocr_carea' id='block_1_68' title="bbox 462 4145 2061 4216">
    <p class='ocr_par' dir='ltr' id='par_1_68' title="bbox 462 4145 2061 4216">
     <span class='ocr_line' id='line_1_71' title="bbox 462 4145 2061 4216; baseline 0.002 -16"><span class='ocrx_word' id='word_1_542' title='bbox 462 4145 562 4202; x_wconf 88' lang='lat' dir='ltr'><strong>lib.</strong></span> <span class='ocrx_word' id='word_1_543' title='bbox 595 4162 626 4201; x_wconf 75' lang='grc' dir='ltr'><strong>χ</strong></span> <span class='ocrx_word' id='word_1_544' title='bbox 653 4159 709 4203; x_wconf 93' lang='lat' dir='ltr'><strong>et</strong></span> <span class='ocrx_word' id='word_1_545' title='bbox 736 4164 827 4211; x_wconf 69' lang='lat' dir='ltr'><strong>si;</strong></span> <span class='ocrx_word' id='word_1_546' title='bbox 855 4147 967 4204; x_wconf 82' lang='lat' dir='ltr'><strong>Val.</strong></span> <span class='ocrx_word' id='word_1_547' title='bbox 1001 4148 1141 4204; x_wconf 81' lang='lat' dir='ltr'><strong>Max.</strong></span> <span class='ocrx_word' id='word_1_548' title='bbox 1175 4148 1269 4202; x_wconf 88' lang='lat' dir='ltr'><strong>lib.</strong></span> <span class='ocrx_word' id='word_1_549' title='bbox 1303 4164 1377 4214; x_wconf 75' lang='lat' dir='ltr'><strong>vr,</strong></span> <span class='ocrx_word' id='word_1_550' title='bbox 1410 4162 1531 4216; x_wconf 83' lang='lat' dir='ltr'><strong>cap.</strong></span> <span class='ocrx_word' id='word_1_551' title='bbox 1558 4149 1583 4203; x_wconf 80' lang='grc'>1</span> <span class='ocrx_word' id='word_1_552' title='bbox 1610 4164 1626 4209; x_wconf 75' lang='grc' dir='ltr'>ς</span> <span class='ocrx_word' id='word_1_553' title='bbox 1652 4145 1870 4202; x_wconf 81' lang='lat' dir='ltr'><strong>Florum</strong></span> <span class='ocrx_word' id='word_1_554' title='bbox 1904 4149 1997 4202; x_wconf 90' lang='lat' dir='ltr'><strong>lib.</strong></span> <span class='ocrx_word' id='word_1_555' title='bbox 2024 4166 2061 4215; x_wconf 85' lang='grc' dir='ltr'><strong>ι,</strong></span> 
     </span>
    </p>
   </div>
   <div class='ocr_carea' id='block_1_69' title="bbox 463 4218 2057 4291">
    <p class='ocr_par' dir='ltr' id='par_1_69' title="bbox 463 4218 2057 4291">
     <span class='ocr_line' id='line_1_72' title="bbox 463 4218 2057 4291; baseline 0.001 -19"><span class='ocrx_word' id='word_1_556' title='bbox 463 4218 738 4291; x_wconf 66' lang='lat' dir='ltr'><strong>cap._24;</strong></span> <span class='ocrx_word' id='word_1_557' title='bbox 768 4219 993 4291; x_wconf 85' lang='lat' dir='ltr'><strong>Eutrop.</strong></span> <span class='ocrx_word' id='word_1_558' title='bbox 1034 4221 1125 4274; x_wconf 90' lang='lat' dir='ltr'><strong>lib.</strong></span> <span class='ocrx_word' id='word_1_559' title='bbox 1156 4237 1194 4281; x_wconf 90' lang='lat' dir='ltr'><strong>I,</strong></span> <span class='ocrx_word' id='word_1_560' title='bbox 1231 4234 1352 4288; x_wconf 88' lang='lat' dir='ltr'><strong>cap.</strong></span> <span class='ocrx_word' id='word_1_561' title='bbox 1387 4218 1487 4291; x_wconf 60' lang='grc' dir='ltr'><strong>ης</strong></span> <span class='ocrx_word' id='word_1_562' title='bbox 1528 4219 1686 4273; x_wconf 90' lang='lat' dir='ltr'><strong>Oros.</strong></span> <span class='ocrx_word' id='word_1_563' title='bbox 1721 4220 1813 4274; x_wconf 88' lang='lat' dir='ltr'><strong>lib.</strong></span> <span class='ocrx_word' id='word_1_564' title='bbox 1847 4236 1904 4278; x_wconf 88' lang='lat' dir='ltr'><strong>ll.</strong></span> <span class='ocrx_word' id='word_1_565' title='bbox 1939 4234 2057 4284; x_wconf 85' lang='lat' dir='ltr'><strong>cap.</strong></span> 
     </span>
    </p>
   </div>
   <div class='ocr_carea' id='block_1_70' title="bbox 466 4289 2058 4361">
    <p class='ocr_par' dir='ltr' id='par_1_70' title="bbox 466 4289 2058 4361">
     <span class='ocr_line' id='line_1_73' title="bbox 466 4289 2058 4361; baseline 0.001 -16"><span class='ocrx_word' id='word_1_566' title='bbox 466 4290 568 4356; x_wconf 72' lang='lat' dir='ltr'><strong>l5;</strong></span> <span class='ocrx_word' id='word_1_567' title='bbox 601 4289 742 4346; x_wconf 88' lang='lat' dir='ltr'><strong>Plin.</strong></span> <span class='ocrx_word' id='word_1_568' title='bbox 772 4291 842 4347; x_wconf 87' lang='lat' dir='ltr'><strong>de</strong></span> <span class='ocrx_word' id='word_1_569' title='bbox 869 4289 1013 4345; x_wconf 80' lang='lat' dir='ltr'><strong>Viris</strong></span> <span class='ocrx_word' id='word_1_570' title='bbox 1044 4291 1212 4345; x_wconf 86' lang='lat' dir='ltr'><strong>illust.</strong></span> <span class='ocrx_word' id='word_1_571' title='bbox 1241 4305 1358 4361; x_wconf 87' lang='lat' dir='ltr'><strong>cap.</strong></span> <span class='ocrx_word' id='word_1_572' title='bbox 1391 4290 1456 4344; x_wconf 73' lang='lat'><strong>2|</strong></span> <span class='ocrx_word' id='word_1_573' title='bbox 1485 4307 1500 4355; x_wconf 89' lang='lat'><strong>;</strong></span> <span class='ocrx_word' id='word_1_574' title='bbox 1534 4290 1853 4345; x_wconf 85' lang='lat' dir='ltr'><strong>Plutarchus</strong></span> <span class='ocrx_word' id='word_1_575' title='bbox 1887 4292 1936 4344; x_wconf 92' lang='lat' dir='ltr'><strong>iu</strong></span> <span class='ocrx_word' id='word_1_576' title='bbox 1966 4292 2058 4346; x_wconf 90' lang='lat' dir='ltr'><strong>lib.</strong></span> 
     </span>
    </p>
   </div>
   <div class='ocr_carea' id='block_1_71' title="bbox 462 4362 2061 4430">
    <p class='ocr_par' dir='ltr' id='par_1_71' title="bbox 462 4362 2061 4430">
     <span class='ocr_line' id='line_1_74' title="bbox 462 4362 2061 4430; baseline -0.001 -12"><span class='ocrx_word' id='word_1_577' title='bbox 462 4363 551 4418; x_wconf 87' lang='lat' dir='ltr'><strong>cui</strong></span> <span class='ocrx_word' id='word_1_578' title='bbox 601 4363 787 4418; x_wconf 90' lang='lat' dir='ltr'><strong>titulus</strong></span> <span class='ocrx_word' id='word_1_579' title='bbox 814 4374 918 4430; x_wconf 84' lang='lat' dir='ltr'><strong>est,</strong></span> <span class='ocrx_word' id='word_1_580' title='bbox 953 4363 1027 4418; x_wconf 88' lang='lat' dir='ltr'><strong>Dc</strong></span> <span class='ocrx_word' id='word_1_581' title='bbox 1070 4378 1191 4417; x_wconf 89' lang='lat' dir='ltr'><strong>sera</strong></span> <span class='ocrx_word' id='word_1_582' title='bbox 1238 4364 1476 4416; x_wconf 90' lang='lat' dir='ltr'><strong>numinis</strong></span> <span class='ocrx_word' id='word_1_583' title='bbox 1505 4362 1888 4425; x_wconf 85' lang='lat' dir='ltr'><strong>vindicatione,</strong></span> <span class='ocrx_word' id='word_1_584' title='bbox 1918 4364 2061 4417; x_wconf 83' lang='lat' dir='ltr'><strong>leves</strong></span> 
     </span>
    </p>
   </div>
   <div class='ocr_carea' id='block_1_72' title="bbox 2168 2889 3761 2966">
    <p class='ocr_par' dir='ltr' id='par_1_72' title="bbox 2168 2889 3761 2966">
     <span class='ocr_line' id='line_1_75' title="bbox 2168 2889 3761 2966; baseline 0.004 -22"><span class='ocrx_word' id='word_1_585' title='bbox 2168 2889 2337 2966; x_wconf 76' lang='lat' dir='ltr'><strong>Deum</strong></span> <span class='ocrx_word' id='word_1_586' title='bbox 2365 2890 2582 2966; x_wconf 72' lang='lat' dir='ltr'><strong>ignoret.</strong></span> <span class='ocrx_word' id='word_1_587' title='bbox 2612 2892 2681 2966; x_wconf 69' lang='grc' dir='ltr'><em>ᾼι</em></span> <span class='ocrx_word' id='word_1_588' title='bbox 2700 2900 2934 2966; x_wconf 90' lang='lat' dir='ltr'><strong>uterque</strong></span> <span class='ocrx_word' id='word_1_589' title='bbox 2965 2894 3198 2959; x_wconf 86' lang='lat' dir='ltr'><strong>Bonon..</strong></span> <span class='ocrx_word' id='word_1_590' title='bbox 3227 2895 3386 2963; x_wconf 78' lang='lat' dir='ltr'><strong>Tax.,</strong></span> <span class='ocrx_word' id='word_1_591' title='bbox 3420 2896 3577 2963; x_wconf 85' lang='lat' dir='ltr'><strong>Pen.,</strong></span> <span class='ocrx_word' id='word_1_592' title='bbox 3602 2895 3761 2965; x_wconf 80' lang='lat' dir='ltr'><strong>Jun.,</strong></span> 
     </span>
    </p>
   </div>
   <div class='ocr_carea' id='block_1_73' title="bbox 2164 2959 3767 3037">
    <p class='ocr_par' dir='ltr' id='par_1_73' title="bbox 2164 2959 3767 3037">
     <span class='ocr_line' id='line_1_76' title="bbox 2164 2959 3767 3037; baseline 0.004 -21"><span class='ocrx_word' id='word_1_593' title='bbox 2164 2959 2339 3037; x_wconf 48' lang='lat' dir='ltr'><strong>Lips&quot;</strong></span> <span class='ocrx_word' id='word_1_594' title='bbox 2371 2959 2558 3037; x_wconf 64' lang='lat' dir='ltr'><strong>99th.,</strong></span> <span class='ocrx_word' id='word_1_595' title='bbox 2611 2959 2880 3034; x_wconf 53' lang='lat' dir='ltr'><strong>Reimmf,</strong></span> <span class='ocrx_word' id='word_1_596' title='bbox 2923 2966 3109 3037; x_wconf 82' lang='lat' dir='ltr'><strong>Angl..</strong></span> <span class='ocrx_word' id='word_1_597' title='bbox 3160 2966 3340 3035; x_wconf 81' lang='lat' dir='ltr'><strong>Rotn.,</strong></span> <span class='ocrx_word' id='word_1_598' title='bbox 3374 2959 3572 3029; x_wconf 53' lang='lat' dir='ltr'><strong>&#39;Rost.,</strong></span> <span class='ocrx_word' id='word_1_599' title='bbox 3626 2959 3767 3024; x_wconf 57' lang='lat' dir='ltr'><strong>Veu&#39;.</strong></span> 
     </span>
    </p>
   </div>
   <div class='ocr_carea' id='block_1_74' title="bbox 2084 3017 3775 3107">
    <p class='ocr_par' dir='ltr' id='par_1_74' title="bbox 2084 3017 3775 3107">
     <span class='ocr_line' id='line_1_77' title="bbox 2084 3017 3775 3107; baseline 0.006 -24"><span class='ocrx_word' id='word_1_600' title='bbox 2084 3017 2131 3082; x_wconf 88' lang='lat' dir='ltr'><strong>C</strong></span> <span class='ocrx_word' id='word_1_601' title='bbox 2164 3017 2339 3107; x_wconf 59' lang='lat' dir='ltr'><strong>an;</strong></span> <span class='ocrx_word' id='word_1_602' title='bbox 2370 3017 2880 3107; x_wconf 50' lang='lat' dir='ltr'><strong>nguinaaeﬁs,’</strong></span> <span class='ocrx_word' id='word_1_603' title='bbox 2905 3017 3775 3107; x_wconf 45' lang='lat' dir='ltr'><strong>signa,&#39;si;&quot;tna;;&quot;i&gt;.t;t;1;</strong></span> 
     </span>
    </p>
   </div>
   <div class='ocr_carea' id='block_1_75' title="bbox 2173 3103 3776 3181">
    <p class='ocr_par' dir='ltr' id='par_1_75' title="bbox 2173 3103 3776 3181">
     <span class='ocr_line' id='line_1_78' title="bbox 2173 3103 3776 3181; baseline 0.002 -22"><span class='ocrx_word' id='word_1_604' title='bbox 2173 3103 2370 3181; x_wconf 57' lang='grc' dir='ltr'><em>[ιιι-ᾖεν</em></span> <span class='ocrx_word' id='word_1_605' title='bbox 2402 3105 2577 3181; x_wconf 67' lang='lat' dir='ltr'><strong>lum,</strong></span> <span class='ocrx_word' id='word_1_606' title='bbox 2610 3103 2780 3181; x_wconf 76' lang='lat' dir='ltr'><strong>Crat.,</strong></span> <span class='ocrx_word' id='word_1_607' title='bbox 2835 3110 3056 3179; x_wconf 87' lang='lat' dir='ltr'><strong>Gymu.,</strong></span> <span class='ocrx_word' id='word_1_608' title='bbox 3104 3103 3288 3176; x_wconf 77' lang='lat' dir='ltr'><strong>Ismus,</strong></span> <span class='ocrx_word' id='word_1_609' title='bbox 3333 3103 3495 3175; x_wconf 87' lang='lat' dir='ltr'><strong>Gall.,</strong></span> <span class='ocrx_word' id='word_1_610' title='bbox 3551 3103 3776 3181; x_wconf 77' lang='lat' dir='ltr'><strong>Spark.,</strong></span> 
     </span>
    </p>
   </div>
   <div class='ocr_carea' id='block_1_76' title="bbox 2166 3174 3779 3255">
    <p class='ocr_par' dir='ltr' id='par_1_76' title="bbox 2166 3174 3779 3255">
     <span class='ocr_line' id='line_1_79' title="bbox 2166 3174 3779 3255; baseline 0.004 -26"><span class='ocrx_word' id='word_1_611' title='bbox 2166 3174 2405 3255; x_wconf 47' lang='lat' dir='ltr'><strong>Walelk,</strong></span> <span class='ocrx_word' id='word_1_612' title='bbox 2432 3177 2622 3232; x_wconf 89' lang='lat' dir='ltr'><strong>Heum.</strong></span> <span class='ocrx_word' id='word_1_613' title='bbox 2657 3197 2672 3236; x_wconf 87' lang='lat'><strong>:</strong></span> <span class='ocrx_word' id='word_1_614' title='bbox 2706 3174 2995 3251; x_wconf 56' lang='lat' dir='ltr'><strong>Quem&#39;qui</strong></span> <span class='ocrx_word' id='word_1_615' title='bbox 3020 3174 3247 3252; x_wconf 76' lang='lat' dir='ltr'><strong>ignorat,</strong></span> <span class='ocrx_word' id='word_1_616' title='bbox 3272 3174 3345 3235; x_wconf 18' lang='lat' dir='ltr'><strong>iet</strong></span> <span class='ocrx_word' id='word_1_617' title='bbox 3398 3174 3571 3253; x_wconf 83' lang='lat' dir='ltr'><strong>ipsum</strong></span> <span class='ocrx_word' id='word_1_618' title='bbox 3596 3174 3779 3255; x_wconf 40' lang='lat' dir='ltr'><strong>‘jusu&#39;é</strong></span> 
     </span>
    </p>
   </div>
   <div class='ocr_carea' id='block_1_77' title="bbox 2168 3247 2623 3304">
    <p class='ocr_par' dir='ltr' id='par_1_77' title="bbox 2168 3247 2623 3304">
     <span class='ocr_line' id='line_1_80' title="bbox 2168 3247 2623 3304; baseline 0.007 -3"><span class='ocrx_word' id='word_1_619' title='bbox 2168 3247 2316 3302; x_wconf 85' lang='lat' dir='ltr'><strong>tiam.</strong></span> <span class='ocrx_word' id='word_1_620' title='bbox 2340 3247 2623 3304; x_wconf 75' lang='lat' dir='ltr'><strong>BUNEIAN.</strong></span> 
     </span>
    </p>
   </div>
   <div class='ocr_carea' id='block_1_78' title="bbox 2244 3338 3781 3408">
    <p class='ocr_par' dir='ltr' id='par_1_78' title="bbox 2244 3338 3781 3408">
     <span class='ocr_line' id='line_1_81' title="bbox 2244 3338 3781 3408; baseline 0.006 -16"><span class='ocrx_word' id='word_1_621' title='bbox 2244 3338 2464 3407; x_wconf 84' lang='lat' dir='ltr'><strong>Qualem</strong></span> <span class='ocrx_word' id='word_1_622' title='bbox 2520 3341 2680 3408; x_wconf 79' lang='lat' dir='ltr'><strong>fuisse</strong></span> <span class='ocrx_word' id='word_1_623' title='bbox 2735 3340 3020 3398; x_wconf 78' lang='lat' dir='ltr'><strong>Cimonem.</strong></span> <span class='ocrx_word' id='word_1_624' title='bbox 3067 3343 3274 3400; x_wconf 63' lang='lat' dir='ltr'><strong>Praeter</strong></span> <span class='ocrx_word' id='word_1_625' title='bbox 3318 3344 3671 3400; x_wconf 89' lang='lat' dir='ltr'><strong>Plutarchum</strong></span> <span class='ocrx_word' id='word_1_626' title='bbox 3718 3354 3781 3401; x_wconf 86' lang='lat' dir='ltr'><strong>et</strong></span> 
     </span>
    </p>
   </div>
   <div class='ocr_carea' id='block_1_79' title="bbox 2166 3408 3776 3485">
    <p class='ocr_par' dir='ltr' id='par_1_79' title="bbox 2166 3408 3776 3485">
     <span class='ocr_line' id='line_1_82' title="bbox 2166 3408 3776 3485; baseline 0.006 -22"><span class='ocrx_word' id='word_1_627' title='bbox 2166 3408 2449 3485; x_wconf 55' lang='lat' dir='ltr'><strong>Etnilium</strong></span> <span class='ocrx_word' id='word_1_628' title='bbox 2494 3411 2728 3485; x_wconf 83' lang='lat' dir='ltr'><strong>Probum</strong></span> <span class='ocrx_word' id='word_1_629' title='bbox 2756 3413 3033 3485; x_wconf 72' lang='lat' dir='ltr'><strong>celebrant</strong></span> <span class='ocrx_word' id='word_1_630' title='bbox 3073 3414 3319 3471; x_wconf 88' lang='lat' dir='ltr'><strong>Cimonis</strong></span> <span class='ocrx_word' id='word_1_631' title='bbox 3349 3416 3776 3485; x_wconf 79' lang='lat' dir='ltr'><strong>h05pitalitatem</strong></span> 
     </span>
    </p>
   </div>
   <div class='ocr_carea' id='block_1_80' title="bbox 2166 3479 3779 3558">
    <p class='ocr_par' dir='ltr' id='par_1_80' title="bbox 2166 3479 3779 3558">
     <span class='ocr_line' id='line_1_83' title="bbox 2166 3479 3779 3558; baseline 0.003 -20"><span class='ocrx_word' id='word_1_632' title='bbox 2166 3479 2592 3558; x_wconf 33' lang='lat' dir='ltr'><strong>AthenaausAlib.</strong></span> <span class='ocrx_word' id='word_1_633' title='bbox 2613 3499 2689 3538; x_wconf 78' lang='lat' dir='ltr'><strong>xu</strong></span> <span class='ocrx_word' id='word_1_634' title='bbox 2712 3502 2726 3548; x_wconf 93' lang='lat'><strong>;</strong></span> <span class='ocrx_word' id='word_1_635' title='bbox 2753 3483 2946 3558; x_wconf 77' lang='lat' dir='ltr'><strong>Cicero</strong></span> <span class='ocrx_word' id='word_1_636' title='bbox 2992 3485 3086 3558; x_wconf 71' lang='lat' dir='ltr'><strong>lib.</strong></span> <span class='ocrx_word' id='word_1_637' title='bbox 3123 3485 3227 3558; x_wconf 71' lang='lat' dir='ltr'><strong>ea.</strong></span> <span class='ocrx_word' id='word_1_638' title='bbox 3272 3501 3351 3540; x_wconf 88' lang='grc' dir='ltr'><em>ιιι.</em></span> <span class='ocrx_word' id='word_1_639' title='bbox 3392 3479 3500 3542; x_wconf 66' lang='lat' dir='ltr'><strong>sed</strong></span> <span class='ocrx_word' id='word_1_640' title='bbox 3527 3487 3593 3541; x_wconf 89' lang='lat' dir='ltr'><strong>ad</strong></span> <span class='ocrx_word' id='word_1_641' title='bbox 3623 3503 3779 3558; x_wconf 74' lang='lat' dir='ltr'><strong>quae-</strong></span> 
     </span>
    </p>
   </div>
   <div class='ocr_carea' id='block_1_81' title="bbox 2168 3553 3779 3629">
    <p class='ocr_par' dir='ltr' id='par_1_81' title="bbox 2168 3553 3779 3629">
     <span class='ocr_line' id='line_1_84' title="bbox 2168 3553 3779 3629; baseline 0.006 -24"><span class='ocrx_word' id='word_1_642' title='bbox 2168 3553 2424 3629; x_wconf 37' lang='lat' dir='ltr'><strong>s-t_i_one_m.</strong></span> <span class='ocrx_word' id='word_1_643' title='bbox 2453 3553 2593 3622; x_wconf 84' lang='lat' dir='ltr'><strong>Quid</strong></span> <span class='ocrx_word' id='word_1_644' title='bbox 2622 3555 2791 3626; x_wconf 82' lang='lat' dir='ltr'><strong>ergo?</strong></span> <span class='ocrx_word' id='word_1_645' title='bbox 2813 3556 3077 3626; x_wconf 86' lang='lat' dir='ltr'><strong>Numquid</strong></span> <span class='ocrx_word' id='word_1_646' title='bbox 3107 3556 3345 3613; x_wconf 89' lang='lat' dir='ltr'><strong>Cornelii</strong></span> <span class='ocrx_word' id='word_1_647' title='bbox 3376 3559 3610 3614; x_wconf 90' lang='lat' dir='ltr'><strong>hominis</strong></span> <span class='ocrx_word' id='word_1_648' title='bbox 3638 3553 3779 3629; x_wconf 75' lang='lat' dir='ltr'><strong>gen-</strong></span> 
     </span>
    </p>
   </div>
   <div class='ocr_carea' id='block_1_82' title="bbox 2169 3622 3777 3700">
    <p class='ocr_par' dir='ltr' id='par_1_82' title="bbox 2169 3622 3777 3700">
     <span class='ocr_line' id='line_1_85' title="bbox 2169 3622 3777 3700; baseline 0.006 -24"><span class='ocrx_word' id='word_1_649' title='bbox 2169 3622 2278 3677; x_wconf 90' lang='lat' dir='ltr'><strong>tilis</strong></span> <span class='ocrx_word' id='word_1_650' title='bbox 2309 3622 2836 3700; x_wconf 51' lang='lat' dir='ltr'><strong>eleemosynzefquaa</strong></span> <span class='ocrx_word' id='word_1_651' title='bbox 2857 3622 3086 3700; x_wconf 61' lang='grc' dir='ltr'><strong>ἀπὸ⁷τοῦ</strong></span> <span class='ocrx_word' id='word_1_652' title='bbox 3115 3630 3285 3690; x_wconf 80' lang='grc' dir='ltr'><strong>ἐλεοῦς</strong></span> <span class='ocrx_word' id='word_1_653' title='bbox 3317 3645 3516 3685; x_wconf 90' lang='lat' dir='ltr'><strong>nomen</strong></span> <span class='ocrx_word' id='word_1_654' title='bbox 3539 3622 3777 3700; x_wconf 69' lang='lat' dir='ltr'><strong>accépe-</strong></span> 
     </span>
    </p>
   </div>
   <div class='ocr_carea' id='block_1_83' title="bbox 2168 3694 3776 3769">
    <p class='ocr_par' dir='ltr' id='par_1_83' title="bbox 2168 3694 3776 3769">
     <span class='ocr_line' id='line_1_86' title="bbox 2168 3694 3776 3769; baseline 0.007 -24"><span class='ocrx_word' id='word_1_655' title='bbox 2168 3704 2317 3769; x_wconf 62' lang='lat' dir='ltr'><strong>runt.</strong></span> <span class='ocrx_word' id='word_1_656' title='bbox 2341 3694 2395 3769; x_wconf 83' lang='lat' dir='ltr'><strong>in</strong></span> <span class='ocrx_word' id='word_1_657' title='bbox 2428 3694 2687 3769; x_wconf 79' lang='lat' dir='ltr'><strong>memoria</strong></span> <span class='ocrx_word' id='word_1_658' title='bbox 2726 3694 2867 3769; x_wconf 80' lang='lat' dir='ltr'><strong>apud</strong></span> <span class='ocrx_word' id='word_1_659' title='bbox 2920 3699 3207 3754; x_wconf 89' lang='lat' dir='ltr'><strong>Dominum</strong></span> <span class='ocrx_word' id='word_1_660' title='bbox 3249 3701 3502 3755; x_wconf 76' lang='lat' dir='ltr'><strong>fuerunt?</strong></span> <span class='ocrx_word' id='word_1_661' title='bbox 3547 3704 3627 3757; x_wconf 78' lang='lat' dir='ltr'><strong>An</strong></span> <span class='ocrx_word' id='word_1_662' title='bbox 3660 3694 3776 3757; x_wconf 78' lang='lat' dir='ltr'><strong>non</strong></span> 
     </span>
    </p>
   </div>
   <div class='ocr_carea' id='block_1_84' title="bbox 2168 3763 3777 3841">
    <p class='ocr_par' dir='ltr' id='par_1_84' title="bbox 2168 3763 3777 3841">
     <span class='ocr_line' id='line_1_87' title="bbox 2168 3763 3777 3841; baseline 0.002 -20"><span class='ocrx_word' id='word_1_663' title='bbox 2168 3763 2492 3841; x_wconf 83' lang='lat' dir='ltr'><strong>Samaritani</strong></span> <span class='ocrx_word' id='word_1_664' title='bbox 2522 3763 2957 3841; x_wconf 13' lang='lat' dir='ltr'><strong>ingvttlnératum</strong></span> <span class='ocrx_word' id='word_1_665' title='bbox 3008 3771 3250 3826; x_wconf 80' lang='lat' dir='ltr'><strong>ofﬁciunt</strong></span> <span class='ocrx_word' id='word_1_666' title='bbox 3296 3771 3365 3826; x_wconf 90' lang='lat' dir='ltr'><strong>ab</strong></span> <span class='ocrx_word' id='word_1_667' title='bbox 3407 3772 3523 3841; x_wconf 91' lang='lat' dir='ltr'><strong>ipso</strong></span> <span class='ocrx_word' id='word_1_668' title='bbox 3553 3771 3777 3827; x_wconf 85' lang='lat' dir='ltr'><strong>Christo</strong></span> 
     </span>
    </p>
   </div>
   <div class='ocr_carea' id='block_1_85' title="bbox 2167 3838 3775 3911">
    <p class='ocr_par' dir='ltr' id='par_1_85' title="bbox 2167 3838 3775 3911">
     <span class='ocr_line' id='line_1_88' title="bbox 2167 3838 3775 3911; baseline 0.006 -22"><span class='ocrx_word' id='word_1_669' title='bbox 2167 3838 2615 3911; x_wconf 82' lang='lat' dir='ltr'><strong>commendatur?</strong></span> <span class='ocrx_word' id='word_1_670' title='bbox 2643 3839 3054 3911; x_wconf 82' lang='lat' dir='ltr'><strong>Respondemus</strong></span> <span class='ocrx_word' id='word_1_671' title='bbox 3085 3860 3098 3896; x_wconf 88' lang='lat'><strong>:</strong></span> <span class='ocrx_word' id='word_1_672' title='bbox 3131 3841 3242 3897; x_wconf 87' lang='lat' dir='ltr'><strong>Illis</strong></span> <span class='ocrx_word' id='word_1_673' title='bbox 3290 3838 3599 3897; x_wconf 73' lang='lat' dir='ltr'><strong>hominibus</strong></span> <span class='ocrx_word' id='word_1_674' title='bbox 3641 3843 3775 3899; x_wconf 86' lang='lat' dir='ltr'><strong>lidci</strong></span> 
     </span>
    </p>
   </div>
   <div class='ocr_carea' id='block_1_86' title="bbox 2170 3908 3770 3981">
    <p class='ocr_par' dir='ltr' id='par_1_86' title="bbox 2170 3908 3770 3981">
     <span class='ocr_line' id='line_1_89' title="bbox 2170 3908 3770 3981; baseline 0.008 -23"><span class='ocrx_word' id='word_1_675' title='bbox 2170 3908 2429 3981; x_wconf 82' lang='lat' dir='ltr'><strong>naturalis</strong></span> <span class='ocrx_word' id='word_1_676' title='bbox 2481 3908 2770 3980; x_wconf 77' lang='lat' dir='ltr'><strong>quemdam</strong></span> <span class='ocrx_word' id='word_1_677' title='bbox 2822 3911 3111 3981; x_wconf 86' lang='lat' dir='ltr'><strong>igniculum</strong></span> <span class='ocrx_word' id='word_1_678' title='bbox 3161 3928 3380 3969; x_wconf 86' lang='lat' dir='ltr'><strong>causam</strong></span> <span class='ocrx_word' id='word_1_679' title='bbox 3435 3913 3770 3970; x_wconf 74' lang='lat' dir='ltr'><strong>elﬁcientem</strong></span> 
     </span>
    </p>
   </div>
   <div class='ocr_carea' id='block_1_87' title="bbox 2169 3977 3779 4054">
    <p class='ocr_par' dir='ltr' id='par_1_87' title="bbox 2169 3977 3779 4054">
     <span class='ocr_line' id='line_1_90' title="bbox 2169 3977 3779 4054; baseline 0.004 -23"><span class='ocrx_word' id='word_1_680' title='bbox 2169 3977 2364 4054; x_wconf 68' lang='lat' dir='ltr'><strong>luisse,</strong></span> <span class='ocrx_word' id='word_1_681' title='bbox 2385 3977 2599 4054; x_wconf 85' lang='lat' dir='ltr'><strong>linalem</strong></span> <span class='ocrx_word' id='word_1_682' title='bbox 2637 3997 2767 4054; x_wconf 83' lang='lat' dir='ltr'><strong>vero</strong></span> <span class='ocrx_word' id='word_1_683' title='bbox 2797 3977 2966 4054; x_wconf 74' lang='lat' dir='ltr'><strong>ipsam</strong></span> <span class='ocrx_word' id='word_1_684' title='bbox 3013 3984 3266 4054; x_wconf 88' lang='lat' dir='ltr'><strong>pietatem</strong></span> <span class='ocrx_word' id='word_1_685' title='bbox 3298 4001 3312 4039; x_wconf 89' lang='lat'><strong>:</strong></span> <span class='ocrx_word' id='word_1_686' title='bbox 3345 3987 3396 4039; x_wconf 92' lang='lat' dir='ltr'><strong>in</strong></span> <span class='ocrx_word' id='word_1_687' title='bbox 3426 3984 3655 4040; x_wconf 84' lang='lat' dir='ltr'><strong>Cimone</strong></span> <span class='ocrx_word' id='word_1_688' title='bbox 3677 4000 3779 4038; x_wconf 86' lang='lat' dir='ltr'><strong>so-</strong></span> 
     </span>
    </p>
   </div>
   <div class='ocr_carea' id='block_1_88' title="bbox 2168 4050 3774 4181">
    <p class='ocr_par' dir='ltr' id='par_1_88' title="bbox 2168 4050 3774 4181">
     <span class='ocr_line' id='line_1_91' title="bbox 2168 4050 3774 4181; baseline 0.005 -78"><span class='ocrx_word' id='word_1_689' title='bbox 2168 4050 2276 4104; x_wconf 91' lang='lat' dir='ltr'><strong>lum</strong></span> <span class='ocrx_word' id='word_1_690' title='bbox 2315 4052 2505 4120; x_wconf 79' lang='lat' dir='ltr'><strong>gloria:</strong></span> <span class='ocrx_word' id='word_1_691' title='bbox 2534 4052 2773 4109; x_wconf 90' lang='lat' dir='ltr'><strong>studium</strong></span> <span class='ocrx_word' id='word_1_692' title='bbox 2794 4050 2833 4122; x_wconf 61' lang='lat'><strong>,&#39;</strong></span> <span class='ocrx_word' id='word_1_693' title='bbox 2878 4050 3211 4111; x_wconf 78' lang='lat' dir='ltr'><strong>humanitate</strong></span> <span class='ocrx_word' id='word_1_694' title='bbox 3256 4055 3487 4181; x_wconf 56' lang='lat' dir='ltr'><strong>qgadam</strong></span> <span class='ocrx_word' id='word_1_695' title='bbox 3518 4059 3774 4111; x_wconf 87' lang='lat' dir='ltr'><strong>tinctum.</strong></span> 
     </span>
     <span class='ocr_line' id='line_1_92' title="bbox 3338 4142 3619 4181; baseline 0 0"><span class='ocrx_word' id='word_1_696' title='bbox 3338 4142 3619 4181; x_wconf 70' lang='lat' dir='ltr'><strong>aramus.</strong></span> 
     </span>
    </p>
   </div>
   <div class='ocr_carea' id='block_1_89' title="bbox 3338 4142 3619 4183">
    <p class='ocr_par' dir='ltr' id='par_1_89' title="bbox 3338 4142 3619 4183">
     <span class='ocr_line' id='line_1_93' title="bbox 3338 4142 3619 4183; baseline -0.007 -1"><span class='ocrx_word' id='word_1_697' title='bbox 3338 4142 3619 4183; x_wconf 78' lang='lat' dir='ltr'><strong>ETULEIUS.</strong></span> 
     </span>
    </p>
   </div>
   <div class='ocr_carea' id='block_1_90' title="bbox 2241 4212 3783 4288">
    <p class='ocr_par' dir='ltr' id='par_1_90' title="bbox 2241 4212 3783 4288">
     <span class='ocr_line' id='line_1_94' title="bbox 2241 4212 3783 4288; baseline 0.003 -19"><span class='ocrx_word' id='word_1_698' title='bbox 2241 4212 2442 4269; x_wconf 86' lang='lat' dir='ltr'><strong>Similis</strong></span> <span class='ocrx_word' id='word_1_699' title='bbox 2471 4217 2610 4288; x_wconf 85' lang='lat' dir='ltr'><strong>_erit.</strong></span> <span class='ocrx_word' id='word_1_700' title='bbox 2662 4215 2736 4271; x_wconf 92' lang='lat' dir='ltr'><strong>lta</strong></span> <span class='ocrx_word' id='word_1_701' title='bbox 2790 4220 3002 4287; x_wconf 76' lang='lat' dir='ltr'><strong>reposui</strong></span> <span class='ocrx_word' id='word_1_702' title='bbox 3049 4235 3112 4272; x_wconf 77' lang='lat' dir='ltr'><strong>ex</strong></span> <span class='ocrx_word' id='word_1_703' title='bbox 3143 4219 3553 4288; x_wconf 87' lang='lat' dir='ltr'><strong>quamplurimis</strong></span> <span class='ocrx_word' id='word_1_704' title='bbox 3579 4229 3687 4275; x_wconf 87' lang='lat' dir='ltr'><strong>vet.</strong></span> <span class='ocrx_word' id='word_1_705' title='bbox 3714 4231 3783 4275; x_wconf 85' lang='lat' dir='ltr'><strong>et</strong></span> 
     </span>
    </p>
   </div>
   <div class='ocr_carea' id='block_1_91' title="bbox 2167 4286 3778 4359">
    <p class='ocr_par' dir='ltr' id='par_1_91' title="bbox 2167 4286 3778 4359">
     <span class='ocr_line' id='line_1_95' title="bbox 2167 4286 3778 4359; baseline 0.004 -20"><span class='ocrx_word' id='word_1_706' title='bbox 2167 4294 2282 4359; x_wconf 76' lang='lat' dir='ltr'><strong>opt.</strong></span> <span class='ocrx_word' id='word_1_707' title='bbox 2313 4301 2443 4341; x_wconf 87' lang='lat' dir='ltr'><strong>mss.</strong></span> <span class='ocrx_word' id='word_1_708' title='bbox 2470 4286 2524 4341; x_wconf 86' lang='lat' dir='ltr'><strong>In</strong></span> <span class='ocrx_word' id='word_1_709' title='bbox 2551 4288 2585 4343; x_wconf 93' lang='lat'><strong>9</strong></span> <span class='ocrx_word' id='word_1_710' title='bbox 2612 4286 3002 4345; x_wconf 78' lang='lat' dir='ltr'><strong>recentioribus</strong></span> <span class='ocrx_word' id='word_1_711' title='bbox 3026 4286 3243 4359; x_wconf 83' lang='lat' dir='ltr'><strong>legitur,</strong></span> <span class='ocrx_word' id='word_1_712' title='bbox 3270 4292 3452 4346; x_wconf 77' lang='lat' dir='ltr'><strong>similis</strong></span> <span class='ocrx_word' id='word_1_713' title='bbox 3474 4301 3566 4346; x_wconf 86' lang='lat' dir='ltr'><strong>est.</strong></span> <span class='ocrx_word' id='word_1_714' title='bbox 3602 4291 3778 4346; x_wconf 83' lang='lat' dir='ltr'><strong>Simi-</strong></span> 
     </span>
    </p>
   </div>
   <div class='ocr_carea' id='block_1_92' title="bbox 2167 4355 3174 4423">
    <p class='ocr_par' dir='ltr' id='par_1_92' title="bbox 2167 4355 3174 4423">
     <span class='ocr_line' id='line_1_96' title="bbox 2167 4355 3174 4423; baseline 0.009 -14"><span class='ocrx_word' id='word_1_715' title='bbox 2167 4355 2232 4410; x_wconf 85' lang='lat' dir='ltr'><strong>lis</strong></span> <span class='ocrx_word' id='word_1_716' title='bbox 2261 4359 2376 4423; x_wconf 84' lang='lat' dir='ltr'><strong>erit,</strong></span> <span class='ocrx_word' id='word_1_717' title='bbox 2410 4359 2611 4414; x_wconf 85' lang='lat' dir='ltr'><strong>habent</strong></span> <span class='ocrx_word' id='word_1_718' title='bbox 2637 4360 2852 4416; x_wconf 90' lang='lat' dir='ltr'><strong>codices</strong></span> <span class='ocrx_word' id='word_1_719' title='bbox 2879 4355 3174 4418; x_wconf 25' lang='lat' dir='ltr'><strong>&#39;l‘ltontaVSii.</strong></span> 
     </span>
    </p>
   </div>
   <div class='ocr_carea' id='block_1_93' title="bbox 464 4410 3778 4527">
    <p class='ocr_par' dir='ltr' id='par_1_93' title="bbox 464 4410 3778 4527">
     <span class='ocr_line' id='line_1_97' title="bbox 464 4410 3778 4527; baseline 0.002 -25"><span class='ocrx_word' id='word_1_720' title='bbox 464 4410 1191 4527; x_wconf 45' lang='lat' dir='ltr'><strong>satisfaciamus:es;</strong></span> <span class='ocrx_word' id='word_1_721' title='bbox 1236 4410 2144 4527; x_wconf 35' lang='grc' dir='ltr'><strong>Ᾰῖίίέιῖξῖηὲῖιιξξινώξίῆςερξἳη-Ἦ-Ῑ)</strong></span> <span class='ocrx_word' id='word_1_722' title='bbox 2247 4410 2392 4519; x_wconf 62' lang='lat' dir='ltr'><strong>Ege}.</strong></span> <span class='ocrx_word' id='word_1_723' title='bbox 2426 4449 2624 4522; x_wconf 88' lang='lat' dir='ltr'><strong>Scripti</strong></span> <span class='ocrx_word' id='word_1_724' title='bbox 2651 4450 2843 4519; x_wconf 85' lang='lat' dir='ltr'><strong>6rec.,</strong></span> <span class='ocrx_word' id='word_1_725' title='bbox 2871 4452 3087 4525; x_wconf 80' lang='lat' dir='ltr'><strong>iudiget;</strong></span> <span class='ocrx_word' id='word_1_726' title='bbox 3114 4454 3150 4508; x_wconf 77' lang='lat'><strong>2</strong></span> <span class='ocrx_word' id='word_1_727' title='bbox 3180 4452 3312 4527; x_wconf 83' lang='lat' dir='ltr'><strong>Reg.</strong></span> <span class='ocrx_word' id='word_1_728' title='bbox 3346 4469 3459 4511; x_wconf 92' lang='lat' dir='ltr'><strong>rec.</strong></span> <span class='ocrx_word' id='word_1_729' title='bbox 3483 4453 3778 4525; x_wconf 86' lang='lat' dir='ltr'><strong>ct5edit.,</strong></span> 
     </span>
    </p>
   </div>
   <div class='ocr_carea' id='block_1_94' title="bbox 464 4503 2067 4572">
    <p class='ocr_par' dir='ltr' id='par_1_94' title="bbox 464 4503 2067 4572">
     <span class='ocr_line' id='line_1_98' title="bbox 464 4503 2067 4572; baseline 0.001 -14"><span class='ocrx_word' id='word_1_730' title='bbox 464 4507 680 4558; x_wconf 86' lang='lat' dir='ltr'><strong>niorum</strong></span> <span class='ocrx_word' id='word_1_731' title='bbox 726 4515 783 4559; x_wconf 90' lang='lat' dir='ltr'><strong>et</strong></span> <span class='ocrx_word' id='word_1_732' title='bbox 812 4506 1181 4560; x_wconf 86' lang='lat' dir='ltr'><strong>Romanorum</strong></span> <span class='ocrx_word' id='word_1_733' title='bbox 1225 4515 1463 4572; x_wconf 87' lang='lat' dir='ltr'><strong>enarrat,</strong></span> <span class='ocrx_word' id='word_1_734' title='bbox 1489 4505 1628 4559; x_wconf 90' lang='lat' dir='ltr'><strong>sicut</strong></span> <span class='ocrx_word' id='word_1_735' title='bbox 1662 4503 1824 4559; x_wconf 86' lang='lat' dir='ltr'><strong>etiam</strong></span> <span class='ocrx_word' id='word_1_736' title='bbox 1858 4505 2067 4559; x_wconf 82' lang='lat' dir='ltr'><strong>Phavo-</strong></span> 
     </span>
    </p>
   </div>
   <div class='ocr_carea' id='block_1_95' title="bbox 466 4573 2066 4636">
    <p class='ocr_par' dir='ltr' id='par_1_95' title="bbox 466 4573 2066 4636">
     <span class='ocr_line' id='line_1_99' title="bbox 466 4573 2066 4636; baseline 0.001 -7"><span class='ocrx_word' id='word_1_737' title='bbox 466 4573 620 4629; x_wconf 83' lang='lat' dir='ltr'><strong>riuus</strong></span> <span class='ocrx_word' id='word_1_738' title='bbox 647 4575 788 4636; x_wconf 86' lang='lat' dir='ltr'><strong>apud</strong></span> <span class='ocrx_word' id='word_1_739' title='bbox 838 4575 978 4631; x_wconf 89' lang='lat' dir='ltr'><strong>Gell.</strong></span> <span class='ocrx_word' id='word_1_740' title='bbox 1032 4576 1428 4631; x_wconf 86' lang='lat' dir='ltr'><strong>Decetnvirales</strong></span> <span class='ocrx_word' id='word_1_741' title='bbox 1485 4577 1677 4632; x_wconf 89' lang='lat' dir='ltr'><strong>eodem</strong></span> <span class='ocrx_word' id='word_1_742' title='bbox 1725 4577 1930 4631; x_wconf 79' lang='lat' dir='ltr'><strong>notavit</strong></span> <span class='ocrx_word' id='word_1_743' title='bbox 1969 4592 2066 4631; x_wconf 91' lang='lat' dir='ltr'><strong>no-</strong></span> 
     </span>
    </p>
   </div>
   <div class='ocr_carea' id='block_1_96' title="bbox 466 4645 2069 4718">
    <p class='ocr_par' dir='ltr' id='par_1_96' title="bbox 466 4645 2069 4718">
     <span class='ocr_line' id='line_1_100' title="bbox 466 4645 2069 4718; baseline 0.004 -21"><span class='ocrx_word' id='word_1_744' title='bbox 466 4646 636 4718; x_wconf 90' lang='lat' dir='ltr'><strong>_mine.</strong></span> <span class='ocrx_word' id='word_1_745' title='bbox 662 4645 1001 4718; x_wconf 75' lang='lat' dir='ltr'><strong>Theophilus</strong></span> <span class='ocrx_word' id='word_1_746' title='bbox 1023 4648 1075 4718; x_wconf 87' lang='lat' dir='ltr'><strong>in</strong></span> <span class='ocrx_word' id='word_1_747' title='bbox 1101 4663 1200 4718; x_wconf 89' lang='lat' dir='ltr'><strong>sua</strong></span> <span class='ocrx_word' id='word_1_748' title='bbox 1228 4648 1543 4716; x_wconf 88' lang='lat' dir='ltr'><strong>paraphrasi</strong></span> <span class='ocrx_word' id='word_1_749' title='bbox 1577 4648 2069 4718; x_wconf 86' lang='lat' dir='ltr'><strong>memorataliquot</strong></span> 
     </span>
    </p>
   </div>
   <div class='ocr_carea' id='block_1_97' title="bbox 466 4715 2063 4786">
    <p class='ocr_par' dir='ltr' id='par_1_97' title="bbox 466 4715 2063 4786">
     <span class='ocr_line' id='line_1_101' title="bbox 466 4715 2063 4786; baseline 0.002 -15"><span class='ocrx_word' id='word_1_750' title='bbox 466 4715 637 4786; x_wconf 87' lang='lat' dir='ltr'><strong>leges,</strong></span> <span class='ocrx_word' id='word_1_751' title='bbox 667 4716 723 4772; x_wconf 92' lang='lat' dir='ltr'><strong>in</strong></span> <span class='ocrx_word' id='word_1_752' title='bbox 749 4733 853 4772; x_wconf 92' lang='lat' dir='ltr'><strong>una</strong></span> <span class='ocrx_word' id='word_1_753' title='bbox 896 4717 1084 4785; x_wconf 91' lang='lat' dir='ltr'><strong>repub.</strong></span> <span class='ocrx_word' id='word_1_754' title='bbox 1132 4715 1448 4772; x_wconf 85' lang='lat' dir='ltr'><strong>utilissimas</strong></span> <span class='ocrx_word' id='word_1_755' title='bbox 1469 4718 1686 4785; x_wconf 88' lang='lat' dir='ltr'><strong>quidem</strong></span> <span class='ocrx_word' id='word_1_756' title='bbox 1732 4718 1873 4785; x_wconf 87' lang='lat' dir='ltr'><strong>illas,</strong></span> <span class='ocrx_word' id='word_1_757' title='bbox 1899 4715 2063 4774; x_wconf 60' lang='lat' dir='ltr'><strong>in&#39;al-</strong></span> 
     </span>
    </p>
   </div>
   <div class='ocr_carea' id='block_1_98' title="bbox 467 4786 1712 4844">
    <p class='ocr_par' dir='ltr' id='par_1_98' title="bbox 467 4786 1712 4844">
     <span class='ocr_line' id='line_1_102' title="bbox 467 4786 1712 4844; baseline 0.001 -1"><span class='ocrx_word' id='word_1_758' title='bbox 467 4796 583 4843; x_wconf 87' lang='lat' dir='ltr'><strong>tera</strong></span> <span class='ocrx_word' id='word_1_759' title='bbox 608 4789 808 4844; x_wconf 92' lang='lat' dir='ltr'><strong>nullius</strong></span> <span class='ocrx_word' id='word_1_760' title='bbox 835 4790 1096 4843; x_wconf 90' lang='lat' dir='ltr'><strong>momenti</strong></span> <span class='ocrx_word' id='word_1_761' title='bbox 1119 4786 1347 4843; x_wconf 82' lang='lat' dir='ltr'><strong>futuras.</strong></span> <span class='ocrx_word' id='word_1_762' title='bbox 1382 4788 1712 4844; x_wconf 78' lang='lat' dir='ltr'><strong>BETULEIUS.</strong></span> 
     </span>
    </p>
   </div>
   <div class='ocr_carea' id='block_1_99' title="bbox 540 4877 2063 4952">
    <p class='ocr_par' dir='ltr' id='par_1_99' title="bbox 540 4877 2063 4952">
     <span class='ocr_line' id='line_1_103' title="bbox 540 4877 2063 4952; baseline 0.005 -19"><span class='ocrx_word' id='word_1_763' title='bbox 540 4877 610 4934; x_wconf 86' lang='lat' dir='ltr'><strong>Et</strong></span> <span class='ocrx_word' id='word_1_764' title='bbox 634 4881 800 4949; x_wconf 83' lang='lat' dir='ltr'><strong>ipsam</strong></span> <span class='ocrx_word' id='word_1_765' title='bbox 821 4880 1077 4949; x_wconf 86' lang='lat' dir='ltr'><strong>justitiam</strong></span> <span class='ocrx_word' id='word_1_766' title='bbox 1102 4881 1306 4952; x_wconf 83' lang='lat' dir='ltr'><strong>ignoret</strong></span> <span class='ocrx_word' id='word_1_767' title='bbox 1318 4897 1518 4937; x_wconf 82' lang='lat' dir='ltr'><strong>necesse</strong></span> <span class='ocrx_word' id='word_1_768' title='bbox 1543 4892 1636 4938; x_wconf 87' lang='lat' dir='ltr'><strong>est.</strong></span> <span class='ocrx_word' id='word_1_769' title='bbox 1666 4881 1753 4937; x_wconf 90' lang='lat' dir='ltr'><strong>Sic</strong></span> <span class='ocrx_word' id='word_1_770' title='bbox 1780 4882 2063 4952; x_wconf 88' lang='lat' dir='ltr'><strong>legendum</strong></span> 
     </span>
    </p>
   </div>
   <div class='ocr_carea' id='block_1_100' title="bbox 465 4951 2058 5022">
    <p class='ocr_par' dir='ltr' id='par_1_100' title="bbox 465 4951 2058 5022">
     <span class='ocr_line' id='line_1_104' title="bbox 465 4951 2058 5022; baseline 0.003 -16"><span class='ocrx_word' id='word_1_771' title='bbox 465 4965 589 5007; x_wconf 87' lang='lat' dir='ltr'><strong>esse</strong></span> <span class='ocrx_word' id='word_1_772' title='bbox 614 4960 762 5022; x_wconf 89' lang='lat' dir='ltr'><strong>patet</strong></span> <span class='ocrx_word' id='word_1_773' title='bbox 807 4968 873 5008; x_wconf 77' lang='lat' dir='ltr'><strong>ex</strong></span> <span class='ocrx_word' id='word_1_774' title='bbox 913 4966 1080 5020; x_wconf 90' lang='lat' dir='ltr'><strong>scopo</strong></span> <span class='ocrx_word' id='word_1_775' title='bbox 1107 4951 1363 5017; x_wconf 91' lang='lat' dir='ltr'><strong>auctoris,</strong></span> <span class='ocrx_word' id='word_1_776' title='bbox 1414 4960 1469 5006; x_wconf 90' lang='lat' dir='ltr'><strong>et</strong></span> <span class='ocrx_word' id='word_1_777' title='bbox 1515 4969 1584 5009; x_wconf 83' lang='lat' dir='ltr'><strong>ex</strong></span> <span class='ocrx_word' id='word_1_778' title='bbox 1626 4951 1878 5008; x_wconf 84' lang='lat' dir='ltr'><strong>omnibus</strong></span> <span class='ocrx_word' id='word_1_779' title='bbox 1927 4970 2058 5011; x_wconf 88' lang='lat' dir='ltr'><strong>mss.</strong></span> 
     </span>
    </p>
   </div>
   <div class='ocr_carea' id='block_1_101' title="bbox 466 5022 2064 5093">
    <p class='ocr_par' dir='ltr' id='par_1_101' title="bbox 466 5022 2064 5093">
     <span class='ocr_line' id='line_1_105' title="bbox 466 5022 2064 5093; baseline 0.003 -16"><span class='ocrx_word' id='word_1_780' title='bbox 466 5022 688 5093; x_wconf 88' lang='lat' dir='ltr'><strong>dempto</strong></span> <span class='ocrx_word' id='word_1_781' title='bbox 716 5038 824 5078; x_wconf 91' lang='lat' dir='ltr'><strong>uno</strong></span> <span class='ocrx_word' id='word_1_782' title='bbox 853 5022 1161 5093; x_wconf 79' lang='lat' dir='ltr'><strong>Cantabrig.</strong></span> <span class='ocrx_word' id='word_1_783' title='bbox 1194 5022 1247 5076; x_wconf 87' lang='lat' dir='ltr'><strong>in</strong></span> <span class='ocrx_word' id='word_1_784' title='bbox 1277 5037 1402 5093; x_wconf 91' lang='lat' dir='ltr'><strong>quo.</strong></span> <span class='ocrx_word' id='word_1_785' title='bbox 1432 5032 1492 5078; x_wconf 88' lang='lat' dir='ltr'><strong>ttt</strong></span> <span class='ocrx_word' id='word_1_786' title='bbox 1522 5036 1577 5079; x_wconf 91' lang='lat' dir='ltr'><strong>et</strong></span> <span class='ocrx_word' id='word_1_787' title='bbox 1622 5025 1675 5079; x_wconf 87' lang='lat' dir='ltr'><strong>itt</strong></span> <span class='ocrx_word' id='word_1_788' title='bbox 1714 5025 1744 5078; x_wconf 86' lang='lat'><strong>7</strong></span> <span class='ocrx_word' id='word_1_789' title='bbox 1773 5025 1952 5093; x_wconf 82' lang='lat' dir='ltr'><strong>editis,</strong></span> <span class='ocrx_word' id='word_1_790' title='bbox 1984 5026 2064 5082; x_wconf 87' lang='lat' dir='ltr'><strong>lc-</strong></span> 
     </span>
    </p>
   </div>
   <div class='ocr_carea' id='block_1_102' title="bbox 461 5091 2061 5167">
    <p class='ocr_par' dir='ltr' id='par_1_102' title="bbox 461 5091 2061 5167">
     <span class='ocr_line' id='line_1_106' title="bbox 461 5091 2061 5167; baseline 0.003 -18"><span class='ocrx_word' id='word_1_791' title='bbox 461 5091 627 5167; x_wconf 66' lang='lat' dir='ltr'><strong>gitur,</strong></span> <span class='ocrx_word' id='word_1_792' title='bbox 657 5104 704 5149; x_wconf 86' lang='lat' dir='ltr'><strong>et</strong></span> <span class='ocrx_word' id='word_1_793' title='bbox 729 5096 898 5163; x_wconf 89' lang='lat' dir='ltr'><strong>ipsum</strong></span> <span class='ocrx_word' id='word_1_794' title='bbox 929 5091 1095 5148; x_wconf 83' lang='lat' dir='ltr'><strong>Deum</strong></span> <span class='ocrx_word' id='word_1_795' title='bbox 1118 5091 1339 5167; x_wconf 74' lang='lat' dir='ltr'><strong>ignoret.</strong></span> <span class='ocrx_word' id='word_1_796' title='bbox 1388 5093 1656 5151; x_wconf 88' lang='lat' dir='ltr'><strong>Lectionis</strong></span> <span class='ocrx_word' id='word_1_797' title='bbox 1700 5111 1850 5160; x_wconf 87' lang='lat' dir='ltr'><strong>vero.</strong></span> <span class='ocrx_word' id='word_1_798' title='bbox 1902 5091 2061 5167; x_wconf 88' lang='lat' dir='ltr'><strong>quam</strong></span> 
     </span>
    </p>
   </div>
   <div class='ocr_carea' id='block_1_103' title="bbox 459 5165 2065 5238">
    <p class='ocr_par' dir='ltr' id='par_1_103' title="bbox 459 5165 2065 5238">
     <span class='ocr_line' id='line_1_107' title="bbox 459 5165 2065 5238; baseline 0.002 -18"><span class='ocrx_word' id='word_1_799' title='bbox 459 5165 516 5220; x_wconf 90' lang='lat' dir='ltr'><strong>in</strong></span> <span class='ocrx_word' id='word_1_800' title='bbox 545 5174 693 5222; x_wconf 80' lang='lat' dir='ltr'><strong>textu</strong></span> <span class='ocrx_word' id='word_1_801' title='bbox 722 5167 1019 5238; x_wconf 84' lang='lat' dir='ltr'><strong>sequimur.</strong></span> <span class='ocrx_word' id='word_1_802' title='bbox 1050 5179 1243 5222; x_wconf 86' lang='lat' dir='ltr'><strong>sensus</strong></span> <span class='ocrx_word' id='word_1_803' title='bbox 1293 5165 1473 5238; x_wconf 83' lang='lat' dir='ltr'><strong>clarus</strong></span> <span class='ocrx_word' id='word_1_804' title='bbox 1511 5176 1597 5221; x_wconf 87' lang='lat' dir='ltr'><strong>est</strong></span> <span class='ocrx_word' id='word_1_805' title='bbox 1630 5181 1693 5221; x_wconf 91' lang='lat' dir='ltr'><strong>ac</strong></span> <span class='ocrx_word' id='word_1_806' title='bbox 1720 5165 2065 5231; x_wconf 60' lang='lat' dir='ltr'><strong>facilis;&#39;vult</strong></span> 
     </span>
    </p>
   </div>
   <div class='ocr_carea' id='block_1_104' title="bbox 460 5236 2058 5310">
    <p class='ocr_par' dir='ltr' id='par_1_104' title="bbox 460 5236 2058 5310">
     <span class='ocr_line' id='line_1_108' title="bbox 460 5236 2058 5310; baseline 0.003 -19"><span class='ocrx_word' id='word_1_807' title='bbox 460 5236 882 5310; x_wconf 12' lang='lat' dir='ltr'><strong>enitniprobare</strong></span> <span class='ocrx_word' id='word_1_808' title='bbox 916 5239 1207 5304; x_wconf 77' lang='lat' dir='ltr'><strong>Romanos,</strong></span> <span class='ocrx_word' id='word_1_809' title='bbox 1258 5236 1382 5308; x_wconf 90' lang='lat' dir='ltr'><strong>quia</strong></span> <span class='ocrx_word' id='word_1_810' title='bbox 1437 5237 1603 5292; x_wconf 85' lang='lat' dir='ltr'><strong>Deum</strong></span> <span class='ocrx_word' id='word_1_811' title='bbox 1655 5238 2058 5310; x_wconf 85' lang='lat' dir='ltr'><strong>ignoraverunt.</strong></span> 
     </span>
    </p>
   </div>
   <div class='ocr_carea' id='block_1_105' title="bbox 455 5308 2058 5381">
    <p class='ocr_par' dir='ltr' id='par_1_105' title="bbox 455 5308 2058 5381">
     <span class='ocr_line' id='line_1_109' title="bbox 455 5308 2058 5381; baseline 0.005 -23"><span class='ocrx_word' id='word_1_812' title='bbox 455 5308 723 5381; x_wconf 78' lang='lat' dir='ltr'><strong>justitiam</strong></span> <span class='ocrx_word' id='word_1_813' title='bbox 752 5324 969 5381; x_wconf 91' lang='lat' dir='ltr'><strong>quoque</strong></span> <span class='ocrx_word' id='word_1_814' title='bbox 999 5310 1169 5379; x_wconf 89' lang='lat' dir='ltr'><strong>ipsam</strong></span> <span class='ocrx_word' id='word_1_815' title='bbox 1206 5310 1560 5381; x_wconf 84' lang='lat' dir='ltr'><strong>ignoravisse.</strong></span> <span class='ocrx_word' id='word_1_816' title='bbox 1614 5308 1694 5364; x_wconf 72' lang='lat' dir='ltr'><strong>At</strong></span> <span class='ocrx_word' id='word_1_817' title='bbox 1725 5311 2058 5381; x_wconf 85' lang='lat' dir='ltr'><strong>contrarium</strong></span> 
     </span>
    </p>
   </div>
   <div class='ocr_carea' id='block_1_106' title="bbox 461 5378 2056 5450">
    <p class='ocr_par' dir='ltr' id='par_1_106' title="bbox 461 5378 2056 5450">
     <span class='ocr_line' id='line_1_110' title="bbox 461 5378 2056 5450; baseline 0.003 -17"><span class='ocrx_word' id='word_1_818' title='bbox 461 5378 831 5450; x_wconf 82' lang='lat' dir='ltr'><strong>colligeretur,</strong></span> <span class='ocrx_word' id='word_1_819' title='bbox 878 5378 923 5435; x_wconf 83' lang='lat' dir='ltr'><strong>si</strong></span> <span class='ocrx_word' id='word_1_820' title='bbox 979 5378 1250 5449; x_wconf 84' lang='lat' dir='ltr'><strong>legeretur</strong></span> <span class='ocrx_word' id='word_1_821' title='bbox 1280 5389 1337 5434; x_wconf 88' lang='grc' dir='ltr'><strong>ιιι</strong></span> <span class='ocrx_word' id='word_1_822' title='bbox 1381 5380 1434 5435; x_wconf 91' lang='lat' dir='ltr'><strong>in</strong></span> <span class='ocrx_word' id='word_1_823' title='bbox 1479 5381 1704 5449; x_wconf 87' lang='lat' dir='ltr'><strong>vulgatis</strong></span> <span class='ocrx_word' id='word_1_824' title='bbox 1734 5380 2056 5450; x_wconf 84' lang='lat' dir='ltr'><strong>quihusdam</strong></span> 
     </span>
    </p>
   </div>
   <div class='ocr_carea' id='block_1_107' title="bbox 459 5448 2058 5536">
    <p class='ocr_par' dir='ltr' id='par_1_107' title="bbox 459 5448 2058 5536">
     <span class='ocr_line' id='line_1_111' title="bbox 459 5448 2058 5536; baseline 0.003 -34"><span class='ocrx_word' id='word_1_825' title='bbox 459 5448 812 5518; x_wconf 88' lang='lat' dir='ltr'><strong>editionibus,</strong></span> <span class='ocrx_word' id='word_1_826' title='bbox 838 5467 989 5536; x_wconf 67' lang='lat' dir='ltr'><strong>quem</strong></span> <span class='ocrx_word' id='word_1_827' title='bbox 1015 5448 1355 5535; x_wconf 62' lang='lat' dir='ltr'><strong>qaijguorat,</strong></span> <span class='ocrx_word' id='word_1_828' title='bbox 1387 5463 1434 5506; x_wconf 88' lang='lat' dir='ltr'><strong>et</strong></span> <span class='ocrx_word' id='word_1_829' title='bbox 1464 5448 1633 5536; x_wconf 71' lang='lat' dir='ltr'><strong>ipsum</strong></span> <span class='ocrx_word' id='word_1_830' title='bbox 1660 5448 1829 5507; x_wconf 72' lang='lat' dir='ltr'><strong>Deum</strong></span> <span class='ocrx_word' id='word_1_831' title='bbox 1856 5453 2058 5536; x_wconf 72' lang='lat' dir='ltr'><strong>ignoret</strong></span> 
     </span>
    </p>
   </div>
   <div class='ocr_carea' id='block_1_108' title="bbox 458 5522 2057 5594">
    <p class='ocr_par' dir='ltr' id='par_1_108' title="bbox 458 5522 2057 5594">
     <span class='ocr_line' id='line_1_112' title="bbox 458 5522 2057 5594; baseline 0.003 -19"><span class='ocrx_word' id='word_1_832' title='bbox 458 5535 662 5594; x_wconf 81' lang='lat' dir='ltr'><strong>necesse</strong></span> <span class='ocrx_word' id='word_1_833' title='bbox 686 5531 782 5585; x_wconf 85' lang='lat' dir='ltr'><strong>est;</strong></span> <span class='ocrx_word' id='word_1_834' title='bbox 808 5522 951 5594; x_wconf 80' lang='lat' dir='ltr'><strong>quod</strong></span> <span class='ocrx_word' id='word_1_835' title='bbox 997 5522 1218 5594; x_wconf 86' lang='lat' dir='ltr'><strong>minime</strong></span> <span class='ocrx_word' id='word_1_836' title='bbox 1261 5522 1586 5594; x_wconf 81' lang='lat' dir='ltr'><strong>congrueret</strong></span> <span class='ocrx_word' id='word_1_837' title='bbox 1613 5538 1734 5579; x_wconf 88' lang='lat' dir='ltr'><strong>cum</strong></span> <span class='ocrx_word' id='word_1_838' title='bbox 1788 5522 2057 5591; x_wconf 78' lang='lat' dir='ltr'><strong>superiori</strong></span> 
     </span>
    </p>
   </div>
   <div class='ocr_carea' id='block_1_109' title="bbox 456 5592 2050 5665">
    <p class='ocr_par' dir='ltr' id='par_1_109' title="bbox 456 5592 2050 5665">
     <span class='ocr_line' id='line_1_113' title="bbox 456 5592 2050 5665; baseline 0.003 -19"><span class='ocrx_word' id='word_1_839' title='bbox 456 5592 721 5665; x_wconf 68' lang='lat' dir='ltr'><strong>oratione.</strong></span> <span class='ocrx_word' id='word_1_840' title='bbox 750 5592 1005 5665; x_wconf 83' lang='lat' dir='ltr'><strong>—Quem</strong></span> <span class='ocrx_word' id='word_1_841' title='bbox 1054 5593 1144 5665; x_wconf 70' lang='lat' dir='ltr'><strong>qui</strong></span> <span class='ocrx_word' id='word_1_842' title='bbox 1185 5592 1427 5664; x_wconf 75' lang='lat' dir='ltr'><strong>ignorat.</strong></span> <span class='ocrx_word' id='word_1_843' title='bbox 1461 5604 1510 5651; x_wconf 90' lang='lat' dir='ltr'><strong>et</strong></span> <span class='ocrx_word' id='word_1_844' title='bbox 1562 5595 1731 5661; x_wconf 79' lang='lat' dir='ltr'><strong>ipsum</strong></span> <span class='ocrx_word' id='word_1_845' title='bbox 1767 5596 2050 5665; x_wconf 81' lang='lat' dir='ltr'><strong>justitiam.</strong></span> 
     </span>
    </p>
   </div>
   <div class='ocr_carea' id='block_1_110' title="bbox 454 5663 2047 5738">
    <p class='ocr_par' dir='ltr' id='par_1_110' title="bbox 454 5663 2047 5738">
     <span class='ocr_line' id='line_1_114' title="bbox 454 5663 2047 5738; baseline 0.002 -18"><span class='ocrx_word' id='word_1_846' title='bbox 454 5664 604 5730; x_wconf 79' lang='grc' dir='ltr'><strong>ΑΜ..</strong></span> <span class='ocrx_word' id='word_1_847' title='bbox 628 5663 821 5738; x_wconf 80' lang='lat' dir='ltr'><strong>Fasit.,</strong></span> <span class='ocrx_word' id='word_1_848' title='bbox 849 5664 1079 5735; x_wconf 88' lang='lat' dir='ltr'><strong>Gryph.;</strong></span> <span class='ocrx_word' id='word_1_849' title='bbox 1103 5663 1293 5738; x_wconf 70' lang='lat' dir='ltr'><strong>Torn.,</strong></span> <span class='ocrx_word' id='word_1_850' title='bbox 1319 5665 1519 5736; x_wconf 89' lang='lat' dir='ltr'><strong>Betul.,</strong></span> <span class='ocrx_word' id='word_1_851' title='bbox 1565 5663 1847 5732; x_wconf 66' lang='lat' dir='ltr'><strong>Thomas,</strong></span> <span class='ocrx_word' id='word_1_852' title='bbox 1878 5665 2047 5738; x_wconf 82' lang='lat' dir='ltr'><strong>Thys.</strong></span> 
     </span>
    </p>
   </div>
   <div class='ocr_carea' id='block_1_111' title="bbox 451 5734 2051 5812">
    <p class='ocr_par' dir='ltr' id='par_1_111' title="bbox 451 5734 2051 5812">
     <span class='ocr_line' id='line_1_115' title="bbox 451 5734 2051 5812; baseline -0.001 -13"><span class='ocrx_word' id='word_1_853' title='bbox 451 5749 508 5799; x_wconf 89' lang='lat' dir='ltr'><strong>et</strong></span> <span class='ocrx_word' id='word_1_854' title='bbox 533 5739 692 5800; x_wconf 87' lang='lat' dir='ltr'><strong>Cant.</strong></span> <span class='ocrx_word' id='word_1_855' title='bbox 750 5737 867 5811; x_wconf 89' lang='lat' dir='ltr'><strong>ed.,</strong></span> <span class='ocrx_word' id='word_1_856' title='bbox 898 5734 1052 5808; x_wconf 81' lang='lat' dir='ltr'><strong>quam</strong></span> <span class='ocrx_word' id='word_1_857' title='bbox 1103 5734 1360 5807; x_wconf 76' lang='lat' dir='ltr'><strong>justitiam</strong></span> <span class='ocrx_word' id='word_1_858' title='bbox 1399 5734 1511 5808; x_wconf 71' lang='lat' dir='ltr'><strong>qui</strong></span> <span class='ocrx_word' id='word_1_859' title='bbox 1538 5738 1762 5810; x_wconf 77' lang='lat' dir='ltr'><strong>ignorat,</strong></span> <span class='ocrx_word' id='word_1_860' title='bbox 1791 5745 1847 5797; x_wconf 92' lang='lat' dir='ltr'><strong>et</strong></span> <span class='ocrx_word' id='word_1_861' title='bbox 1876 5734 2051 5812; x_wconf 82' lang='lat' dir='ltr'><strong>ipsum</strong></span> 
     </span>
    </p>
   </div>
   <div class='ocr_carea' id='block_1_112' title="bbox 2171 4530 2327 4573">
    <p class='ocr_par' dir='ltr' id='par_1_112' title="bbox 2171 4530 2327 4573">
     <span class='ocr_line' id='line_1_116' title="bbox 2171 4530 2327 4573; baseline 0.006 -1"><span class='ocrx_word' id='word_1_862' title='bbox 2171 4530 2327 4573; x_wconf 62' lang='lat' dir='ltr'><strong>cana.</strong></span> 
     </span>
    </p>
   </div>
   <div class='ocr_carea' id='block_1_113' title="bbox 2243 4610 3777 4689">
    <p class='ocr_par' dir='ltr' id='par_1_113' title="bbox 2243 4610 3777 4689">
     <span class='ocr_line' id='line_1_117' title="bbox 2243 4610 3777 4689; baseline 0.007 -23"><span class='ocrx_word' id='word_1_863' title='bbox 2243 4610 2367 4667; x_wconf 84' lang='lat' dir='ltr'><strong>Non</strong></span> <span class='ocrx_word' id='word_1_864' title='bbox 2391 4615 2687 4689; x_wconf 71' lang='lat' dir='ltr'><strong>pqs_sit._Sie</strong></span> <span class='ocrx_word' id='word_1_865' title='bbox 2710 4617 2923 4689; x_wconf 68' lang='lat' dir='ltr'><strong>restitui</strong></span> <span class='ocrx_word' id='word_1_866' title='bbox 2958 4634 3025 4673; x_wconf 78' lang='lat' dir='ltr'><strong>ex</strong></span> <span class='ocrx_word' id='word_1_867' title='bbox 3055 4619 3306 4674; x_wconf 87' lang='lat' dir='ltr'><strong>omnibus</strong></span> <span class='ocrx_word' id='word_1_868' title='bbox 3334 4635 3501 4689; x_wconf 87' lang='lat' dir='ltr'><strong>prope</strong></span> <span class='ocrx_word' id='word_1_869' title='bbox 3539 4636 3668 4675; x_wconf 90' lang='lat' dir='ltr'><strong>tuss.</strong></span> <span class='ocrx_word' id='word_1_870' title='bbox 3705 4631 3777 4677; x_wconf 84' lang='lat' dir='ltr'><strong>et</strong></span> 
     </span>
    </p>
   </div>
   <div class='ocr_carea' id='block_1_114' title="bbox 2170 4681 3765 4763">
    <p class='ocr_par' dir='ltr' id='par_1_114' title="bbox 2170 4681 3765 4763">
     <span class='ocr_line' id='line_1_118' title="bbox 2170 4681 3765 4763; baseline 0.008 -29"><span class='ocrx_word' id='word_1_871' title='bbox 2170 4681 2211 4763; x_wconf 54' lang='lat' dir='ltr'><strong>ti</strong></span> <span class='ocrx_word' id='word_1_872' title='bbox 2232 4695 2337 4763; x_wconf 63' lang='lat' dir='ltr'><strong>vet.</strong></span> <span class='ocrx_word' id='word_1_873' title='bbox 2363 4681 2539 4763; x_wconf 75' lang='lat' dir='ltr'><strong>editis.</strong></span> <span class='ocrx_word' id='word_1_874' title='bbox 2570 4686 2626 4741; x_wconf 91' lang='lat' dir='ltr'><strong>In</strong></span> <span class='ocrx_word' id='word_1_875' title='bbox 2655 4688 2684 4763; x_wconf 83' lang='lat' dir='ltr'><strong>_l</strong></span> <span class='ocrx_word' id='word_1_876' title='bbox 2716 4687 2848 4763; x_wconf 78' lang='lat' dir='ltr'><strong>R_eg.</strong></span> <span class='ocrx_word' id='word_1_877' title='bbox 2879 4705 2990 4744; x_wconf 89' lang='lat' dir='ltr'><strong>rec.</strong></span> <span class='ocrx_word' id='word_1_878' title='bbox 3025 4691 3220 4761; x_wconf 82' lang='lat' dir='ltr'><strong>legitur</strong></span> <span class='ocrx_word' id='word_1_879' title='bbox 3259 4681 3467 4763; x_wconf 58' lang='lat' dir='ltr'><strong>poiset&#39;;</strong></span> <span class='ocrx_word' id='word_1_880' title='bbox 3495 4692 3547 4747; x_wconf 90' lang='lat' dir='ltr'><strong>itt</strong></span> <span class='ocrx_word' id='word_1_881' title='bbox 3589 4690 3765 4748; x_wconf 89' lang='lat' dir='ltr'><strong>Cauc.</strong></span> 
     </span>
    </p>
   </div>
   <div class='ocr_carea' id='block_1_115' title="bbox 2173 4753 2990 4831">
    <p class='ocr_par' dir='ltr' id='par_1_115' title="bbox 2173 4753 2990 4831">
     <span class='ocr_line' id='line_1_119' title="bbox 2173 4753 2990 4831; baseline 0.01 -24"><span class='ocrx_word' id='word_1_882' title='bbox 2173 4753 2291 4809; x_wconf 87' lang='lat' dir='ltr'><strong>Pal.</strong></span> <span class='ocrx_word' id='word_1_883' title='bbox 2320 4766 2375 4809; x_wconf 87' lang='lat' dir='ltr'><strong>et</strong></span> <span class='ocrx_word' id='word_1_884' title='bbox 2401 4755 2454 4809; x_wconf 91' lang='lat' dir='ltr'><strong>in</strong></span> <span class='ocrx_word' id='word_1_885' title='bbox 2484 4758 2720 4825; x_wconf 78' lang='lat' dir='ltr'><strong>excusis,</strong></span> <span class='ocrx_word' id='word_1_886' title='bbox 2748 4761 2779 4813; x_wconf 92' lang='lat'><strong>7</strong></span> <span class='ocrx_word' id='word_1_887' title='bbox 2800 4753 2990 4831; x_wconf 61' lang='lat' dir='ltr'><strong>potest.</strong></span> 
     </span>
    </p>
   </div>
   <div class='ocr_carea' id='block_1_116' title="bbox 2241 4833 3775 4913">
    <p class='ocr_par' dir='ltr' id='par_1_116' title="bbox 2241 4833 3775 4913">
     <span class='ocr_line' id='line_1_120' title="bbox 2241 4833 3775 4913; baseline 0.007 -25"><span class='ocrx_word' id='word_1_888' title='bbox 2241 4833 2439 4913; x_wconf 73' lang='lat' dir='ltr'><strong>ﬂebile.</strong></span> <span class='ocrx_word' id='word_1_889' title='bbox 2466 4835 2603 4913; x_wconf 86' lang='lat' dir='ltr'><strong>ll.__l.</strong></span> <span class='ocrx_word' id='word_1_890' title='bbox 2629 4854 2735 4913; x_wconf 85' lang='lat' dir='ltr'><strong>non</strong></span> <span class='ocrx_word' id='word_1_891' title='bbox 2781 4850 2865 4895; x_wconf 80' lang='lat' dir='ltr'><strong>est</strong></span> <span class='ocrx_word' id='word_1_892' title='bbox 2887 4856 3108 4912; x_wconf 69' lang='lat' dir='ltr'><strong>a&#39;grum,</strong></span> <span class='ocrx_word' id='word_1_893' title='bbox 3148 4841 3267 4913; x_wconf 82' lang='lat' dir='ltr'><strong>sed,</strong></span> <span class='ocrx_word' id='word_1_894' title='bbox 3301 4851 3358 4897; x_wconf 93' lang='lat' dir='ltr'><strong>ut</strong></span> <span class='ocrx_word' id='word_1_895' title='bbox 3385 4843 3606 4913; x_wconf 81' lang='lat' dir='ltr'><strong>exponit</strong></span> <span class='ocrx_word' id='word_1_896' title='bbox 3642 4858 3775 4912; x_wconf 82' lang='lat' dir='ltr'><strong>sup.</strong></span> 
     </span>
    </p>
   </div>
   <div class='ocr_carea' id='block_1_117' title="bbox 2169 4904 3781 4983">
    <p class='ocr_par' dir='ltr' id='par_1_117' title="bbox 2169 4904 3781 4983">
     <span class='ocr_line' id='line_1_121' title="bbox 2169 4904 3781 4983; baseline 0.007 -24"><span class='ocrx_word' id='word_1_897' title='bbox 2169 4904 2415 4983; x_wconf 64' lang='lat' dir='ltr'><strong>Membris</strong></span> <span class='ocrx_word' id='word_1_898' title='bbox 2454 4909 2763 4983; x_wconf 62' lang='lat' dir='ltr'><strong>quibusdam</strong></span> <span class='ocrx_word' id='word_1_899' title='bbox 2812 4904 2982 4983; x_wconf 64' lang='lat' dir='ltr'><strong>egens.</strong></span> <span class='ocrx_word' id='word_1_900' title='bbox 3032 4913 3107 4969; x_wconf 89' lang='lat' dir='ltr'><strong>De</strong></span> <span class='ocrx_word' id='word_1_901' title='bbox 3149 4911 3293 4981; x_wconf 86' lang='lat' dir='ltr'><strong>0pil&#39;.</strong></span> <span class='ocrx_word' id='word_1_902' title='bbox 3341 4904 3472 4983; x_wconf 46' lang='lat' dir='ltr'><strong>cap:</strong></span> <span class='ocrx_word' id='word_1_903' title='bbox 3509 4913 3563 4968; x_wconf 89' lang='lat'><strong>7.</strong></span> <span class='ocrx_word' id='word_1_904' title='bbox 3617 4904 3781 4978; x_wconf 69' lang='lat' dir='ltr'><strong>Quod</strong></span> 
     </span>
    </p>
   </div>
   <div class='ocr_carea' id='block_1_118' title="bbox 2167 4977 3776 5108">
    <p class='ocr_par' dir='ltr' id='par_1_118' title="bbox 2167 4977 3776 5108">
     <span class='ocr_line' id='line_1_122' title="bbox 2167 4977 3776 5108; baseline 0.007 -78"><span class='ocrx_word' id='word_1_905' title='bbox 2167 4977 2449 5108; x_wconf 53' lang='lat' dir='ltr'><strong>grembrzm</strong></span> <span class='ocrx_word' id='word_1_906' title='bbox 2467 4977 2521 5035; x_wconf 76' lang='lat' dir='ltr'><strong>si</strong></span> <span class='ocrx_word' id='word_1_907' title='bbox 2536 4980 2795 5051; x_wconf 77' lang='lat' dir='ltr'><strong>detrahas,</strong></span> <span class='ocrx_word' id='word_1_908' title='bbox 2816 4977 3168 5058; x_wconf 75' lang='lat' dir='ltr'><strong>imperfectum</strong></span> <span class='ocrx_word' id='word_1_909' title='bbox 3187 4977 3256 5041; x_wconf 77' lang='lat' dir='ltr'><strong>sit</strong></span> <span class='ocrx_word' id='word_1_910' title='bbox 3270 4977 3466 5040; x_wconf 79' lang='lat' dir='ltr'><strong>animal</strong></span> <span class='ocrx_word' id='word_1_911' title='bbox 3489 5002 3550 5041; x_wconf 84' lang='lat' dir='ltr'><strong>ac</strong></span> <span class='ocrx_word' id='word_1_912' title='bbox 3579 4977 3776 5042; x_wconf 78' lang='lat' dir='ltr'><strong>debile.</strong></span> 
     </span>
     <span class='ocr_line' id='line_1_123' title="bbox 2214 5065 2451 5106; baseline 0.008 -2"><span class='ocrx_word' id='word_1_913' title='bbox 2214 5065 2354 5105; x_wconf 68' lang='lat' dir='ltr'><strong>uasa</strong></span> <span class='ocrx_word' id='word_1_914' title='bbox 2399 5066 2451 5106; x_wconf 72' lang='grc' dir='ltr'><strong>Ν.</strong></span> 
     </span>
    </p>
   </div>
   <div class='ocr_carea' id='block_1_119' title="bbox 2214 5065 2451 5106">
    <p class='ocr_par' dir='ltr' id='par_1_119' title="bbox 2214 5065 2451 5106">
     <span class='ocr_line' id='line_1_124' title="bbox 2214 5065 2451 5106; baseline 0.004 -1"><span class='ocrx_word' id='word_1_915' title='bbox 2214 5065 2451 5106; x_wconf 73' lang='grc' dir='ltr'><strong>υΝΕΙΔΝ.</strong></span> 
     </span>
    </p>
   </div>
   <div class='ocr_carea' id='block_1_120' title="bbox 2249 5141 3778 5218">
    <p class='ocr_par' dir='ltr' id='par_1_120' title="bbox 2249 5141 3778 5218">
     <span class='ocr_line' id='line_1_125' title="bbox 2249 5141 3778 5218; baseline 0.009 -22"><span class='ocrx_word' id='word_1_916' title='bbox 2249 5141 2411 5218; x_wconf 77' lang='lat' dir='ltr'><strong>Vivet.</strong></span> <span class='ocrx_word' id='word_1_917' title='bbox 2436 5145 2512 5218; x_wconf 88' lang='lat' dir='ltr'><strong>l_ta</strong></span> <span class='ocrx_word' id='word_1_918' title='bbox 2540 5149 2754 5218; x_wconf 86' lang='lat' dir='ltr'><strong>reposui</strong></span> <span class='ocrx_word' id='word_1_919' title='bbox 2782 5163 2847 5204; x_wconf 81' lang='lat' dir='ltr'><strong>ex</strong></span> <span class='ocrx_word' id='word_1_920' title='bbox 2871 5151 3082 5204; x_wconf 90' lang='lat' dir='ltr'><strong>cunctis</strong></span> <span class='ocrx_word' id='word_1_921' title='bbox 3106 5149 3217 5205; x_wconf 76' lang='lat' dir='ltr'><strong>fere</strong></span> <span class='ocrx_word' id='word_1_922' title='bbox 3242 5165 3375 5206; x_wconf 91' lang='lat' dir='ltr'><strong>mss.</strong></span> <span class='ocrx_word' id='word_1_923' title='bbox 3405 5159 3463 5207; x_wconf 90' lang='lat' dir='ltr'><strong>et</strong></span> <span class='ocrx_word' id='word_1_924' title='bbox 3486 5150 3778 5209; x_wconf 83' lang='lat' dir='ltr'><strong>veteribus</strong></span> 
     </span>
    </p>
   </div>
   <div class='ocr_carea' id='block_1_121' title="bbox 2164 5214 3332 5290">
    <p class='ocr_par' dir='ltr' id='par_1_121' title="bbox 2164 5214 3332 5290">
     <span class='ocr_line' id='line_1_126' title="bbox 2164 5214 3332 5290; baseline 0.003 -18"><span class='ocrx_word' id='word_1_925' title='bbox 2164 5214 2344 5272; x_wconf 85' lang='lat' dir='ltr'><strong>editis.</strong></span> <span class='ocrx_word' id='word_1_926' title='bbox 2371 5216 2427 5272; x_wconf 85' lang='lat' dir='ltr'><strong>In</strong></span> <span class='ocrx_word' id='word_1_927' title='bbox 2450 5214 2619 5274; x_wconf 71' lang='lat' dir='ltr'><strong>Brun.</strong></span> <span class='ocrx_word' id='word_1_928' title='bbox 2644 5228 2701 5274; x_wconf 90' lang='lat' dir='ltr'><strong>et</strong></span> <span class='ocrx_word' id='word_1_929' title='bbox 2731 5220 2799 5275; x_wconf 81' lang='grc'><strong>10</strong></span> <span class='ocrx_word' id='word_1_930' title='bbox 2825 5219 3054 5290; x_wconf 88' lang='lat' dir='ltr'><strong>vulgatis</strong></span> <span class='ocrx_word' id='word_1_931' title='bbox 3079 5229 3165 5276; x_wconf 90' lang='lat' dir='ltr'><strong>est</strong></span> <span class='ocrx_word' id='word_1_932' title='bbox 3190 5221 3332 5276; x_wconf 80' lang='lat' dir='ltr'><strong>vivit.</strong></span> 
     </span>
    </p>
   </div>
   <div class='ocr_carea' id='block_1_122' title="bbox 2240 5307 3764 5386">
    <p class='ocr_par' dir='ltr' id='par_1_122' title="bbox 2240 5307 3764 5386">
     <span class='ocr_line' id='line_1_127' title="bbox 2240 5307 3764 5386; baseline 0.007 -25"><span class='ocrx_word' id='word_1_933' title='bbox 2240 5307 2602 5386; x_wconf 63' lang='lat' dir='ltr'><strong>(labereenim</strong></span> <span class='ocrx_word' id='word_1_934' title='bbox 2626 5321 2781 5383; x_wconf 84' lang='lat' dir='ltr'><strong>caput</strong></span> <span class='ocrx_word' id='word_1_935' title='bbox 2809 5313 2979 5383; x_wconf 69' lang='lat' dir='ltr'><strong>carpit.</strong></span> <span class='ocrx_word' id='word_1_936' title='bbox 3011 5311 3303 5369; x_wconf 88' lang='lat' dir='ltr'><strong>Christiani</strong></span> <span class='ocrx_word' id='word_1_937' title='bbox 3331 5323 3494 5386; x_wconf 90' lang='lat' dir='ltr'><strong>atque</strong></span> <span class='ocrx_word' id='word_1_938' title='bbox 3522 5330 3764 5385; x_wconf 81' lang='lat' dir='ltr'><strong>regene-</strong></span> 
     </span>
    </p>
   </div>
   <div class='ocr_carea' id='block_1_123' title="bbox 2161 5379 3772 5455">
    <p class='ocr_par' dir='ltr' id='par_1_123' title="bbox 2161 5379 3772 5455">
     <span class='ocr_line' id='line_1_128' title="bbox 2161 5379 3772 5455; baseline 0.007 -20"><span class='ocrx_word' id='word_1_939' title='bbox 2161 5380 2263 5455; x_wconf 79' lang='lat' dir='ltr'><strong>rati</strong></span> <span class='ocrx_word' id='word_1_940' title='bbox 2312 5379 2587 5455; x_wconf 83' lang='lat' dir='ltr'><strong>homines,</strong></span> <span class='ocrx_word' id='word_1_941' title='bbox 2639 5379 2701 5437; x_wconf 78' lang='lat' dir='ltr'><strong>et</strong></span> <span class='ocrx_word' id='word_1_942' title='bbox 2745 5379 3045 5440; x_wconf 85' lang='lat' dir='ltr'><strong>exteriores</strong></span> <span class='ocrx_word' id='word_1_943' title='bbox 3090 5387 3336 5455; x_wconf 87' lang='lat' dir='ltr'><strong>corporis</strong></span> <span class='ocrx_word' id='word_1_944' title='bbox 3366 5379 3421 5441; x_wconf 76' lang='lat' dir='ltr'><strong>ei</strong></span> <span class='ocrx_word' id='word_1_945' title='bbox 3471 5379 3772 5446; x_wconf 72' lang='lat' dir='ltr'><strong>interiores</strong></span> 
     </span>
    </p>
   </div>
   <div class='ocr_carea' id='block_1_124' title="bbox 2160 5451 3775 5518">
    <p class='ocr_par' dir='ltr' id='par_1_124' title="bbox 2160 5451 3775 5518">
     <span class='ocr_line' id='line_1_129' title="bbox 2160 5451 3775 5518; baseline 0.007 -11"><span class='ocrx_word' id='word_1_946' title='bbox 2160 5451 2326 5507; x_wconf 89' lang='lat' dir='ltr'><strong>animi</strong></span> <span class='ocrx_word' id='word_1_947' title='bbox 2382 5467 2575 5509; x_wconf 87' lang='lat' dir='ltr'><strong>sensus</strong></span> <span class='ocrx_word' id='word_1_948' title='bbox 2632 5468 2950 5511; x_wconf 88' lang='lat' dir='ltr'><strong>communes</strong></span> <span class='ocrx_word' id='word_1_949' title='bbox 3006 5451 3206 5511; x_wconf 78' lang='lat' dir='ltr'><strong>habent</strong></span> <span class='ocrx_word' id='word_1_950' title='bbox 3263 5472 3387 5512; x_wconf 90' lang='lat' dir='ltr'><strong>cum</strong></span> <span class='ocrx_word' id='word_1_951' title='bbox 3451 5458 3775 5518; x_wconf 85' lang='lat' dir='ltr'><strong>hominibus</strong></span> 
     </span>
    </p>
   </div>
   <div class='ocr_carea' id='block_1_125' title="bbox 2159 5523 3759 5602">
    <p class='ocr_par' dir='ltr' id='par_1_125' title="bbox 2159 5523 3759 5602">
     <span class='ocr_line' id='line_1_130' title="bbox 2159 5523 3759 5602; baseline 0.006 -26"><span class='ocrx_word' id='word_1_952' title='bbox 2159 5523 2390 5602; x_wconf 69' lang='lat' dir='ltr'><strong>ethnicis</strong></span> <span class='ocrx_word' id='word_1_953' title='bbox 2414 5541 2429 5578; x_wconf 89' lang='lat'><strong>:</strong></span> <span class='ocrx_word' id='word_1_954' title='bbox 2450 5526 2544 5580; x_wconf 88' lang='lat' dir='ltr'><strong>sed</strong></span> <span class='ocrx_word' id='word_1_955' title='bbox 2560 5540 2632 5602; x_wconf 80' lang='lat' dir='ltr'><strong>ea</strong></span> <span class='ocrx_word' id='word_1_956' title='bbox 2644 5526 2888 5602; x_wconf 77' lang='lat' dir='ltr'><strong>hominis</strong></span> <span class='ocrx_word' id='word_1_957' title='bbox 2900 5542 3022 5597; x_wconf 88' lang='lat' dir='ltr'><strong>pars</strong></span> <span class='ocrx_word' id='word_1_958' title='bbox 3048 5544 3171 5602; x_wconf 56' lang='lat' dir='ltr'><strong>qua;</strong></span> <span class='ocrx_word' id='word_1_959' title='bbox 3191 5530 3411 5602; x_wconf 79' lang='lat' dir='ltr'><strong>Spiritus</strong></span> <span class='ocrx_word' id='word_1_960' title='bbox 3425 5530 3759 5602; x_wconf 85' lang='lat' dir='ltr'><strong>appellatur,</strong></span> 
     </span>
    </p>
   </div>
   <div class='ocr_carea' id='block_1_126' title="bbox 2159 5594 3760 5673">
    <p class='ocr_par' dir='ltr' id='par_1_126' title="bbox 2159 5594 3760 5673">
     <span class='ocr_line' id='line_1_131' title="bbox 2159 5594 3760 5673; baseline 0.006 -24"><span class='ocrx_word' id='word_1_961' title='bbox 2159 5594 2404 5673; x_wconf 75' lang='lat' dir='ltr'><strong>amplius</strong></span> <span class='ocrx_word' id='word_1_962' title='bbox 2413 5604 2477 5673; x_wconf 86' lang='lat' dir='ltr'><strong>_et</strong></span> <span class='ocrx_word' id='word_1_963' title='bbox 2495 5598 2783 5673; x_wconf 78' lang='lat' dir='ltr'><strong>acutiuset</strong></span> <span class='ocrx_word' id='word_1_964' title='bbox 2807 5594 2951 5673; x_wconf 80' lang='lat' dir='ltr'><strong>videt</strong></span> <span class='ocrx_word' id='word_1_965' title='bbox 2969 5609 3026 5654; x_wconf 86' lang='lat' dir='ltr'><strong>et</strong></span> <span class='ocrx_word' id='word_1_966' title='bbox 3045 5594 3284 5673; x_wconf 56' lang='lat' dir='ltr'><strong>a&#39;udit,&#39;et</strong></span> <span class='ocrx_word' id='word_1_967' title='bbox 3311 5594 3514 5656; x_wconf 67' lang='lat' dir='ltr'><strong>eadem</strong></span> <span class='ocrx_word' id='word_1_968' title='bbox 3533 5594 3760 5673; x_wconf 57' lang='lat' dir='ltr'><strong>proper:</strong></span> 
     </span>
    </p>
   </div>
   <div class='ocr_carea' id='block_1_127' title="bbox 2161 5666 3763 5748">
    <p class='ocr_par' dir='ltr' id='par_1_127' title="bbox 2161 5666 3763 5748">
     <span class='ocr_line' id='line_1_132' title="bbox 2161 5666 3763 5748; baseline 0.008 -28"><span class='ocrx_word' id='word_1_969' title='bbox 2161 5666 2306 5748; x_wconf 86' lang='lat' dir='ltr'><strong>tione</strong></span> <span class='ocrx_word' id='word_1_970' title='bbox 2329 5666 2552 5748; x_wconf 71' lang='lat' dir='ltr'><strong>reliquis</strong></span> <span class='ocrx_word' id='word_1_971' title='bbox 2579 5668 2828 5727; x_wconf 87' lang='lat' dir='ltr'><strong>sensibus</strong></span> <span class='ocrx_word' id='word_1_972' title='bbox 2865 5670 3033 5729; x_wconf 89' lang='lat' dir='ltr'><strong>utitur</strong></span> <span class='ocrx_word' id='word_1_973' title='bbox 3078 5670 3240 5744; x_wconf 81' lang='lat' dir='ltr'><strong>longe</strong></span> <span class='ocrx_word' id='word_1_974' title='bbox 3263 5666 3547 5744; x_wconf 68' lang='lat' dir='ltr'><strong>copiosius</strong></span> <span class='ocrx_word' id='word_1_975' title='bbox 3588 5666 3763 5748; x_wconf 75' lang='lat' dir='ltr'><strong>aiqce</strong></span> 
     </span>
    </p>
   </div>
   <div class='ocr_carea' id='block_1_128' title="bbox 2157 5737 3000 5810">
    <p class='ocr_par' dir='ltr' id='par_1_128' title="bbox 2157 5737 3000 5810">
     <span class='ocr_line' id='line_1_133' title="bbox 2157 5737 3000 5810; baseline -0.002 -12"><span class='ocrx_word' id='word_1_976' title='bbox 2157 5737 2460 5810; x_wconf 83' lang='lat' dir='ltr'><strong>potentius.</strong></span> <span class='ocrx_word' id='word_1_977' title='bbox 2480 5737 2801 5799; x_wconf 77' lang='lat' dir='ltr'><strong>BBTULIlUS.</strong></span> <span class='ocrx_word' id='word_1_978' title='bbox 2992 5762 3000 5810; x_wconf 85' lang='lat'><strong>;</strong></span> 
     </span>
    </p>
   </div>
  </div>
