4142 6200
378 287 491 349 865

1530 287 1737 348 LIBER
1774 286 1864 345 VI.
1906 286 1997 345 DE
2034 283 2228 347 VERO
2264 285 2513 348 CULTU.

3586 286 3696 350 606

382 410 552 467 Deum
574 407 628 464 in
674 421 781 480 quo
806 406 1009 464 veritas
1037 417 1143 476 est,
1167 406 1339 465 oculis
1368 406 1550 464 cordis
1594 405 1908 478 aspexerit:
1942 406 1989 461 is
2013 411 2068 473 Α
2093 404 2269 479 Eque
2301 422 2411 462 non
2440 407 2599 463 aliter
2629 406 2714 464 his
2739 406 2898 464 bonis
2927 408 3284 479 prmsentibus
3313 408 3695 472 abstinendum

382 504 549 571 audit,
581 504 673 573 qui
699 502 911 559 divinas
953 517 1118 560 voces
1151 518 1215 560 ac
1258 512 1526 575 prmcepta
1570 503 1751 557 vitalia
1780 502 1984 571 pectori

384 613 485 656 suo
520 596 735 669 affigit:
771 596 816 651 is
863 597 1116 667 loquitur,
1158 596 1247 668 qui
1282 596 1523 653 caelestia
1550 596 1844 663 disserens,
1877 595 1987 650 vir-

383 701 552 749 tutem
594 705 660 746 ac
688 690 1026 761 majestatem
1080 690 1176 745 Dei
1223 691 1514 762 singularis
1541 698 1778 745 enarrat.
1807 688 1987 756 Quare

382 802 490 844 non
511 795 596 843 est
617 784 866 851 dubium,
899 786 1030 855 quin
1059 785 1256 856 impius
1282 785 1374 853 sit,
1406 785 1651 856 quisquis
1681 785 1850 840 Deum
1876 800 1984 840 non

379 877 679 951 agnoverit;
700 892 998 947 omnesque
1018 877 1247 934 virtutes
1265 878 1405 949 ejus,
1424 892 1559 949 quas
1575 877 1775 934 habere
1796 886 1890 932 aut
1908 886 1987 934 te-

379 987 513 1029 nere
530 987 591 1028 se
611 980 784 1041 putat,
807 970 860 1025 in
880 970 967 1025 illa
980 969 1256 1027 mortifera
1274 971 1356 1026 via
1380 971 1742 1041 reperiuntur,
1764 985 1884 1041 quae
1904 978 1989 1026 est

379 1073 493 1121 tota
509 1063 879 1120 tenebrarum.
897 1063 1238 1134 Quapropter
1258 1061 1392 1118 nihil
1407 1072 1488 1118 est
1502 1061 1646 1133 quod
1662 1061 1861 1133 aliquis
1884 1059 1986 1115 sibi

377 1157 699 1229 gratuletur,
726 1156 770 1211 si
796 1155 890 1210 has
908 1154 1098 1211 inanes
1119 1156 1347 1211 virtutes
1361 1154 1591 1226 adeptus
1613 1163 1716 1221 est;
1735 1154 1858 1223 quia
1878 1169 1985 1209 non

379 1260 589 1307 tantum
618 1248 802 1316 miser,
827 1249 918 1320 qui
937 1248 1093 1303 bonis
1111 1247 1468 1318 praesentibus
1480 1254 1687 1315 careat,
1706 1245 1801 1301 sed
1822 1246 1985 1301 etiam

382 1345 580 1400 stultus
608 1343 678 1398 sit
698 1355 923 1398 necesse
952 1350 1058 1409 est,
1090 1341 1179 1413 qui
1206 1341 1421 1397 labores
1461 1340 1513 1395 in
1543 1340 1657 1395 vita
1688 1353 1788 1395 sua
1815 1338 1987 1393 maxi-

382 1452 503 1493 mos
531 1435 790 1506 suscipiat
820 1436 1113 1491 incassum.
1146 1434 1282 1491 Nam
1311 1434 1528 1505 dempta
1557 1449 1653 1505 spe
1700 1435 1983 1490 immorta-

379 1529 568 1596 litatis,
599 1543 760 1600 quam
793 1528 936 1585 Deus
978 1529 1267 1600 pollicetur
1318 1530 1372 1584 in
1413 1544 1508 1584 sua
1539 1528 1821 1601 Religione
1863 1543 1985 1584 ver-

381 1621 652 1685 santibus,
684 1619 840 1690 cujus
873 1618 1227 1691 assequendte
1266 1618 1437 1689 gratia
1478 1619 1646 1674 virtus
1676 1616 1982 1689 appetenda

379 1726 483 1781 est,
514 1723 571 1772 et
622 1714 882 1786 quidquid
938 1715 1204 1769 malorum
1262 1713 1520 1769 acciderit
1568 1711 1979 1784 perferendum,

2090 510 2195 569 est,
2242 518 2400 574 quam
2429 504 2473 559 si
2503 513 2630 561 sunt
2649 505 2753 561 alia
2783 505 3010 577 majora,
3037 516 3260 578 propter
3284 523 3405 579 qua:
3440 508 3573 563 tanti
3599 508 3694 578 sit,

2090 604 2145 651 et
2200 598 2500 667 voluptates
2553 601 2839 665 omittere,
2887 609 2942 657 et
2988 600 3127 656 mala
3174 602 3355 657 omnia
3398 602 3688 659 sustinere.

2090 688 2167 744 Ea
2200 705 2327 746 vero
2368 691 2513 747 nulla
2539 702 2665 749 sunt
2689 693 2793 748 alia
2831 693 2930 766 (ut
2961 694 3014 749 in
3044 695 3202 751 tertio
3226 694 3381 751 docui
3413 691 3542 766 )nisi
3571 708 3693 766 per-

2053 821 2060 828 .
2090 791 2268 852 petua:
2294 784 2439 840 vitae.
2476 784 2625 841 Hanc
2652 795 2833 841 autem
2884 794 3141 858 praestare
3185 788 3307 859 quis
3348 795 3548 857 potest,
3585 784 3693 842 nisi

2093 875 2260 943 Deus,
2290 877 2383 948 qui
2422 877 2676 934 virtutem
2718 880 2889 950 ipsam
2931 880 3256 951 proposuit?
3298 879 3443 951 Ergo
3494 879 3550 935 in
3591 878 3693 936 Dei

2089 969 2363 1040 agnitione
2410 980 2466 1024 et
2510 971 2657 1026 cultu
2703 985 2885 1026 rerum
2936 985 3147 1028 summa
3185 980 3471 1028 versatur:
3502 970 3558 1027 in
3585 970 3692 1028 hoc

2089 1068 2175 1117 est
2205 1076 2332 1131 spes
2373 1062 2553 1117 omnis
2579 1076 2643 1118 ac
2679 1062 2829 1118 salus
2859 1061 3119 1129 hominis;
3166 1061 3255 1119 hic
3283 1071 3370 1120 est
3404 1062 3690 1134 sapientiae

2089 1153 2291 1225 gradus
2322 1153 2549 1226 primus,
2572 1163 2629 1210 ut
2649 1156 2884 1210 sciamus
2905 1155 3028 1227 quis
3049 1156 3119 1211 sit
3149 1156 3307 1212 nobis
3326 1172 3487 1213 verus
3511 1165 3686 1227 pater,

2088 1261 2322 1317 eumque
2348 1248 2523 1302 solum
2554 1249 2752 1318 pietate
2778 1247 2956 1304 debita
2986 1263 3403 1321 prosequamur,
3438 1249 3562 1304 huic
3591 1263 3690 1321 pa-

2086 1357 2327 1411 reamus,
2372 1342 2497 1398 huic
2536 1342 2883 1399 devotissime
2914 1343 3249 1408 serviamus;
3294 1344 3346 1397 in
3375 1357 3441 1397 eo
3472 1357 3689 1412 prome-

2087 1436 2261 1493 rendo
2290 1445 2442 1493 actus
2470 1438 2648 1493 omnis
2673 1478 2687 1504 ,
2718 1449 2771 1492 et
2802 1453 2930 1492 cura
2957 1480 2971 1503 ,
3002 1445 3058 1492 et
3097 1451 3260 1508 opera
3292 1435 3613 1493 collocetur.
3681 1489 3692 1508 ,

2706 1529 2933 1587 CAPUT
2972 1529 3042 1586 Χ.

2085 1621 2167 1679 De
2208 1622 2475 1696 Religione
2514 1640 2634 1696 erga
2664 1621 2851 1688 Deum,
2900 1632 2948 1677 et
2977 1621 3336 1677 Misericordia
3375 1638 3496 1694 erga
3524 1622 3692 1679 Itami-

2416 1734 2542 1784 nes;
2569 1726 2720 1786 atque
2744 1717 2807 1769 de
2836 1714 3023 1769 Mundi
3055 1714 3331 1785 principio.

381 1810 615 1866 maxima
644 1810 751 1866 erit
791 1808 1036 1879 profecto
1081 1808 1317 1878 vanitas,
1343 1808 1571 1875 obsequi
1602 1808 1741 1863 velle
1762 1806 1977 1862 virtuti-
2009 1816 2055 1876 Β
2158 1810 2299 1877 Dixi,
2322 1810 2449 1881 quid
2480 1810 2739 1865 debeatur
2768 1809 2910 1863 Deo:
2942 1807 3117 1863 dicam
3161 1820 3325 1873 nunc,
3358 1806 3487 1877 quid
3517 1806 3693 1862 homi-

380 1904 502 1969 bus,
533 1917 654 1971 quae
680 1900 881 1956 frustra
902 1900 1105 1956 homini
1128 1899 1467 1955 calamitates
1496 1899 1730 1955 afferunt
1756 1910 1810 1955 et
1832 1900 1982 1956 labo-

380 2007 488 2050 res.
507 1992 643 2048 Nam
673 1992 719 2047 si
751 1992 923 2047 virtus
950 2001 1057 2059 est,
1088 1999 1410 2063 egestatem,
1441 1991 1687 2057 exilium,
1708 1990 1979 2056 dolorem,

379 2095 637 2155 mortem,
680 2098 803 2155 quae
850 2084 1111 2140 timentur
1138 2099 1170 2139 a
1218 2083 1453 2151 creteris,
1500 2084 1606 2153 pati
1662 2082 1874 2138 fortiter
1920 2097 1985 2139 ac

379 2179 603 2247 subire;
657 2178 786 2250 quid
833 2177 1050 2234 tandem
1099 2177 1153 2233 in
1210 2192 1271 2233 se
1301 2176 1425 2232 boni
1483 2176 1662 2241 habet,
1711 2190 1810 2231 cur
1861 2190 1982 2231 eam

380 2283 602 2345 propter
639 2273 875 2343 seipsam
918 2271 1230 2343 philosophi
1251 2272 1437 2327 dicant
1464 2269 1859 2341 expetendam?
1891 2269 1981 2325 Ni-

378 2367 579 2422 mirum
625 2364 976 2435 supervacuis
1023 2373 1079 2419 et
1121 2362 1373 2420 inanibus
1404 2362 1581 2435 poenis
1619 2360 1980 2430 delectantur,

379 2460 579 2532 quibus
603 2459 729 2514 licet
755 2472 920 2528 agere
949 2458 1258 2529 tranquille.

474 2553 533 2611 Si
559 2553 704 2610 enim
735 2551 994 2608 mortales
1025 2560 1153 2607 sunt
1189 2551 1406 2615 animae.
1440 2551 1484 2606 si
1515 2552 1685 2607 virtus
1714 2550 1984 2606 dissoluto

379 2661 611 2719 corpore
631 2644 764 2702 nihil
786 2643 963 2700 futura
986 2652 1089 2711 est,
1118 2644 1260 2716 quid.
1281 2644 1513 2714 fugimus
1535 2642 1791 2699 attributa
1830 2643 1984 2699 nobis

380 2742 544 2806 bona,
577 2741 732 2811 quasi
770 2748 863 2795 aut
911 2738 1131 2805 ingrati,
1163 2747 1257 2793 aut
1282 2736 1484 2809 indigni
1517 2738 1606 2809 qui
1636 2736 1836 2793 divinis
1862 2751 1984 2793 mu-

379 2836 604 2892 neribus
635 2832 1005 2905 perfruamur?
1030 2832 1162 2902 Quae
1192 2833 1331 2889 bona
1360 2839 1422 2887 ut
1448 2831 1765 2897 habeamus,
1815 2831 1987 2887 scele-

379 2936 501 2983 rate
546 2926 818 2998 impieque
854 2926 1151 2982 vivendum
1184 2933 1307 2992 est;
1339 2925 1461 2996 quia
1494 2925 1770 2991 virtutem,
1801 2924 1854 2979 id
1880 2933 1984 2991 est,

380 3021 650 3092 justitiam
686 3030 981 3092 paupertas
1013 3022 1277 3091 sequitur.
1319 3020 1495 3076 Sanus
1528 3020 1693 3092 igitur
1728 3035 1833 3075 non
1876 3028 1983 3085 est,

382 3114 477 3187 qui
506 3114 652 3170 nulla
676 3128 772 3184 spe
792 3113 1001 3183 majore
1018 3113 1311 3184 pr0posita,
1340 3112 1407 3168 iis
1434 3113 1612 3178 bonis,
1632 3112 1827 3183 quibus
1847 3128 1980 3179 ea»,

2088 1903 2143 1959 ni
2171 1902 2516 1958 tribuendum
2549 1905 2659 1968 sit;
2689 1916 2996 1971 quanquam
3030 1900 3082 1955 id
3112 1899 3287 1971 ipsum
3320 1898 3466 1970 quod
3512 1899 3690 1956 homi-

2088 1995 2140 2049 ni
2173 1993 2444 2059 tribueris,
2482 1993 2593 2049 Deo
2626 1992 2901 2057 tribuitur,
2947 1992 3073 2063 quia
3128 1992 3291 2047 homo
3340 1992 3435 2047 Dei
3466 1992 3692 2055 simulata

2085 2105 2238 2146 crum
2264 2099 2366 2146 est.
2397 2087 2504 2146 Sed
2532 2098 2711 2143 tamen
2753 2088 2982 2158 primum
3024 2085 3264 2143 officium
3307 2085 3533 2157 iustitia:
3563 2095 3647 2143 est
3670 2129 3687 2156 ,

2086 2183 2337 2253 conjungi
2359 2198 2481 2238 cum
2507 2182 2616 2238 Deo
2640 2197 2655 2247 ;
2677 2181 2998 2248 secundum,
3013 2196 3136 2236 cum
3157 2181 3397 2238 homine.
3415 2180 3522 2237 Sed
3550 2179 3690 2237 illud

2087 2275 2344 2345 primum,
2392 2273 2598 2344 Religio
2626 2272 2824 2328 dicitur
2851 2288 2866 2338 ;
2897 2272 3001 2327 hoc
3027 2272 3347 2338 secundum,
3378 2272 3696 2330 misericor-

2087 2369 2173 2425 dia
2197 2370 2279 2425 vel
2308 2369 2615 2424 humanitas
2646 2368 2973 2422 nominatur.
3016 2366 3147 2435 Quae
3176 2366 3345 2423 virtus
3369 2366 3695 2438 propriajest

2082 2466 2352 2538 justorum
2384 2474 2438 2519 et
2480 2464 2744 2519 cultorum
2777 2463 2909 2529 Dci;
2940 2462 3084 2533 quod
3114 2477 3177 2517 ea
3228 2461 3344 2517 sola
3380 2461 3505 2516 vitae
3542 2475 3696 2517 com-

2088 2559 2267 2614 munis
2311 2558 2553 2614 continet
2588 2557 2870 2611 rationem.
2925 2554 3069 2611 Deus
3114 2556 3282 2620 enim,
3337 2553 3429 2622 qui
3477 2552 3692 2608 ueteris

2087 2650 2410 2707 animalibus
2435 2649 2754 2719 sapientiam
2786 2662 2895 2703 non
2924 2646 3090 2715 dedit,
3121 2645 3458 2701 naturalibus
3483 2659 3546 2699 ea
3571 2659 3694 2700 mu-

2088 2745 2346 2800 nimentis
2387 2743 2456 2799 ab
2507 2742 2723 2797 incursu
2774 2751 2827 2798 et
2883 2740 3125 2810 periculo
3160 2740 3356 2794 tutiora
3392 2739 3689 2811 generavit.

2087 2836 2372 2892 Hominem
2400 2849 2532 2890 vero
2556 2834 2679 2905 quia
2717 2833 2919 2888 nudum
2952 2831 3300 2903 fragilemque
3328 2830 3603 2897 formavit,
3632 2837 3693 2887 ut

2088 2947 2211 2987 eum
2238 2929 2499 3000 sapientia
2529 2928 2704 3000 potius
2726 2927 3035 2988 instrueret,
3062 2925 3276 2980 deditei
3307 2933 3506 2995 prmter
3528 2934 3695 2980 caete-

2088 3041 2145 3081 ra
2178 3025 2319 3081 hunc
2350 3024 2561 3094 pietatis
2589 3021 2836 3078 aﬂ'ectum
2864 3029 2919 3074 ut
2943 3020 3105 3075 homo
3130 3018 3404 3073 hominem
3437 3025 3673 3085 tueatur,

2088 3125 2291 3195 diligat,
2317 3122 2519 3187 foveat,
2543 3131 2839 3188 contraque
2860 3119 3038 3174 omnia
3062 3117 3297 3189 pericula
3344 3125 3400 3173 et
3435 3115 3687 3187 accipiat,

382 3208 481 3263 ιετῖ
521 3214 747 3262 illum"?
776 3206 829 3261 in
861 3206 968 3261 Vila
992 3247 1007 3272 ν
1059 3205 1309 3271 labores.
1341 3216 1395 3260 Cl
1443 3205 1714 3261 crueialus
1737 3249 1751 3271 ν
1792 3216 1848 3261 ει
1878 3206 1977 3262 mi-
2003 3214 2050 3278 C
2082 3226 2137 3271 ct
2184 3225 2401 3286 praestet
2429 3212 2712 3271 auxilium.
2748 3211 3031 3267 Summum
3063 3210 3225 3279 igitur
3255 3210 3396 3265 inter
3413 3224 3473 3264 se
3503 3207 3690 3264 homi-

379 3300 553 3355 serias
586 3306 898 3369 anteponat.
924 3296 980 3353 Si
1011 3307 1191 3353 autem
1219 3297 1391 3352 virtus
1420 3297 1502 3369 (ut
1531 3298 1599 3353 ab
1624 3297 1707 3352 his
1739 3297 1981 3353 rectissi-

378 3407 467 3448 me
482 3390 706 3464 dicitur)
742 3390 1074 3460 capessenda
1092 3398 1200 3457 est,
1223 3390 1347 3461 quia
1368 3399 1581 3445 constet
1600 3389 1665 3445 ad
1686 3405 1803 3445 eam
1833 3388 1980 3444 nasci

378 3483 697 3554 hominem,
745 3486 970 3541 subesse
1018 3484 1178 3540 debet
1227 3499 1352 3555 spes
1396 3483 1572 3554 aliqua
1622 3482 1815 3552 major,
1861 3496 1983 3551 quae

376 3577 647 3632 malorum
697 3586 752 3632 et
798 3577 1067 3642 laborum,
1126 3590 1261 3646 quos
1318 3575 1556 3645 perferre
1603 3574 1814 3629 virtutis
1872 3582 1977 3641 est,

376 3684 634 3740 magnum
684 3668 871 3725 afferat
917 3669 1340 3739 przeclarumque
1381 3668 1652 3722 solatium.
1682 3667 1792 3721 Nec
1820 3666 1981 3722 aliter

374 3762 575 3828 virtus,
606 3776 730 3817 cum
777 3777 871 3831 per
899 3776 957 3817 sc
983 3760 1118 3817 dura
1148 3761 1239 3827 sit,
1284 3760 1473 3817 haberi
1502 3775 1601 3831 pro
1628 3761 1773 3815 bono
1803 3766 1980 3830 potest

377 3868 544 3925 quam
590 3853 639 3910 si
680 3854 1025 3912 acerbitatem
1074 3867 1227 3911 suam
1283 3854 1517 3909 maximo
1569 3852 1714 3909 bono
1764 3861 1975 3922 penset.

2096 3329 2222 3367 num
2249 3309 2520 3365 vinculum
2548 3316 2633 3362 est
2663 3304 2998 3360 humanitas:
3030 3302 3173 3373 quod
3197 3303 3287 3373 qui
3312 3301 3562 3371 disrupit,
3591 3315 3691 3357 ne-

2093 3404 2255 3459 farius
2293 3411 2349 3458 et
2394 3398 2658 3471 parricida
2689 3396 3080 3452 existimandus
3110 3404 3218 3452 est.
3251 3394 3383 3449 Nam
3407 3394 3450 3449 si
3477 3394 3546 3449 ab
3580 3408 3690 3448 uno

2091 3497 2330 3561 homine,
2349 3509 2507 3565 quem
2540 3494 2679 3548 Deus
2706 3490 2883 3551 finxit,
2907 3503 3097 3544 omnes
3123 3488 3354 3552 orimur,
3381 3496 3530 3541 certe
3552 3499 3687 3539 con-

2088 3588 2365 3660 sanguinei
2409 3602 2590 3640 snmus
2621 3600 2639 3649 ;
2669 3592 2723 3638 et
2779 3582 2900 3637 ideo
2945 3580 3237 3634 maximum
3280 3579 3455 3633 scelus
3500 3584 3690 3647 putan-

2088 3684 2214 3739 dum
2257 3688 2358 3746 est,
2397 3678 2575 3734 odisse
2616 3676 2913 3739 hominem,
2942 3671 3031 3726 vel
3061 3678 3364 3726 nocentem.
3396 3668 3689 3747 Propterea

2090 3776 2232 3831 Deus
2254 3771 2509 3843 praecepit
2524 3767 2830 3823 inimicitias
2849 3781 2943 3836 per
2956 3779 3053 3818 nos
3082 3778 3353 3834 nunquam
3378 3760 3676 3829 faciendas,

2087 3880 2302 3937 semper
2330 3878 2452 3920 esse
2477 3860 2774 3926 tollendas;
2805 3857 3014 3915 scilicet
3041 3866 3098 3913 ut
3122 3871 3240 3925 eos,
3274 3855 3367 3927 qui
3391 3855 3501 3911 sint
3530 3853 3689 3912 nobis

1743 3984 2104 4045 VARIORUM
2141 3980 2372 4041 NOTAE.

450 4109 722 4182 Praecepta
765 4111 962 4182 vitalia.
1001 4111 1245 4167 Imitatur
1283 4107 1612 4182 Cyprianum
1654 4109 1721 4182 tle
1766 4106 1964 4182 ldolur.

366 4179 718 4249 vanit.,cap.
745 4183 777 4237 7
808 4202 820 4236 :
857 4181 924 4237 Ut
952 4184 1015 4236 de
1035 4200 1092 4237 eo
1131 4183 1199 4235 ad
1252 4179 1515 4251 prrecepta
1563 4179 1742 4234 vitalia
1788 4179 1972 4251 instrui

368 4248 600 4328 possent.
629 4254 705 4309 De
730 4254 921 4328 [labitu
952 4253 1125 4323 Virg.,
1159 4248 1264 4307 ed.’
1285 4250 1518 4328 Grypli._,
1543 4265 1594 4320 p.
1617 4251 1726 4306 280
1745 4269 1766 4328 :_
1792 4248 1973 4328 Domi-

366 4322 496 4382 irica
539 4335 586 4378 et
632 4326 808 4379 vitalia
859 4322 1122 4395 prmcepta
1166 4322 1403 4378 custodit.
1429 4323 1546 4377 Lib.
1580 4338 1655 4385 tv,
1685 4323 1843 4395 epist.
1885 4322 1966 4375 ὃς

365 4397 652 4467 Evangelii
677 4393 1136 4468 smicta‘prarccpta
1177 4405 1294 4451 et...
1333 4395 1578 4449 mandata
1618 4393 1867 4450 vitalia...
1896 4403 1970 4447 te-

367 4480 618 4525 neantur.
639 4468 916 4524 Bessum.

2082 4109 2200 4156 sunt
2227 4097 2352 4154 alia.
2396 4095 2531 4151 BUN.
2670 4102 2673 4103 ⁷

2155 4171 2223 4227 Ut
2248 4174 2301 4225 in
2330 4170 2477 4224 tertio
2503 4165 2674 4220 docui.
2710 4163 3038 4222 Subauditur
3067 4162 3207 4216 lihro
3228 4203 3242 4219 .
3290 4176 3448 4230 quam
3500 4176 3689 4216 vocem

2076 4244 2282 4300 addunt
2312 4243 2345 4296 4
2376 4255 2507 4294 mss.
2544 4252 2654 4291 rec.
2686 4247 2741 4291 et
2769 4235 2899 4289 edit.
2934 4236 3102 4289 'l‘orn.
3129 4248 3192 4286 ac
3214 4233 3489 4287 Soubron.

2152 4314 2272 4368 Nisi
2305 4320 2560 4382 perpetua:
2584 4309 2716 4362 vitta.
2746 4307 2781 4361 2
2803 4305 2934 4377 Reg.
2970 4319 3082 4361 rec.
3126 4312 3180 4359 et
3220 4303 3387 4357 Brun.
3432 4303 3528 4356 nisi
3570 4318 3689 4373 per-

2081 4396 2235 4457 petua
2258 4386 2382 4438 vita.

2159 4456 2373 4511 Pietate.
2418 4452 2531 4507 Hoc
2575 4450 2693 4506 loco
2731 4446 2919 4514 affectu
2965 4445 3137 4516 ﬁtiati.
3182 4445 3378 4501 Senec.
3423 4444 3458 4499 Ι.
3503 4459 3521 4499 ι
3561 4442 3689 4499 Cle.

451 4500 977 4609 33in,
999 4539 1021 4592 1
1046 4537 1283 4593 Clarom.
1308 4547 1364 4592 et
1385 4535 1578 4609 Brun.,
1598 4536 1837 4602 adempta
1863 4550 1972 4602 spe.
2001 4500 2055 4559 D
2082 4500 3117 4609 ....;..1'.',"'cf.'_isjira;tueamurﬁde:
3155 4500 3395 4581 credens,
3425 4533 3526 4571 non
3561 4517 3691 4571 libe-

455 4608 851 4681 Μονιεηιμιμιαξ
906 4612 1163 4665 timentur.
1211 4609 1350 4664 Ε(ιίιί
1392 4608 1619 4681 habent,
1666 4615 1980 4675 mortemque

366 4699 494 4756 qua:
517 4678 776 4738 timentur.
815 4682 1110 4756 Deleri-dum
1157 4698 1272 4750 que,
1313 4678 1457 4756 quod
1498 4684 1651 4756 abest
1682 4693 1708 4728 ιι
1755 4691 1886 4732 mss.
1923 4685 1980 4732 et

366 4750 594 4811 videtur
626 4764 809 4808 natum
842 4770 908 4807 ex
939 4753 1109 4807 altero
1134 4768 1268 4823 qua’,
1298 4750 1442 4821 quod
1470 4751 1731 4821 sequitur.

456 4826 587 4892 Quia
614 4835 825 4880 constet.
852 4825 943 4880 Sic
980 4819 1194 4892 reposui
1244 4819 1333 4877 εκ-
1357 4823 1527 4892 antiq.
1550 4819 1621 4877 ‘et
1664 4819 1980 4892 melioribus

367 4889 516 4954 mss.
539 4907 593 4952 et
620 4899 650 4950 7
676 4906 781 4952 vet.
808 4898 986 4952 editis.
1017 4889 1077 4950 ιιι
1108 4909 1217 4950 rec.
1259 4894 1323 4949 10
1352 4889 1568 4963 scriptis
1598 4902 1653 4948 et
1692 4894 1725 4948 8
1762 4889 1980 4947 excusis

366 4977 485 5032 est,
516 4980 730 5024 constat.

455 5040 519 5095 Si
552 5050 671 5096 sunt
699 5041 805 5094 alia
830 5040 1049 5110 majora.
1086 5037 1177 5094 Sic
1214 5036 1431 5110 restitui
1454 5050 1522 5090 ex
1551 5033 1682 5090 edit.
1713 5033 1880 5110 Turn.
1919 5047 1981 5085 ac

367 5114 579 5170 Soubr.
604 5103 925 5179 cunctisque
950 5127 1083 5166 mss.
1115 5117 1311 5182 praeter
1336 5107 1373 5161 2
1398 5107 1532 5179 Reg.
1577 5120 1688 5163 rec.
1731 5113 1787 5160 et
1819 5103 1976 5159 Cant.

367 5188 434 5244 in
461 5184 653 5252 quibus
677 5195 761 5239 est
781 5184 975 5252 aliqua.

501 5200 653 5239 uinus
677 5200 761 5239 εει
781 5200 975 5252 auqna.

455 5200 612 5310 θαηιί
647 5259 731 5309 sit.
779 5256 1083 5324 Eleganter.
1132 5250 1250 5324 Vid.
1279 5250 1318 5305 l.
1347 5264 1509 5324 titrc.
1538 5249 1593 5313 8,
1624 5264 1674 5303 c.
1708 5247 1797 5324 lg.
1830 5255 1887 5302 et
1916 5245 1983 5324 de

369 5325 529 5399 Opif.
559 5342 609 5382 c.
636 5327 689 5381 5.
722 5317 929 5382 Seneca
952 5326 1023 5399 de
1050 5323 1270 5399 Provid.
1317 5337 1368 5376 c.
1393 5321 1445 5399 _5
1472 5330 1617 5399 ερατ.
1658 5337 1672 5372 :
1699 5318 1809 5399 _IL_‘st
1856 5317 1983 5371 tanti

372 5391 603 5475 p_ér_ista
622 5399 696 5453 ire
717 5414 915 5475 casuro.
947 5398 1020 5475 De
1048 5395 1437 5475 hac_c_legantia
1465 5391 1985 5475 CiCCNll‘li‘fl'cqiligll'

375 5462 591 5528 'tissima
622 5469 768 5525 conf.
794 5468 1064 5526 Graevium
1094 5466 1160 5521 ad
1194 5467 1231 5520 Ι.
1256 5462 1287 5520 v
1316 5466 1508 5530 Attic.,
1540 5479 1628 5533 ep.
1659 5464 1752 5527 ΞΟ,
1780 5479 1831 5532 p.
1853 5462 1980 5516 542.

460 5540 540 5595 Εα
558 5559 676 5597 vero
706 5542 850 5596 nulla
876 5549 994 5595 sunt
1021 5540 1145 5595 alia.
1173 5537 1252 5593 Ita
1282 5553 1413 5594 mss.
1448 5538 1686 5609 plerique
1715 5533 1983 5609 antiquis:

374 5614 510 5687 simi
554 5625 606 5670 et
634 5614 822 5687 Optimi
854 5613 1087 5687 Bonum,
1123 5612 1255 5687 Reg.
1310 5605 1469 5687 Put.,'_
1494 5605 1619 5664 Jun.
1659 5605 1983 5687 sexquealii

374 5700 455 5743 ac
477 5675 900 5756 decem'rulgati.
930 5675 1095 5740 Cane.
1116 5692 1171 5737 et
1196 5675 1263 5739 l0
1276 5682 1604 5756 _sc_ripti_rec.
1630 5695 1751 5733 cum
1773 5676 1806 5731 5
1829 5675 1985 5756 editis

374 5756 595 5812 addunt
619 5749 798 5823 bonaf
820 5754 1005 5827 υἷες.
1038 5770 1173 5818 rec.,
1205 5756 1228 5809 1
1263 5749 1443 5817 ϐοὶϋζ,
1476 5752 1643 5827 Petit.
1665 5759 1719 5804 ct
1750 5758 1856 5803 vet.
1892 5749 1980 5827 c_t_l.

377 5829 578 5900 80111.,
595 5821 810 5900 donari
832 5821 982 5901 Reg:
995 5828 1280 5899 antiquiss.
1301 5834 1355 5885 ct
1371 5827 1404 5884 5
1424 5824 1579 5886 cdit.:
1598 5821 1676 5880 Ea
1704 5838 1819 5881 vera
1838 5821 1985 5877 nulla

2079 4615 2260 4654 rarum
2290 4596 2484 4666 pietati.
2508 4594 2639 4666 BUN.

2156 4670 2219 4723 In
2247 4658 2304 4722 eo
2335 4664 2704 4738 promerendo.
2740 4662 2905 4738 Plane
2935 4676 3052 4738 vero
3071 4702 3085 4725 ,
3114 4660 3287 4738 inquit
3312 4658 3684 4738 Heumanmts,

2081 4741 2182 4796 huc
2220 4730 2577 4808 non'quadrat
2603 4735 2805 4789 verbum
2840 4734 2958 4808 hoc.
2989 4730 3152 4808 Lege,
3178 4731 3530 4808 demerendo.
3576 4731 3688 4785 Sed

2083 4814 2283 4868 habent
2305 4803 2497 4865 omnes
2519 4806 2638 4860 libri
2661 4822 2675 4869 ;
2701 4815 2756 4860 et
2775 4803 2961 4874 quidni
2990 4803 3294 4874 quadraret
3313 4804 3475 4856 toties
3504 4804 3555 4857 in
3580 4817 3685 4874 no-

2082 4895 2196 4939 stro
2218 4883 2446 4951 aliisque
2474 4880 2543 4932 ita
2568 4873 2830 4951 _ohvium'?
2859 4874 3206 4951 Vindicamus
3228 4873 3299 4951 _ad
3317 4875 3370 4951 _l.
3403 4889 3474 4934 vr,
3501 4889 3550 4927 c.
3576 4873 3646 4951 i§
3671 4889 3684 4926 :

2088 4955 2157 5010 Ut
2183 4942 2503 5021 prontereare
2530 4949 2808 5021 viventem;
2850 4956 2903 5001 et
2946 4946 3011 5000 ad
3055 4946 3176 5021 lih_r.
3210 4943 3399 5021 de__Ira
3441 4942 3682 5021 cap.“5_':

2082 5012 2423 5092 Beneﬁciis...
2448 5038 2607 5093 genus
2629 5020 2767 5093 liam.
2789 5012 3333 5093 promereriil‘ertull.
3356 5019 3388 5067 Α
3403 5016 3562 5085 pol.c.
3580 5012 3645 5068 21
3670 5030 3681 5065 ;

2087 5085 2282 5165 Quibus
2312 5085 2698 5165 edoc5baturde
2727 5085 3060 5165 premerendo
3087 5087 3217 5165 Deo.
3242 5085 3385 5165 Euri.

2157 5167 2329 5221 Homo
2361 5164 2457 5220 Dei
2479 5152 2811 5217 simulacrum
2839 5169 2928 5214 est.
2964 5159 3217 5213 Minutius
3241 5153 3390 5208 Felix
3416 5155 3468 5207 in
3492 5152 3680 5208 Octav.

2089 5239 2239 5307 Quod
2260 5236 2587 5292 simulacrum
2630 5233 2995 5307 Deojingam?
3028 5245 3145 5283 cum
3181 5227 3225 5281 si
3259 5235 3393 5278 recte
3433 5225 3685 5280 existimes

2084 5304 2150 5366 sit
2178 5310 2271 5365 Dei
2296 5310 2447 5363 homo
2472 5308 2582 5375 ipse
2608 5304 2962 5375 simulacrum.

2159 5379 2423 5437 Cultorum
2454 5367 2571 5432 Dei.
2599 5376 2755 5431 Juxta
2786 5372 2914 5427 illud
2950 5368 3225 5438 Evangelii
3259 5385 3273 5423 :
3306 5367 3483 5424 Estote
3530 5368 3685 5424 mise-

2086 5454 2313 5509 ricordes
2340 5452 2468 5505 sicut
2492 5448 2653 5502 Pater
2673 5456 2834 5499 vester
2860 5442 3089 5494 caelestis.

2161 5523 2519 5580 Naturalibus.
2566 5521 2639 5574 De
2679 5517 2763 5571 his
2808 5513 2927 5569 vide
2973 5511 3167 5567 librum
3198 5510 3267 5569 de
3295 5511 3524 5585 Opiticio
3558 5513 3686 5582 Dei,

2088 5597 2298 5723 “iriiri”.
2327 5667 2370 5720 si
2398 5665 2458 5718 ab
2483 5678 2583 5717 uno
2604 5658 2822 5712 homine.
2846 5657 2959 5712 Act.
2981 5670 3097 5727 cap.
3120 5672 3317 5721 xvu,v.
3343 5657 3433 5711 26.
3464 5656 3677 5727 llieron.

2086 5753 2271 5801 contra
2290 5736 2526 5797 llelvitl.,
2549 5731 2736 5786 Omnes
2758 5730 2988 5784 homines
3010 5725 3071 5801 ea:
3092 5745 3190 5782 uno
3202 5740 3348 5799 patre
3363 5729 3439 5783 vel
3460 5725 3683 5783 homine.

2161 5810 2454 5869 Tollendas.
2488 5807 2673 5862 Matth.
2702 5817 2756 5873 v,
2780 5802 2910 5860 Luc.
2947 5816 3018 5871 γι,
3046 5800 3201 5858 Itoni.
3234 5816 3328 5856 xu.
