4142 6200
325 266 433 326 669

1464 266 1670 331 LIBER
1707 266 1795 336 VI.
1836 263 1927 331 DE
1966 263 2153 333 VERO
2187 265 2437 333 CULTU.

3518 276 3624 343 6Ἰο

320 392 465 453 rent,
496 383 594 442 sed
618 380 837 440 frondes
862 390 916 439 et
932 380 1153 447 herbam
1188 397 1288 457 pro
1310 381 1605 455 cubilibus,
1634 383 1924 459 speluncas
1952 383 2004 453 Α
2031 382 2133 438 tuit
2156 382 2318 456 igitur
2346 393 2661 456 utrumque,
2698 385 2819 457 quia
2850 400 2958 445 non
2986 396 3251 461 repugnat
3280 406 3293 444 :
3325 389 3420 451 sed
3445 400 3625 455 tamen

321 486 379 543 et
401 488 555 535 antra
581 490 681 549 pro
708 473 957 532 domibus
988 475 1250 542 haberent
1268 521 1282 547 ,
1312 477 1500 539 bestiis
1530 486 1585 533 et
1608 475 1926 533 fortioribus

322 570 651 629 animalibus
686 568 886 643 praedae
917 568 1084 627 fuisse
1122 578 1568 633 commemorant.
1602 569 1741 626 Tum
1782 585 1876 627 eos
1906 612 1922 640 ,

324 666 416 740 qui
445 673 536 721 aut
561 663 745 720 laniati
769 661 1073 735 eﬂugerant
1094 704 1108 731 ,
1138 672 1232 720 aut
1260 663 1449 722 laniari
1471 665 1745 741 proximos
1772 663 1926 721 vide-

320 768 474 825 rant,
529 757 838 821 admonitos
878 756 1099 830 periculi
1137 756 1221 814 sui
1263 758 1331 814 ad
1386 759 1525 817 alios
1556 759 1799 817 homines
1824 760 1922 817 de-

316 854 588 925 currisse,
618 852 931 926 praesidium
980 852 1326 925 implorasse,
1382 865 1438 911 et
1478 857 1653 927 primo
1698 857 1921 913 nutibus

316 947 654 1007 voluntatem
686 962 836 1003 suam
866 947 1232 1021 signiﬁcasse;
1264 948 1460 1004 deinde
1487 949 1924 1009 sermonisinitia

317 1050 693 1110 tentasse,ac
737 1039 965 1115 singulis
1002 1041 1301 1114 quibusque
1348 1043 1512 1100 rebus
1559 1043 1775 1099 nomina
1818 1044 1918 1098 im-

318 1133 634 1207 primendo,
690 1131 948 1207 paulatim
995 1133 1249 1208 loquendi
1315 1135 1609 1207 perfecisse
1633 1138 1918 1193 rationem.

319 1228 455 1293 Cum
486 1237 663 1287 autem
691 1243 791 1282 nec
812 1224 1213 1285 multitudinem
1256 1228 1428 1300 ipsam
1449 1228 1698 1286 viderent
1734 1239 1920 1287 contra

314 1319 522 1383 bestias
559 1333 680 1381 esse
719 1326 888 1374 tutam
911 1359 927 1386 ,
961 1316 1155 1389 oppida
1206 1317 1368 1375 etiam
1400 1320 1633 1395 etepisse
1660 1320 1872 1378 munire
1903 1339 1918 1391 ;

314 1412 408 1469 vel
439 1420 498 1467 ut
523 1411 759 1483 quietem
812 1412 989 1467 noctis
1044 1419 1215 1467 tutam
1266 1412 1369 1471 sibi
1412 1411 1690 1483 facerent,
1751 1415 1923 1477 velut

318 1507 664 1565 incursiones
701 1514 863 1589 atque
886 1506 1116 1577 impetus
1142 1507 1437 1564 bestiarum
1479 1525 1587 1565 non
1612 1511 1918 1582 pugnando,

313 1601 413 1658 sed
452 1600 677 1672 objectis
700 1600 986 1672 aggeribus
1008 1608 1278 1663 arcerent.

392 1694 438 1750 0
458 1693 673 1766 ingenia
700 1694 1012 1751 hominibus
1042 1694 1262 1767 indigna
1286 1710 1405 1767 quae
1429 1695 1529 1754 has
1546 1697 1779 1771 ineptias
1799 1714 1920 1771 pro-

2029 486 2313 553 utrumque
2333 479 2483 535 nullo
2505 479 2665 535 modo
2697 495 2881 541 verum
2906 490 2989 537 est
3021 500 3036 551 ;
3083 483 3203 555 quia
3252 498 3359 547 non
3390 500 3485 557 per
3508 502 3624 547 om,

2028 585 2149 627 nem
2182 580 2378 628 terram
2409 574 2522 631 nati
2568 582 2695 629 sunt
2721 573 2968 631 homines
3002 591 3033 637 e
3064 585 3204 635 terra
3230 617 3245 644 ,
3278 584 3534 649 tauquam
3554 594 3625 643 ex

2026 664 2274 722 draconis
2329 668 2559 739 alicujus
2606 669 2859 725 dentibus
2903 671 3302 746 proseminati(
3355 680 3412 729 ut
3451 684 3625 746 poetae

2029 757 2248 832 lerunt)
2289 760 2385 817 sed
2440 776 2577 818 unus
2623 761 2785 823 homo
2811 763 2843 819 ὸ
2874 764 2986 823 Deo
3017 764 3173 827 [ictus
3201 774 3285 823 est
3306 808 3322 833 ,
3348 767 3417 829 ab
3452 784 3625 843 eoque

2026 866 2136 908 uno
2186 853 2362 908 omnis
2413 862 2555 909 terra
2626 854 2865 911 humano
2933 872 3132 928 genere
3178 860 3440 930 completa
3502 874 3621 931 est,

2025 943 2215 1000 eadem
2259 945 2468 1001 scilicet
2497 947 2746 1027 ratione,
2799 965 2903 1023 qua
2932 965 3119 1005 rursus
3167 960 3287 1021 post
3321 952 3618 1009 diluvium:

2026 1040 2166 1110 quod
2190 1048 2337 1095 certe
2363 1055 2562 1112 negare
2592 1056 2698 1095 non
2733 1052 2977 1111 posSunt.
3008 1042 3163 1098 Nulla
3201 1045 3361 1115 igitur
3390 1047 3445 1101 in
3477 1046 3623 1116 prin-

2026 1134 2169 1204 cipio
2192 1134 2332 1190 facta
2379 1144 2463 1192 est
2513 1136 2778 1207 ejusmodi
2821 1138 3203 1208 congregatio;
3258 1154 3356 1195 nec
3385 1155 3620 1211 unquam

2027 1228 2191 1284 fuisse
2220 1227 2469 1285 homines
2510 1230 2563 1286 in
2614 1239 2792 1298 terra,
2848 1231 2939 1299 qui
2986 1222 3183 1300 printer
3208 1231 3480 1288 infantiam
3511 1248 3619 1288 non

2024 1321 2394 1393 loquerentur,
2437 1322 2704 1394 intelliget
2726 1323 2811 1378 cui
2838 1324 2976 1379 ratio
2999 1338 3108 1379 non
3133 1323 3303 1380 deest.
3333 1324 3622 1395 Fingamus

2025 1421 2204 1471 tamen
2234 1414 2325 1471 illa
2349 1430 2474 1470 vera
2502 1429 2626 1473 esse
2645 1456 2659 1480 ,
2693 1429 2815 1486 qum
2863 1415 3023 1469 otiosi
3072 1424 3128 1470 et
3152 1415 3320 1485 inepti
3349 1430 3510 1472 senes
3540 1417 3624 1471 fa-

2023 1504 2299 1572 bulantur,
2326 1515 2386 1561 ut
2433 1521 2531 1562 eos
2572 1507 2687 1562 suis
2737 1505 3075 1577 potissimum
3106 1507 3354 1564 sensibus
3408 1516 3461 1565 et
3511 1507 3623 1565 suis

2022 1597 2319 1656 rationibus
2340 1597 2675 1657 refellamus.

2094 1692 2150 1750 Si
2172 1692 2273 1750 hac
2291 1691 2359 1748 de
2379 1707 2539 1748 causa
2567 1700 2695 1749 sunt
2716 1691 2963 1761 homines
2982 1692 3314 1763 congregati,
3338 1693 3608 1749 utmutuis

312 1787 593 1845 tulerunt!
649 1787 916 1852 miseros.
947 1796 1109 1861 atque
1152 1787 1523 1856 miserabiles,
1581 1790 1676 1861 qui
1735 1792 1919 1848 stulti-
1949 1787 2237 1851 Bauxiliis
2255 1788 2850 1845 imbecillitatemsuam
2871 1794 3173 1851 tuerentur;
3198 1786 3622 1843 succurrendum

313 1870 642 1941 tiam‘suam
672 1879 865 1938 litteris
912 1881 1302 1951 memoriaeque
1329 1881 1742 1939 'mandaverunt
1776 1886 1790 1941 l
1820 1885 1923 1955 Qui

314 1988 440 2031 cum
467 1972 719 2033 viderent
786 1974 950 2030 mutis
999 1988 1216 2046 quoque
1259 1976 1581 2034 animalibus
1624 1977 1922 2049 ingenitam

315 2080 443 2123 esse
464 2066 760 2133 rationem,
795 2065 882 2123 vel
912 2067 1268 2125 conveniendi
1296 2108 1313 2136 ,
1365 2069 1451 2125 vel
1496 2069 1728 2127 invicem
1756 2086 1923 2144 appe—

314 2159 498 2226 tendi.
528 2160 613 2219 vel
659 2160 888 2232 periculi
928 2160 1206 2235 fugiendi,
1234 2164 1320 2220 vel
1366 2164 1495 2221 mali
1527 2165 1752 2225 cavendi
1786 2208 1802 2234 ,
1830 2167 1919 2225 vel

313 2252 519 2311 cubilia
546 2252 649 2311 sibi
698 2263 754 2310 et
796 2254 1019 2312 latibula
1064 2257 1326 2329 parandi;
1358 2258 1605 2317 homines
1634 2268 1811 2317 autem
1843 2262 1925 2332 ip-

321 2359 421 2402 sos
469 2344 897 2405 existimaverint
941 2362 1048 2404 non
1098 2348 1203 2404 nisi
1248 2350 1512 2420 exemplis
1559 2351 1923 2410 admonorlao

316 2438 538 2497 discere
565 2439 832 2510 potuisse,
864 2440 991 2512 quid
1034 2451 1314 2511 metuere,
1344 2443 1472 2514 quid
1528 2458 1721 2502 cavere
1748 2488 1766 2515 ,
1795 2446 1923 2518 quid

311 2530 502 2586 facere
531 2528 824 2599 deberent;
852 2542 946 2589 aut
976 2549 1250 2606 nunquam
1281 2545 1646 2594 conventuros
1697 2538 1836 2595 inter
1862 2556 1923 2598 se

311 2623 648 2704 fuisse,nec
689 2625 950 2697 loquendi
1001 2629 1264 2684 rationem
1296 2638 1646 2700 reperturas,
1697 2633 1797 2689 nisi
1823 2648 1922 2691 eos

311 2715 512 2773 bestia:
534 2716 917 2775 comedissent.
972 2719 1101 2776 Haec
1137 2720 1260 2777 aliis
1287 2720 1458 2777 delira
1502 2722 1616 2778 visa
1667 2734 1793 2781 sunt
1839 2725 1925 2798 (ut

307 2808 557 2883 fuerunt)
586 2810 953 2883 dixeruntque
982 2853 998 2882 ,
1025 2830 1131 2871 non
1170 2814 1409 2872 ferarum
1434 2817 1666 2874 laniatus
1694 2833 1917 2876 causam

307 2897 485 2957 fuisse
534 2903 807 2972 coeundi,
859 2905 957 2961 sed
1007 2906 1178 2978 ipsam
1236 2909 1412 2978 potius
1474 2910 1912 2969 humanitatem:

308 2993 499 3065 itaque
526 2994 667 3052 inter
691 3011 753 3053 se
795 3010 1152 3071 congregatos
1173 3040 1190 3068 ,
1220 3001 1363 3072 quod
1412 3012 1603 3059 natura
1638 3004 1915 3062 hominum

308 3088 627 3146 solitudinis
666 3090 916 3163 fugiens,
970 3102 1027 3150 et
1090 3097 1486 3154 communionis
1531 3114 1597 3155 ac
1640 3099 1918 3156 societatis

2027 1882 2292 1954 estigitur
2320 1882 2558 1949 homini,
2590 1882 2680 1953 qui
2710 1890 2867 1953 egeat
2896 1881 3115 1938 auxilio.
3145 1879 3279 1936 Cum
3316 1880 3458 1936 enim
3487 1895 3624 1950 prte-

2026 1977 2147 2037 sidii
2174 1991 2334 2032 causa
2372 1976 2621 2033 homines
2655 1976 2971 2032 societatem
2996 1989 3116 2031 cum
3152 1973 3460 2030 hominibus
3485 1974 3620 2031 inie-

2025 2070 2135 2127 riut
2158 2077 2214 2131 et
2239 2070 2539 2137 sanxerint,
2569 2067 2746 2125 ftedus
2779 2067 2907 2124 illud
2929 2068 3071 2124 inter
3098 2067 3343 2124 homines
3374 2067 3624 2139 aprinci-

2025 2164 2116 2235 pio
2145 2172 2297 2218 ortus
2322 2162 2405 2218 sui
2430 2162 2594 2218 ictum
2634 2170 2726 2219 aut
2749 2161 2975 2229 violare,
3007 2168 3102 2216 aut
3138 2176 3247 2218 non
3275 2175 3619 2232 conservare,

2026 2270 2296 2313 summum
2320 2253 2468 2311 nefas
2490 2255 2791 2325 putandum
2806 2264 2909 2310 est.
2934 2254 3068 2310 Nam
3095 2256 3183 2326 qui
3198 2270 3257 2311 se
3271 2268 3302 2309 a
3317 2255 3622 2326 prtestando

2024 2348 2226 2405 auxilio
2245 2357 2506 2413 removet,
2526 2349 2689 2404 etiam
2706 2348 2777 2403 ab
2800 2347 3115 2416 accipiendo
3136 2363 3196 2405 se
3222 2358 3500 2405 removeat
3525 2363 3621 2404 ne-

2024 2456 2180 2497 cesso
2206 2452 2311 2507 est;
2342 2441 2467 2512 quia
2506 2441 2703 2497 nullius
2731 2455 2895 2511 opera
2944 2439 3188 2511 indigere
3226 2454 3286 2496 se
3330 2449 3499 2511 putat,
3532 2442 3622 2511 qui

2023 2534 2179 2591 alteri
2206 2549 2357 2590 suam
2384 2534 2633 2606 denegat.
2662 2533 2799 2590 Huic
2828 2548 2977 2600 vero,
3009 2533 3099 2603 qui
3133 2548 3193 2588 se
3219 2534 3336 2603 ipse
3364 2532 3625 2590 dissociat

2022 2641 2088 2684 ac
2108 2627 2345 2684 secernit
2373 2642 2403 2683 a
2426 2642 2679 2699 corpore,
2709 2641 2817 2682 non
2844 2626 2952 2681 ritu
2984 2625 3238 2693 hominis,
3269 2625 3363 2681 sed
3387 2625 3620 2681 ferarum

2022 2735 2174 2777 more
2204 2720 2492 2776 vivendum
2520 2730 2620 2776 est.
2641 2719 2795 2789 Quod
2823 2720 2869 2775 si
2890 2719 3006 2775 fieri
3029 2734 3136 2774 non
3168 2727 3363 2788 potest,
3386 2719 3623 2775 retinen-

2022 2814 2149 2871 dum
2177 2824 2262 2871 est
2298 2815 2462 2887 igitur
2497 2815 2643 2871 omni
2703 2813 2865 2869 modo
2913 2814 3185 2869 vinculum
3217 2813 3491 2869 societatis
3516 2812 3621 2869 hu-

2021 2925 2218 2976 manae,
2248 2911 2371 2981 quia
2393 2910 2557 2965 homo
2582 2909 2699 2965 sine
2730 2907 2949 2963 homine
2972 2907 3116 2963 nullo
3145 2907 3306 2962 modo
3332 2915 3509 2976 potest
3535 2907 3621 2961 vi.

2020 3018 2171 3059 vero.
2214 3002 2468 3059 Retentio
2506 3011 2692 3058 autem
2732 3000 3005 3058 societatis
3043 3008 3127 3056 est
3163 2999 3539 3064 communitas,
3568 2999 3621 3055 id

2020 3106 2106 3152 est
2129 3096 2383 3152 auxilium
2408 3104 2686 3167 priuatare,
2711 3106 2769 3150 ut
2793 3096 3061 3166 possimus
3080 3094 3346 3165 accipere.
3374 3093 3465 3149 Sin
3490 3107 3622 3148 vero

306 3187 579 3250 appetens
603 3191 771 3238 esset.
800 3183 917 3239 Non
957 3199 1144 3255 magna
1174 3186 1312 3241 inter
1340 3201 1437 3243 eos
1456 3188 1776 3259 disceptatio
1805 3198 1909 3246 est.
1940 3201 1985 3266 ο
2019 3190 2101 3263 (ut
2124 3191 2199 3247 illi
2225 3191 2318 3247 alii
2344 3191 2644 3261 disputant)
2689 3189 3039 3245 humanitatis
3080 3189 3250 3259 ipsius
3293 3201 3452 3243 causa
3485 3186 3622 3241 facta

307 3271 594 3343 Siquidem
622 3289 800 3331 causae
850 3275 1094 3347 dispares
1137 3287 1263 3333 sunt
1289 3318 1305 3344 ,
1347 3293 1435 3334 res
1462 3280 1651 3336 eadem
1676 3289 1778 3336 est.
1808 3282 1910 3335 Po-
2014 3294 2099 3341 est
2130 3284 2411 3340 hominum
2438 3283 2809 3356 congregatio,
2846 3283 3009 3337 homo
3039 3292 3186 3337 certe
3219 3282 3492 3338 hominem
3524 3279 3620 3337 dc-

1646 3394 2006 3453 VARIORUM
2042 3397 2281 3469 NOTAE.

389 3511 994 3581 Nominaimprimendo.
1021 3510 1112 3567 Sic
1158 3511 1279 3581 lego
1327 3526 1449 3569 cum
1495 3510 1746 3568 omnibus
1777 3526 1906 3567 mss.

306 3595 368 3644 et
390 3584 479 3640 ed.
505 3583 661 3639 Rom.
684 3581 842 3640 1470.
861 3582 1193 3638 Posteriores
1212 3582 1338 3640 edd.
1366 3584 1563 3639 habent
1580 3582 1908 3653 imponendo.

389 3657 518 3711 Cum
544 3664 712 3710 autem
735 3670 823 3726 nec
865 3654 1242 3713 multitudinem
1292 3658 1480 3726 ipsam.
1536 3652 1665 3722 Nec,
1695 3656 1833 3726 quod
1858 3655 1911 3713 in

306 3730 385 3788 12
411 3742 544 3783 mss.
575 3736 628 3780 et
656 3727 688 3781 5
736 3725 893 3780 editis
951 3726 1142 3792 deest,
1201 3735 1260 3781 ut
1306 3727 1667 3781 necessarium
1702 3726 1909 3781 restitui

305 3818 379 3860 ex
412 3815 544 3855 mss.
575 3797 890 3867 Regio-Put.
916 3813 992 3863 ru,
1023 3797 1093 3852 al.
1134 3798 1328 3869 reg.,2
1352 3797 1532 3863 Colb.,
1554 3797 1740 3859 60th.,
1768 3799 1909 3863 Em.,

306 3875 546 3941 (Σίλωνι
591 3869 852 3937 Clarom.,
912 3871 983 3939 5,
1041 3878 1147 3924 vet.
1202 3870 1332 3926 edit.
1382 3869 1540 3925 Rom.
1588 3879 1644 3925 et
1673 3869 1739 3927 14
1770 3870 1910 3927 aliis.

306 3944 455 4001 Vide
478 3957 632 4001 seua.

678 4013 937 4086 Reimm“
960 4012 1198 4086 uiderint.
1227 4012 1347 4071 Non
1370 4013 1512 4069 male
1537 4056 1550 4078 ,
1580 4013 1703 4086 quia
1729 4013 1916 4086 sequi-

305 4095 405 4144 tur
426 4082 1205 4141 existimaverint.Nihilominus
1228 4087 1500 4143 recentior
1516 4086 1566 4140 in
1597 4082 1919 4150 lieiminlait

307 4160 475 4216 estin
500 4158 766 4226 plerisque
782 4156 1040 4219 correxit,
1057 4155 1295 4212 viderent.
1308 4154 1448 4213 Goth
1461 4196 1472 4209 .
1484 4200 1497 4223 ,
1512 4156 1767 4212 viderunt.
1782 4156 1914 4213 BUN.

387 4228 611 4355 gabino.
646 4242 775 4285 mss.
809 4243 918 4287 rec.
939 4226 1125 4297 60th.,
1153 4229 1189 4282 ‘2
1215 4228 1374 4300 Reg.,
1401 4229 1554 4289 Cant.
1586 4238 1640 4285 et
1663 4228 1731 4284 18
1760 4230 1918 4303 edit.,

414 4318 495 4355 ιου
522 4317 572 4355 α.

308 4302 572 4358 cubicula.

394 4373 534 4441 Quid
554 4382 790 4428 metuere.
818 4370 854 4429 2
887 4372 1018 4441 Reg.
1050 4386 1160 4427 rec.
1194 4378 1249 4424 et
1276 4370 1342 4429 18
1369 4369 1499 4427 edit.
1549 4368 1751 4426 addunt
1773 4368 1870 4426 sibi
1895 4413 1911 4439 ,

307 4446 460 4516 quod
487 4458 517 4498 a
547 4444 1005 4516 caeterisscriptis
1015 4443 1179 4516 abest
1203 4452 1257 4497 et
1286 4442 1477 4516 abesse
1502 4451 1696 4516 potest.

391 4514 728 4588 Disceptatio.
764 4511 950 4588 lilssfi
994 4515 1123 4588 lleg.
1158 4524 1266 4570 rec.
1294 4524 1355 4588 et
1381 4511 1513 4573 Jun.
1552 4511 1848 4584 disputatio.
1881 4513 1907 4569 1

309 4587 455 4654 Reg.
486 4584 596 4642 ree.
626 4596 681 4643 et
707 4587 733 4642 1
764 4584 1000 4642 Cnlbert.
1028 4585 1351 4654 discrepatio.

394 4630 757 4723 sititane
769 4630 1557 4729 armis“.vensicula...
1592 4655 1750 4729 Natat
1779 4653 1915 4729 Cad-

307 4744 497 4785 meam
529 4730 827 4785 victoriam.
871 4729 1068 4785 Fahula
1099 4727 1187 4783 est
1207 4728 1348 4793 apud
1391 4727 1636 4785 Ovidium
1671 4728 1722 4782 in
1756 4728 1915 4783 tertio

307 4800 849 4870 Metamorphoseon.
872 4800 1006 4855 Vide
1036 4798 1175 4854 infra
1206 4799 1344 4855 libro
1370 4817 1461 4865 vn,
1491 4816 1612 4871 cap.
1643 4798 1697 4855 4.

399 4869 762 4927 Proseminati.
788 4872 877 4927 Sic
893 4873 1098 4929 restitui
1118 4888 1181 4927 ex
1205 4885 1334 4926 mss.
1351 4869 1737 4940 antiquissimis
1752 4869 1913 4939 Bon.,

305 4945 347 5001 5
379 4944 545 5014 Reg”
580 4946 603 5000 1
634 4944 807 5015 Lips.,
834 4943 981 5015 Em”
1001 4942 1162 5015 Gotlr.
1200 4943 1263 5015 Et
1280 4944 1361 5015 sic
1388 4944 1667 5015 scripsisse
1688 4941 1917 5015 Lactan-

306 5018 457 5072 tium
471 5011 636 5086 ‘putat
664 5011 897 5086 Jonttnes
918 5013 1102 5070 Canci.
1135 5013 1192 5069 In
1222 5013 1258 5069 2
1277 5012 1436 5084 Reg,
1467 5011 1653 5081 Cauc.,
1675 5016 1710 5069 2
1737 5014 1913 5086 colb.,

305 5096 377 5143 et
408 5088 457 5140 in
487 5082 614 5143 edit'.
648 5087 805 5142 Rom.
838 5084 979 5142 1470
1006 5087 1198 5156 legitur
1230 5082 1585 5154 persc'niinati;
1630 5088 1682 5140 in
1716 5087 1752 5138 ‘2
1778 5082 1911 5156 Reg.

304 5173 462 5227 rec.,
488 5158 525 5212 2
555 5159 814 5224 Colbert.,
852 5159 874 5212 1
908 5157 1172 5225 Clarom.,
1194 5156 1229 5211 2
1249 5156 1422 5228 Lips.,
1449 5157 1615 5212 Bruti.
1644 5167 1698 5211 et
1727 5156 1917 5228 illex-

306 5229 471 5287 cusis
498 5231 861 5300 prwseiiiinuti;
899 5230 949 5284 in
986 5232 1006 5283 1
1041 5228 1172 5300 Reg.
1205 5227 1335 5300 rec.,
1373 5229 1400 5284 1
1436 5230 1670 5300 Clarum.
1695 5243 1759 5283 ac
1786 5227 1912 5300 lun.

306 5309 381 5358 et
408 5301 459 5355 in
491 5298 525 5356 6
561 5302 787 5370 vulgatis
812 5301 1064 5355 seminati.
1111 5298 1202 5356 Sic
1242 5298 1569 5356 adolescenti
1609 5299 1739 5356 olim
1780 5298 1917 5357 dixit

308 5371 614 5442 Diogenes,
639 5373 807 5428 ebrius
834 5382 881 5427 te
907 5373 1261 5442 proseminavit
1284 5381 1446 5440 pater.

402 5441 547 5498 Unus
579 5445 727 5498 homo
754 5461 785 5497 a
816 5441 920 5498 Deo
945 5445 1094 5513 ﬁctus
1120 5453 1210 5498 est.
1242 5442 1369 5497 Mss.
1394 5443 1430 5513 6
1475 5441 1829 5499 τθουηιίεεὶωἰ
1861 5451 1918 5503 et

309 5515 401 5571 15
421 5516 570 5583 editi,
605 5519 771 5585 [actus
800 5518 1013 5571 est.——A
1035 5515 1139 5568 Deo
1161 5515 1333 5582 ﬁctus.
1363 5512 1544 5568 Fictus
1573 5515 1755 5585 plures
1783 5529 1912 5570 mss.

306 5596 379 5658 et
405 5584 538 5643 Ven.
566 5584 724 5654 Mil,
747 5589 835 5650 7‘2,
860 5598 1084 5658 utraque
1108 5585 1419 5658 78,7Paris.,
1450 5589 1598 5655 [ictus
1618 5603 1639 5658 ;7
1663 5597 1914 5658 utsupra,

306 5655 602 5728 Hominem
638 5658 778 5713 Deus
806 5659 971 5727 ﬁnxit.
1000 5655 1169 5713 'Conf.
1201 5657 1463 5728 Epitotn.,
1496 5671 1545 5713 c.
1578 5657 1667 5724 65,
1701 5655 1819 5728 vide
1847 5656 1917 5713 ad

304 5726 449 5802 Lib:
481 5744 520 5795 ι,
545 5745 662 5802 cap.
698 5731 750 5786 1.
772 5729 928 5801 Suspe
958 5729 1041 5802 hac
1073 5744 1230 5785 voces
1253 5726 1678 5802 confunduntur.
1711 5727 1842 5802 Ben.

404 5797 628 5879 θαμίν’
644 5797 1041 5894 in(antiani._lta
1078 5799 1361 5880 emendavi
1385 5816 1453 5871 ex
1492 5800 1715 5879 cunctis
1741 5797 1913 5877 ferme

2016 3527 2149 3570 mss.
2180 3521 2235 3570 et
2261 3513 2391 3569 edit.
2420 3511 2591 3569 Torn.
2625 3528 2686 3568 ac
2712 3511 2982 3569 Soubron.
3022 3511 3073 3566 id
3123 3520 3226 3579 est,
3264 3519 3486 3580 excepta
3534 3512 3619 3569 in-

2018 3583 2186 3641 faulili
2233 3592 2390 3643 mlate
2418 3602 2431 3650 ς
2474 3583 2711 3649 Gallice,
2744 3583 2879 3655 phors
2909 3583 3205 3655 l’enfance:
3233 3583 3433 3655 melius
3457 3597 3616 3654 quam

2018 3666 2247 3727 propter,
2275 3657 2417 3726 quod
2445 3656 2643 3713 habent
2668 3656 2702 3713 '5
2735 3654 2866 3727 lieg.
2901 3650 3035 3727 reci,
3069 3654 3104 3708 2
3132 3650 3367 3727 Colb.,_l
3396 3650 3542 3727 Clar.
3566 3664 3620 3710 et

2019 3727 2088 3782 16
2115 3724 2265 3785 editi.
2295 3724 2364 3768 l—
2397 3727 2594 3782 Prwter
2616 3724 2908 3797 infantiam.
2938 3725 3061 3781 Mihi
3090 3727 3173 3779 hic
3195 3725 3375 3779 incidit
3409 3724 3621 3795 Augus-

2018 3800 2117 3855 tin.
2145 3799 2209 3854 de
2239 3797 2354 3854 Civ.
2388 3800 2477 3854 Dei
2524 3799 2621 3855 lib.
2668 3795 2776 3865 im,
2804 3814 2850 3853 c.
2880 3795 2951 3851 45
2989 3798 3060 3853 lin
3089 3797 3171 3852 :A
3209 3797 3431 3869 pueritia
3471 3798 3621 3852 homo

2016 3870 2195 3939 incipit
2225 3871 2362 3941 loqui
2408 3879 2521 3941 post
2545 3872 2853 3943 infantiam,
2885 3885 2998 3943 qua:
3044 3869 3162 3923 hinc
3211 3867 3475 3940 appellata
3510 3879 3618 3935 est,

2016 3944 2139 4013 quia
2158 3943 2260 4011 furi
2282 3960 2383 3997 non
2406 3952 2585 4013 potest.
2625 3942 2751 3998 BDN.

2096 4010 2164 4084 Ut
2196 4031 2280 4070 eos
2321 4010 2426 4069 suis
2481 4015 2798 4084 potissimum
2826 4011 3055 4068 sensibus
3098 4020 3145 4067 et
3188 4011 3296 4068 suis
3335 4010 3622 4067 rationibus

2018 4082 2334 4155 refellamus.
2361 4082 2505 4142 idem
2534 4084 2841 4141 Lactantius
2862 4085 2952 4139 lib.
2980 4101 3033 4151 v,
3059 4099 3179 4154 cap.
3207 4085 3265 4152 4,
3295 4084 3396 4139 sub
3434 4084 3618 4150 linem,

2022 4156 2127 4211 suis
2153 4159 2472 4226 potissimum
2502 4159 2815 4226 refutaretur
2842 4155 3152 4212 auctoribus.

2024 4250 2036 4287 ξ
2095 4228 2320 4285 Inierint
2343 4239 2386 4283 et
2404 4231 2682 4283 sanxerint.
2710 4227 2836 4283 Mss.
2862 4229 2895 4281 8
2916 4237 2972 4283 et
2995 4227 3030 4282 2
3053 4228 3180 4282 edit.
3201 4240 3309 4281 rec.
3325 4267 3339 4291 ,
3362 4235 3408 4281 et
3432 4242 3622 4280 sanxe-

2023 4299 2128 4353 rint
2144 4302 2306 4370 foetlus
2327 4318 2339 4353 :
2358 4301 2517 4368 illud;
2546 4297 2580 4353 5
2601 4302 2670 4353 al.
2692 4298 2880 4370 scripti
2897 4300 3011 4352 sine
3032 4297 3133 4370 ulla
3166 4298 3615 4370 interpunctione.

2096 4366 2283 4425 Ictum.
2314 4371 2404 4427 Sic
2432 4366 2636 4427 restitui
2678 4387 2745 4425 ex
2775 4366 3147 4438 antiqttiSsiino
3178 4382 3305 4421 mss.
3348 4368 3479 4438 Reg.
3516 4366 3621 4422 900

1937 4454 1992 4517 ι)
2020 4456 2213 4498 aunor.
2243 4440 2649 4517 optime._Apud
2679 4437 2995 4517 Ciceronem
3036 4455 3131 4517 pro
3157 4437 3417 4517 Sext_._2i
3440 4438 3618 4517 ,_legi-

2018 4522 2104 4568 tur
2144 4508 2356 4584 quoque
2385 4508 2558 4583 foedus
2576 4512 2763 4584 ictum;
2794 4526 2889 4584 pro
2915 4511 3129 4565 Cornel.
3157 4511 3256 4584 _‘2_l_,
3288 4510 3360 4584 3i
3383 4549 3398 4575 ,
3448 4508 3618 4584 [trdus

2015 4580 2193 4649 icisse;
2227 4580 2333 4639 eti
2372 4580 2430 4638 P.
2462 4584 2551 4644 88.
2597 4583 2761 4652 [trdus
2791 4580 2983 4652 iceras;
3029 4582 3169 4650 apud
3202 4580 3414 4652 Plizrdr.
3449 4580 3539 4636 lib.
3576 4598 3617 4647 ι,

2015 4654 2205 4710 Fabnl.
2226 4655 2316 4723 31),
2341 4657 2409 4709 de
2439 4651 2621 4709 milvio
2648 4665 2703 4710 et
2725 4651 3010 4715 columbis,
3037 4653 3137 4708 icto
3164 4651 3375 4722 findere.
3404 4652 3508 4708 Pro
3541 4652 3619 4707 ic-

2016 4736 2145 4796 tum,
2173 4743 2299 4781 mss.
2338 4725 2679 4796 Regio-PaL,
2730 4723 2764 4778 4
2810 4724 2881 4778 al.
2924 4725 3097 4795 Regii,
3127 4724 3160 4781 6
3197 4723 3530 4790 Colberliui,
3585 4724 3620 4780 2

2016 4795 2252 4854 Clarom.
2288 4795 2485 4854 habent
2513 4807 2699 4863 tutum,
2740 4804 3010 4863 corrupte,
3047 4797 3345 4852 litterarum
3370 4797 3620 4853 similitu-

2016 4870 2163 4935 dine,
2208 4870 2350 4925 uude
2395 4878 2637 4925 statutum
2669 4872 2719 4924 in
2749 4868 2895 4932 Em.,
2928 4877 3119 4923 statum
3148 4870 3197 4923 in
3226 4868 3261 4922 2
3299 4871 3429 4938 Reg.
3481 4879 3535 4925 et
3588 4870 3609 4920 1

2018 4939 2185 5012 Brun.
2210 4951 2371 5012 atque
2401 4942 2452 4996 in
2482 4940 2519 4995 2
2547 4941 2683 5011 lieg.
2716 4956 2825 4998 rec.
2862 4948 2916 4994 et
2944 4940 2994 4994 in
3024 4941 3273 5012 vulgatis,
3306 4942 3509 5012 initum.

2040 5012 2047 5017 ’
2093 5011 2263 5081 Opera
2286 5010 2554 5083 indigere.
2585 5010 2661 5067 Ita
2705 5013 2917 5083 reposui
2945 5028 3009 5066 es
3038 5011 3073 5066 5
3111 5010 3239 5067 edit.
3292 5010 3610 5083 cunctisque

2018 5078 2151 5138 mss.
2187 5094 2381 5156 praeter
2419 5078 2459 5138 Ξ).
2498 5084 2628 5155 lieg.
2663 5078 2780 5141 rec.
2809 5085 2897 5156 qui
2944 5099 3066 5139 cum
3120 5082 3188 5138 15
3218 5082 3494 5153 impressis
3538 5078 3617 5136 fe-

2017 5166 2145 5210 l‘lllll
2173 5172 2285 5210 ουε.

2091 5174 2388 5298 {fluxiore
2421 5226 2476 5282 Id
2505 5237 2610 5295 est,
2640 5244 2673 5282 a
2699 5228 2952 5283 societate.
2985 5225 3119 5298 —j-_A
3147 5237 3380 5298 corpore,
3418 5220 3470 5276 id
3508 5231 3612 5289 est,

2017 5295 2295 5357 societate.
2344 5301 2417 5354 De
2461 5298 2619 5355 Mort.
2679 5300 2853 5364 Pers.,
2906 5312 2955 5351 c.
3007 5295 3078 5349 48
3120 5314 3132 5349 :
3177 5296 3371 5365 Quia...
3414 5296 3618 5365 corpori

2018 5366 2497 5426 Christianorum...
2532 5372 2666 5426 tradi
2695 5367 2981 5439 Oportebit.
3004 5365 3200 5421 Euseb.
3231 5381 3267 5439 ΧΑ
3295 5364 3432 5439 Hist.
3460 5364 3509 5421 c.
3540 5365 3573 5421 5
3599 5384 3615 5423 :

2018 5449 2092 5520 τῷ
2116 5446 2381 5520 σωματίῳς
2410 5459 2557 5520 mox,
2578 5443 2643 5498 ad
2663 5437 2752 5520 jus
2780 5438 3010 5520 corporis
3039 5453 3231 5519 eorum,
3257 5437 3311 5520 id
3335 5447 3439 5520 est,
3468 5439 3618 5494 cccle-

2018 5509 2235 5582 si'arum,
2274 5509 2375 5570 non
2402 5509 2677 5569 hominum
2691 5509 3007 5582 singularum
3041 5510 3365 5578 pertinentia.
3405 5510 3617 5567 Seneca

2021 5586 2073 5642 1.
2104 5579 2347 5642 Clemcn.
2379 5586 2464 5642 1‘2.
2496 5583 2637 5640 Cives
2669 5593 2713 5637 et
2753 5579 2815 5634 ea:
2850 5579 3025 5634 eodem
3053 5597 3283 5649 corpore.
3317 5582 3454 5637 Plin.
3488 5584 3524 5637 l.
3560 5599 3613 5649 κ,

2020 5656 2178 5726 epist.
2212 5659 2312 5713 118
2344 5678 2355 5713 :
2386 5658 2544 5724 Quasi
2563 5671 2650 5725 per
2671 5667 3038 5726 corpo_ra,_non
3060 5652 3263 5707 viritim.
3296 5652 3427 5709 BUN.

2091 5729 2345 5789 Retentio.
2397 5723 2662 5794 Retentio,
2692 5724 2857 5796 inquit
2892 5723 3151 5782 Krebsius
3189 5725 3256 5780 de
3283 5725 3433 5797 Stylo
3459 5723 3610 5797 Lact.

2018 5815 2076 5893 ι).
2102 5799 2198 5885 26,
2242 5818 2336 5888 pro
2375 5817 2432 5864 eo
2479 5800 2614 5884 quod
2654 5794 2936 5881 retinetur,
2977 5797 3197 5881 antiquis
3223 5812 3326 5859 non
3349 5794 3426 5855 ’eu
3453 5794 3613 5878 usitqv.
