4142 6200
479 279 584 339 679

1537 265 1726 324 FIRM.
1765 256 2134 321 LACTANTII
2176 255 2380 316 DIVIN.
2422 253 2669 315 INSTIT.

3680 248 3792 307 680

479 399 711 458 cendum
739 401 824 454 est
847 393 1009 466 igitur
1032 389 1334 450 umbratico
1375 395 1431 446 et
1457 386 1776 460 imaginario
1826 396 2069 455 praeccp-
2099 380 2153 442 Α
2177 379 2318 451 quod
2345 387 2430 434 est
2470 373 2854 447 comparantis,
2896 379 2952 429 et
2999 383 3030 427 e
3068 369 3482 466 duobus-bonis
3508 367 3600 466 id,
3642 369 3789 442 quod

481 494 585 550 tori
613 508 629 558 ;
661 505 761 546 nec
789 490 857 544 ab
883 502 949 544 eo
989 487 1188 543 veritas
1217 481 1480 556 exigenda
1510 490 1611 545 est,
1645 480 1738 551 qui
1769 493 1828 534 se
1867 475 2082 534 nescire

479 586 728 641 fateatur.

550 676 900 747 Captivorum
938 669 1240 743 redemptio
1277 683 1531 741 magnum
1562 676 1723 738 atque
1753 663 2075 735 praeclarum

477 773 700 846 justitize
730 784 926 825 munus
953 779 1036 824 est
1065 785 1078 822 :
1135 765 1279 837 quod
1324 763 1466 819 idem
1507 762 1623 833 ipse
1649 759 1855 816 Tullius
1883 770 2080 827 appro-

479 865 646 922 bavit.
673 863 882 933 «Atque
896 861 1013 916 hate
1033 858 1357 929 benignitas,
1377 855 1570 926 inquit,
1593 855 1755 910 etiam
1771 850 2081 920 reipublica:

419 963 439 973 ‘
479 972 564 1015 cst
590 957 761 1021 utilis,
794 955 990 1011 redimi
1023 969 1054 1008 e
1099 951 1357 1008 servitute
1383 959 1593 1020 captos,
1642 943 1960 1017 locupletari
2002 951 2081 997 te-

481 1052 722 1109 nuiores.
753 1049 904 1104 Hanc
932 1061 1032 1118 ego
1059 1043 1506 1101 consuetudinem
1539 1038 1887 1110 benignitatis
1918 1035 2079 1105 largi—

481 1145 614 1202 tioni
646 1158 929 1198 munerum
980 1141 1138 1209 longe
1185 1147 1478 1207 antepono.
1527 1135 1654 1190 Haec
1702 1140 1784 1187 est
1835 1129 2078 1201 gravium

483 1239 784 1301 hominum,
813 1245 976 1306 atque
1002 1246 1344 1304 magnorum.
1372 1249 1390 1282 ι
1418 1229 1700 1298 Pmprium
1728 1222 2078 1294 igiturjusto-

480 1345 599 1386 rum
623 1343 758 1397 opus
787 1337 892 1392 est,
924 1325 1069 1379 alere
1101 1337 1390 1394 pauperes,
1421 1335 1484 1375 ac
1510 1319 1782 1374 redimere
1811 1315 2075 1385 captivos,

482 1435 604 1478 cum
635 1418 775 1489 apud
832 1417 1082 1486 injustos,
1130 1416 1174 1468 si
1233 1415 1321 1483 qui
1364 1412 1483 1466 hate
1534 1410 1754 1474 faciant,
1803 1419 1994 1478 graves
2025 1411 2080 1458 ct

483 1513 662 1584 magni
688 1510 1045 1581 appellentur.
1082 1508 1150 1562 lis
1182 1507 1326 1562 enim
1368 1505 1618 1560 maxima:
1670 1501 1844 1556 laudis
1872 1508 1956 1555 est
1983 1499 2079 1554 be-

483 1606 754 1669 nefacere,
784 1616 920 1672 quos
948 1614 1106 1654 nemo
1128 1598 1361 1669 speravit
1383 1611 1502 1652 esse
1529 1594 1782 1650 facturos.
1819 1591 1951 1646 Nam
1988 1591 2077 1660 qui

484 1698 683 1754 bonum
714 1693 842 1748 facit
868 1692 952 1747 vel
972 1691 1398 1761 consanguineo,
1427 1687 1510 1743 vel
1544 1689 1809 1757 proximo,
1832 1685 1915 1738 vel
1945 1684 2080 1737 ami-

2182 476 2252 530 sit
2283 473 2499 539 melius,
2529 469 2801 541 eligentis.
2834 467 2929 523 Illa
2954 467 3101 522 enim
3130 464 3350 536 largitio
3377 462 3658 520 hominum
3689 479 3784 534 pa-

2182 568 2435 622 trimonia
2465 579 2562 620 sua
2592 566 2644 618 in
2673 577 2822 618 mare
2846 560 3216 631 abjicientium
3238 559 3439 625 inanis,
3463 568 3517 614 et
3539 559 3698 623 levis,
3733 567 3788 614 et

2182 661 2250 715 ab
2289 660 2432 714 omni
2458 658 2663 728 justitia
2695 654 3054 712 remotissima
3077 663 3180 711 est.
3208 651 3398 724 Itaque
3429 666 3498 708 ne
3526 651 3636 709 dici
3659 653 3783 724 qui-

2182 753 2305 808 dem
2338 767 2561 806 munera
2589 759 2821 820 Oportet,
2865 749 2919 804 in
2958 747 3155 819 quibus
3199 761 3364 803 nemo
3409 746 3626 817 accipit,
3681 747 3788 803 nisi

2181 847 2272 916 qui
2313 843 2693 915 acciperejnon
2725 852 2984 900 meretur.

2252 938 2372 993 Non
2407 939 2581 992 minus
2609 952 2859 1008 magnum
2885 935 3106 1006 justitiae
3135 949 3270 1004 opus
3313 940 3398 990 est
3424 975 3438 1002 ,
3471 933 3708 1005 pupillos
3739 944 3794 992 et

2181 1030 2370 1086 viduas
2397 1030 2709 1096 destitutos,
2753 1038 2807 1083 et
2848 1027 3049 1083 auxilio
3079 1027 3380 1098 indigentes
3421 1027 3596 1093 tueri,
3630 1037 3794 1098 atque

2180 1123 2498 1181 defendere.
2533 1122 2684 1190 Quod
2741 1121 2877 1177 adeo
2908 1120 3177 1176 universis
3205 1120 3386 1175 divina
3414 1118 3499 1174 lex
3528 1120 3615 1174 illa
3649 1136 3792 1188 pra:-

2181 1219 2403 1284 scribit;
2427 1216 2642 1288 quando
2661 1216 2876 1286 quidem
2898 1214 3025 1270 boni
3040 1215 3239 1285 quique
3249 1213 3531 1284 judicesad
3553 1212 3794 1269 officium

2181 1327 2336 1367 suum
2364 1309 2611 1380 judicant
2641 1309 2940 1379 pertinere,
2977 1317 3034 1361 ttt
3075 1321 3170 1362 eos
3201 1307 3430 1361 naturali
3464 1304 3798 1361 humanitate

2184 1404 2429 1472 foveant,
2477 1417 2539 1458 ac
2583 1382 3080 1472 iisdem.prodesse
3129 1402 3388 1456 nitantur.
3428 1401 3625 1456 Verum
3677 1401 3797 1456 huic

2183 1511 2346 1566 opera
2394 1494 2608 1564 proprie
2654 1503 2837 1549 nostra
2883 1503 3041 1560 sunt,
3093 1493 3184 1563 qui
3232 1493 3442 1563 legem,
3489 1494 3581 1563 qui
3629 1493 3796 1548 verba

2183 1589 2352 1658 ipsius
2384 1589 2476 1644 Dei
2511 1588 2872 1658 praecipientis
2903 1586 3228 1656 accepimus.
3275 1585 3408 1640 Nam
3443 1585 3516 1639 illi
3555 1587 3803 1641 sentiunt

2184 1681 2400 1750 quidem
2432 1689 2619 1735 natura
2651 1695 2773 1736 esse
2797 1680 3003 1751 justum
3041 1680 3177 1734 tueri
3223 1693 3349 1746 eos,
3382 1681 3471 1751 qui
3504 1681 3664 1735 tutela
3707 1695 3800 1734 ca-

484 1805 548 1846 co
573 1807 588 1855 ;
617 1797 711 1842 aut
733 1787 952 1852 nullam,
982 1796 1072 1839 aut
1099 1794 1247 1840 certe
1273 1798 1380 1837 non
1404 1796 1648 1851 magnam
1672 1779 1884 1833 laudem
1909 1792 2080 1831 tnere-
2111 1785 2161 1845 B
2187 1785 2332 1831 rent:
2363 1774 2454 1829 sed
2477 1816 2492 1840 ,
2521 1790 2617 1829 cur
2645 1775 2715 1828 ita
2743 1773 2841 1840 sit,
2881 1787 2987 1827 non
3031 1772 3382 1844 perspiciunt.
3434 1773 3574 1827 Deus
3612 1773 3755 1828 enim
3779 1815 3796 1838 ,

488 1891 611 1946 tur;
643 1882 768 1951 quia
793 1881 970 1935 facere
991 1879 1170 1944 debet,
1200 1883 1377 1949 sitque
1412 1876 1604 1945 itnpius
1638 1890 1699 1929 ac
1727 1873 2080 1939 detestabilis,

487 1975 590 2032 nisi
622 1973 810 2030 fecerit
835 1972 910 2036 id,
943 1971 1083 2041 quod
1113 1971 1180 2025 ab
1207 1986 1272 2025 eo
1305 1978 1359 2024 et
1385 1977 1570 2022 natura
1605 1968 1741 2035 ipsa,
1769 1977 1820 2020 et
1852 1965 2086 2020 necessi-

486 2066 617 2123 tudo
636 2066 832 2136 exigit;
861 2073 915 2119 et
943 2065 988 2118 si
1023 2063 1170 2128 facit,
1223 2078 1326 2116 non
1361 2073 1464 2114 tam
1490 2059 1677 2131 gloriae
1707 2057 2080 2128 assequendae,

487 2175 650 2230 quam
682 2155 1120 2228 reprehensionis
1146 2153 1378 2208 vitanda:
1406 2154 1574 2223 gratia
1601 2150 1743 2205 facit.
1770 2151 1872 2218 Qui
1903 2159 2082 2204 autem

489 2252 617 2308 fecit
646 2251 840 2315 alieno,
869 2258 923 2304 et
951 2232 1154 2316 ignoui,
1182 2247 1226 2301 is
1250 2261 1377 2300 vero
1398 2245 1591 2314 digttus
1621 2251 1704 2297 est
1732 2241 1927 2307 laude;
1953 2258 2085 2310 quo-

489 2345 659 2410 niam,
690 2352 748 2397 ut
771 2341 992 2405 faceret,
1024 2339 1136 2394 sola
1163 2338 1356 2393 ductus
1384 2346 1468 2391 est
1498 2335 1850 2407 humanitate.
1883 2332 1963 2387 Ibi
1994 2348 2084 2386 er-

489 2451 558 2508 go
593 2433 798 2506 justitia
828 2441 931 2499 est,
991 2431 1080 2486 ubi
1136 2430 1202 2484 ad
1250 2427 1696 2484 benefaciendum
1750 2425 2089 2482 necessitatis

490 2527 764 2582 vinculum
782 2525 986 2580 nullum
1007 2533 1111 2580 est.
1137 2523 1253 2578 Hoc
1279 2522 1439 2594 igitur
1466 2521 1704 2576 officium
1735 2520 2082 2592 benignitatis

491 2634 561 2676 ne
598 2628 928 2688 anteponere
967 2615 1184 2688 quidem
1233 2614 1501 2687 largitioni
1546 2629 1828 2670 munerum
1876 2612 2087 2677 debuit,

2189 1871 2341 1939 cujus
2369 1876 2626 1939 perpetua
2659 1867 2943 1923 clementia
2985 1876 3061 1922 est
3090 1907 3106 1931 ,
3152 1866 3352 1921 ideirco
3387 1866 3576 1922 viduas
3619 1868 3801 1936 pupil-

2191 1962 2382 2031 losque
2412 1959 2625 2015 defendi
2651 1975 2716 2014 ac
2745 1958 2913 2014 foveri
2942 1957 3127 2027 jubet,
3170 1974 3237 2014 ne
3280 1958 3401 2028 quis
3440 1968 3687 2028 respectu
3732 1975 3801 2014 ac

2192 2055 2538 2110 miseratione
2567 2054 2846 2124 pignorum
2878 2067 3099 2108 suorum
3141 2053 3468 2120 relardetur,
3507 2054 3801 2123 quominus

2193 2156 2417 2203 mortem
2446 2162 2542 2217 pro
2564 2147 2766 2217 justitia
2797 2145 3005 2215 fideque
3033 2146 3325 2214 suscipiat;
3357 2145 3453 2200 sed
3481 2146 3801 2200 incunctan-

2193 2249 2277 2295 ter
2305 2255 2368 2294 ae
2395 2239 2606 2294 fortiter
2633 2239 2855 2304 subeat,
2885 2252 3009 2292 cum
3038 2237 3174 2292 sciat
3202 2252 3260 2292 se
3299 2250 3457 2291 caros
3506 2251 3634 2292 suos
3688 2237 3802 2292 Deo

2193 2334 2531 2404 relinquere,
2565 2348 2664 2388 nec
2712 2332 2794 2386 Itis
2837 2346 3072 2400 unquam
3114 2330 3422 2400 prazsidium
3466 2329 3802 2386 defuturum.

2193 2425 2392 2497 ngros
2431 2439 2664 2496 quoque,
2711 2423 2903 2495 quibus
2929 2421 3159 2478 defuerit
3191 2423 3281 2493 qui
3313 2421 3558 2486 assistat,
3605 2437 3806 2477 curan-

2193 2517 2290 2572 dos
2319 2516 2686 2587 fovendosque
2721 2517 3028 2585 suscipere,
3086 2529 3314 2570 summae
3366 2514 3717 2570 humanitatis
3747 2523 3807 2570 et

2193 2626 2402 2681 inagnte
2432 2608 2760 2680 operationis
2787 2617 2898 2664 est:
2932 2606 3074 2679 quod
3101 2607 3192 2679 qui
3221 2609 3436 2678 fecerit,
3465 2610 3641 2664 vivam
3673 2608 3810 2664 hos—

1813 2749 2177 2807 VARIORUM
2214 2748 2447 2805 NOTAE.

520 2944 552 2971 δ
574 2893 865 2971 Umbijatico
894 2890 1211 2971 praeceptori.
1246 2891 1351 2971 Per
1369 2889 1544 2971 lusum
1569 2903 1691 2971 eum
1711 2897 1868 2971 vocat
1884 2888 2092 2971 umbra-

499 2961 676 3035 (Teum,
708 2961 919 3056 dixerjat
939 2961 1082 3020 enim
1105 2963 1174 3018 ad
1196 2965 1428 3017 umbram
1444 2963 1815 3056 imagigemque
1827 2961 2086 3032 justitin
2121 2990 2166 3056 C

495 3031 747 3112 prwcepta
768 3055 819 3112 se
840 3037 1002 3112 dare._
1082 3107 1093 3112 _
1246 3106 1258 3112 Δ
1529 3031 1562 3112 ς
1602 3031 1734 3087 BDN.

568 3102 732 3181 Atque
757 3110 863 3163 lucc
889 3107 1193 3181 benignitas.
1225 3106 1386 3181 Atque
1414 3107 1718 3181 restitutum
1751 3119 1815 3158 ex
1844 3102 2094 3158 omnibus

497 3174 712 3238 mssfet
741 3181 771 3232 7
801 3187 908 3233 vet.
941 3174 1064 3232 edit.
1086 3179 1300 3230 caneris
1321 3185 1424 3242 est,
1459 3174 1660 3243 Itaque.

569 3251 854 3320 Pauperes.
883 3248 1020 3304 Tob.
1055 3263 1128 3320 tv,
1153 3247 1359 3320 Ecclcs.
1394 3263 1465 3320 tv,
1499 3245 1686 3320 Matth.
1715 3261 1840 3300 xxv.

570 3323 647 3376 Iis
669 3317 801 3378 enim
828 3321 1066 3374 maximae
1089 3319 1257 3373 laudis
1277 3329 1372 3373 est.
1398 3319 1422 3372 1
1461 3333 1562 3372 ms.
1590 3317 1724 3388 Reg.
1754 3317 1951 3387 antiq.,
1986 3332 2096 3369 ma-

497 3397 652 3451 ximis
685 3394 848 3457 laudi,
883 3406 978 3446 nec
1001 3392 1156 3445 male.
1199 3389 1332 3444 Bort.
2089 3419 2104 3434 .

575 3467 713 3534 Quos
748 3481 894 3518 nemo
921 3463 1142 3532 speravit
1183 3477 1290 3534 esse
1317 3465 1566 3533 facturos.
1597 3459 1841 3534 Davisius
1863 3458 2092 3534 ad__c.‘_l.

500 3529 690 3602 tentat,
722 3536 875 3600 Queis
903 3529 1049 3588 nemo
1089 3529 1443 3602 speravit‘esse
1469 3536 1718 3603 facturos.
1752 3531 1872 3586 Non
1906 3529 2095 3601 displi-

498 3620 604 3676 cet,
637 3608 728 3662 sed
749 3608 864 3661 sine
889 3606 1037 3660 libris
1064 3621 1166 3658 non
1192 3605 1509 3676 recepimus,
1679 3605 1809 3658 BDN.

577 3673 701 3734 Non
727 3676 1215 3749 magnamtaudem.
1245 3675 1339 3749 Hic
1361 3675 1599 3749 alludere
1624 3673 2094 3749 videttt_r_Lactar_t_-

504 3753 611 3806 tius
635 3752 699 3804 ad
730 3743 856 3804 illud
879 3748 1096 3803 verbum
1126 3748 1458 3802 Dominicum
1489 3746 1676 3801 Matth.
1705 3763 1762 3810 v,
1792 3745 1894 3800 46:
1931 3745 1992 3799 Si
2018 3743 2097 3795 di-

502 3824 726 3877 [emeritis
747 3838 830 3875 eos
858 3821 943 3890 qui
970 3835 1056 3871 vos
1084 3819 1322 3890 diligunt,
1343 3835 1498 3890 quam
1517 3818 1797 3890 mercedem
1816 3815 2100 3870 habebitis?

583 3888 904 3945 Patrimonia
937 3906 1050 3941 sua.
1084 3888 1188 3944 Hie
1218 3898 1432 3944 notatur
1461 3888 1668 3954 Crates,
1699 3889 1765 3943 de
1795 3905 1899 3958 quo
1939 3903 2099 3957 supra

507 3963 646 4020 libro
672 3979 752 4028 ιιι,
776 3977 875 4028 cap
899 3960 991 4015 25.

577 4033 968 4104 Abjicientium.
1029 4029 1211 4101 Copia:
1263 4046 1422 4104 causa
1460 4030 1570 4104 _hic
1612 4028 1758 4104 dixit
1789 4029 2097 4104 ,Aabjicere.

507 4099 736 4175 Capit-1
772 4122 784 4156 :
821 4099 1142 4156 Patrimonia
1163 4101 1587 4175 _sua_e/[undere;
1611 4101 1770 4175 infra,
1815 4099 1879 4175 In
1907 4117 1986 4153 res
2009 4117 2100 4175 su-

505 4171 783 4250 pervacuas
813 4175 1095 4250 prodigere
1115 4190 1142 4250 ;_
1161 4172 1394 4250 Ibid:_1n
1414 4184 1548 4227 terra
1574 4172 1804 4250 sepelire.
1837 4171 2096 4250 papulgz

504 4241 905 4317 insuper-vacua
929 4241 1259 4315 impendere.
1282 4244 1428 4300 Voce
1446 4241 1670 4314 cognata
1693 4241 1803 4299 Cic.
1837 4244 1876 4317 l.
1906 4259 1945 4298 tt
1969 4241 2098 4317 Ofl‘.,

506 4338 555 4377 c.
591 4316 688 4374 i7:
721 4318 972 4373 Periclem
996 4317 1317 4388 vituperat...
1339 4318 1425 4387 qui
1455 4327 1650 4370 tantum
1675 4316 1942 4384 pecuniam
1974 4316 2097 4370 in...

507 4392 770 4463 propytam
792 4390 1103 4463 conjecerit.

579 4457 768 4516 Divina
794 4457 905 4516 lex.‘
925 4459 1095 4515 Exod.
1127 4475 1240 4515 xxn
1260 4501 1275 4526 ,
1328 4459 1446 4515 Job.
1473 4474 1602 4514 χχιχ
1628 4467 1682 4513 et
1707 4473 1859 4524 xxxi,
1905 4457 2104 4513 Psalm.

509 4549 679 4596 van,
707 4533 857 4588 Eccl.
886 4533 958 4599 iv,
981 4531 1162 4587 Jacobi
1193 4549 1230 4586 ι.
1259 4530 1721 4586 Commendantur
1746 4529 1930 4600 pupilli
1953 4540 2008 4584 et
2033 4530 2108 4582 vi-

511 4607 632 4658 dua:
661 4606 713 4658 in
747 4605 929 4658 mttltis
961 4603 1226 4657 Davidicis
1257 4602 1501 4656 Psalmis.
1536 4601 1722 4658 Esaias
1751 4617 1869 4670 cap.
1905 4616 1936 4653 x
1958 4644 1970 4665 ,
2006 4617 2107 4655 nu-

511 4677 657 4732 mine
687 4674 870 4729 divino
899 4673 1141 4737 afflatus,
1190 4674 1458 4728 invehitur
1498 4673 1550 4728 in
1590 4673 1921 4743 legislatores
1945 4714 1958 4737 ,
1993 4674 2110 4728 sive

511 4745 901 4821 νομοφύλακαςῖ
955 4759 1184 4821 quorum
1240 4745 1558 4821 negligentia
1592 4785 1606 4810 ,
1662 4743 2111 4821 sive_iniquitat_e

513 4815 676 4888 atque
717 4818 935 4871 avaritia
979 4816 1169 4877 fiebat,
1217 4825 1276 4870 ιιι
1319 4816 1504 4888 pupilli
1555 4827 1715 4886 atque
1759 4815 1932 4888 vidua;
1981 4816 2111 4884 ipsis

514 4885 668 4960 quasi
719 4888 898 4958 praada
944 4899 1366 4955 exrtonerentur.
1407 4887 1519 4940 Duo
1551 4885 1675 4940 sunt
1713 4885 1852 4960 apud
1893 4885 2113 4960 Cicero-

516 4958 640 5017 nem
686 4961 960 5030 injustitize
999 4973 1196 5030 genera
1224 4980 1236 5013 :
1272 4975 1466 5024 nnutn,
1499 4974 1683 5013 eorum
1715 4960 1805 5026 qui
1838 4958 2111 5023 inferunt;

515 5029 779 5098 alterum,
816 5029 1124 5100 eorum’qui
1157 5030 1226 5084 ab
1268 5030 1333 5084 iis
1379 5030 1572 5100 quibus
1602 5029 1850 5094 infertur,
1895 5035 1938 5083 si
1987 5045 2112 5097 pos-

517 5107 653 5171 sint,
689 5120 795 5160 tton
828 5102 1144 5174 propulsant
1170 5101 1444 5164 iniuriam.
1481 5101 1644 5171 Iniqui
1677 5111 1853 5174 autem
1880 5101 2112 5174 judices,

517 5193 624 5232 non
658 5172 838 5232 modo
864 5172 968 5231 non
1003 5175 1319 5244 pr0pulsant
1359 5188 1386 5225 a
1433 5174 1647 5244 pupillis
1678 5182 1732 5226 et
1763 5173 1936 5226 viduis
1976 5172 2116 5242 inju-

517 5250 687 5303 riam:
717 5248 812 5303 sed
841 5243 1014 5303 etiam
1039 5243 1168 5316 ipsis
1187 5287 1203 5312 ,
1231 5260 1367 5315 quos
1397 5243 1687 5300 defendere
1715 5244 1998 5312 deberent,
2029 5259 2118 5298 vc-

517 5320 612 5374 luti
644 5321 837 5388 praeda:
865 5318 1090 5372 inhiant.
1115 5318 1434 5372 BETULEIUS.

593 5389 724 5444 Boni
753 5391 934 5459 quique
961 5389 1187 5454 iudices,
1221 5403 1327 5444 etc.
1372 5389 1486 5443 Non
1528 5388 1614 5445 hic
1655 5398 1968 5457 parentum,
2013 5402 2117 5441 non

523 5470 872 5530 patronorum
895 5502 910 5528 ,
957 5478 1059 5514 non
1093 5461 1419 5516 fiduciariam
1455 5463 1674 5516 tutelam
1708 5459 1987 5528 intelligit;
2021 5473 2122 5514 nec

519 5546 646 5587 eam
671 5546 794 5600 qua:
826 5533 943 5600 lege
975 5531 1324 5587 Hebraeorum
1356 5533 1534 5587 divina
1554 5575 1567 5600 ,
1597 5533 1884 5587 commissa
1923 5530 2121 5600 judici-

521 5603 625 5659 bus
649 5612 704 5657 et
731 5604 1061 5672 magistratui
1090 5601 1221 5657 fuit:
1248 5604 1343 5658 sed
1371 5620 1489 5659 eam
1510 5646 1523 5668 ,
1553 5619 1673 5673 quae
1697 5603 1817 5669 jure
1845 5602 2121 5656 Romano-

522 5691 644 5732 rum
674 5675 818 5730 civili
852 5674 969 5744 lege
998 5673 1184 5728 Attilia
1219 5675 1399 5744 (unde
1433 5677 1594 5730 etiam
1631 5673 1873 5728 Attiliani
1915 5682 2122 5744 tutores

523 5746 863 5815 dicebantur,
895 5743 1033 5816 quos
1059 5743 1266 5802 Praeter
1294 5745 1534 5802 urbanus
1562 5745 1694 5802 dare
1722 5743 2123 5819 consueverat)

2196 2886 2314 2960 lege
2340 2886 2470 2960 item
2496 2885 2635 2960 Julia
2653 2893 2722 2960 et
2737 2885 2884 2960 _'l‘itia
2917 2885 3177 2960 dabatur:
3198 2901 3318 2960 Aqua
3346 2886 3416 2944 de
3439 2903 3500 2944 re
3526 2888 3648 2960 lege
3678 2904 3803 2960 cap.

2198 2958 2271 3013 ΞΟ
2303 2959 2423 3012 libri
2459 2959 2616 3026 primi
2651 2959 2702 3012 in
2736 2957 3170 3014 lnstitutionibus
3197 2957 3606 3028 lmperialibusi
3638 2957 3810 3018 Justi-

2199 3032 2392 3085 nianus
2422 3030 2580 3097 igitur
2607 3030 2707 3084 hoc
2733 3030 2952 3084 nomine
2980 3030 3107 3084 mihi
3137 3030 3620 3099 reprehendendus
3649 3035 3806 3090 vitle—

2197 3099 2476 3174 tur,quod
2509 3101 2709 3174 pupillo
2737 3116 2797 3156 ea
2828 3101 3138 3174 conditione
3170 3113 3402 3174 tutorem
3433 3104 3550 3158 dari
3583 3106 3804 3174 publice

2191 3173 2382 3244 jussit,
2413 3173 2471 3244 si
2523 3172 2805 3227 facultates
2841 3171 2960 3242 ejus
3001 3173 3068 3226 ad
3111 3173 3431 3243 quingentos
3470 3171 3674 3230 solidos
3708 3192 3804 3230 va-

2197 3243 2363 3300 leant.
2395 3243 2558 3312 Quasi
2588 3259 2718 3298 vero
2751 3244 2983 3314 pupillus
3027 3258 3134 3297 non
3173 3247 3390 3314 gravius
3434 3248 3798 3314 periclitetur,

2198 3317 2289 3386 qui
2323 3314 2390 3388 de
2422 3317 2580 3370 unius
2597 3315 2752 3388 solidi
2773 3329 2981 3369 summa
3007 3315 3060 3369 in
3089 3317 3386 3384 periculum
3410 3321 3609 3383 veniat,
3634 3335 3798 3388 quam

2197 3388 2285 3458 qui
2304 3386 2371 3441 de
2387 3397 2626 3442 centum.
2651 3387 2834 3457 Itaque
2861 3401 3047 3441 verum
3076 3402 3198 3442 csse
3223 3400 3469 3458 apparet,
3499 3386 3802 3458 quad—Lac-

2199 3458 2399 3532 tantius
2422 3460 2503 3532 ait
2533 3459 2651 3532 illos
2690 3473 2807 3532 no_t_t
2829 3459 3204 3532 perspexisse,
3255 3474 3354 3513 cur
3385 3470 3592 3516 tutores
3623 3463 3801 3532 pupil-

2200 3529 2269 3584 lis
2317 3531 2434 3584 dari
2469 3530 2721 3585 debeant.
2750 3529 3100 3597 Vituperandi
3130 3541 3412 3599 propterea
3435 3533 3598 3588 etiam
3623 3529 3803 3589 nostri

2199 3601 2556 3671 municipales
2579 3617 2755 3657 ntores
2778 3603 3132 3670 sunt,quibus
3163 3600 3483 3659 habentibus
3521 3604 3807 3660 dumtaxat

2201 3681 2406 3727 tutores
2431 3672 2650 3748 dantur,
2680 3683 2735 3728 et
2766 3687 2882 3748 non
2901 3673 3079 3748 potius
3111 3673 3289 3742 inopia
3317 3676 3622 3748 Oppressis:
3650 3677 3806 3748 quasi

2201 3759 2330 3800 vero
2356 3759 2472 3810 eos,
2503 3746 2592 3814 qui
2617 3745 2784 3799 semel
2816 3745 2999 3799 miseri
3028 3759 3148 3798 esse
3175 3757 3491 3816 coeperunt,
3523 3747 3590 3801 ad
3621 3745 3807 3803 extre-

2201 3831 2349 3870 mum
2384 3830 2552 3886 usque
2583 3818 2809 3886 miseros
2836 3830 2957 3870 esse
2985 3823 3250 3886 oporteat.
3285 3818 3606 3874 BETULEIUS.

2279 3887 2346 3942 Ut
2369 3903 2454 3941 eos
2477 3887 2719 3960 naturali
2730 3888 3046 3960 humanitate
3067 3894 3290 3960 foveant.
3319 3889 3394 3943 Ita
3419 3891 3810 3960 quatnplttrimi

2203 3972 2334 4032 mss.
2384 3967 2438 4012 et
2476 3974 2671 4032 otnnes
2699 3958 3108 4032 fereiimpressi.
3144 3959 3200 4014 ln
3240 3959 3276 4012 9.
3306 3958 3540 4025 Bonam,
3581 3961 3616 4013 5
3643 3963 3809 4032 Reg.,

2202 4031 2366 4105 _Cauc.
2389 4038 2444 4084 et
2466 4031 2528 4084 Η
2558 4031 2676 4105 aliis
2693 4072 2707 4097 ,
2737 4039 2790 4083 ut
2815 4031 2892 4084 his
2913 4071 2925 4084 .
2951 4071 2962 4084 .
2988 4071 3000 4083 .
3024 4035 3245 4102 faveant.
3270 4032 3378 4088 Sed
3402 4034 3626 4088 verbum
3650 4031 3815 4105 foueri

2203 4101 2339 4156 intra
2367 4111 2451 4155 est
2475 4101 2665 4156 eodem
2692 4116 2878 4160 sensu.

2281 4171 2498 4242 Proprie
2541 4182 2715 4246 nostra
2751 4185 2896 4246 sunt.
2929 4171 3395 4246 Goth.'etRom.,
3428 4176 3666 4246 prapria.
3698 4175 3815 4233 Sed

2205 4245 2366 4300 etiam
2396 4254 2610 4314 recepta
2641 4243 2799 4298 lectio
2827 4245 2966 4299 bona
2994 4254 3048 4299 et
3073 4244 3358 4302 laudanda.
3383 4243 3578 4302 Cicero
3605 4247 3699 4303 lib.
3734 4265 3814 4312 Ix,

2207 4332 2292 4386 ep.
2322 4317 2410 4382 15,
2435 4315 2500 4370 ad
2531 4317 2765 4370 Paetum:
2795 4316 2946 4384 Quod
2968 4325 3021 4368 tu
3046 4317 3155 4386 ipse
3177 4327 3280 4370 tant
3306 4319 3559 4372 amandus
3584 4335 3658 4382 es,
3685 4330 3818 4373 tam-

2130 4379 2182 4438 D
2208 4379 2304 4462 que
2328 4379 2514 4452 dulcis,
2539 4397 2743 4462 tamque
2761 4379 2835 4441 in'
2848 4388 2984 4442 onmi
3007 4379 3188 4458 genere
3201 4390 3494 4459 jucundus,
3517 4391 3572 4443 id
3599 4379 3670 4445 est
3698 4407 3820 4462 pro-

2212 4458 2322 4530 prie
2347 4469 2506 4513 tuum.
2535 4458 2700 4515 CELL.

2284 4531 2484 4586 Nostra
2525 4541 2677 4593 sunt,
2721 4531 2809 4601 qui
2855 4531 3032 4601 legem.
3082 4529 3209 4586 Haec
3248 4531 3356 4587 duo
3384 4533 3572 4588 ultima
3603 4532 3770 4589 verba
3800 4575 3818 4600 ,

2211 4620 2332 4674 qua:
2365 4605 2416 4656 in
2451 4603 2725 4657 nonnullis
2754 4601 2911 4657 editis
2949 4604 3180 4669 desunt,
3229 4604 3410 4660 addidi
3451 4621 3521 4660 ex
3561 4604 3822 4659 omnibus

2213 4673 2345 4730 mss.
2394 4683 2448 4729 et
2493 4674 2758 4746 plurimis_
2783 4673 3086 4744 impressis.
3141 4674 3218 4730 De
3263 4676 3346 4731 his
3391 4677 3648 4746 operibus
3695 4678 3822 4732 vide

2213 4747 2429 4801 Denter.
2460 4761 2635 4809 xxvtt,
2661 4754 2716 4799 et
2738 4743 2888 4799 Isaiae
2917 4763 2954 4802 ι.

2286 4816 2502 4883 Defendi
2531 4831 2590 4869 ac
2621 4816 2779 4887 foveri
2797 4817 2964 4887 jubet.
2993 4817 3124 4874 Mss.
3153 4818 3219 4872 12
3246 4833 3358 4875 rec.
3383 4829 3436 4874 ct
3462 4820 3494 4873 fi
3523 4828 3630 4874 vet.
3661 4820 3818 4886 editi,

2214 4904 2312 4960 pro
2347 4889 2536 4960 foveri,
2563 4888 2774 4960 habent
2804 4891 2968 4953 tueri,
3007 4888 3148 4959 quod
3196 4906 3319 4945 mox
3367 4893 3676 4959 prmccssit:
3724 4893 3821 4946 sed

2215 4957 2356 5015 male
2379 4958 2462 5032 (ut
2488 4957 2703 5033 opinor)
2729 4961 2952 5033 verbum
2979 4957 3212 5033 activum
3230 5005 3245 5027 ,
3275 4957 3375 5019 seu
3398 4963 3678 5032 deponens
3701 4963 3826 5033 jun-

2215 5034 2359 5106 gitur
2390 5030 2511 5106 cum
2541 5030 2785 5106 passivo:
2828 5032 2882 5086 in
2917 5033 2950 5088 6
2976 5031 3110 5103 Reg.
3144 5030 3537 5104 antiquioribus
3567 5030 3825 5106 aliisque,

2219 5114 2272 5159 et
2299 5103 2351 5174 in
2382 5103 2470 5167 10,
2504 5103 2720 5174 excusis
2749 5111 2834 5158 est
2863 5105 3043 5174 foveri.

2294 5173 2598 5245 Pignorum.
2629 5172 3157 5248 f’ignora'ponuntur
3179 5192 3276 5247 pro
3305 5177 3513 5233 liberis.
3535 5208 3604 5217 —
3629 5177 3830 5248 Pigno-

2219 5263 2335 5300 rum
2367 5244 2594 5318 suorum.
2627 5244 2932 5318 Aliquoties
2959 5244 3265 5318 Cyprianus
3294 5249 3362 5303 de
3393 5265 3557 5317 opere
3587 5260 3644 5305 et
3679 5244 3832 5306 elec-

2221 5317 2478 5392 m_os.ued.
2509 5316 2688 5392 Oxon.
2785 5317 2925 5372 905:
2961 5316 3244 5372 Multorum
3274 5316 3542 5392 pignorum
3573 5333 3718 5391 pater
3741 5365 3756 5386 ,
3777 5363 3790 5374 .
3816 5366 3827 5376 .

2222 5388 2420 5471 alendis
2467 5389 2874 5471 sustinendisque
2924 5392 3218 5462 pignoribus
3241 5432 3252 5445 .
3275 5388 3288 5445 ζ
3314 5388 3446 5471 ἶφιᾳ
3476 5388 3698 5462 amplior
3726 5433 3741 5446 .
3772 5436 3785 5447 .
3815 5432 3831 5448 .

2223 5461 2494 5532 pignorum
2523 5461 2674 5532 copia
2699 5499 2712 5512 .
2737 5501 2750 5515 .
2777 5502 2790 5516 .
2813 5461 3080 5532 pignorum
3113 5481 3368 5517 numerus.
3403 5465 3534 5519 lius.

2299 5531 2490 5598 Quibus
2514 5531 2729 5602 defuerit
2754 5533 2839 5601 qui
2865 5531 3088 5588 assistat.
3122 5535 3248 5589 Mss.
3273 5535 3422 5603 Jun.,
3447 5538 3478 5590 5
3501 5537 3747 5592 (Jolbert.
3779 5549 3839 5594 et

2225 5602 2259 5657 5
2284 5605 2440 5677 edit.,
2469 5605 2650 5674 quibus
2677 5604 2931 5673 defuerint
2955 5606 3326 5677 quiiassistant.

2299 5673 2508 5749 Magna:
2550 5677 2860 5745 operationis
2898 5673 2990 5731 est.
3039 5676 3096 5733 In
3143 5678 3539 5749 Psychomaclt.
3586 5695 3640 5734 ν.
3682 5679 3828 5736 575:

2228 5747 2471 5802 Avaritia:
2497 5749 2785 5819 opponitur
2813 5751 3057 5823 operatio
3079 5794 3093 5818 ,
3128 5747 3227 5807 ubi
3249 5751 3318 5810 ab
3347 5751 3510 5820 Aldo,
3541 5754 3697 5820 Ant.,
3729 5753 3841 5815 Ne.
