4142 6200
317 238 421 295 (581

1493 241 1822 299 LIBER'VI.
1869 239 1957 299 DE
1998 238 2186 300 VERO
2222 241 2477 300 CULTU.

3537 247 3641 305 682

318 355 449 417 tiam
475 351 589 408 Deo
617 353 890 423 acquiret;
917 360 975 411 et
999 355 1143 426 quod
1172 356 1327 414 alteri
1352 355 1560 415 dederit
1585 359 1653 415 ad
1681 368 1921 431 tempus,
1949 360 2004 422 Α
2028 360 2169 432 apud
2199 360 2446 416 homines
2473 359 2612 416 bene
2641 363 2695 415 et
2725 357 2959 415 humane
2989 359 3108 416 ﬁeri
3136 358 3372 418 videtur.
3404 361 3636 420 Animus

320 448 440 518 ipse
469 462 498 500 a
528 445 640 501 Deo
667 445 894 514 accipiet
920 447 972 502 in
1001 459 1283 506 aeternum.
1306 451 1564 508 Ultimum
1588 453 1719 508 illud
1745 462 1800 508 et
1820 469 1934 509 ma-

318 542 524 598 ximum
555 539 769 610 pietatis
793 541 1029 598 oflicium
1062 552 1174 610 est,
1217 547 1624 615 peregrinorum
1651 556 1707 602 et
1735 562 1932 618 paupe.

318 651 440 692 rum
466 635 744 705 sepultura
769 650 784 689 :
810 635 952 705 quod
982 635 1057 690 illi
1087 637 1302 693 virtutis
1325 637 1655 709 iustitiaeque
1681 638 1932 695 doctores

319 742 544 798 prorsus
573 743 682 783 non
719 729 1034 799 attigerunt.
1069 729 1178 786 Nec
1209 730 1352 786 enim
1394 740 1644 801 poterant
1687 731 1739 785 id
1777 730 1931 786 vide-

319 836 401 887 re,
425 821 517 892 qui
544 821 777 877 utilitate
805 825 984 879 omnia
1016 822 1192 878 ofﬁcia
1223 823 1600 879 metiebantur.
1634 824 1693 878 In
1721 823 1933 879 caueris

318 915 488 980 enim,
515 929 636 983 qua:
664 928 826 983 supra
857 913 996 969 dicta
1028 924 1185 982 sunt,
1213 915 1458 985 quamvis
1486 931 1670 971 verum
1703 915 1931 971 limitem

322 1022 429 1062 non
459 1005 771 1067 tenuerint;
806 1013 984 1061 tamen
1005 1046 1020 1072 ,
1051 1006 1307 1076 quoniam
1340 1007 1606 1062 commodi
1635 1007 1836 1077 aliquid
1878 1008 1930 1062 in

320 1097 408 1153 his
433 1096 936 1167 deprehenderunt,
960 1098 1109 1167 quasi
1138 1097 1305 1154 odore
1327 1099 1557 1170 quodam
1583 1100 1824 1154 veritatis
1846 1114 1933 1155 re-

325 1190 456 1245 tenti
477 1231 493 1257 ,
527 1189 749 1259 pr0pius
776 1188 1129 1244 aberrarunt:
1164 1190 1267 1244 hoc
1292 1200 1471 1245 autem
1493 1231 1508 1256 ,
1537 1191 1661 1260 quia
1690 1192 1823 1246 nihil
1856 1193 1932 1245 vi-

323 1282 456 1337 dere
481 1282 536 1336 in
560 1296 625 1338 eo
649 1280 917 1336 commodi
946 1291 1224 1351 poterant,
1254 1283 1607 1354 reliquerunt.

400 1375 538 1442 Quin
568 1374 724 1430 etiam
753 1389 862 1429 non
893 1372 1210 1440 defuerunt,
1243 1374 1334 1445 qui
1363 1389 1820 1445 supervacaneam
1855 1376 1934 1431 fa-

322 1476 516 1524 cerent
545 1467 914 1536 sepulturam;
948 1466 1192 1536 nihilque
1235 1481 1355 1522 esse
1385 1467 1625 1524 dicerent
1658 1469 1819 1534 mali,
1847 1468 1932 1539 ja-

323 1575 448 1616 cere
472 1559 807 1614 inhumalum
831 1566 994 1628 atque
1013 1558 1316 1626 abjectum:
1342 1574 1570 1628 quorum
1597 1559 1815 1629 impiam
1844 1574 1934 1615 sa-

331 1653 586 1725 pientiam
613 1693 628 1719 ,
663 1667 784 1708 cum
818 1667 980 1708 omne
1012 1652 1305 1707 humanum
1335 1667 1506 1722 genus
1535 1654 1746 1724 reSpuit
1769 1694 1785 1720 ,
1819 1661 1932 1708 tum

2036 455 2179 508 enim
2209 454 2490 524 quazritur,
2521 461 2574 508 et
2605 454 2938 523 propositum
2969 452 3318 524 ponderatur.
3353 454 3474 510 Non
3505 474 3638 528 ergo

2035 547 2318 616 patiemur,
2354 545 2580 614 ﬁguram
2607 553 2663 600 et
2690 545 3003 616 ﬁgmentum
3035 546 3127 600 Dei
3157 546 3286 602 feris
3317 562 3383 604 ae
3412 550 3647 606 volucri-

2035 639 2136 696 bus
2163 640 2216 694 in
2249 639 2482 710 praedam
2513 639 2726 710 jacere:
2758 642 2854 695 sed
2882 640 3173 696 reddemus
3204 641 3256 696 id
3285 651 3468 709 terrae,
3502 643 3646 702 unde

2035 743 2212 790 ortum
2239 743 2355 800 est;
2385 741 2438 789 et
2465 733 2714 804 quamvis
2743 734 2794 788 in
2826 733 3046 790 homine
3087 735 3272 806 ignoto
3305 738 3646 793 necessario-

2036 839 2155 879 rum
2185 839 2380 879 munus
2407 824 2754 894 implebimus
2774 865 2787 890 ,
2818 826 2870 880 in
2899 841 3128 896 quorum
3155 826 3333 882 locum
3355 871 3370 894 ,
3401 829 3526 898 quia
3555 830 3624 886 de

2035 925 2196 983 sunt,
2228 917 2484 973 succedat
2511 917 2848 982 humanitas,
2881 926 2937 973 et
2964 919 3288 990 ubicumque
3320 923 3481 978 homo
3508 923 3652 980 desi-

2037 1008 2336 1076 derabitur,
2382 1008 2453 1063 ibi
2496 1009 2636 1079 exigi
2680 1008 2916 1064 ofﬁcium
2951 1021 3198 1066 nostrum
3231 1012 3558 1082 putabimus.
3594 1014 3653 1070 In

2037 1115 2144 1170 quo
2165 1108 2345 1154 autem
2371 1100 2540 1169 magis
2563 1099 2789 1170 justitia:
2820 1100 2958 1154 ratio
2985 1102 3270 1166 consistit,
3298 1120 3455 1174 quam
3482 1104 3534 1158 in
3562 1118 3652 1186 eo,

2036 1199 2094 1245 ut
2122 1191 2264 1262 quod
2299 1201 2624 1262 prmstamus
2654 1193 2856 1247 nostris
2885 1207 2982 1262 per
3012 1193 3261 1248 allectum
3288 1238 3301 1262 ,
3333 1205 3658 1265 praestemus

2037 1283 2230 1337 alienis
2255 1297 2352 1352 per
2395 1283 2782 1338 humanitatem
2808 1300 2821 1345 ;
2851 1299 2970 1352 quae
2998 1293 3079 1338 est
3111 1285 3281 1338 multo
3319 1289 3520 1342 certior
3541 1291 3656 1357 jus-

2039 1374 2298 1444 tiorque?
2344 1374 2472 1441 Quae
2517 1390 2639 1428 cum
2676 1376 2764 1437 lit,
2805 1373 2919 1444 jam
2951 1389 3058 1428 non
3094 1375 3295 1429 homini
3346 1386 3654 1445 praestatur,

2041 1467 2130 1535 qui
2160 1465 2300 1519 nihil
2329 1466 2524 1531 sentit;
2557 1465 2651 1519 sed
2686 1466 2793 1519 Deo
2822 1465 2957 1529 soli,
2993 1465 3076 1519 cui
3109 1466 3448 1522 earisSimum
3482 1470 3657 1524 sacri-

2038 1556 2226 1612 ﬁcium
2248 1565 2332 1612 est
2353 1571 2488 1626 Opus
2516 1557 2743 1625 justum.
2773 1555 2922 1609 Dicet
2948 1555 3142 1626 aliquis
3164 1558 3428 1614 fortasse:
3457 1560 3512 1616 Si
3541 1560 3659 1616 haec

2038 1649 2222 1704 omnia
2252 1648 2458 1713 fecero,
2493 1649 2622 1702 nihil
2657 1648 2886 1702 habebo.
2938 1647 3076 1714 Quid
3108 1649 3250 1703 enim
3275 1691 3289 1714 ,
3337 1652 3381 1705 si
3431 1667 3659 1722 magnus

330 1744 527 1800 divina:
552 1759 712 1799 voces
733 1785 748 1809 ,
778 1759 898 1814 qua:
921 1743 972 1798 id
1001 1743 1114 1798 ﬁeri
1135 1742 1345 1813 jubent.
1378 1744 1573 1799 Verum
1601 1745 1677 1800 illi
1707 1760 1816 1801 non
1841 1762 1937 1801 au-
1965 1754 2013 1814 Β
2041 1739 2322 1796 hominum
2355 1755 2612 1794 numerus
2647 1741 2860 1810 egebit,
2893 1740 3099 1810 algebit
3125 1782 3138 1804 ,
3172 1742 3435 1810 capietur,
3463 1745 3661 1802 morie-

328 1839 459 1894 dent
479 1837 686 1903 dicere,
711 1835 763 1891 id
788 1852 894 1891 non
923 1851 1046 1892 esse
1068 1834 1408 1891 faciendum:
1439 1835 1564 1902 sed,
1589 1837 1634 1891 si
1660 1837 1803 1893 forte
1831 1852 1938 1892 non

336 1932 456 1998 ﬁat,
487 1931 619 1986 nihil
659 1944 782 1986 esse
829 1928 1177 1985 incommodi.
1214 1928 1398 2000 Itaque
1430 1929 1482 1984 in
1515 1945 1576 1984 ea
1604 1945 1663 1985 re
1693 1946 1798 1985 non
1832 1941 1938 1987 tam

335 2022 804 2093 prmcipientium,
849 2037 1010 2092 quam
1054 2021 1449 2075 consolantium
1495 2021 1789 2092 funguntur
1817 2022 1941 2077 ofﬁ-

341 2116 452 2182 cio,
475 2126 534 2169 ut
557 2116 600 2169 si
629 2113 766 2168 forte
795 2113 847 2168 id
876 2113 1106 2183 sapienti
1133 2114 1406 2180 evenerit,
1435 2129 1504 2168 ne
1532 2129 1591 2168 se
1618 2115 1688 2169 ob
1715 2116 1816 2169 hoc
1841 2115 1940 2169 mi-

332 2225 517 2264 serum
551 2215 721 2281 pntet.
755 2206 866 2261 Nos
893 2215 1071 2261 autem
1105 2221 1210 2260 non
1241 2205 1366 2276 quid
1397 2206 1624 2275 sapienti
1657 2206 1938 2262 ferendum

341 2305 412 2358 sit
440 2303 702 2358 dicimus:
732 2301 826 2356 sed
857 2300 982 2370 quid
1016 2299 1194 2355 facere
1226 2300 1340 2369 ipse
1370 2299 1584 2355 debeat.
1616 2299 1801 2371 Itaque
1832 2315 1940 2357 non

331 2395 624 2465 quaerimus
672 2409 818 2448 nunc
870 2403 1123 2447 utrumne
1178 2401 1287 2446 tota
1341 2391 1640 2461 sepeliendi
1682 2395 1822 2447 ratio
1872 2393 1942 2448 sit

330 2489 485 2542 utilis
502 2529 519 2552 ,1
540 2501 738 2542 necne:
766 2485 860 2540 sed
889 2484 1026 2551 haec,
1056 2484 1265 2538 etiamsi
1294 2484 1363 2537 sit
1391 2483 1566 2539 inanis
1591 2483 1674 2553 (ut
1699 2483 1776 2538 illi
1801 2485 1943 2541 exis-

331 2578 568 2651 timant),
603 2589 786 2634 tamen
814 2577 1054 2633 facienda
1082 2586 1199 2646 est,
1227 2577 1312 2632 vel
1341 2576 1411 2632 ob
1436 2576 1539 2632 hoc
1567 2577 1763 2644 solum,
1795 2578 1940 2649 quod

2047 1842 2155 1901 tur,
2190 1844 2244 1887 ut
2278 1832 2395 1887 haec
2436 1834 2721 1886 facientem
2755 1831 2841 1886 vel
2886 1847 2992 1885 uno
3036 1832 3127 1886 die
3183 1834 3508 1902 patrimonio
3539 1837 3664 1892 exui

2042 1927 2114 1983 sit
2143 1939 2401 1989 necesse,
2437 1924 2731 1993 perdamne
2778 1939 2893 1978 rem
2941 1923 3296 1992 familiarem,
3348 1942 3508 1990 meo,
3554 1937 3648 1983 aut

2044 2019 2310 2088 majorum
2344 2017 2530 2072 labore
2559 2018 2838 2086 qnmsitam
2860 2061 2875 2084 ,
2923 2025 2981 2071 ut
3026 2017 3138 2087 jam
3170 2018 3274 2089 ipsi
3322 2019 3452 2074 mihi
3482 2021 3661 2078 aliena

2043 2110 2413 2167 misericordia
2445 2109 2731 2164 vivendum
2773 2109 2882 2164 sit?

2114 2205 2252 2273 Quid
2277 2215 2332 2260 tu
2355 2215 2460 2259 tam
2485 2205 2679 2274 pusillo
2695 2204 2876 2258 anin‘io
2897 2213 3265 2275 paupertatem
3287 2206 3478 2262 times?
3500 2225 3663 2280 quam

2045 2300 2207 2356 etiam
2237 2299 2400 2354 vestri
2427 2297 2734 2368 philosoi‘ihi
2766 2297 3016 2352 laudant:
3051 2299 3183 2354 nihil
3212 2299 3313 2355 hac
3344 2303 3541 2370 tutius,
3577 2305 3661 2359 ni-

2045 2393 2226 2465 hilque
2266 2393 2600 2464 tranquillius
2640 2407 2760 2446 esse
2800 2402 3087 2447 testantur.
3133 2394 3246 2448 I'loc
3286 2399 3427 2464 quod
3464 2397 3656 2466 times,

2047 2485 2466 2542 sollicitudinum
2498 2490 2688 2554 portus
2714 2493 2816 2538 est.
2849 2483 2933 2537 An
2962 2484 3199 2553 ignoras,
3223 2497 3352 2555 quot
3383 2489 3658 2558 periculis,

2047 2589 2178 2652 quot
2221 2579 2435 2636 casibus
2481 2593 2604 2635 cum
2644 2577 2727 2632 his
2770 2577 2925 2632 malis
2972 2578 3162 2647 opibus
3190 2578 3502 2649 subjaceas?
3530 2581 3664 2649 Quae

1706 2713 2071 2775 VARIORUM
2098 2717 2332 2775 ΝΟΤᾹΞ.
2355 2763 2362 2774 ,

330 2828 596 2886 brissensi
623 2835 677 2883 et
701 2827 800 2883 Ge.
830 2825 1078 2881 Fabricio
1104 2825 1267 2880 simili
1294 2825 1472 2896 glossa
1486 2824 1782 2896 miseratio,
1815 2841 1944 2880 con-

331 2911 418 2957 tra
452 2900 610 2954 ﬁdem
642 2906 940 2953 mss.‘teste
969 2897 1273 2968 Rusweydo
1303 2908 1356 2951 et
1385 2896 1448 2951 N.
1481 2895 1733 2963 Heinsio,
1769 2897 1943 2953 fuerat

331 2972 650 3028 subornata.
681 2969 910 3039 Egregie
935 2969 1260 3023 Prudentius
1285 2983 1333 3022 c.
1362 2968 1400 3022 l.

2051 2837 2106 2884 et
2133 2828 2326 2891 Brun.,
2353 2842 2742 2898 supervacuam.
2786 2826 2932 2891 Enn,
2958 2841 3392 2896 supervacaneam
3419 2830 3664 2888 dixerunt

2050 2917 2159 2955 esse
2199 2897 2534 2970 sepulturam.
2581 2897 2833 2970 Inutilem
2872 2912 3035 2970 porro
3080 2899 3410 2970 sepulturam
3457 2903 3665 2970 opinati

2051 2981 2178 3026 sunt
2208 2971 2474 3044 Diogenes
2497 2967 3111 3044 (ἷγρίριεε,ΔΜεξηξυρηεθηΔ
3131 2969 3450 3026 Theodorus
3491 2967 3662 3044 Cyre-

414 3030 806 3111 Peregrinarum
825 3030 896 3111 fet
937 3055 1217 3111 pauperum
1257 3039 1541 3111 sepultura.
1591 3038 1740 3092 Illud
1784 3041 1953 3094 maxi-
1981 3041 2024 3104 C
2060 3057 2242 3097 naeus:
2271 3030 2340 3096 de
2367 3030 2562 3109 quibus
2585 3030 3152 3111 LudovicusAVi'vesin
3180 3030 3572 3099 commentario
3598 3045 3667 3101 ad

333 3130 477 3168 mum
508 3110 608 3183 (ut
636 3121 793 3165 vocat
820 3110 1174 3183 Lactantius)
1221 3110 1424 3183 pietatis
1464 3111 1693 3183 ofﬁcium
1724 3111 1776 3163 in
1811 3128 1956 3176 pere-

379 3180 603 3238 rinorum
635 3193 682 3236 et
713 3198 993 3252 pauperum
1021 3182 1304 3252 sepultura.
1331 3180 1619 3249 Sepultura
1639 3224 1652 3246 ,
1685 3197 1772 3235 res
1801 3197 1954 3236 saera

363 3257 442 3309 'uit
467 3269 698 3323 semper.
732 3251 917 3307 Achab
947 3262 1097 3306 tanto
1126 3251 1390 3323 infelicior
1418 3252 1630 3305 habitus
1656 3252 1777 3315 fuit,
1810 3254 1952 3320 quod

334 3322 620 3397 sepultura
647 3323 918 3397 caruerit;
951 3332 1004 3376 et
1029 3322 1238 3378 Joakim
1261 3365 1274 3388 ,
1305 3323 1444 3397 quod
1476 3323 1951 3397 asinisepulcrum

331 3393 563 3454 sortitus
607 3396 789 3450 fuerit.
822 3394 1006 3456 Isaias.
1048 3410 1166 3464 cup.
1205 3409 1279 3458 iv,
1311 3394 1440 3464 Regi
1475 3393 1762 3464 Babylonis
1805 3393 1945 3447 omi-

333 3479 536 3524 natur.
558 3468 731 3537 ipsum
767 3465 834 3518 de
881 3463 1129 3537 sepulcro
1177 3480 1276 3537 suo
1293 3463 1661 3537 abiiciendnm
1692 3466 1950 3537 esse._A_n

333 3533 777 3595 Christianorum
811 3536 1132 3604 corporibus
1162 3534 1398 3602 officiat,
1431 3536 1475 3589 si
1507 3533 1781 3588 inhumata
1814 3535 1952 3601 abji-

332 3613 575 3673 ciantur,
623 3609 863 3676 disputat
907 3609 964 3661 ὃ.
1006 3608 1232 3676 August.
1275 3605 1367 3660 lib.
1412 3621 1429 3659 ι
1476 3606 1543 3659 de
1581 3606 1812 3660 Civitate
1854 3605 1952 3660 Dei

333 3697 464 3751 cap.
503 3679 571 3735 I2
597 3687 652 3733 et
683 3675 770 3734 13.
810 3675 964 3751 Nunc
993 3675 1154 3751 etiam
1189 3677 1458 3751 vulgatum
1489 3684 1571 3732 est
1595 3688 1703 3751 ,_ut
1733 3691 1953 3751 magno-

334 3747 466 3808 rum
513 3760 774 3805 scelerum
823 3750 898 3802 rei
951 3749 1224 3816 sepultura
1279 3748 1570 3816 priventur.
1628 3747 1699 3802 De
1751 3747 1950 3815 pietate

335 3825 491 3879 circa
508 3823 834 3890 sepulturam
858 3819 938 3874 sic
963 3815 1039 3872 ait
1059 3819 1275 3872 Servius
1297 3820 1350 3872 in
1375 3818 1467 3873 lib.
1494 3832 1544 3871 vt
1563 3817 1781 3890 Eneid.
1809 3835 1822 3871 :
1850 3815 1951 3883 Qui

335 3895 414 3948 de
439 3889 637 3964 pietatis
665 3891 931 3964 generibus
971 3891 1283 3964 scripserunt
1303 3891 1564 3964 ,__in_quit,
1609 3889 1949 3964 primumdu-

335 3958 461 4020 cum
486 3965 537 4017 in
564 3958 828 4033 sepultura
853 3978 960 4016 esse
985 3960 1269 4015 voluerunt.
1306 3959 1454 4033 Unde
1479 3977 1593 4014 cum
1610 3958 1950 4033 pontiﬁcibus

338 4037 494 4104 nefas
538 4029 664 4088 esset
706 4032 922 4086 cadauer
952 4033 1148 4096 uidere,
1179 4032 1340 4100 magis
1371 4043 1539 4104 tanien
1567 4029 1711 4101 nefas
1739 4031 1835 4096 fuit
1856 4071 1871 4094 ,
1906 4029 1950 4082 si

337 4103 511 4161 visum
540 4105 852 4173 insepultum
873 4105 1234 4173 relinquerent.
1271 4103 1342 4157 De
1364 4103 1637 4168 sepultura
1667 4116 1830 4173 porro
1854 4115 1948 4173 ex-

336 4176 580 4233 hibenda
625 4171 1025 4244 benignissime
1056 4174 1315 4244 impendit
1353 4171 1685 4228 cathedralis
1722 4171 1948 4227 ecclesia

341 4247 676 4302 Viennensis
709 4242 773 4298 in'
794 4242 1143 4313 Delphinatu.’
1164 4242 1216 4299 Si
1241 4245 1360 4313 quis
1381 4247 1522 4298 enim
1557 4244 1871 4314 peregrinus
1893 4250 1950 4295 et

339 4334 552 4391 pauper
571 4315 794 4391 Vienna!
822 4327 1088 4391 :egro‘tans
1106 4356 1122 4380 ,
1151 4315 1346 4391 divinis
1372 4318 1622 4391 [tinnitus
1639 4328 1948 4391 sacramen-

340 4385 538 4477 i‘isiin
570 4388 762 4477 mortis
787 4385 1015 4477 articulo
1055 4385 1359 4477 requisierit
1412 4385 1624 4466 humari
1652 4387 1716 4477 in
1761 4386 1946 4477 catlie-
1970 4418 2022 4477 Β

338 4462 520 4517 dralis
546 4459 789 4514 ecclesiae
823 4460 1164 4522 cmiueterio,
1198 4457 1338 4525 quod
1365 4470 1445 4510 εει
1475 4455 1738 4526 in,medio
1766 4455 1944 4507 claus-

343 4533 456 4596 tri,
483 4539 728 4585 mortuus
755 4539 911 4583 terra:
938 4528 1008 4582 ibi
1035 4527 1336 4592 mandatur,
1368 4525 1703 4596 pnISantibus
1727 4538 1944 4596 campa-

336 4594 459 4665 nis,
493 4603 631 4655 sicut
653 4601 704 4654 in
725 4599 972 4654 canonici
993 4598 1256 4669 exequiis.
1287 4594 1434 4652 Illius
1463 4595 1666 4669 funeris
1691 4594 1944 4669 exequias

336 4681 771 4746 prosequuntur,
802 4685 906 4724 non
932 4671 1103 4746 solum
1120 4666 1377 4746 canonici
1400 4680 1454 4723 et
1493 4667 1732 4746 ejusdem
1774 4666 1946 4746 cccle-

335 4737 448 4801 ὲίίε
473 4737 676 4808 elei-ns,
704 4757 891 4797 verum
919 4744 1080 4795 etiam
1106 4737 1542 4810 archiepiscopus
1571 4741 1683 4808 ipse
1701 4780 1716 4804 ,
1749 4737 1791 4810 si
1824 4748 1947 4791 tunc

331 4819 422 4872 sit
455 4818 504 4868 in
539 4815 704 4879 urbe,
738 4811 1166 4883 przecedentibus
1195 4808 1353 4883 cruce
1391 4808 1458 4866 et,
1487 4808 1822 4866 candelabris
1863 4822 1950 4861 ar-

329 4885 594 4960 geuteis;
620 4882 1252 4960 iiqueatuplumlacinnt
1275 4882 1453 4960 fun_ns.

434 4956 620 5011 Omnia
649 4951 832 5025 ofﬁcia.
864 4951 989 5008 Mss.
1017 4953 1093 5025 712
1136 4968 1245 5007 rec.
1276 4962 1329 5007 et
1356 4955 1387 5007 7
1418 4952 1547 5007 edit.
1572 4951 1794 5025 addunt
1833 4965 1946 5003 sua.

337 5029 558 5085 Verum
603 5022 866 5081 Gel—larius
911 5036 967 5080 et
990 5024 1336 5092 Heumannus
1379 5032 1524 5079 recte
1563 5022 1806 5093 judicant
1846 5035 1952 5075 non

328 5097 662 5158 addendum
690 5112 811 5152 esse
838 5112 952 5150 sua.

431 5169 661 5234 Propius
699 5168 1018 5222 aberrarunt.
1061 5167 1138 5223 Ita
1178 5182 1308 5222 mss.
1351 5167 1385 5222 5
1424 5165 1555 5235 Reg.
1597 5176 1822 5234 quorum
1851 5159 1957 5216 duo

326 5251 486 5300 sont
510 5238 896 5308 antiquissimi,
926 5240 951 5294 I
977 5237 1155 5299 Colb..
1181 5239 1217 5293 2
1235 5238 1496 5300 Clarom.,
1520 5237 1557 5288 2
1579 5237 1740 5291 Brnn.
1770 5242 1828 5308 ut
1851 5245 1959 5286 non

331 5327 472 5370 tam
501 5307 658 5380 longe
685 5327 714 5364 a
744 5320 886 5364 recta
917 5312 995 5363 via
1028 5310 1247 5365 fuerint.
1274 5311 1388 5380 Hoc
1417 5309 1531 5361 vult
1556 5307 1815 5380 particula
1839 5319 1963 5380 pro-

328 5387 511 5458 pius,
557 5376 1052 5458 iuqnit_Walcliins,
1083 5377 1286 5458 5_R_eg.‘
1309 5396 1445 5458 rec_.,
1477 5381 1512 5433 5
1538 5376 1958 5458 Cpibertlla‘m.

327 5451 412 5514 ἐι
460 5453 494 5508 8
531 5453 660 5508 edit.
704 5453 1094 5516 oberraverunt;
1125 5455 1150 5507 1
1183 5454 1314 5523 Reg.
1336 5494 1350 5515 ,
1381 5453 1503 5506 .Iun.
1525 5451 1687 5523 ,_Pal.
1708 5493 1722 5516 ,
1755 5451 1789 5503 2
1819 5451 1963 5515 Lips.

325 5528 763 5589 aberraverunt;
792 5526 824 5579 5
848 5523 1002 5594 Reg.,
1029 5524 1064 5577 2
1084 5521 1315 5589 Colb.,d
1343 5524 1514 5592 Lips.,
1544 5521 1698 5577 Cant.
1725 5532 1778 5578 et
1798 5523 1832 5574 2
1856 5532 1964 5578 vet.

295 5597 499 5658 -edit.
529 5595 687 5649 Rom.
718 5597 1043 5649 aberrarunt.
1077 5595 1230 5663 Quod
1256 5597 1476 5650 verbum
1507 5595 1853 5650 lleumannus
1879 5611 1967 5651 re-

326 5669 510 5729 ctius
541 5674 689 5734 putat
716 5682 874 5734 quam
906 5667 1135 5722 aliorum
1168 5667 1541 5721 oberraverunt.

449 5735 893 5806 Supervacaneum
914 5741 1137 5809 facerent
1157 5738 1489 5808 sepulturam.
1524 5739 1551 5794 1
1578 5737 1737 5808 Reg.,
1763 5738 1790 5793 1
1816 5735 1970 5795 Colb.

943 5832 1217 5893 Pauor.
1251 5829 1360 5893 VI.

2057 3115 2113 3170 S.
2147 3113 2502 3183 Augustinum
2531 3113 2599 3166 de
2624 3111 2850 3183 Civitate
2881 3109 2998 3163 Dei.

2128 3180 2483 3238 Iuliumatum.
2510 3183 2564 3237 Id
2595 3191 2710 3246 est,
2743 3182 2858 3234 sine
2889 3180 3184 3249 sepultura.

2126 3255 2331 3310 Divina:
2351 3271 2514 3307 voces.
2541 3252 2673 3307 Item
2696 3252 2790 3323 lib.
2810 3268 2888 3316 tv,
2920 3267 3037 3320 cap.
3060 3250 3151 3318 26,
3187 3252 3462 3323 Scriptura
3482 3272 3657 3311 sacra.

2129 3325 2250 3380 Non
2293 3343 2410 3394 ergo
2454 3326 2728 3396 patiemur.
2773 3322 2877 3396 Sic
2911 3323 3118 3396 restitui
3164 3338 3227 3376 ex
3275 3322 3666 3396 antiquissimis

2056 3413 2186 3452 is.
2217 3396 2252 3448 2
2274 3391 2505 3455 Bonon.,
2536 3395 2569 3450 8
2597 3394 2754 3463 Reg.
2785 3391 2818 3445 5
2839 3392 2992 3446 Coll).
3025 3392 3282 3463 aliisque,
3317 3408 3367 3451 et
3397 3391 3461 3450 ed
3493 3397 3658 3452 Torn.

2054 3465 2111 3522 In
2140 3468 2175 3520 2
2196 3468 2329 3536 Reg.
2361 3481 2470 3520 rec.
2504 3475 2560 3537 et
2589 3467 2614 3518 I
2641 3463 2792 3537 Colb.
2823 3478 2887 3517 ac
2916 3465 3192 3537 impressis
3219 3477 3302 3518 est
3327 3467 3481 3537 enim,
3513 3469 3659 3537 quod

2053 3553 2174 3592 mox
2203 3533 2500 3606 praecessit.
2525 3535 2594 3590 At
2618 3536 2961 3589 Ilenmannus
2984 3533 3094 3588 vult
3117 3535 3278 3588 etiam
3304 3536 3475 3592 deleri
3497 3533 3654 3606 enim,

2052 3619 2106 3664 et
2137 3605 2243 3677 legi
2273 3623 2390 3677 ergo
2420 3607 2557 3660 sicut
2590 3621 2690 3660 nos
2721 3605 2968 3677 legimus.

2125 3675 2232 3733 Sed
2274 3675 2544 3731 reddemus
2581 3677 2635 3729 id
2675 3686 2841 3748 terrm.
2885 3675 2959 3729 Ita
2994 3675 3299 3748 restitutum
3333 3692 3396 3732 ex
3429 3678 3463 3732 4
3497 3679 3653 3748 Reg.,

2052 3749 2086 3803 4
2113 3748 2291 3814 Colb.,
2325 3749 2470 3811 Em.,
2503 3748 2682 3811 Cant.,
2713 3746 2844 3800 Pen.
2879 3762 2942 3801 ac
2977 3748 3044 3801 IO
3071 3746 3262 3819 editis;
3295 3759 3346 3801 et
3377 3746 3661 3819 sequenlia

2053 3821 2356 3890 postulant,
2407 3820 3036 3890 necessarioruntmunus
3083 3817 3421 3887 implebimus.
3458 3817 3532 3874 ’In
3585 3822 3651 3877 11

2053 3888 2183 3947 inss.
2217 3902 2272 3945 et
2302 3890 2336 3945 6
2365 3890 2578 3945 excusis
2607 3899 2709 3951 est.
2745 3888 2835 3942 scd
2856 3888 3150 3941 reddamus.

2127 3962 2371 4030 Quamvis
2419 3964 2474 4014 in
2523 3961 2725 4013 nomine
2772 3960 2968 4028 ignoto,
3021 3968 3124 4013 etc.
3182 3957 3305 4014 Hrcc
3357 3961 3655 4029 perfectum

2052 4029 2273 4088 omnino
2304 4031 2534 4086 reddunt
2572 4045 2828 4095 sensum;
2860 4042 2913 4083 et
2943 4030 3021 4102 si_c
3053 4029 3242 4102 lerunt
3261 4045 3389 4085 mss.
3423 4033 3458 4086 2
3491 4032 3652 4102 Bon.,

2049 4104 2215 4159 Cauc.
2245 4113 2299 4158 et
2324 4103 2359 4155 2
2388 4103 2517 4172 Reg.
2549 4101 2942 4171 antiquissimi,
2967 4099 3102 4155 Tax.
3126 4111 3178 4154 et
3199 4101 3388 4154 Mal‘lll.
3423 4119 3451 4155 a
3483 4099 3654 4172 prima

2052 4191 2234 4230 manu.
2265 4174 2367 4228 Alii
2399 4186 2507 4227 tum
2541 4188 2671 4227 mss.
2708 4182 2816 4226 tum
2849 4172 2977 4224 editi
3020 4173 3166 4224 varie
3208 4172 3486 4238 inserunt,
3530 4191 3652 4242 qua:

2051 4257 2110 4300 ut
2139 4248 2466 4316 glossemata
2516 4259 2581 4297 ex
2615 4258 2716 4316 ora
2762 4243 2885 4316 libri
2918 4243 2970 4294 in
3005 4251 3203 4316 textum
3238 4243 3521 4316 irrepsisse
3554 4245 3654 4316 _vi-

2050 4312 2265 4381 den'tnr,
2291 4316 2520 4384 ideoque
2547 4313 2728 4379 rejeci.
2762 4312 2890 4384 Pust
2919 4312 3341 4384 necessariorum,
3368 4313 3441 4384 197
3459 4314 3648 4382 scripti

2051 4404 2192 4449 rec.,
2225 4388 2356 4442 edit.
2389 4381 2560 4438 2_vet.
2593 4384 2750 4437 Rom.
2773 4423 2788 4449 ,
2820 4382 3027 4436 Juntar.
3055 4425 3075 4454 ,ν
3114 4381 3391 4454 Ρίιιζῐιριειδη
3415 4381 3641 4454 Gymu.,

2047 4459 2115 4512 Is.
2140 4458 2365 4517 addunt,
2390 4454 2703 4524 sepulturam
2725 4455 2854 4506 nulli
2876 4453 3182 4522 negandum.
3213 4452 3338 4506 Mss.
3369 4452 3647 4522 sequendo

2047 4529 2394 4583 Hemnannus
2437 4541 2590 4594 teque
2631 4539 2694 4578 ac
2723 4538 2821 4578 nos
2849 4539 2970 4577 cum
3002 4524 3224 4578 doctiss.
3266 4524 3497 4579 Cellario
3529 4526 3644 4582 haec

2048 4601 2147 4654 tria
2179 4599 2340 4653 verba
2363 4595 2629 4652 eradenda
2653 4610 2773 4650 esse
2789 4604 2968 4663 putat:
3001 4603 3073 4655 at.
3101 4595 3291 4663 inquit,
3326 4606 3471 4651 recte
3500 4596 3647 4652 ’I‘tio-

2049 4671 2250 4725 masius
2279 4684 2340 4723 ea
2370 4667 2551 4720 omisit
2579 4667 2630 4720 in
2658 4681 2752 4720 sua
2784 4666 3021 4720 editione
3048 4663 3082 4718 5
3110 4667 3280 4737 Oxon.
3302 4676 3356 4720 et
3385 4667 3414 4720 7
3433 4669 3640 4737 excusi,

2049 4742 2181 4796 nulli
2211 4738 2736 4811 negandummunus.
2757 4737 2912 4811 Manu
2939 4737 3142 4811 exarati
3173 4735 3207 4789 4
3238 4739 3440 4811 et_edit.
3468 4735 3640 4794 Betui.

2050 4808 2364 4882 sepulturam
2385 4810 2514 4863 nulli
2538 4808 2821 4882 negandum
2842 4809 3217 4882 impendetnus;
3240 4811 3260 4862 I
3287 4809 3424 4882 Reg.
3448 4827 3556 4864 rec.
3592 4819 3648 4865 et

2050 4880 2172 4941 Gat.
2202 4882 2593 4936 necessariorum
2621 4891 2667 4933 et
2694 4881 2970 4932 amicorum
2999 4880 3311 4942 sepulturam
3337 4881 3465 4934 nulli
3495 4883 3648 4934 dene-

2053 4954 2286 5027 gaudent
2302 4950 2672 5027 impendendi),
2703 4968 2893 5027 munus
2914 4960 2959 5004 et
2989 4951 3204 5027 oﬂirium
3233 4951 3571 5027 implebimus.

2129 5024 2530 5078 Desiderabilur.
2574 5024 2598 5077 1
2633 5022 2810 5090 Colb.,
2853 5022 3000 5087 Em.,
3041 5023 3220 5086 Cant.,
3261 5033 3316 5077 et
3355 5021 3442 5076 ed.
3486 5021 3638 5081 Rom.

2058 5096 2218 5161 1470,
2255 5096 2579 5150 desiderabit.

2131 5167 2260 5232 Quae
2296 5183 2410 5220 cum
2449 5167 2528 5234 ﬁt.
2570 5163 2697 5220 Hmc
2736 5165 2894 5219 verba
2937 5178 3050 5234 qua?
3078 5163 3171 5230 ﬁt,
3204 5172 3328 5216 sunt
3356 5177 3421 5216 ex
3449 5162 3484 5216 2
3518 5176 3650 5218 mss.

2062 5237 2487 5294 Bononiensibus
2517 5245 2570 5291 et
2600 5236 2870 5291 nonnullis
2897 5234 3084 5295 editis,
3118 5234 3310 5287 desunt
3343 5235 3392 5286 in
3423 5234 3557 5288 aliis.
3595 5235 3654 5291 Id

2063 5320 2147 5365 est
2167 5325 2286 5364 cum
2309 5310 2366 5361 fit
2388 5309 2436 5362 id
2461 5308 2600 5377 quod
2623 5310 2690 5361 ad
2717 5307 3100 5362 humanitatem
3127 5305 3384 5377 pertinet:
3413 5305 3499 5358 illa
3525 5322 3655 5362 vero

2065 5381 2227 5436 dictio
2241 5395 2353 5450 qua:
2369 5374 2589 5434 rela’tiva
2605 5381 2701 5432 fuit
2714 5377 2973 5450 nituissain
2994 5374 3192 5450 multis.
3205 5377 3664 5450 proptereonjun-

2068 5445 2298 5509 ctionein
2339 5467 2434 5519 que
2460 5451 2765 5515 adiunctam
2796 5445 3013 5519 dictioni
3037 5447 3247 5519 justior.
3284 5448 3361 5500 Ex
3391 5445 3631 5504 'I'tlouas.

2143 5517 2488 5590 Sacriﬁcium.
2517 5518 2933 5590 Misericordia":
2961 5517 3106 5572 enim
3138 5533 3170 5573 a
3200 5519 3353 5575 nobis
3387 5521 3525 5576 Deus
3553 5522 3668 5576 exi-

2071 5596 2146 5667 git
2167 5589 2353 5667 _potius
2371 5634 2386 5660 ,
2401 5608 2578 5667 quam
2609 5589 2948 5667 sacriﬁcium.

2149 5660 2315 5732 Quam
2344 5660 2496 5718 etiam
2525 5662 2687 5732 vestri
2707 5660 2999 5732 philosophi
3027 5660 3261 5718 laudant.
3290 5661 3425 5719 Vide
3452 5663 3674 5722 Seneca:

2077 5730 2235 5811 epist.
2267 5737 2355 5805 l7,
2379 5733 2456 5790 '20
2484 5744 2540 5789 et
2567 5730 2712 5792 alibi.
