4142 6200
494 275 603 338 685

1586 260 1774 320 nam.
1805 253 2178 318 meum"
2202 249 2408 319 DlViN.
2449 237 2695 318 lNSTlT.

3699 237 3807 308 681

489 400 673 449 tecum
695 387 836 443 bene
873 386 1064 453 980M.
1105 379 1151 436 Si
1180 380 1299 436 εἱηθ
1328 385 1422 434 u10
1445 383 1638 435 εῐυοτε
1662 377 1991 435 transierim.
2017 377 2061 433 Τ
2067 393 2099 433 ιι
2124 384 2177 444 Α
2202 391 2445 440 mortuos
2483 377 2672 451 sepeli.
2715 367 2854 448 Quid
2892 373 3113 446 prodest
3149 369 3375 445 perditae
3404 367 3656 443 nequitia:
3688 363 3813 426 bes-

497 497 627 538 vero
659 478 836 549 praeda
863 481 1091 530 onustus
1119 471 1359 539 incedis,
1392 479 1448 527 et
1484 472 1653 542 spolia
1675 471 1848 542 geris,
1881 483 2000 540 quae
2031 469 2105 522 ir-

500 579 669 632 ritent
695 573 905 628 animos
929 570 1091 624 etiam
1126 578 1358 623 tuorum.
1390 567 1529 635 Quid
1559 581 1687 637 ergo
1716 565 1931 621 dubitas
1971 564 2108 619 bene

500 671 770 726 collocare
800 667 886 734 id,
916 664 1059 736 quod
1087 665 1179 719 tibi
1207 664 1390 718 forsan
1415 663 1605 733 eripiet
1632 671 1724 717 aut
1751 676 1913 716 unum
1946 662 2111 714 latro-

501 764 702 820 cinium
721 799 738 829 ,
765 768 858 815 aut
882 759 1122 813 existens
1148 765 1370 826 repente
1397 756 1748 826 proscriptio,
1782 762 1874 808 aut
1901 751 2110 808 hostilis

501 859 682 927 aliqua
708 853 970 923 direptio?
999 851 1139 919 Quid
1168 865 1357 906 verere
1385 849 1588 904 fluxum
1615 858 1668 904 et
1697 846 1883 917 fragile
1912 846 2112 900 bonum

504 952 683 1006 facere
710 947 1134 1016 sempiternum,
1165 951 1258 998 aut
1297 942 1584 998 thesauros
1613 950 1732 996 tuos
1762 935 1973 994 custodi
2002 935 2116 991 Deo

506 1044 732 1103 credere
755 1083 771 1110 ,
802 1041 892 1098 ubi
927 1055 1035 1095 non
1064 1039 1236 1094 furem
1277 1037 1698 1108 pmdonemque
1735 1034 1965 1096 timeas,
2006 1044 2116 1084 non

503 1139 804 1209 rubiginem
822 1177 837 1204 ,
868 1147 975 1190 non
1002 1131 1327 1206 tyrannum?
1355 1131 1456 1200 Qui
1482 1129 1622 1200 aqud
1647 1128 1814 1183 Deum
1836 1125 1988 1180 dives
2012 1133 2113 1189 est,

508 1247 710 1303 pauper
739 1245 862 1287 esse
889 1241 1162 1298 nunquam
1190 1233 1391 1296 potest.
1415 1224 1470 1279 Si
1493 1223 1757 1293 justitiam
1789 1217 1920 1275 tanti
1941 1229 2115 1288 putas,

509 1337 764 1395 sequere,
796 1321 1021 1391 abjectis
1047 1318 1304 1374 oneribus
1333 1332 1452 1385 qum
1481 1325 1534 1371 te
1560 1322 1842 1386 premunt:
1873 1311 2043 1367 libera
2069 1317 2122 1365 te

511 1418 688 1488 ipsum
715 1416 1069 1486 compedibus
1100 1423 1156 1470 et
1182 1414 1418 1479 catenis,
1451 1420 1508 1468 ut
1538 1412 1822 1484 expeditus
1852 1411 1920 1466 ad
1950 1408 2122 1465 Deum

509 1526 718 1568 curras.
752 1510 928 1581 Magni
956 1517 1012 1565 et
1039 1509 1236 1566 excelsi
1277 1508 1445 1563 animi
1485 1518 1571 1562 est
1608 1507 1888 1577 despicere
1913 1515 1969 1562 et
2008 1505 2123 1560 cal-

511 1617 639 1658 care
665 1601 936 1658 mortalia.
969 1600 1079 1656 Sed
1105 1600 1152 1656 si
1179 1601 1320 1655 hanc
1344 1600 1601 1655 virtutem
1629 1615 1735 1654 non
1763 1599 1932 1668 capis,
1961 1605 2019 1654 ut
2045 1595 2127 1653 di-

513 1698 676 1752 vitias
716 1706 837 1752 tuas
879 1698 934 1752 in
971 1709 1120 1752 aram
1151 1695 1246 1751 Dei
1286 1695 1570 1762 conferas,
1615 1703 1674 1750 ut
1713 1693 1990 1766 fragilibus
2031 1692 2128 1748 tibi

512 1801 799 1859 compares
845 1785 1118 1856 firmiora,
1171 1787 1415 1844 liberabo
1468 1798 1519 1843 te
1567 1795 1734 1842 metu.
1785 1785 1977 1841 Omnia
2029 1785 2128 1841 ista
2159 1783 2208 1845 B

516 1890 790 1952 prmeepta
819 1893 928 1936 non
960 1882 1056 1936 tibi
1086 1880 1186 1936 soli
1216 1880 1430 1947 dantur,
1467 1879 1561 1936 sed
1592 1881 1739 1935 omni
1769 1878 1966 1950 populo
1986 1921 2001 1948 ,
2032 1880 2124 1950 qui

511 1985 699 2030 mente
745 1975 1064 2044 conjunctus
1096 1981 1208 2042 est,
1240 1982 1295 2029 et
1330 1973 1571 2029 cohmret
1597 1972 1736 2030 sicut
1764 1973 1928 2028 homo
1958 1989 2117 2028 unus.

516 2068 573 2124 Si
597 2067 749 2123 solus
772 2067 981 2137 magnis
1014 2063 1268 2136 operibus
1290 2081 1396 2120 non
1427 2064 1656 2133 sufficis,
1683 2079 1781 2135 pro
1804 2064 1944 2120 virili
1973 2072 2123 2135 parte

519 2176 752 2232 operare
771 2161 1037 2231 justitiam
1057 2203 1073 2227 ,
1104 2161 1182 2215 sic
1209 2168 1387 2214 tamen
1407 2200 1422 2226 ,
1451 2164 1508 2214 ut
1533 2165 1790 2229 quantum
1819 2155 2016 2214 divitiis
2046 2161 2127 2214 in-

520 2264 605 2312 ter
647 2264 910 2322 caeteros,
957 2259 1165 2309 tantum
1208 2267 1374 2324 opere
1412 2253 1712 2324 praecellas.
1755 2252 1944 2324 Neque
1983 2269 2124 2311 nunc

522 2349 742 2404 suaderi
772 2349 868 2403 tibi
898 2355 1058 2418 putes
1083 2389 1097 2412 ,
1129 2355 1183 2402 ut
1214 2363 1327 2403 rem
1359 2346 1671 2403 familiarem
1703 2353 1849 2402 tuam
1878 2349 2089 2403 minuas
2109 2389 2125 2416 ,

523 2443 612 2499 vel
636 2442 956 2498 exhaurias:
983 2441 1079 2498 sed
1109 2455 1229 2512 quae
1258 2441 1312 2496 in
1345 2453 1676 2510 supervacua
1703 2439 1883 2496 fueras
1915 2442 2125 2512 impen-

525 2549 706 2604 surus,
738 2535 805 2591 ad
833 2535 1058 2591 meliora
1082 2540 1384 2590 convertas.
1412 2530 1567 2590 Unde
1595 2531 1793 2590 bestias
1819 2535 1974 2601 emis,
2005 2533 2131 2590 hinc

522 2640 714 2701 captos
737 2628 975 2694 redime;
1005 2627 1151 2683 unde
1170 2627 1312 2683 feras
1338 2627 1535 2697 pascis,
1570 2625 1695 2683 hinc
1721 2642 1986 2697 pauperes
2013 2628 2128 2694 ale;

529 2723 670 2781 unde
700 2723 948 2780 homines
978 2721 1046 2778 ad
1069 2721 1304 2792 gladium
1331 2735 1638 2794 comparas,
1674 2721 1798 2778 hinc
1821 2721 2138 2794 innocentes

2211 476 2396 534 tiarios
2441 474 2619 530 facere
2657 471 2984 542 locupletes,
3036 479 3092 525 et
3136 467 3407 523 instruere
3457 464 3525 520 ad
3578 463 3816 535 ﬂagitia?

2210 573 2464 629 Transfer
2502 570 2568 626 ad
2613 585 2865 641 magnum
2903 563 3226 622 sacrificium
3270 561 3411 620 male
3442 561 3713 634 peritura;
3755 568 3819 616 ut

2212 680 2310 738 pro
2340 664 2424 720 his
2452 663 2594 719 veris
2626 657 2938 717 muneribus
2967 660 3169 715 habeas
3208 673 3239 713 a
3279 655 3390 712 Deo
3427 672 3622 711 munus
3651 664 3816 710 aeter—

2215 775 2364 818 num.
2390 757 2580 829 Magna
2605 765 2689 812 est
2713 753 3101 812 misericordiae
3132 767 3342 809 merces
3362 794 3377 820 ,
3405 752 3495 808 cui
3525 752 3667 807 Deus
3699 753 3820 822 pol-

2217 853 2409 911 licetur
2448 857 2670 924 peccata
2714 863 2773 905 se
2814 847 2995 904 omnia
3043 844 3422 904 remissurum.
3454 843 3512 902 Si
3541 845 3816 914 audieris,

2219 945 2426 1016 inquit,
2471 960 2664 1015 preces
2695 943 2951 1018 supplicis
2983 941 3055 998 tui
3075 985 3104 1023 ,ι
3123 952 3178 999 et
3207 956 3308 1014 ego
3339 939 3553 996 audiam
3589 949 3729 993 tuas.
3765 937 3824 993 Si

2218 1040 2475 1095 misertus
2498 1035 2860 1094 laborantium
2893 1033 3076 1104 lueris,
3103 1045 3157 1092 et
3184 1051 3284 1106 ego
3309 1035 3364 1090 in
3393 1042 3488 1089 tuo
3513 1033 3698 1088 labore
3725 1031 3825 1086 mi-

2221 1133 2462 1190 serebor.
2494 1131 2551 1188 Si
2581 1141 2762 1188 autem
2795 1147 2905 1188 non
2935 1131 3274 1203 respexeris,
3307 1144 3408 1186 nec
3432 1128 3742 1198 adjuveris,
3775 1136 3830 1182 et

2223 1239 2323 1297 ego
2352 1226 2590 1281 animum
2623 1231 2773 1282 tuum
2803 1234 2994 1282 contra
3024 1233 3076 1282 te
3115 1239 3333 1296 geram,
3366 1223 3581 1294 tuisque
3611 1231 3666 1278 te
3694 1219 3828 1291 legi-

2226 1319 2325 1376 bus
2348 1319 2622 1393 judicabo.

2839 1459 3070 1523 CAPUT
3109 1459 3248 1522 XIII.

2298 1623 2374 1680 De
2421 1624 2751 1697 paenitentia,
2799 1624 2864 1680 de
2925 1623 3308 1692 misericordia,
3353 1637 3415 1677 ac
3465 1629 3789 1692 peccatorum

2978 1721 3143 1773 venia.

2299 1869 2522 1945 Quoties
2559 1874 2722 1948 igitur
2751 1875 2960 1947 rogaris
2979 1917 2992 1942 ,
3027 1875 3222 1931 tentari
3255 1883 3309 1931 te
3335 1889 3366 1930 a
3397 1873 3511 1930 Deo
3539 1873 3737 1942 crede,
3769 1889 3841 1930 an

2228 1969 2304 2026 sis
2332 1970 2524 2040 dignus
2550 1969 2745 2026 audiri.
2772 1969 3139 2041 Circumspice
3165 1969 3552 2025 conscientiam
3581 1977 3726 2024 tuam
3752 1976 3809 2022 et
3826 2008 3844 2031 ,

2229 2074 2488 2135 quantum
2525 2075 2707 2135 potes,
2749 2065 2971 2122 medere
3000 2065 3337 2122 vulneribus.
3369 2065 3481 2120 Nec
3508 2073 3688 2120 tamen
3720 2065 3849 2135 quia

2229 2169 2452 2230 peccata
2485 2157 2771 2230 largitione
2801 2159 3078 2225 tolluntur,
3111 2159 3228 2214 dari
3269 2159 3365 2213 tibi
3405 2159 3680 2214 licentiam
3722 2173 3850 2228 pec-

2233 2251 2390 2306 candi
2433 2259 2610 2321 putes.
2654 2251 2952 2306 Abolentur
2979 2252 3154 2319 enim,
3198 2251 3246 2307 si
3277 2251 3392 2306 Deo
3423 2251 3688 2322 largiare,
3720 2249 3849 2321 quia

2237 2343 2578 2416 peccaveris;
2626 2361 2751 2400 nam
2798 2346 2844 2401 si
2895 2345 3090 2402 fiducia
3140 2346 3404 2418 largiendi
3452 2361 3688 2417 pecces,
3739 2360 3848 2400 non

2235 2438 2539 2495 abolentur.
2592 2439 2733 2496 Deus
2783 2442 2926 2496 enim
2974 2441 3194 2512 purgari
3239 2441 3489 2496 homines
3534 2457 3565 2497 a
3608 2440 3850 2510 peccatis

2240 2537 2475 2591 maxime
2503 2535 2683 2606 cupit,
2712 2535 2942 2607 ideoque
2968 2537 3052 2608 agi
3080 2536 3452 2606 paenitentiam
3473 2535 3647 2606 jubet.
3673 2535 3854 2605 Agere

2241 2637 2419 2683 autem
2453 2627 2857 2699 pmnitentiam,
2891 2628 3026 2683 nihil
3067 2628 3213 2684 aliud
3254 2637 3366 2695 est,
3409 2643 3569 2698 quam
3607 2625 3852 2696 profiteri

2242 2731 2298 2776 et
2325 2720 2598 2778 afﬁrmare
2619 2762 2634 2788 ,
2668 2737 2728 2778 se
2758 2719 2983 2778 ulterius
3013 2736 3122 2778 non
3152 2730 3522 2792 peccaturum.
3552 2719 3856 2791 ignoscitur

1878 2858 1968 2915 VA
1977 2855 2244 2916 RIORUM
2281 2853 2513 2914 NOTIE.

599 2999 825 3056 Forsan.
855 2997 890 3054 5
912 2995 1046 3066 Reg.
1077 3008 1189 3050 rec.
1220 3001 1274 3050 et
1300 2992 1370 3050 ili
1395 2992 1527 3048 edit.
1559 2995 1799 3066 forsitan.

602 3053 892 3146 ilicsauros
920 3053 1031 3142 tuovs
1072 3084 1280 3159 custodi
1313 3053 1673 3142 Deocredere.
1705 3083 1818 3143 Hoc
1843 3097 1958 3153 eSt,
1991 3087 2132 3159 apud
2162 3053 2208 3118 Ο

528 3165 700 3220 Deum
741 3161 1032 3229 deponere.
1074 3159 1206 3212 Nam
1239 3155 1601 3230 Tertullianus
1643 3159 1696 3213 in
1739 3159 1966 3230 Apolog.
2009 3155 2130 3228 cap.

532 3236 602 3290 59
628 3275 643 3300 ,
687 3232 778 3286 ubi
819 3231 886 3284 de
907 3229 1336 3300 Christianorum
1371 3229 1662 3300 disciplina
1693 3233 1854 3284 verba
1887 3229 2044 3298 facit,
2081 3234 2132 3286 in

530 3299 673 3360 hunc
716 3302 934 3356 modum
979 3301 1198 3373 scribit:
1254 3299 1515 3373 Modicam
1568 3303 1912 3373 unusquisque
1953 3303 2136 3370 stipem

533 3383 795 3430 menstrua
820 3373 930 3436 die,
959 3371 1036 3426 vel
1063 3387 1175 3425 cum
1197 3372 1312 3424 uelit
1332 3411 1348 3443 ,
1377 3380 1423 3424 et
1445 3371 1487 3424 si
1515 3373 1664 3424 modo
1687 3371 1874 3443 possil,
1901 3377 2134 3443 apponit.

534 3411 677 3501 grain
707 3459 850 3498 nemo
879 3411 1348 3515 cirmpellitur,sed
1365 3451 1551 3515 sponte
1580 3411 1801 3514 confert.
1837 3411 2138 3515 Iiwiilquasi

534 3518 766 3586 deposita
790 3517 993 3587 pietatis
1020 3522 1155 3568 sunt.
1190 3511 1475 3587 Nant__inde
1503 3529 1606 3568 non
1634 3511 1799 3587 epulis
1818 3557 1830 3579 ,
1863 3533 1953 3570 nec
1982 3511 2138 3585 pocu-

534 3582 626 3652 lis,
654 3603 746 3642 nec
774 3582 988 3656 ingratis
1015 3585 1286 3657 voratrinis
1307 3582 1771 3655 dispensatur,'sed
1799 3582 2137 3657 egenis’alen-

537 3662 616 3713 dis
646 3655 1049 3724 humandisque,
1076 3655 1312 3728 etpueris
1338 3671 1398 3707 ac
1425 3657 1635 3728 pupillis
1669 3673 1724 3711 re
1763 3655 2141 3728 ac‘parentibus

536 3729 791 3785 destitutis
822 3738 1066 3801 tetateque
1098 3726 1721 3801 domitissenibus,item
1753 3726 2020 3801 naufragis
2041 3772 2055 3797 ,
2092 3740 2138 3801 et

537 3803 580 3854 si
611 3802 694 3870 qui
723 3801 776 3853 in
807 3798 1056 3863 nictallis,
1090 3807 1135 3870 et
1165 3797 1208 3870 si
1238 3798 1322 3867 qui
1353 3799 1402 3849 in
1430 3797 1640 3870 insulis,
1687 3801 1764 3853 vel
1805 3797 1867 3854 in
1896 3797 2141 3855 custodiis

539 3867 789 3924 dsi'itaacat
818 3883 880 3922 ea:
921 3884 1077 3922 causa
1109 3867 1201 3939 Dei
1242 3878 1393 3922 secta:
1419 3869 1617 3922 alumni
1658 3873 1997 3939 confessionis
2037 3885 2143 3927 sure

539 3950 692 4004 sunt,
716 3949 819 3993 etc.
858 3937 1462 4009 BETUL.—+Thesauros.
1488 3979 1501 3992 .
1527 3980 1537 3991 .
1559 3937 1765 3993 custodi
1785 3941 1890 3996 Deo
1917 3941 2140 4009 credere,

540 4011 678 4064 Ven.
718 4010 878 4082 H95,
904 4009 995 4074 97,
1028 4008 1246 4082 tradere.
1281 4005 1422 4060 Nihil
1448 4019 1612 4082 muto.
1647 4009 1890 4082 imitatur
1921 4005 2146 4082 Cypria;

545 4096 674 4138 num
705 4081 774 4136 de
802 4081 981 4147 Opere
1012 4089 1064 4134 et
1093 4078 1386 4144 Eieemos.,
1409 4079 1496 4133 ed.
1526 4079 1700 4136 Oxon.
1723 4080 1759 4135 f.
1791 4083 1932 4138 205:
1966 4074 2146 4138 Patri-

542 4153 773 4206 monium
804 4153 914 4204 Deo
944 4149 1206 4222 creditum
1236 4165 1326 4222 nec
1348 4165 1484 4219 resp.
1513 4153 1683 4222 eripit,
1711 4169 1800 4222 nec
1827 4156 1980 4222 ﬁscus
2006 4157 2150 4210 inva-

544 4225 619 4278 dit
639 4264 654 4290 ,
682 4239 771 4278 nec
797 4223 1052 4276 calumnia
1081 4221 1256 4290 aliqua
1285 4221 1503 4290 forensis
1532 4221 1721 4277 evertit.
1756 4221 1957 4280 Intuto
1988 4227 2150 4282 harre-

545 4289 677 4349 ditas
708 4296 940 4365 ponitur,
964 4307 1077 4364 qum
1108 4289 1217 4348 Deo
1245 4289 1466 4350 custode
1503 4306 1752 4349 servatur.
1797 4295 1953 4354 Conf.
1996 4298 2146 4354 Lact.

547 4366 691 4438 Epit.
709 4364 843 4435 cap.
875 4364 965 4419 65.
983 4365 1134 4438 lius.

621 4432 946 4508 Bubiginem.
981 4435 1168 4490 Matth.
1202 4432 1452 4508 vr,ALuc.
1483 4451 1577 4508 κῃ.

621 4503 818 4580 ξοιεὲι.
843 4509 966 4562 Mss.
999 4508 1165 4562 Cane.
1199 4515 1251 4560 et
1279 4506 1404 4580 iuri.
1437 4517 1492 4562 et
1521 4507 1553 4561 5
1578 4503 1728 4574 edd.,
1765 4511 1969 4580 poterit.

625 4578 846 4652 Divitias
877 4580 1073 4652 tuasin
1099 4593 1244 4631 aram
1273 4576 1367 4652 Dei
1397 4580 1651 4652 conferas.
1697 4576 1786 4637 Sic
1817 4583 1937 4652 lego
1965 4600 2033 4638 ex
2059 4598 2157 4638 an-

552 4650 868 4724 tiquissimis
887 4649 1161 4724 codicibus
1186 4665 1315 4703 mss.
1343 4649 1372 4702 2
1395 4651 1628 4724 Bonum,
1654 4652 1687 4707 6
1710 4653 1840 4724 Reg.
1866 4649 1918 4708 et
1941 4653 2072 4708 Tax.
2101 4655 2155 4709 In

557 4723 580 4775 i
609 4721 762 4775 Colb.
795 4727 877 4774 cst
902 4722 1066 4783 iram,
1096 4734 1195 4788 pro
1223 4736 1385 4774 arant.
1420 4721 1475 4774 ln
1505 4737 1651 4778 aram
1677 4721 1814 4779 vero
1833 4727 2043 4780 cenl'ert
2071 4724 2157 4780 di-

551 4792 741 4866 vitias,
771 4793 939 4861 inquit
965 4789 1314 4866 'l‘l_tomasius,
1341 4793 1427 4860 qui
1458 4794 1575 4848 illas
1605 4795 1783 4849 dando
1813 4795 2156 4866 pauperibus,

556 4863 671 4919 Deo
700 4865 864 4917 donat
891 4871 944 4917 et
973 4861 1164 4917 oll‘ert:
1198 4863 1248 4915 in
1280 4878 1452 4916 arcam
1481 4879 1610 4919 vero
1631 4883 1751 4921 cum
1779 4861 1845 4921 i2
1867 4861 2025 4923 editis
2046 4861 2155 4924 rec.

471 4956 476 4961 ·
557 4945 612 4990 et
637 4936 850 5060 excusi:
881 4935 984 5006 legi
1013 4949 1119 4989 non
1152 4943 1360 5004 potest,
1389 4935 1512 5003 quia
1539 4953 1646 4994 non
1675 4953 1767 4994 eas
1795 4939 1989 5011 accipit
2016 4942 2159 4997 Deus

559 5014 619 5060 ul.
645 5021 806 5060 recon
851 5015 922 5059 al.

559 5014 619 5061 ιιι
645 5014 922 5061 recondat.

631 5077 913 5132 Firmium.
956 5073 1110 5133 Sttbl.
1125 5118 1138 5138 ,
1170 5075 1408 5129 Meliora.

633 5148 820 5220 Captos
842 5151 1048 5202 redime.
1078 5149 1254 5220 Mss.7
1283 5164 1417 5220 rec.,
1447 5149 1692 5218 captivos.

637 5219 787 5275 Unde
816 5222 1040 5296 homines
1070 5221 1138 5273 ad
1169 5219 1398 5296 gladium
1429 5236 1713 5296 comparas.
1825 5219 2016 5279 lanista
2045 5227 2164 5296 gla.

562 5290 801 5347 diatores
827 5295 982 5359 emis,
1011 5303 1066 5346 ut
1093 5291 1272 5360 populi
1299 5292 1894 5361 voluptaticommittas.
1924 5290 2158 5352 (larisa.

563 5363 866 5434 ~f-Lanista
917 5373 1094 5419 autem
1141 5371 1258 5417 erat
1303 5362 1421 5428 ille,
1453 5365 1542 5433 qui
1591 5363 1915 5434 gladiatores
1955 5367 2010 5422 in
2047 5380 2165 5425 arte

562 5433 877 5502 gladiatoria
908 5434 1211 5489 exercebat.

639 5504 928 5578 Bestiarios.
958 5504 1199 5578 Bestiarii
1227 5512 1409 5571 erant,
1432 5507 1522 5577 qui
1552 5505 1689 5562 ludis
1718 5507 1944 5578 publicis
1975 5512 2024 5566 in
2051 5527 2166 5565 am-

567 5572 873 5644 phitheatro
897 5591 1015 5630 cum
1042 5576 1224 5629 bestiis
1251 5572 1590 5646 pugnabant,
1624 5572 1798 5636 vel'ad
1830 5581 1883 5638 id
1915 5583 2166 5639 mercede

566 5647 816 5702 conducui
835 5689 849 5712 ,
879 5647 960 5700 vel
989 5662 1143 5716 ρωιιίι
1172 5647 1432 5705 damnati.
1455 5649 1768 5708 Wstcmos.

641 5718 748 5794 Pro
790 5719 866 5794 his
905 5717 1031 5771 ceris
1069 5717 1376 5794 muneribus.
1419 5721 1475 5776 In
1510 5723 1533 5778 1
1569 5723 1703 5794 Reg.
1745 5740 1853 5780 rec.
1885 5726 2039 5782 deest
2065 5727 2165 5782 his.

565 5789 777 5848 Mallem
810 5791 987 5860 legere
1017 5807 1108 5860 pro
1140 5790 1217 5842 his
1249 5791 1389 5845 vanis
1420 5789 1742 5862 muneribus;
1774 5796 1859 5853 vel
1887 5798 1965 5853 his
1996 5808 2163 5867 terraz,

2240 3003 2298 3050 ut
2326 2995 2377 3049 in
2408 2995 2434 3050 1
2459 2992 2694 3049 Clarom.

2313 3064 2373 3121 Si
2400 3067 2647 3120 audieris.
2679 3063 2869 3120 Matth.
2893 3082 2949 3133 v,
2972 3063 3104 3124 Luc.
3129 3083 3213 3132 vt,
3244 3063 3337 3125 ubi
3363 3065 3482 3125 haec
3507 3083 3619 3126 non
3645 3069 3712 3127 ad
3732 3085 3855 3127 ver.

2238 3136 2386 3203 bum,
2420 3138 2515 3193 sed
2547 3138 2722 3208 quoad
2753 3152 2998 3194 sensum.

2315 3227 2378 3282 Et
2417 3247 2509 3300 ego
2547 3230 2776 3284 animum
2807 3241 2951 3284 tuum
2981 3241 3158 3285 contra
3189 3241 3236 3286 te
3266 3245 3463 3302 geram.
3495 3233 3769 3291 Adversus
3804 3245 3858 3292 te

2241 3299 2632 3377 innuisericors
2659 3303 2948 3377 eru,_sicut_
2979 3311 3032 3356 tu
3060 3319 3188 3374 erga
3219 3299 3358 3358 alios
3387 3305 3556 3377 fuisti.
3590 3307 3622 3360 7
3649 3308 3855 3377 Scripti

2241 3374 2576 3442 totidemque
2619 3374 2802 3428 excusi
2842 3375 3099 3428 omittunt
3141 3387 3318 3442 tuum,
3360 3377 3502 3442 quod
3547 3376 3600 3431 in
3640 3374 3860 3434 caeteris

2241 3444 2456 3570 legitur,
2490 3454 2545 3499 et
2573 3445 2940 3501 necessarium
2986 3456 3068 3502 est
3121 3447 3324 3517 utique.
3377 3444 3460 3503 Ex
3491 3449 3769 3508 Taoussro
3810 3460 3859 3505 et

2289 3532 2539 3570 ELLARIO.

2289 3532 2539 3571 ELLARIO.

2316 3586 2516 3658 Dignus
2543 3587 2730 3664 audiri.
2748 3587 2823 3664 ita
2841 3603 3030 3664 ornues
3049 3590 3216 3664 ferme
3235 3601 3365 3646 mss.
3386 3592 3527 3663 quod
3552 3593 3854 3664 elegantius

2244 3667 2346 3737 est,
2362 3675 2522 3737 quam
2545 3659 2776 3712 exaudiri
2795 3660 3082 3726 editorum,
3100 3663 3208 3737 et},
3221 3677 3350 3718 mss.
3371 3659 3478 3719 rec.
3503 3659 3702 3737 Dignus
3725 3681 3854 3737 cum

2246 3731 2530 3799 inliuitivo,
2553 3746 2705 3784 more
2732 3739 3028 3799 poetarum.
3051 3761 3120 3772 -—
3144 3733 3342 3799 Dignus
3367 3738 3557 3792 audiri.
3574 3731 3665 3792 'Oe
3690 3735 3851 3792 Mart.

2246 3797 2571 3874 Persmcap.
2597 3803 2621 3856 1
2650 3808 2706 3856 ei.
2731 3797 2848 3870 cap.
2880 3802 2981 3856 52:
3014 3803 3114 3870 Qui
3138 3821 3169 3857 α
3191 3797 3302 3859 Deo
3329 3810 3536 3863 mereris
3561 3809 3769 3874 audiri;
3797 3818 3858 3864 ut

2247 3889 2393 3949 saepe
2413 3871 2712 3949 Cyprianus
2731 3874 2800 3949 de
2820 3874 2970 3929 Orat.
2998 3876 3272 3931 Duminica
3296 3877 3381 3932 ed.
3409 3881 3532 3941 Ox.,
3563 3895 3681 3949 pag.
3709 3871 3818 3932 4‘27
3841 3899 3854 3932 :

2249 3942 2774 4022 (έριςηειξέιεβεηικνὶο
2800 3960 2952 4022 quum
2978 3957 3164 4013 oraret,
3195 3942 3589 4022 meruitaudiri
3609 3942 3705 4016 {et
3732 3965 3856 4022 pag.

2249 4013 2390 4069 428:
2426 4014 2536 4085 Ipsi
2570 4031 2767 4085 quoque
2795 4035 2826 4070 a
2857 4017 2964 4071 Deo
2997 4029 3276 4074 merentur
3305 4020 3499 4076 audiri.
3543 4013 3676 4078 Bos.

2327 4087 2460 4162 Quia
2489 4087 2791 4162 peccaveris.
2820 4088 2907 4162 Sic
2937 4089 3133 4144 habent
3160 4093 3194 4146 ὅ
3219 4102 3419 4147 veterr.
3444 4108 3574 4150 mss.
3604 4107 3669 4148 ac
3696 4093 3732 4149 9
3751 4092 3865 4162 alii,

2251 4171 2373 4231 cum
2401 4159 2435 4231 5
2463 4155 2641 4212 editis.
2678 4158 3025 4231 liecentiores
3044 4201 3059 4224 ,
3090 4175 3407 4231 peccaveras.

2326 4228 2423 4298 Agi
2451 4230 2795 4298 paenitentiam
2812 4231 2978 4299 jubet.
3007 4228 3280 4288 lla'scribo
3306 4249 3430 4290 cum
3471 4237 3866 4299 antiquissimis

2254 4299 2555 4381 Bonon.,A'2
2589 4301 2812 4381 Reg-et.
2835 4303 2901 4381 id
2930 4303 3085 4370 aliis,
3117 4319 3179 4359 ac
3210 4306 3251 4381 7_
3271 4307 3451 4362 editis.
3495 4307 3554 4363 In
3584 4299 3619 4364 ti
3649 4313 3872 4381 scriptis

2255 4387 2365 4426 rec.
2397 4373 2510 4452 et_8
2539 4374 2768 4443 vulgatis
2799 4373 2993 4444 legitur
3021 4391 3188 4446 agere.
3225 4375 3424 4434 Jerem.
3457 4395 3591 4437 xvnt
3611 4423 3628 4452 ,
3661 4373 3869 4441 Ezech.

2179 4447 2233 4508 Ι)
2262 4459 2428 4508 xvnt,
2458 4443 2588 4498 Luc.
2626 4459 2680 4497 v.

2331 4517 2496 4585 Agere
2521 4517 2906 4591 paenitentiam.
2938 4555 2950 4569 .
2980 4555 2992 4572 .
3021 4527 3091 4572 est
3119 4521 3405 4591 aﬂirmare,
3438 4537 3492 4578 se
3519 4524 3737 4582 ulterius
3770 4543 3875 4583 non

2259 4598 2608 4668 peccaturum.
2642 4587 2698 4641 id
2729 4587 3202 4668 prolireesplicat
3241 4587 3554 4650 Lactantius
3593 4609 3715 4668 cap.
3759 4599 3873 4654 24:

2261 4658 2319 4711 Is
2357 4659 2490 4740 enim
2517 4673 2676 4740 quem
2715 4661 2841 4728 facti
2877 4661 2957 4714 sui
2993 4658 3225 4740 munitet,
3257 4679 3484 4720 errorem
3515 4658 3677 4722 suum'
3696 4671 3849 4740 priin
3861 4703 3878 4713 -

2261 4745 2384 4809 num
2404 4731 2641 4809 intelligit
2755 4746 2904 4809 quem
2925 4736 3078 4809 errati
3103 4737 3256 4805 piget,
3289 4740 3609 4809 castigatque
3646 4731 3877 4809 sei-psum

2262 4799 2552 4862 dementias,
2582 4812 2629 4853 et
2656 4799 2925 4867 confirmat
2951 4799 3181 4860 animum
3209 4799 3359 4862 suum
3387 4799 3455 4862 ad
3484 4799 3668 4866 melius
3698 4799 3874 4867 viren-

2263 4870 2420 4943 dum,
2456 4880 2560 4923 tum
2587 4871 2717 4925 illud
2744 4875 2914 4943 ipsum
2938 4877 3159 4930 maxime
3182 4887 3320 4932 caret
3341 4921 3355 4941 ,
3385 4897 3450 4934 ne
3474 4895 3654 4935 rursus
3682 4884 3736 4937 in
3765 4900 3880 4939 eos-

2263 4941 2375 5022 dem
2403 4942 2609 5022 laqueos
2631 4941 2922 5022 inducatur.
2952 4947 3019 5000 Et
3039 4948 3165 5002 alibi
3191 4949 3282 5003 lib.
3310 4963 3389 5017 iv,
3418 4966 3539 5022 cap.
3570 4953 3672 5008 i7:
3701 4955 3766 5010 Si
3789 4974 3879 5010 cor

2263 5013 2650 5094 nudauerimus,
2672 5016 2726 5094 id
2747 5027 2840 5083 est,
2869 5017 2912 5070 si
2940 5028 3146 5086 peccata
3169 5031 3344 5094 nostra
3357 5013 3600 5094 confessi,
3614 5027 3743 5080 satis
3765 5025 3878 5082 Deo

2264 5083 2560 5167 fecerimus,
2605 5089 2800 5167 veniam
2838 5083 3221 5167 consequemur.
3273 5083 3489 5167 Nemini
3531 5083 3745 5161 autem.
3789 5101 3879 5167 qui

2264 5165 2353 5208 aut
2379 5158 2658 5235 cupiditate
2682 5160 2874 5235 rictus,
2899 5170 2986 5212 aut
3003 5158 3222 5235 libidine
3247 5164 3499 5235 impulsus
3517 5209 3534 5233 ,
3565 5173 3654 5220 aut
3679 5158 3878 5224 victria-

2265 5238 2376 5303 c_tus
2414 5229 2482 5280 ad
2523 5229 2788 5303 injustitice
2829 5232 2964 5284 uiam
3005 5230 3180 5303 lapsus
3225 5229 3332 5300 est,
3366 5237 3439 5291 ait
3469 5229 3538 5293 de
3569 5239 3744 5295 salute
3776 5257 3877 5296 sua

2266 5298 2660 5372 desperandum
2680 5342 2696 5368 ,
2724 5303 2768 5354 si
2791 5318 2904 5355 eum
2933 5298 3170 5370 paeniteat
3197 5298 3462 5372 actorum,
3493 5319 3540 5362 et
3564 5309 3634 5362 ad
3659 5313 3877 5366 meliora

2267 5386 2567 5448 conversus,
2611 5371 2720 5426 Deo
2746 5374 3063 5448 satisfaciat:
3094 5375 3183 5430 ubi
3225 5378 3375 5433 vides
3421 5371 3797 5448 paenitentiam
3841 5398 3875 5437 a

2267 5445 2634 5520 satisfactione
2660 5455 2845 5520 aperte
2871 5447 3199 5520 distinctam.
3234 5450 3298 5502 Et
3337 5445 3461 5505 ante
3489 5450 3832 5508 Lactantinm
3858 5499 3875 5520 ,

2269 5512 2473 5594 dixerat
2523 5516 2886 5594 Tertulliauus
2921 5534 2937 5568 :
2971 5517 3068 5572 Ubi
3097 5522 3385 5594 emendatio
3411 5525 3575 5587 nulla,
3608 5525 3679 5578 ibi
3711 5512 3879 5594 paeni;

2270 5588 2424 5639 tentia
2470 5587 2933 5668 necessariorum:
2983 5597 3075 5644 est.
3108 5587 3368 5668 Etenim,
3391 5601 3451 5647 ut
3477 5598 3551 5668 ait
3581 5587 3885 5668 Gregorius

2269 5672 2495 5736 magnus
2525 5659 2816 5713 Pastoralis
2844 5660 2936 5715 lib.
2971 5674 3060 5726 In,
3091 5659 3478 5736 Admonitione
3505 5667 3605 5723 5i:
3643 5659 3748 5736 Qui
3778 5671 3883 5723 ad-

2272 5729 2425 5809 missa
2453 5731 2722 5809 deserunt,
2753 5746 2845 5784 nec
2870 5741 3036 5809 tamen
3064 5733 3350 5809 plangunt,
3381 5751 3444 5791 ne
3469 5739 3580 5806 fam
3617 5729 3889 5797 rEIaxatas

2273 5804 2520 5857 cestimeut
2532 5804 2733 5873 culpas,
2753 5819 2880 5873 quas
2895 5804 2986 5860 etsi
2999 5804 3204 5874 agendo
3217 5823 3318 5863 non
3337 5804 3702 5881 multiplicant,
3718 5815 3890 5870 nullis
