4142 6200
350 236 456 293 685

1515 229 1716 288 LIBER
1757 229 1846 285 V’I.
1889 227 1978 284 DE
2018 224 2201 283 VERO
2236 222 2484 282 CULTU.

3544 224 3652 284 686

353 358 534 426 itaque
577 329 762 421 iisqui
808 349 873 404 ad
906 357 1183 421 peccatum
1227 348 1599 420 imprudenter
1631 349 1953 417 incauteque
1981 346 2034 404 A
2061 358 2240 399 rerum
2265 340 2664 399 delectabiliutu
2700 339 2856 395 tacita
2885 339 3206 410 cogitatione
3236 341 3646 412 concupiscant.

356 449 642 503 labuntur:
675 444 887 500 veniam
920 459 1026 498 non
1060 443 1252 512 habet,
1284 443 1373 512 qui
1405 443 1584 497 sciens
1614 450 1820 511 peccat.
1851 439 1962 496 Nec

356 549 534 595 tamen
566 538 612 594 si
640 536 832 606 aliquis
865 535 1022 591 fuerit
1052 534 1362 605 purificatus
1388 535 1456 588 ab
1484 533 1632 588 omni
1675 531 1796 587 labe
1837 546 1960 602 pec-

357 635 499 700 cati,
550 630 956 702 temperandum
1000 629 1103 685 sibi
1147 630 1214 682 ah
1256 643 1421 699 opere
1447 627 1744 699 largitionis
1771 625 1960 682 existi-

358 737 496 796 met,
526 727 650 799 quia
679 741 788 782 non
815 725 1010 780 habeat
1037 733 1253 794 peccata
1274 762 1290 790 ,
1321 739 1440 793 qua:
1464 723 1663 778 deleat.
1695 720 1810 776 Imo
1837 735 1962 776 vero

361 836 470 882 tum
518 824 691 896 magis
729 821 995 892 justitiam
1043 819 1203 875 debet
1246 817 1494 888 operari,
1525 831 1646 871 cum
1679 813 1853 870 factus
1881 824 1965 870 est

353 918 531 989 justus
552 958 567 983 ,
602 925 658 969 ut
688 912 832 984 quod
863 921 989 967 ante
1019 911 1072 966 in
1103 909 1369 966 medelam
1404 909 1684 963 vulnerum
1728 907 1961 973 fecerat,

358 1007 704 1081 postmodum
734 1004 898 1059 faciat
929 1005 981 1059 in
1011 1002 1226 1058 laudem
1257 1002 1591 1072 gloriamque
1621 1000 1854 1055 virtutis.
1889 999 1965 1054 Eo

360 1099 601 1164 accedit,
631 1096 771 1169 quod
802 1111 962 1152 nemo
989 1111 1109 1151 esse
1134 1097 1251 1151 sine
1275 1095 1471 1151 delicto
1496 1101 1701 1165 potest,
1731 1091 1966 1163 quandiu

363 1192 677 1247 indumento
716 1188 898 1244 carnis
935 1197 1192 1243 oneratus
1232 1195 1336 1242 est.
1369 1186 1533 1256 Cujus
1566 1185 1846 1240 infirmitas
1874 1185 1968 1238 tri-

361 1286 490 1358 plici
522 1282 684 1340 modo
726 1282 971 1352 subjacet
1007 1280 1249 1336 dominio
1289 1280 1527 1351 peccati,
1573 1278 1759 1346 factis,
1788 1276 1966 1343 dictis,

363 1377 795 1451 cogitationibus.

436 1472 540 1526 Per
584 1469 684 1524 hos
726 1467 926 1539 gradus
953 1466 1018 1522 ad
1049 1480 1316 1521 summum
1362 1464 1575 1520 culmen
1601 1464 1808 1534 justitia
1849 1477 1972 1534 pro-

364 1565 526 1624 cedit.
559 1564 770 1620 Primus
799 1572 881 1619 est
911 1562 1127 1617 virtutis
1151 1561 1346 1632 gradus
1387 1560 1544 1615 malis
1570 1558 1826 1630 operibus
1851 1559 1972 1614 abs-

368 1659 574 1724 tinere;
608 1654 912 1719 secundus,
943 1654 1104 1709 etiam
1133 1653 1290 1708 malis
1317 1652 1526 1717 verbis;
1561 1651 1771 1719 tertius,
1813 1652 1975 1707 etiam

2063 436 2215 505 Quod
2247 438 2290 493 si
2326 437 2567 492 mortalis
2597 434 2834 490 conditio
2873 451 2979 489 non
3007 435 3205 505 patitur
3229 448 3346 490 esse
3376 434 3653 491 hominem

2063 531 2131 586 ab
2161 530 2306 586 omni
2337 529 2542 584 macula
2576 543 2764 599 purum
2787 570 2802 595 ,
2833 527 3031 583 debent.
3059 543 3188 597 ergo
3217 528 3500 599 largitione
3532 541 3655 598 per-

2065 633 2221 694 petua
2247 634 2466 694 peccata
2494 623 2673 677 carnis
2699 620 2927 678 aboleri.
2962 621 3139 677 Unum
3167 630 3251 677 est
3274 623 3414 677 enim
3441 622 3655 692 sapien-

2065 718 2155 783 tis,
2185 725 2240 772 et
2265 717 2415 786 justi,
2446 723 2502 772 et
2529 715 2709 772 vitalis
2739 715 2839 770 viri
2875 729 3031 784 opus,
3061 713 3276 770 divitias
3303 729 3428 770 suas
3458 715 3512 769 in
3543 714 3664 770 sola

2063 811 2266 881 justitia
2311 811 2615 866 collocare:
2660 825 2764 880 qua
2813 809 3056 881 profecto
3099 810 3189 880 qui
3218 818 3376 881 eget,
3412 809 3538 864 licet
3568 808 3664 864 ille

2070 903 2332 971 Crassum,
2379 913 2468 958 aut
2495 903 2748 959 Crassum
2778 903 2978 958 divitiis
3009 912 3267 974 superet,
3303 903 3388 958 hic
3435 917 3660 974 pauper,

2069 994 2155 1050 hic
2188 995 2392 1062 nudus,
2427 996 2514 1050 hic
2542 995 2822 1051 mendicus
2851 995 3114 1064 putandus
3142 1003 3243 1051 est.
3291 994 3472 1050 Danda
3504 996 3665 1067 igitur

2069 1101 2265 1157 opera,
2312 1095 2370 1141 ut
2419 1087 2728 1143 indumento
2768 1087 2992 1158 justitiae
3038 1088 3358 1158 pietatisque
3404 1089 3664 1155 vetemur,

2071 1194 2177 1249 quo
2208 1193 2306 1233 nos
2344 1187 2505 1234 exuat
2533 1193 2692 1234 nemo
2712 1219 2726 1246 ,
2757 1177 2900 1249 quod
2930 1179 3085 1234 nobis
3115 1180 3502 1249 sempiternum
3533 1193 3672 1249 prte-

2071 1271 2194 1327 beat
2236 1280 2505 1326 ornatum.
2555 1270 2689 1326 Nam
2738 1271 2784 1326 si
2829 1270 3054 1325 deorum
3098 1271 3336 1326 cultores
3381 1271 3675 1325 simulacra

2073 1366 2398 1420 insensibilia
2447 1366 2735 1432 excolunt,
2769 1371 2824 1420 et
2866 1365 3124 1436 quidquid
3167 1365 3389 1436 pretiosi
3433 1363 3670 1430 habent,

2073 1459 2127 1512 in
2157 1473 2217 1513 ea
2249 1457 2534 1513 conferunt
2559 1499 2574 1523 ,
2604 1457 2799 1528 quibus
2821 1469 2921 1512 nec
2945 1457 3020 1512 uti
3053 1465 3313 1528 possunt,
3347 1469 3448 1512 nec
3477 1455 3674 1526 gratias

2075 1565 2268 1622 agere,
2302 1550 2446 1621 quod
2485 1551 2824 1620 acceperint:
2869 1557 3071 1620 quanto
3095 1550 3294 1620 justius
3344 1559 3462 1616 est,
3494 1560 3548 1605 et
3577 1563 3676 1606 ve-

2079 1643 2213 1709 rius,
2250 1641 2482 1697 viventia
2513 1642 2606 1697 Dei
2637 1642 2925 1697 simulacra
2956 1642 3225 1710 excolere,
3253 1651 3310 1696 ut
3339 1657 3684 1712 promereare

368 1751 691 1822 cogitatione
746 1762 927 1803 rerum
977 1746 1262 1802 malarum.
1314 1744 1415 1812 Qui
1459 1745 1692 1815 primum
1742 1743 1966 1815 gradum
1995 1741 2044 1806 B
2073 1735 2562 1803 viventem?‘Qua3
2612 1736 2751 1792 sicut
2798 1737 2917 1792 usui
2963 1735 3162 1792 habent
3214 1734 3473 1806 quidquid
3524 1749 3680 1792 acce-

368 1845 632 1908 ascendit,
676 1842 806 1897 satis
843 1840 1018 1911 justus
1061 1848 1176 1907 est;
1223 1838 1316 1910 qui
1355 1837 1674 1905 secundum,
1703 1837 1815 1907 jam
1837 1851 1961 1906 per-

369 1938 524 1994 fectae
550 1935 798 1991 virtutis:
830 1933 1093 2004 siquidem
1122 1947 1296 2002 neque
1325 1931 1477 1986 factis
1497 1973 1509 1995 ,
1543 1945 1718 2001 neque
1759 1946 1966 1986 sermo-

373 2047 441 2087 ne
467 2029 740 2099 delinquat
764 2045 777 2081 :
808 2027 898 2098 qui
933 2027 1144 2081 tertium
1166 2068 1180 2090 ,
1212 2027 1258 2080 is
1288 2039 1414 2079 vero
1441 2023 1847 2080 similitudinem
1872 2025 1969 2082 Dei

371 2129 652 2179 assecutus
697 2119 926 2175 videtur.
964 2118 1058 2173 Est
1104 2117 1247 2173 enim
1292 2127 1430 2188 pene
1478 2129 1638 2187 supra
1680 2117 1969 2174 humanum

375 2216 619 2282 mettum,
653 2230 722 2270 ne
758 2213 811 2267 in
839 2211 1219 2282 cogitationem
1249 2208 1466 2281 quidem
1498 2209 1804 2277 admittere,
1828 2211 1973 2282 quod

377 2310 448 2364 sit
489 2307 576 2364 vel
631 2306 772 2361 factu
819 2304 1042 2372 tualum,
1095 2304 1178 2358 vel
1223 2303 1525 2373 improbum
1580 2303 1751 2359 dictu.
1801 2302 1984 2375 Itaque

382 2403 546 2458 etiam
572 2400 700 2470 justi
733 2399 1012 2465 homines,
1045 2397 1135 2468 qui
1168 2397 1396 2453 fraanare
1426 2409 1485 2454 se
1515 2407 1740 2468 possunt
1769 2399 1837 2456 ab
1865 2415 1985 2456 om-

385 2495 439 2548 ni
469 2507 633 2564 opere
663 2489 860 2563 injusto
884 2532 898 2554 ,
931 2503 1314 2561 nonnunquam
1346 2498 1522 2546 tamen
1552 2491 1666 2562 ipsa
1700 2492 1988 2564 fragilitate

384 2585 690 2652 vincuntur,
723 2593 781 2640 ut
804 2583 892 2640 vel
918 2582 974 2638 in
1003 2583 1083 2639 ira
1110 2583 1309 2639 malum
1337 2582 1540 2654 dicunt,
1569 2585 1655 2642 vel
1684 2585 1736 2641 in
1769 2598 1991 2661 aspectu

2073 1829 2282 1899 perint,
2312 1837 2368 1884 et
2397 1830 2596 1899 gratias
2637 1837 2799 1901 agunt
2827 1848 2839 1884 :
2874 1829 2944 1884 ita
2987 1831 3128 1886 Deus
3148 1872 3163 1898 ,
3196 1829 3250 1884 in
3278 1830 3430 1901 cujus
3457 1845 3686 1901 conspe-

2072 1934 2162 1980 ctu
2193 1926 2390 1981 bonum
2422 1925 2611 1982 feceris
2631 1965 2647 1994 ,
2676 1934 2731 1982 et
2758 1926 3023 1996 probabit,
3055 1933 3110 1983 et
3138 1924 3442 1983 mercedem
3471 1924 3686 1998 pietatis

2075 2019 2336 2075 exsolvet.

2669 2111 2899 2170 CAPUT
2940 2109 3086 2167 XIV.

2085 2203 2164 2260 De
2192 2202 2490 2272 affectibus,
2543 2219 2603 2258 ac
2630 2205 2692 2258 de
2741 2205 2805 2260 iis
2860 2205 3151 2261 Stoicorum
3197 2204 3479 2274 sententia,
3531 2212 3577 2258 et
3626 2203 3690 2258 de

2467 2299 2650 2354 virtute
2667 2341 2680 2366 ,
2707 2300 2839 2354 vitiis
2863 2307 2909 2354 et
2937 2299 3307 2354 misericordia.

2166 2414 2222 2471 Si
2251 2429 2380 2486 ergo
2408 2415 2460 2470 in
2499 2414 2716 2470 homine
2745 2413 3064 2486 praeclarum
3097 2424 3151 2470 et
3179 2413 3452 2470 excellens
3481 2421 3565 2470 est
3594 2409 3693 2468 bo-

2094 2522 2222 2562 num
2265 2505 2654 2574 misericordia,
2686 2505 2847 2578 idque
2876 2505 3072 2562 divinis
3104 2506 3428 2562 testimoniis
3453 2546 3466 2568 ,
3500 2514 3556 2560 et
3593 2503 3693 2560 bo-

2097 2613 2287 2656 norum
2333 2600 2706 2671 malorumque
2753 2613 3021 2657 consensu
3072 2599 3336 2672 optimum
3377 2597 3695 2671 judicatur:

1703 2726 2064 2791 VARIOIIUM
2099 2735 2327 2794 NOTAE.

387 2880 551 2926 tamen
580 2867 1075 2944 ﬂetibusmundant.
1086 2863 1285 2944 ‘Neque
1305 2866 1684 2944 enim‘scriptor
1703 2870 1746 2924 si
1770 2881 1809 2944 ar
1822 2871 1985 2944 scrip-

387 2946 525 2998 tione
553 2939 817 3014 cessaverit
835 2979 854 3014 ,
877 2940 998 3009 quia
1023 2939 1128 2993 alia
1152 2955 1253 3014 non
1281 2939 1516 3014 addidit,
1559 2941 1713 3014 etiam
1749 2943 1842 2997 illa
1871 2939 1985 3014 qua:

387 3016 660 3084 scripserat
701 3011 913 3065 delevit:
957 3027 1046 3084 nec
1085 3012 1171 3084 qui
1209 3011 1541 3064 contumelias
1569 3012 1792 3083 irrogat,
1825 3016 1870 3069 si
1884 3011 1983 3071 ἐο-

389 3074 650 3141 lum'modo
679 3084 918 3149 tacuerit,
949 3074 1230 3151 satisfecit,
1259 3099 1373 3135 cum
1402 3086 1626 3151 profecto
1657 3074 1854 3140 necesse
1883 3089 1947 3141 sit
1968 3129 1983 3153 ,
2013 3074 2058 3138 C

387 3169 443 3212 ut
472 3157 623 3211 verba
664 3155 940 3224 prwtttissw
983 3153 1430 3224 superbiwverbis
1466 3155 1752 3224 subjuncta:
1791 3158 2000 3213 humili-

393 3229 514 3282 tatis
541 3223 837 3298 impugnet;
863 3241 963 3298 nec,
982 3223 1462 3298 debitorabsolutus
1489 3235 1588 3298 est,
1619 3229 1739 3298 quia
1764 3230 1870 3283 alia
1896 3231 1999 3286 non

391 3297 720 3368 multiplicat,
742 3297 840 3369 nisi
861 3306 906 3349 et
928 3297 1018 3349 illa
1040 3310 1154 3364 qua:
1176 3297 1420 3369 ligaverat
1438 3297 1618 3350 solvat.
1644 3297 1821 3369 Neque
1841 3303 1994 3369 enim,

391 3373 468 3426 ait
494 3367 551 3424 S.
583 3369 742 3425 Joan.
774 3367 1225 3439 Chrysostomns,
1258 3368 1521 3420 vulnerato
1551 3367 1826 3439 sufﬁcit-ad
1854 3367 1998 3427 satu;

392 3454 492 3497 tem
519 3440 870 3494 tantummodo
891 3437 1094 3508 spicula
1117 3438 1179 3491 de
1199 3453 1416 3508 corpore
1463 3437 1702 3509 evellere,
1729 3443 1818 3496 sed
1845 3447 1997 3498 etiam

389 3513 617 3568 remedia
641 3511 879 3565 adhibere
905 3509 1215 3564 vulneribus.

470 3583 767 3639 Peccatum.
792 3582 1011 3636 Sublac.
1041 3579 1189 3635 addit
1209 3581 1524 3651 ignei-auter.

478 3655 688 3710 Veniant
715 3669 815 3708 non
844 3653 991 3707 habet
1009 3694 1022 3713 .
1046 3653 1131 3722 qui
1154 3653 1316 3726 sciens
1343 3663 1535 3722 peccat.
1559 3652 1690 3707 Puta
1713 3693 1727 3721 ,
1757 3653 1847 3725 qui
1875 3666 1998 3726 post

392 3738 705 3797 susceptum
748 3729 1118 3797 baptismum,
1147 3725 1378 3797 maligna
1408 3735 1460 3777 et
1491 3727 1703 3779 nocenti
1735 3725 1994 3796 improbi-

395 3811 506 3856 tate
523 3841 537 3863 ,
559 3795 660 3853 seu
687 3797 825 3852 mala
852 3808 1031 3851 mente
1056 3795 1291 3849 admittit
1317 3804 1536 3864 peccata
1557 3837 1570 3859 ,
1601 3797 1763 3851 veluti
1788 3795 1996 3855 calum-

394 3873 531 3937 nite,
564 3869 833 3925 meditatae
863 3867 1059 3932 Caedis,
1103 3867 1189 3920 ille
1231 3867 1440 3920 veniam
1482 3880 1511 3920 a
1557 3868 1666 3921 Deo
1705 3868 1995 3926 difficulter

395 3942 685 3998 admodum
713 3939 939 3993 obtinet.
975 3937 1142 4002 Nam,
1175 3938 1344 4006 inquit
1369 3937 1596 3992 Basilius
1622 3939 1894 4001 M.,serm.
1925 3943 1992 3997 ad

401 4014 803 4076 adolescentes,
832 4008 1112 4078 Quomodo
1138 4024 1202 4062 ex
1231 4010 1423 4078 grazcis
1451 4011 1760 4065 auctoribus
1791 4014 1994 4070 utilitas

400 4083 659 4154 capienda
687 4085 783 4137 sit:
809 4080 1154 4135 Involuntaric
1177 4081 1379 4154 quidem
1405 4081 1468 4154 ab
1495 4082 1656 4152 oﬁicio
1675 4086 1997 4139 conveniente

397 4151 710 4226 delinquenti
748 4155 892 4208 venia
931 4154 1106 4219 aliqua
1126 4169 1163 4226 a
1189 4151 1297 4205 Deo
1321 4151 1618 4226 contigerit:
1648 4155 1713 4207 de
1741 4155 1994 4210 industria

398 4244 515 4283 vero
539 4223 790 4281 deteriora
816 4225 1023 4298 eligenti
1036 4224 1186 4298 nulla
1211 4223 1467 4298 excusatio
1492 4225 1783 4298 contingere
1810 4237 1989 4298 potest,

397 4311 454 4354 ut
478 4315 581 4354 non
608 4299 852 4368 mutiplea:
873 4294 1179 4366 supplicium
1205 4294 1397 4348 subeat.
1420 4294 1586 4351 Valde
1606 4294 1752 4368 enim
1778 4294 1994 4354 difficile

401 4381 481 4426 est
507 4411 519 4427 .
547 4380 603 4424 ιιι
622 4384 718 4440 per
735 4366 1112 4438 paenitentiam
1139 4368 1508 4440 restituantur,
1529 4366 1616 4438 qttl
1647 4378 1766 4436 post
1793 4369 1993 4437 baptis-

399 4459 484 4524 mt'
577 4437 697 4529 talia
725 4437 1179 4529 perpetraverttnt‘
1193 4439 1393 4529 scelera
1419 4437 1580 4529 ‘(q‘um
1608 4454 1715 4521 nec.
1737 4441 1989 4529 igpqzatt-
2017 4469 2070 4529 D

402 4515 511 4580 tiae,
543 4527 643 4567 nec
669 4508 912 4565 humanm
940 4519 1063 4565 sunt
1092 4508 1457 4578 infirmitatis).
1491 4517 1600 4563 tum
1631 4511 1750 4577 quia
1778 4509 1993 4567 difficile

397 4594 516 4650 est,
541 4593 598 4638 ut
623 4598 800 4637 veram
825 4595 887 4635 ac
909 4583 1174 4636 sinceram
1194 4588 1357 4652 agant
1383 4581 1748 4650 paenitentiam
1769 4622 1783 4643 ,
1807 4582 1998 4652 dignos

402 4657 600 4711 faciant
628 4653 810 4724 (juxta
840 4651 1210 4724 Evangeltum)
1242 4653 1570 4724 paenitentiae
1596 4661 1649 4706 et
1676 4652 1995 4709 satisfactio—

402 4730 492 4784 nis
524 4723 748 4792 fructus,
777 4735 886 4779 tum
913 4723 1035 4793 quia
1062 4724 1249 4778 duram
1280 4738 1342 4778 ac
1364 4723 1637 4778 diflicilem
1670 4725 1998 4793 paenitentia:

403 4800 673 4854 actionem
717 4811 745 4849 a
776 4797 972 4851 talibus
1013 4797 1178 4865 exigit
1207 4795 1513 4848 christiana)
1554 4799 1812 4850 severitas
1841 4797 2000 4851 disci-

401 4872 584 4941 plina}.
603 4867 896 4941 thuidetn
917 4867 1232 4941 Ambrosius
1259 4865 1350 4941 lib.
1382 4881 1416 4920 ιι
1443 4866 1510 4941 de
1533 4865 1850 4922 Pteniteutia
1880 4883 1997 4937 cap.

403 4935 500 5008 '40,
520 4940 576 4995 n°
607 4935 799 5005 96,'ait
815 4955 873 4994 se
890 4938 1094 5010 [acilius
1110 4939 1356 4991 invenisse
1371 4937 1454 5006 qui
1481 4935 1818 4992 innocentiam
1835 4935 2004 4993 serva-

402 5015 589 5076 verint,
620 5025 772 5079 quam
799 5009 1133 5079 quicongrue
1157 5010 1346 5080 egerint
1378 5009 1744 5077 paenitentiam.
1772 5009 1854 5064 Ad
1883 5026 2002 5065 eam

407 5095 586 5139 tamen
610 5091 917 5153 peccatores
943 5083 1030 5136 ille
1053 5079 1298 5153 hortatur
1316 5079 1525 5153 duobus
1541 5081 1707 5146 libris,
1735 5092 1789 5135 et
1817 5082 2006 5150 ιη·ωοὶ-

405 5170 517 5226 pne
546 5151 690 5216 Ιίἱ)ζι,
720 5168 839 5222 cap.
872 5153 938 5207 16
959 5193 973 5218 ,
1008 5153 1196 5226 n._90:
1242 5151 1447 5220 Siquis,
1469 5151 1673 5226 inquit,
1693 5153 2007 5226 occultacri-

406 5223 550 5281 inina
575 5226 792 5290 habens,
822 5235 1027 5294 propter
1045 5223 1300 5278 Christum
1323 5233 1486 5277 tamen
1514 5223 1737 5276 studiose
1761 5225 2007 5294 perniten-

407 5299 537 5352 tiam
561 5298 753 5368 egerit.
777 5335 791 5350 .
815 5333 828 5349 .
848 5297 962 5350 voto
990 5367 993 5368 ν
1019 5296 1214 5349 veniant
1264 5309 1380 5348 reus
1406 5303 1566 5368 speret
1582 5309 1614 5368 εΔ
1629 5304 1762 5368 petat
1788 5311 1897 5368 eam
1928 5295 2007 5349 la-

405 5365 625 5439 crymii,
660 5377 797 5438 petat
825 5367 1122 5439 gemitibus,
1153 5375 1287 5436 petat
1317 5365 1494 5437 populi
1522 5365 1678 5420 totius
1707 5367 1908 5436 ﬂetibus
1955 5376 2010 5421 ut

406 5441 950 5512 ignoscaturrobsecret
970 5481 983 5504 ,
1014 5449 1119 5493 etc.

490 5511 615 5577 Quae
642 5511 824 5564 deleat.
857 5511 910 5564 Id
935 5518 1020 5565 est
1039 5550 1051 5571 ,
1081 5523 1201 5580 qua}
1225 5508 1421 5564 debeat
1447 5508 1731 5563 redimere.

489 5582 555 5636 In
581 5583 829 5636 medelam
855 5582 1140 5636 vulnerum.
1175 5579 1231 5634 Id
1260 5591 1370 5644 est,
1401 5590 1763 5649 peccatorum.
1795 5580 2014 5651 Cypria-

411 5669 542 5719 nus,
573 5654 641 5709 de
671 5654 881 5722 Lapsis,
911 5667 960 5707 c.
996 5654 1100 5706 15;
1133 5651 1322 5707 Census
1351 5652 1513 5706 omnis
1543 5654 1599 5706 in
1637 5653 1884 5706 medelam
1903 5652 2017 5706 vul-

413 5727 555 5780 neris
583 5737 838 5792 erogetur.
869 5723 1056 5779 Eidem
1087 5723 1142 5780 in
1173 5725 1278 5778 line
1305 5722 1374 5778 de
1401 5724 1579 5792 Opere
1604 5732 1660 5778 et
1687 5724 1888 5780 Eleem.
1924 5723 2013 5780 ed.

413 5797 592 5856 Oxon.
613 5837 629 5866 ,
660 5793 756 5852 fol.
788 5796 892 5855 209
919 5814 930 5850 :
963 5796 1188 5866 operatio
1219 5793 1312 5865 (id
1341 5805 1463 5864 est,
1496 5795 1838 5865 eleemosyna
1865 5795 1886 5865 )
1917 5795 2020 5866 ipsi

2095 2876 2289 2932 dicitur
2318 2877 2512 2932 medela
2540 2877 2752 2946 peccati.
2782 2875 2914 2932 BUN.

2163 2949 2330 3003 Nemo
2374 2965 2497 3003 esse.
2548 2948 2616 3003 ΙΙΙ
2655 2949 2788 3019 Reg.
2835 2963 2954 3018 cap.
3001 2965 3092 3012 vt.
3126 2949 3200 3021 2;
3237 2947 3414 3004 Paral.
3449 2963 3571 3021 cap.
3604 2965 3694 3019 vt;

2091 3020 2239 3076 Eccl.
2272 3037 2380 3083 vn;
2409 3021 2664 3075 Proverb.
2698 3037 2776 3075 xx
2806 3031 2860 3075 et
2887 3035 3043 3085 xxtv,
3076 3022 3099 3076 I
3128 3037 3141 3085 ;
3175 3020 3330 3077 Joan.
3359 3037 3480 3092 cap.
3507 3020 3544 3078 ι.

2164 3093 2446 3146 Abstinere.
2474 3107 2529 3147 ιιι
2559 3092 2741 3161 Joan.,
2772 3107 2913 3149 vers.
2950 3093 3050 3161 '10;
3087 3093 3176 3148 Ps.
3211 3109 3405 3162 χχχιιι,
3443 3095 3504 3162 1;
3544 3094 3688 3150 Petr.

2103 3175 2182 3229 tn,
2211 3179 2352 3218 vers.
2387 3164 2475 3218 II.

2172 3235 2510 3305 Cogitatione.
2539 3234 2659 3290 Isai.
2693 3251 2746 3294 ις
2780 3234 2981 3290 Jerem.
3014 3252 3098 3300 tv,
3135 3239 3186 3302 I;
3217 3236 3344 3291 Cor.
3374 3252 3489 3291 xm.

2175 3308 2277 3371 Qui
2328 3309 2550 3376 primunt
2622 3308 2840 3377 gradum
2889 3309 3142 3372 ascendit,
3203 3309 3338 3377 satis
3386 3309 3566 3376 justus
3596 3321 3694 3364 est.

2100 3376 2216 3431 Non
2246 3377 2332 3431 ille
2359 3379 2491 3432 satis
2516 3376 2694 3446 justus
2733 3385 2836 3442 est,
2873 3379 2916 3430 si
2963 3377 3030 3432 ab
3055 3376 3315 3446 operibus
3347 3380 3503 3433 malis
3530 3379 3695 3434 abstiw

2101 3463 2255 3514 nens,
2305 3449 2445 3503 male
2485 3457 2659 3502 tamen
2724 3455 2818 3502 aut
2874 3448 3146 3517 loquatur,
3204 3459 3297 3504 aut
3341 3452 3579 3519 cogitet;
3613 3451 3695 3519 id

2098 3521 2240 3588 quod
2259 3520 2342 3574 vel
2372 3521 2485 3588 ipse
2534 3519 2843 3574 Lactantius
2892 3515 2959 3573 et'
2999 3520 3309 3586 confitetur,
3343 3515 3583 3574 etdocet
3612 3515 3694 3575 in-

2100 3589 2203 3656 ira,
2240 3605 2358 3660 cap.
2393 3591 2485 3655 ‘25,
2517 3599 2571 3645 et
2600 3590 2691 3644 lib.
2722 3606 2816 3656 vti,
2848 3605 2966 3660 cap.
2991 3589 3081 3653 27,
3109 3590 3193 3644 ubi
3227 3593 3300 3645 ait
3355 3591 3521 3662 Deum
3543 3591 3690 3662 judi-

2097 3669 2341 3716 caturum
2370 3676 2490 3716 esse
2542 3663 2701 3715 ctiam
2729 3676 2920 3730 pravas
2950 3663 3321 3729 cogitationes.
3353 3661 3541 3717 Isazus.

2173 3731 2256 3787 Ne
2277 3735 2327 3786 in
2353 3733 2708 3804 cogitationem
2734 3733 2936 3804 quidem
2973 3733 3263 3797 admittere,
3287 3743 3391 3789 etc.
3440 3733 3563 3786 Mss.
3620 3733 3690 3788 15

2098 3817 2205 3858 rec.
2240 3816 2293 3860 et
2317 3805 2350 3858 2
2376 3803 2530 3869 edit.,
2561 3820 2623 3858 ne
2648 3803 2700 3858 in
2721 3803 3057 3876 cogitatione;
3099 3804 3229 3860 edit.
3264 3806 3320 3874 4,
3361 3819 3450 3860 nec
3477 3805 3689 3874 cogita-

2097 3877 2248 3930 tione.

2180 3946 2362 4002 Vitatis
2388 3948 2504 4002 viri.
2537 3947 2650 4003 lloc
2680 3957 2783 4012 est,
2815 3945 3050 4004 hominis
3105 3944 3211 4002 vita
3259 3945 3434 4019 digni,
3475 3944 3612 4019 frugi
3633 3954 3691 4006 et

2096 4020 2162 4075 ad
2191 4035 2304 4074 rem
2333 4022 2523 4075 attenti
2559 4036 2572 4074 ε
2606 4021 2683 4075 sic
2713 4019 2965 4075 Horatius
2985 4019 3396 4138 lib.gt,.Satyra
3429 4018 3460 4073 7
3489 4036 3501 4071 :

3135 4103 3289 4138 mtcus

3135 4105 3179 4138 III
3188 4103 3289 4140 tcus

2189 4152 2486 4217 Mancipium
2509 4151 2716 4202 Domino
2740 4159 2792 4203 et
2814 4152 2960 4217 frugi,
2986 4152 3117 4216 quod
3139 4157 3203 4203 sit
3219 4152 3354 4211 satis,
3381 4151 3473 4201 hoc
3497 4159 3595 4215 est,

2192 4214 2256 4265 Ut
2279 4214 2427 4265 vitale
2453 4224 2611 4277 putes.

2096 4298 2174 4352 Ac
2204 4298 2407 4354 Seneca
2449 4299 2586 4354 libro
2613 4313 2663 4365 v,
2713 4296 2951 4365 Epistula
2978 4299 3048 4356 59
3079 4315 3091 4353 :
3132 4297 3314 4368 Magni
3358 4295 3516 4350 animi
3541 4314 3688 4368 mag-

2096 4385 2163 4422 na
2190 4380 2524 4431 contemnere,
2581 4386 2640 4423 ac
2669 4369 2924 4423 mediocra
2969 4369 3125 4424 malle
3145 4411 3158 4434 ,
3189 4367 3339 4437 quam
3366 4369 3542 4422 nimia.
3579 4367 3688 4422 Illa

2097 4440 2229 4494 enim
2255 4442 2421 4502 utilia,
2473 4441 2743 4510 vitaliaque
2787 4452 2926 4494 sunt.
2959 4439 3094 4496 Vide
3139 4439 3447 4496 Turnebum
3493 4439 3547 4495 in
3577 4438 3686 4495 Ad-

2097 4512 2349 4566 versariis
2379 4511 2469 4563 lib.
2504 4523 2689 4570 xxvttt.
2720 4520 2879 4580 caput
2903 4511 2992 4566 9.7.

2171 4581 2516 4635 lnsensibilia.
2541 4582 2716 4637 Sensu
2746 4584 3000 4637 carentia.
3034 4583 3320 4638 Fnchws.

2174 4652 2284 4706 Nec
2315 4653 2503 4724 gratias
2542 4668 2710 4723 agere,
2741 4653 2877 4723 quod
2920 4657 3221 4722 acceperint.
3274 4651 3502 4709 Restitui
3545 4660 3684 4724 quod

2100 4739 2187 4779 ex.
2216 4723 2490 4799 νεῑζᾼιξιιίι.Δ
2528 4724 3065 4799 IIom._ontniliusque
3096 4740 3224 4779 mss.
3259 4736 3468 4799 praeter
3495 4723 3681 4799 I_llcg.

2103 4809 2212 4869 rec.
2240 4805 2294 4850 ct
2321 4795 2388 4850 I6
2409 4794 2580 4850 editos
2603 4795 2792 4866 quibus
2810 4805 2914 4863 est,
2935 4799 3022 4866 qui
3039 4798 3323 4868 acceperint
3337 4814 3355 4864 ;
3383 4813 3400 4852 ι
3425 4798 3494 4853 al.
3519 4794 3677 4869 Regi,

2101 4868 2186 4938 qui
2218 4876 2541 4938 acceperunt.

2186 4937 2414 4992 Viventia
2438 4937 2534 4991 Dei
2573 4938 2864 4992 simulacra.
2917 4937 3173 4995 lIomincs
3202 4939 3426 4995 scilicet.

2184 5009 2515 5064 Promereare
2540 5009 2801 5063 viventem.
2852 5009 2923 5064 Ita
2953 5026 3081 5064 mss.
3122 5010 3476 5080 antiquissimi
3518 5011 3679 5076 Bon.,

2106 5083 2138 5138 4
2165 5081 2319 5151 Ileg.,
2349 5081 2536 5147 Cauc.,
2563 5081 2682 5135 Jun.
2724 5090 2777 5134 et
2820 5083 2855 5138 5
2903 5082 3104 5136 excusi.
3134 5083 3203 5137 At
3227 5097 3355 5135 mss.
3425 5083 3690 5136 recentio-

2107 5169 2197 5208 res
2224 5163 2276 5208 ct
2306 5169 2494 5207 omnes
2531 5168 2671 5222 pene
2717 5152 2848 5208 edit.
2884 5154 3080 5217 ferunt,
3111 5163 3163 5206 ut
3205 5168 3524 5222 promereare
3548 5155 3687 5207 inve-

2109 5227 2220 5279 nire
2269 5221 2547 5278 viventemf
2579 5225 2773 5294 Scripti
2832 5224 2867 5278 2
2912 5224 3070 5292 Reg,
3102 5223 3136 5276 2
3165 5222 3340 5286 Culb.,
3374 5221 3626 5294 Torttes..
3657 5226 3693 5278 2

2110 5296 2370 5354 Claroni..
2400 5305 2454 5349 ut
2499 5291 2814 5367 promereare
2881 5291 3048 5367 videre
3087 5297 3345 5367 viventem.
3375 5324 3446 5367 έ-
3478 5291 3547 5367 Ut
3576 5313 3696 5362 pro—

2112 5383 2337 5422 ntereare
2358 5363 2618 5421 viventem.
2654 5366 2856 5420 Eodem
2889 5366 3160 5437 pertinent
3184 5363 3434 5437 Cypriani
3459 5365 3525 5420 de
3555 5368 3697 5437 Ope-

2115 5455 2175 5495 re
2197 5448 2251 5494 ct
2300 5439 2568 5493 Elcemos.
2625 5438 2712 5492 ed.
2742 5433 2942 5500 Oxon},
2984 5434 3023 5489 f.
3073 5435 3200 5490 205.
3234 5433 3301 5491 Ut
3352 5433 3699 5508 intelligamus

2116 5511 2225 5564 Iuvc
2253 5527 2405 5578 opera
2438 5509 2546 5563 Deo
2604 5508 2740 5572 dari,
2787 5517 3006 5578 etcum,
3053 5510 3292 5578 quisquis
3351 5508 3469 5564 haec
3516 5511 3699 5575 faciat,

2117 5577 2397 5636 Dominum
2479 5580 2776 5649 promereri.
2831 5577 3036 5634 Ibidem
3072 5577 3129 5634 7f.
3193 5579 3298 5637 209
3331 5597 3344 5635 :
3374 5579 3704 5636 Promeretur

2123 5653 2380 5708 Christum
2399 5653 2661 5724 judicem._
2688 5650 2828 5724 BDN.

2197 5725 2260 5803 Et
2287 5721 2536 5803 probabit.
2583 5721 2783 5803 Addita
2809 5723 3001 5780 vocula
3044 5732 3092 5780 et
3136 5738 3201 5780 ex
3231 5724 3482 5780 omnibus
3503 5735 3632 5778 mss.
3658 5730 3716 5778 et

2124 5797 2374 5867 plurimis
2414 5796 2724 5864 impressis.
