4142 6200
520 229 623 288 687

1621 234 1804 292 FIRM.
1846 234 2216 295 LACTANTII
2257 235 2458 296 DIVIN.
2503 238 2752 298 INSTIT.

3716 246 3821 304 688

518 353 741 417 apparet
769 345 1118 416 philosOphos
1146 345 1305 417 longe
1331 344 1566 403 abfuisse
1603 349 1670 404 ab
1711 349 1945 405 humano
1975 351 2115 407 bono
2140 357 2196 417 Î‘
2221 369 2316 423 pro
2339 354 2498 418 vitiis.
2523 365 2578 410 et
2606 355 2738 410 vitia
2765 354 3011 426 quaedam
3035 369 3136 427 pro
3162 355 3448 413 virtutibus
3479 357 3807 416 habuerunt.

520 441 610 510 qui
637 456 810 509 neque
854 451 1231 511 pra-ceperunt
1274 440 1537 510 ejusmodi
1585 443 1909 513 quidquam,
1942 462 2116 516 neque

514 532 794 596 fecerunt;
822 531 916 586 sed
947 534 1222 600 virtutem,
1253 549 1370 603 qua:
1401 534 1454 588 in
1483 533 1700 589 homine
1729 538 2112 606 propemodum

514 626 802 696 singularis
831 637 936 692 est,
968 643 1066 698 pro
1095 629 1227 683 vitio
1255 643 1472 699 semper
1499 629 1822 688 habuerunt.
1850 632 2004 688 Libet
2025 632 2115 690 hic

512 717 861 788 interponere
891 735 1054 774 unum
1099 720 1165 774 de
1195 719 1528 790 philosophia
1567 723 1775 787 locum,
1804 733 1862 778 ut
1898 724 2114 779 illorum

511 808 729 880 plenius
754 823 1111 881 coarguamus
1136 826 1370 877 errores,
1402 814 1490 882 qui
1533 814 1957 870 misericordiam
1977 856 1993 883 ,
2022 831 2116 870 cu-

511 899 812 970 piditatem,
843 913 1065 967 metum,
1096 903 1312 957 morbos
1339 904 1500 958 animi
1524 907 1817 974 appellant.
1841 908 2116 963 Conantur

510 994 588 1049 illi
612 995 828 1064 quidem
861 994 1088 1050 virtutes
1109 1010 1136 1048 a
1160 996 1304 1050 vitiis
1330 997 1680 1067 distinguere,
1709 1000 1849 1067 quod
1877 1009 1959 1054 est
1986 1015 2116 1056 sane

509 1085 846 1141 facillimum.
871 1087 1003 1156 Quis
1027 1088 1169 1143 enim
1201 1104 1304 1143 non
1335 1091 1501 1159 possit
1534 1091 1809 1146 liberalem
1835 1107 1862 1144 a
1892 1093 2117 1164 prodigo

513 1194 765 1251 separare
794 1183 812 1252 (
838 1190 894 1236 ut
924 1183 998 1236 illi
1041 1183 1278 1253 faciunt)
1304 1193 1395 1238 aut
1438 1201 1653 1254 parcum
1683 1202 1711 1240 a
1739 1189 1957 1242 sordido
1981 1230 1995 1254 ,
2025 1198 2118 1245 aut

511 1276 750 1344 quietum
781 1275 850 1329 ab
881 1275 1061 1341 inerti,
1094 1286 1186 1329 aut
1211 1286 1425 1331 cautum
1462 1292 1492 1332 a
1528 1279 1754 1333 timido?
1794 1281 1936 1350 quod
1974 1281 2112 1350 haec,

510 1380 634 1435 qua:
659 1375 785 1419 stmt
815 1366 979 1432 bona,
1011 1369 1142 1420 lines
1173 1383 1300 1422 suos
1332 1368 1595 1435 habeant;
1627 1387 1762 1441 quos
1789 1375 1832 1426 si
1864 1388 2116 1429 excesse-

512 1457 643 1521 rint,
672 1458 727 1512 in
758 1458 883 1512 vitia
916 1459 1203 1513 labuntur:
1237 1461 1303 1513 ita
1333 1471 1390 1514 ut
1416 1465 1738 1531 constantia,
1770 1467 1867 1518 nisi
1897 1481 1994 1535 pro
2024 1482 2116 1522 ve-

505 1552 664 1608 ritate
695 1562 942 1622 suscepta
971 1553 1040 1607 sit
1070 1594 1084 1617 ,
1118 1553 1176 1606 lit
1205 1554 1566 1624 impudentia;
1605 1559 1727 1611 item
1758 1557 2035 1623 fortitudo,
2070 1560 2115 1614 si

508 1646 652 1701 nulla
683 1646 1006 1700 necessitate
1035 1657 1293 1717 cogente,
1323 1657 1413 1702 aut
1441 1663 1548 1703 non
1576 1665 1672 1719 pro
1699 1665 1860 1704 causa
1891 1652 2114 1706 honesta

2218 446 2349 500 Nam
2383 447 2546 503 Stoici
2585 447 2808 504 affectus
2828 464 3039 516 omnes,
3069 465 3300 520 quorum
3334 451 3566 521 impulso
3603 455 3822 511 animus

2217 549 2608 606 commovetur,
2642 557 2709 597 ex
2736 543 2952 599 homine
2983 545 3206 608 tollunt;
3253 546 3603 615 cupiditatem
3633 590 3646 612 ,
3678 549 3817 603 lani-

2217 634 2368 701 tiam,
2399 645 2624 700 metum,
2659 637 2991 704 maestitiam,
3023 653 3251 708 quorum
3282 638 3390 693 duo
3417 640 3592 710 priora
3628 656 3692 695 ex
3723 641 3822 697 bo-

2220 728 2303 782 nis
2330 737 2456 783 sunt
2503 739 2595 782 aut
2623 728 2837 792 futuris,
2869 739 2962 785 aut
2989 731 3380 802 praesentibus,
3417 735 3714 801 posteriora
3752 751 3820 791 ex

2219 819 2394 872 malis.
2425 818 2626 874 Eodem
2657 819 2817 875 modo
2861 820 2976 876 haec
3003 831 3250 892 quatuor,
3282 822 3499 878 morbos
3540 823 3637 895 (ut
3667 823 3814 896 dixi)

2219 922 2430 979 vocant,
2464 930 2568 968 non
2595 923 2700 969 tam
2725 925 2911 970 natura
2938 915 3149 981 insitos,
3180 932 3341 986 quam
3373 932 3535 987 prava
3563 919 3822 986 Opinione

2218 1017 2520 1078 susceptos.
2551 1009 2613 1063 Et
2641 1008 2844 1064 idcirco
2868 1024 2965 1065 eos
2992 1020 3216 1065 censent
3245 1011 3504 1080 extirpari
3534 1026 3690 1080 posse
3737 1027 3825 1066 ra-

2219 1100 2437 1164 dicitus,
2466 1101 2510 1154 si
2559 1101 2820 1156 bonorum
2854 1103 3226 1173 malorumque
3254 1104 3438 1172 opinio
3477 1102 3609 1158 falsa
3660 1105 3824 1161 tolla-

2221 1201 2327 1247 tur.
2361 1192 2416 1248 Si
2442 1194 2584 1247 enim
2614 1195 2744 1248 nihil
2771 1205 2991 1250 censeat
3017 1196 3234 1264 sapiens
3267 1195 3462 1250 bonum
3487 1239 3500 1264 ,
3537 1196 3669 1251 nihil
3698 1212 3819 1252 ma-

2220 1287 2364 1352 lum;
2400 1302 2498 1342 nec
2525 1286 2817 1356 cupiditate
2845 1287 3112 1350 ardescet,
3146 1303 3247 1343 nec
3276 1287 3454 1342 laetitia
3478 1290 3690 1358 gestiet,
3719 1306 3821 1345 nec

2219 1391 2364 1435 metu
2409 1382 2719 1447 terrebitur,
2774 1395 2873 1435 nec
2902 1381 3218 1452 aegritudine
3267 1381 3636 1436 contrahetur.
3694 1383 3822 1438 Mox

2218 1472 2543 1535 videbimus.
2571 1489 2638 1527 an
2683 1471 2938 1538 efficiant,
2981 1473 3125 1544 quod
3167 1475 3352 1538 velint,
3397 1485 3487 1529 aut
3535 1474 3663 1544 quid
3696 1476 3819 1529 elfi-

2217 1567 2362 1620 ciant
2389 1581 2402 1618 :
2435 1565 2648 1620 interim
2693 1566 3026 1636 prepositum
3072 1581 3362 1636 arrogans,
3393 1581 3457 1622 ac
3489 1581 3625 1636 pene
3655 1567 3827 1623 furio-

2217 1670 2358 1723 sum,
2388 1658 2477 1726 qui
2505 1671 2563 1711 se
2591 1665 2776 1727 putent
2804 1656 3028 1722 mederi,
3061 1666 3116 1712 et
3139 1657 3268 1713 eniti
3299 1672 3456 1728 posse
3481 1670 3668 1714 contra
3703 1660 3810 1716 vim

507 1747 712 1793 certum
745 1739 1041 1809 periculum
1074 1738 1322 1802 subierit,
1369 1739 1423 1794 in
1459 1744 1816 1796 temeritatem
1849 1745 2116 1799 converti-
2145 1750 2192 1810 B
2222 1749 2592 1820 rationemque
2619 1759 2851 1805 naturae.

507 1839 614 1886 tur.
649 1831 893 1885 Libertas
920 1846 1153 1902 quoque,
1178 1834 1222 1886 si
1247 1833 1381 1888 alios
1405 1835 1718 1900 insectetur,
1746 1838 1925 1906 potius
1952 1854 2113 1908 quam

508 1923 899 1979 insectantibus
955 1927 1212 1988 resistat,
1270 1931 1606 1983 contumacia
1673 1938 1775 1984 est.
1841 1930 2114 1988 Severitas

505 2017 690 2082 etiam,
730 2017 833 2072 nisi
881 2032 941 2072 se
972 2017 1108 2072 intra
1155 2031 1516 2090 congruentes
1572 2023 1876 2078 nocentium
1928 2039 2115 2095 poenas

506 2103 780 2177 coerceat,
814 2112 874 2166 fit
899 2128 1038 2168 saeva
1069 2113 1380 2169 crudelitas.

580 2205 763 2276 Itaque
803 2204 1009 2270 dicunt,
1060 2221 1176 2273 eos,
1222 2208 1311 2276 qui
1356 2208 1478 2262 mali
1520 2208 1989 2276 videantur,_non
2019 2227 2114 2270 sua

506 2309 702 2369 sponte
734 2313 980 2367 peccare,
1012 2315 1111 2354 uec
1143 2300 1279 2353 mala
1323 2303 1502 2370 potius
1531 2303 1733 2374 eligere
1766 2324 1777 2358 :
1810 2307 1904 2362 sed
1937 2307 2110 2364 bono-

505 2405 626 2445 rum
684 2405 866 2460 speete
919 2391 1122 2462 lapsos,
1179 2392 1418 2448 incidere
1460 2395 1510 2448 in
1558 2397 1721 2464 mala,
1764 2397 1890 2453 dum
1941 2400 2113 2455 bono-

507 2499 626 2538 rum
683 2499 747 2538 ac
793 2485 1056 2538 malormn
1089 2485 1376 2540 discrimen
1411 2487 1674 2556 ignorant.
1727 2489 1852 2545 HLlâ€˜C
1894 2493 2110 2562 quidem

508 2576 641 2632 falsa
693 2593 800 2632 non
850 2588 1016 2632 sunt:
1064 2577 1160 2633 sed
1201 2578 1266 2633 ad
1295 2595 1492 2649 corpus
1535 2593 1726 2637 cuncta
1781 2583 2108 2642 referuntur.

504 2669 636 2724 Nam
670 2683 891 2740 parcum
919 2684 1040 2725 esse
1062 2711 1076 2736 ,
1109 2678 1202 2723 aut
1236 2679 1572 2725 constantem
1597 2713 1610 2737 ,
1635 2682 1727 2726 aut
1756 2683 1990 2740 cautum,
2023 2673 2116 2729 aut

503 2763 765 2834 quietum,
794 2772 884 2816 aut
909 2761 1122 2827 fortem,
1155 2771 1247 2816 aut
1275 2777 1545 2830 severum,
1581 2764 1807 2820 virtutes
1839 2777 1965 2820 sunt
1989 2768 2113 2836 qui-

505 2856 649 2924 dem,
668 2856 762 2912 sed
791 2855 949 2926 hujus
967 2860 1307 2926 temporarias
1333 2859 1476 2912 vitae.
1498 2857 1605 2913 Nos
1634 2870 1834 2926 autem,
1854 2865 1942 2930 qui
1977 2860 2115 2917 hanc

506 2949 670 3004 vitam
719 2949 1150 3016 contemnimus,
1197 2952 1330 3005 alias
1373 2952 1525 3007 nobis
1555 2953 1780 3008 virtutes
1813 2958 2114 3024 propositas

501 3041 802 3108 habemus,
830 3043 898 3097 de
924 3043 1118 3111 quibus
1146 3042 1454 3112 philosophi
1493 3060 1560 3100 ne
1589 3048 1852 3116 suspicari
1896 3049 2112 3118 quidem

2831 1861 3061 1918 CAPUT
3101 1862 3218 1917 XV.

2289 1976 2369 2032 De
2390 1974 2656 2045 affectibus
2681 1992 2742 2030 ac
2771 1975 2835 2031 de
2862 1977 2926 2031 iis
2958 1975 3421 2047 Peripateticorum
3452 1979 3722 2034 sententia.

2291 2115 2421 2170 Ilaec
2448 2115 2590 2170 enim
2621 2113 2887 2168 naturalia
2917 2127 3060 2181 esse,
3092 2128 3199 2168 non
3227 2115 3549 2181 voluntaria,
3580 2115 3825 2170 omnium

2217 2209 2512 2263 viventium
2559 2207 2695 2262 ratio
2738 2207 3108 2275 demonstrat,
3160 2224 3282 2280 quae
3333 2209 3521 2265 iisdem
3568 2210 3820 2265 omnibus

2217 2301 2456 2373 quatitur
2478 2300 2777 2356 aliemibus.
2804 2300 3146 2370 Peripatetici
3183 2317 3312 2372 ergo
3337 2304 3557 2370 rectius,
3588 2305 3676 2373 qui
3706 2304 3822 2360 haec

2218 2394 2396 2450 omnia
2431 2393 2640 2450 detrahi
2685 2407 2845 2464 posse
2890 2405 3106 2463 negant,
3161 2395 3285 2465 quia
3333 2396 3610 2451 nobiscum
3660 2399 3822 2452 simul

2217 2497 2341 2544 nata
2373 2487 2511 2552 sint;
2546 2495 2602 2541 et
2623 2495 2887 2541 conantur
2915 2487 3222 2553 ostendere,
3255 2504 3416 2556 quam
3447 2490 3815 2559 providenter,

2217 2589 2273 2636 et
2299 2595 2459 2650 quam
2511 2579 2816 2634 necessario
2849 2577 3018 2642 Deus,
3048 2578 3160 2634 sive
3202 2588 3387 2634 natura
3415 2579 3514 2652 (sic
3555 2585 3701 2637 enim
3741 2583 3823 2638 di-

2217 2682 2372 2741 cunt)
2415 2672 2498 2726 his
2545 2685 2645 2725 nos
2677 2670 2900 2724 armarit
2924 2669 3239 2726 affectibus:
3290 2688 3424 2743 quos
3463 2685 3663 2741 tamen,
3696 2677 3821 2745 quia

2217 2765 2395 2820 vitiosi
2416 2758 2740 2834 â€˜plerumque
2769 2762 2924 2829 ï¬unt,
2975 2763 3018 2816 si
3070 2763 3220 2816 nimii
3243 2765 3370 2827 sint,
3399 2780 3565 2835 posse
3604 2768 3673 2821 ab
3720 2768 3818 2820 ho-

2219 2859 2385 2924 mine,
2437 2857 2676 2912 adhibito
2719 2855 2901 2921 modo,
2931 2854 3222 2912 salubriter
3251 2859 3574 2929 temperari,
3610 2869 3668 2914 ut
3698 2870 3820 2915 tan-

2219 2963 2330 3008 turn
2363 2951 2590 3017 homini,
2621 2960 2879 3020 quantum
2909 2958 3113 3004 naturae
3148 2949 3278 3005 satis
3307 2960 3390 3005 est
3413 2992 3428 3017 ,
3459 2952 3816 3022 relinquatur.

2219 3046 2335 3102 Non
2369 3041 2630 3116 insipiens
2653 3043 2967 3114 disputatio,
3001 3043 3045 3097 si
3073 3041 3157 3111 (ut
3178 3042 3310 3114 dixi)
3343 3059 3447 3098 non
3483 3043 3547 3098 ad
3576 3043 3718 3101 hanc
3746 3046 3824 3101 vi-

510 3135 618 3192 ulla
669 3136 877 3191 ratione
921 3143 1230 3205 potuerunt.
1275 3135 1458 3206 Itaque
1496 3146 1550 3193 et
1579 3139 1800 3194 virtutes
1855 3142 2109 3210 quasdam
2139 3145 2186 3209 C
2219 3151 2324 3196 tam
2375 3138 2555 3196 omnia
2602 3136 2952 3192 referrentur.
3002 3135 3171 3192 Stoici
3215 3151 3348 3208 ergo
3378 3135 3591 3205 furiosi,
3619 3141 3711 3210 qui
3758 3154 3820 3194 ea

1861 3256 2222 3316 VARIORUM
2247 3253 2476 3312 NOTAE.

583 3374 658 3429 Ab
688 3374 912 3427 humano
939 3372 1088 3427 bono.
1117 3370 1254 3426 Nihil
1287 3371 1464 3426 invitis
1490 3371 1642 3426 libris
1661 3373 1972 3427 mutandum
2002 3389 2017 3427 :
2051 3374 2115 3428 ab

513 3447 735 3501 humano
758 3445 887 3498 bono
909 3456 1000 3508 est,
1022 3452 1055 3496 'a
1085 3445 1213 3498 bono
1241 3445 1527 3498 hominibus
1554 3447 1784 3514 proprio,
1800 3445 1862 3499 ab
1879 3445 2116 3499 humani-

515 3527 638 3580 tate,
664 3535 696 3570 a
727 3515 1099 3570 misericordia.
1133 3515 1280 3570 BUN.â€˜

595 3588 702 3644 Sed
729 3599 983 3642 virtutem.
1016 3585 1216 3642 Omnes
1249 3586 1359 3640 fere
1386 3586 1515 3641 editi
1546 3586 1832 3641 articulum
1863 3587 1993 3641 hanc
2035 3588 2118 3642 in-

513 3669 824 3726 terponunt,
854 3675 1011 3727 quem
1036 3674 1156 3711 cum
1189 3673 1319 3712 mss.
1344 3668 1606 3723 respuunt
1633 3660 1760 3713 editi
1790 3659 1948 3713 Rom.
1975 3658 2116 3716 M70

511 3748 577 3787 ac
603 3729 824 3794 Cellar.,
856 3740 910 3783 et
937 3729 1169 3797 expunxi
1203 3741 1255 3781 ut
1286 3729 1550 3782 inutilem.
1583 3729 1780 3783 Contra
1807 3731 2113 3785 Stoicorum

515 3803 585 3858 de
605 3802 886 3857 alfeetibus
907 3803 1230 3852 sententiam
1249 3799 1542 3866 disputavit
1561 3801 1618 3854 S.
1638 3801 1921 3871 Augustin.
1943 3801 2114 3857 delii-

516 3874 614 3928 vit.
652 3873 742 3924 Dei
773 3873 865 3925 lib.
899 3886 1012 3933 XIV,
1041 3885 1161 3936 cap.
1195 3871 1228 3924 8
1255 3880 1308 3923 et
1332 3872 1385 3924 9.

590 3942 875 3996 Liberalem
900 3957 932 3992 a
959 3941 1194 4010 prodigo.
1228 3940 1586 4012 Liberalitatis
1621 3941 1873 4012 (inquam
1901 3942 1918 4012 )
1946 3943 2111 3997 ratio-

521 4029 645 4071 nem
675 4011 1034 4079 PhilosOphus
1074 4013 1125 4064 in
1179 4027 1229 4064 tv
1267 4011 1541 4065 Moralium
1574 4014 1682 4066 suis
1711 4011 1968 4067 extremis
2013 4014 2114 4068 hoc

521 4085 687 4140 modo
713 4083 1102 4138 circumscribit
1130 4101 1143 4136 :
1173 4083 1543 4152 lâ€™rodigalitas.
1566 4082 1873 4147 liberalitas,
1901 4085 2114 4148 Sordes,

522 4157 766 4211 avaritia.
806 4153 1140 4207 lâ€™areimonia
1169 4154 1346 4222 igitur;
1383 4169 1502 4221 quae
1529 4153 1775 4207 Ciceroni
1798 4197 1812 4218 ,
1847 4157 1934 4208 ubi
1979 4157 2113 4208 stoi-

523 4243 642 4284 cam
692 4235 871 4282 tuetur
921 4239 1225 4292 personam,
1255 4225 1441 4293 ingens
1494 4226 1716 4293 vectigal
1745 4241 1865 4281 esse
1894 4225 2112 4292 dicitur,

525 4309 1003 4380 parcos,â€˜tcâ€˜ttaccs,
1032 4339 1062 4380 Î»
1088 4296 1290 4380 aridos,
1318 4311 1414 4376 pro
1434 4295 1640 4380 vitiosis
1672 4297 1946 4379 ltahrt,_e0
1971 4297 2113 4380 quod

526 4366 704 4463 dando
725 4369 1000 4463 deficiunt.
1031 4366 1134 4422 Sed
1163 4367 1471 4463 [sonantius
1498 4367 1706 4421 videtur
1728 4369 1872 4438 parci
1901 4366 2118 4423 nomine
2144 4401 2199 4463 Î’

526 4441 788 4510 frugaleut
824 4439 1140 4510 intelligere.
1175 4437 1500 4510 BETULEIUS.

603 4508 850 4564 Parcum.
877 4509 1000 4581 Mss.
1025 4509 1058 4564 á½…
1085 4525 1192 4562 rce.
1224 4526 1444 4577 purum;
1472 4508 1757 4581 lColbert.
1782 4527 1812 4563 a
1831 4510 2120 4581 splendido.

606 4579 921 4648 Quiettunab
943 4581 1109 4632 inerti.
1136 4581 1356 4645 Quietus
1373 4590 1474 4642 cst,
1494 4580 1772 4644 deficiens,
1800 4579 1960 4648 iners,
1987 4598 2120 4636 exu-

529 4668 749 4725 perans,
771 4666 1119 4725 Succensens,
1145 4651 1280 4725 lâ€™uto
1309 4651 1451 4725 enim
1487 4667 1705 4725 prorsus
1733 4653 1782 4705 id
1813 4668 1954 4716 esse,
1981 4652 2121 4720 quod

534 4719 699 4779 Arist.
724 4723 808 4776 l.v
832 4721 1042 4784 Moral.,
1067 4737 1117 4775 c.
1135 4719 1167 4772 4
1193 4763 1208 4784 ,
1238 4721 1473 4775 tradidit.
1499 4721 1740 4788 Videtur,
1761 4719 2008 4792 inquam,
2028 4737 2122 4788 pro

535 4802 818 4850 mansueto
833 4794 1068 4860 quietum
1085 4792 1310 4855 leinSQ,
1331 4810 1425 4860 pro
1441 4794 1636 4846 stolido
1651 4796 1896 4848 i..ertcm.
1918 4793 2117 4847 BETUL.

607 4865 932 4920 Antcatttum
960 4881 990 4915 a
1034 4863 1230 4916 timtdo.
1260 4864 1430 4919 Arist.
1469 4865 1809 4918 timiditatem
1853 4864 2118 4918 defectum

529 4935 862 4992 fortitudinis
907 4935 1050 4995 facit.
1076 4936 1218 4987 sicut
1249 4934 1526 4988 audaciam
1574 4937 1996 5003 emper.-tuti:nn.
2033 4937 2122 4990 Ci-

533 5023 660 5064 cero
701 5007 753 5061 in
793 5023 848 5060 tv
881 5006 1097 5060 'lâ€˜uscul.
1147 5005 1450 5061 Stoicorum
1499 5007 1758 5062 Îµá½Î»á½±ÏÎµÎ¹Î±Î½
1796 5006 2121 5075 interpreta-

534 5090 620 5135 tur
649 5079 983 5138 cautionem.
1017 5093 1133 5132 eam
1174 5093 1201 5128 a
1253 5087 1397 5132 metu
1439 5076 1542 5130 hoc
1582 5080 1799 5133 nomine
1839 5093 2118 5146 separatis,

528 5151 671 5222 quod
703 5151 786 5204 hic
811 5159 996 5205 contra
1025 5149 1282 5204 rationem
1309 5189 1324 5214 ,
1359 5147 1445 5202 illa
1473 5163 1594 5202 cum
1626 5149 1832 5204 ratione
1880 5149 2118 5218 pericula

523 5224 677 5278 vitat.
703 5222 1028 5276 BETULEIUS.

601 5293 690 5346 Fit
721 5291 1058 5360 impudentia.
1087 5289 1161 5344 lta
1185 5289 1513 5358 antiquiores
1542 5305 1672 5345 mss.
1705 5299 1757 5345 et
1776 5290 2118 5360 quamplures

529 5363 675 5419 editi.
709 5363 778 5418 Et
813 5365 890 5418 sic
923 5375 994 5422 ut,
1041 5362 1181 5432 quod
1231 5377 1352 5432 mox
1395 5364 1708 5429 praecessit,
1758 5363 1970 5429 ponitur
2022 5378 2117 5429 pro

528 5435 974 5505 quemadmodum,
1005 5443 1060 5485 ttt
1095 5434 1232 5500 apud
1247 5431 1577 5505 Ciceronem
1603 5475 1617 5497 ,
1658 5434 1805 5505 quod
1853 5432 2116 5488 Cellarius

527 5503 636 5560 non
670 5505 1070 5568 animadvertit,
1104 5520 1200 5558 nec
1228 5504 1508 5571 Francius,
1543 5505 1630 5573 qui
1656 5503 1835 5571 legere
1861 5505 2115 5559 volebant

525 5577 592 5630 sit
616 5574 954 5646 impudentia.
988 5585 1044 5628 ut
1064 5586 1146 5629 eSt
1169 5577 1220 5629 in
1250 5590 1378 5631 mss.
1415 5577 1438 5631 1
1467 5577 1623 5647 lieg.,
1658 5575 1820 5629 Bruti.
1846 5575 2108 5631 ctMarm.

517 5662 549 5704 a
581 5649 748 5718 prima
782 5661 961 5700 manu.

586 5741 923 5801 Convenitur.
959 5739 1047 5797 Sic
1069 5740 1287 5814 reposui
1316 5756 1382 5798 ex
1413 5742 1596 5798 multis
1623 5741 1832 5798 excusis
1857 5751 1911 5800 et
1933 5743 2108 5800 omni-

2217 3373 2317 3426 bus
2342 3385 2472 3425 mss.
2507 3376 2702 3438 praeter
2733 3367 2759 3421 l
2799 3364 2951 3422 Colb.
2983 3367 3067 3421 cui
3102 3375 3184 3422 est
3218 3376 3576 3434 convertatur;
3602 3368 3737 3424 edit.
3763 3369 3818 3434 4,

2216 3450 2550 3498 convertetur.
2587 3438 2722 3494 Vide
2766 3453 2881 3508 seq.
2912 3439 3234 3493 contumacia
3264 3449 3370 3504 est;
3402 3441 3461 3509 [it
3484 3456 3618 3495 swva
3641 3443 3822 3496 crude-

2220 3515 2358 3569 (itas.

2293 3585 2522 3638 Libertas
2544 3593 2739 3653 quoque
2763 3625 2778 3647 ,
2807 3589 2914 3636 etc.
2948 3581 3247 3654 Î Î±ÏÏÎ·Ïƒá½·Î±,
3285 3596 3443 3651 quam
3474 3580 3734 3654 Erasmus
3767 3585 3818 3640 in

2215 3656 2368 3712 Novo
2412 3652 2762 3726 Testamento
2811 3667 2985 3726 saepe
3013 3652 3260 3726 fiduciam
3319 3652 3614 3726 transfert,
3667 3656 3819 3726 cujus

2219 3729 2466 3796 exempla
2496 3723 2796 3779 clarissima
2821 3735 2944 3796 sunt
2973 3723 3028 3776 in
3062 3727 3177 3794 ipso
3213 3725 3438 3796 Domino
3475 3725 3694 3796 Christo
3716 3723 3746 3792 ,â·
3767 3730 3815 3782 iu

2220 3794 2401 3864 Petro,
2435 3799 2484 3851 in
2518 3796 2716 3859 Paulo,
2744 3797 2834 3864 qui
2865 3794 3154 3850 Pharis-.eis
3194 3804 3252 3850 et
3291 3794 3676 3852 Sacerdotibus
3716 3799 3817 3852 sibi

2221 3869 2430 3924 infestis
2484 3869 2691 3938 fortiter
2740 3868 3075 3938 restiterunt.
3125 3865 3263 3935 Ergo
3303 3865 3637 3938 fortitudinis
3681 3885 3822 3938 spe-

2219 3942 2332 3995 cies
2371 3949 2473 4004 est,
2528 3937 2717 3990 eadem
2763 3937 3008 3990 fortassis
3033 3979 3046 3999 ,
3075 3934 3235 4000 quam
3289 3934 3478 3992 Cicero
3520 3934 3816 4004 fidentiam,

2220 4011 2392 4086 Graeci
2419 4013 2691 4086 xopregiau
2733 4007 3392 4086 appella_ttt._Plutarchus
3416 4049 3431 4073 ,
3467 4009 3519 4086 i_u
3561 4026 3630 4066 eo
3681 4011 3819 4086 libro

2221 4085 2304 4136 cui
2339 4077 2550 4135 tituln'm
2577 4077 2746 4133 fecit:
2782 4077 2856 4132 De
2897 4078 3189 4132 discrimine
3228 4079 3516 4133 adulatoris
3546 4091 3591 4134 et
3637 4084 3815 4147 annci,

2219 4153 2378 4208 docet
2398 4157 2488 4211 Ï„á½µÎ½
2508 4151 2802 4225 Ï€á¾³Ïá¿¥Î·Ïƒá½·Ï‚Î¹Î½
2823 4149 2980 4225 amici
3005 4164 3125 4225 esse
3147 4152 3438 4225 propriam,
3463 4161 3516 4225 e_t
3545 4155 3818 4221 quomodo

2221 4240 2302 4288 ea,
2336 4239 2403 4278 ne
2431 4220 2675 4277 acerbior
2699 4220 2934 4275 ollendat
2957 4261 2970 4281 .
3017 4221 3086 4274 sit
3125 4223 3442 4275 condienda.
3486 4220 3815 4280 Beronerus.

2301 4293 2552 4348 Libertas.
2573 4294 2684 4346 lluc
2707 4293 2935 4359 pertinet
2951 4293 3197 4362 egregius
3220 4293 3368 4347 locus
3389 4293 3584 4348 Valerii
3603 4297 3818 4353 Maximi

2225 4366 2260 4420 1.
2278 4382 2354 4432 vr,
2381 4382 2432 4420 e.
2453 4365 2488 4418 2
2509 4381 2522 4418 :
2542 4366 2668 4430 Qum
2684 4363 2936 4433 (libertas)
2953 4365 3082 4416 inter
3094 4364 3322 4435 virtutem
3336 4366 3612 4434 vitiumque
3625 4369 3810 4435 posita,

2227 4439 2271 4491 si
2296 4437 2490 4491 salubri
2529 4437 2679 4489 modo
2703 4451 2756 4489 se
2797 4436 3166 4507 temperaverit,
3209 4434 3414 4489 laudem
3444 4452 3463 4488 :
3489 4439 3553 4500 si,
3582 4434 3682 4507 quo
3713 4457 3817 4494 non

2227 4508 2416 4574 debuit,
2452 4508 2758 4578 profuderit,
2786 4506 3223 4578 reprehensionem
3249 4517 3484 4578 meretur.
3510 4506 3640 4563 Bua.

2298 4577 2646 4634 Contumacia.
2692 4577 2990 4644 Opponilur
3025 4577 3261 4630 libertati.
3307 4577 3432 4632 Haec
3477 4579 3704 4635 illustrat
3731 4582 3817 4636 lo-

2227 4665 2322 4705 cus
2352 4651 2586 4704 Macrob.
2621 4665 2658 4703 tt
2707 4649 2924 4700 Saturn.
2951 4663 2997 4702 c.
3025 4647 3078 4701 5.
3109 4648 3424 4718 (Augustus)
3457 4651 3609 4703 etiam
3637 4654 3816 4708 militis

2227 4738 2328 4775 non
2361 4722 2656 4775 libertatem
2685 4729 2878 4791 tantum
2901 4761 2916 4783 ,
2949 4719 3037 4791 sed
3060 4729 3104 4771 et
3144 4722 3538 4776 temeritatem...
3572 4725 3681 4791 quis
3712 4742 3817 4779 non

2226 4794 2439 4845 miratus
2469 4800 2560 4853 est,
2597 4808 2697 4844 non
2725 4788 2921 4856 o/Tenso
2950 4789 3150 4844 Caesare
3175 4793 3359 4845 abiisse
3385 4788 3593 4846 militem
3619 4808 3818 4850 contu-

2227 4864 2467 4917 macem?
2494 4862 2781 4918 Suetonius
2799 4861 2850 4914 in
2875 4864 3154 4929 Auguste.
3179 4861 3251 4916 52
3275 4879 3288 4916 :
3325 4861 3434 4916 Nec
3455 4863 3568 4916 ideo
3595 4866 3817 4923 libertas

2223 4943 2310 4986 aut
2330 4934 2664 4988 contumacia
2691 4932 2866 5004 fraudi
2897 4934 3130 5004 cuiquam
3157 4934 3272 5001 fuit.
3319 4933 3415 4990 Ubi
3447 4934 3662 4990 Grmvio
3687 4954 3817 4993 con-

2223 5006 2442 5058 tumacia
2475 5016 2556 5058 est
2590 5003 2974 5059 contradicendi
3015 5003 3277 5072 studium,
3310 5014 3356 5060 et
3387 5006 3546 5060 libido
3588 5009 3642 5061 in
3689 5025 3815 5064 cen-

2222 5077 2396 5130 sendo.
2427 5076 2559 5131 BUN.

2295 5147 2447 5202 Steva
2461 5148 2759 5222 crudelitas.
2788 5146 2945 5202 Juxta
2974 5145 3106 5202 illud
3134 5147 3333 5204 dictum
3369 5167 3381 5202 :
3413 5148 3697 5207 Summum
3723 5153 3815 5222 jus

2221 5234 2426 5273 summa
2460 5235 2676 5288 tnjurta.

2295 5291 2490 5356 Quae...
2552 5292 2794 5360 quatitur.
2843 5289 3050 5360 Nempe
3093 5292 3319 5345 omnium
3343 5293 3616 5348 viventium
3655 5303 3812 5351 ratio.

2221 5360 2927 5434 Phrasi,quatia/fectibus,
2981 5376 3107 5415 usus
3149 5379 3360 5433 quoque
3396 5365 3728 5434 Augustinus
3775 5371 3813 5421 l.

2218 5447 2304 5486 xiv
2335 5433 2402 5485 de
2447 5433 2560 5488 Civ.
2611 5433 2726 5499 Dei,
2757 5451 2806 5489 (Îµ.
2840 5435 2873 5487 9
2903 5445 3168 5505 exeunte:
3220 5448 3448 5505 uterque
3478 5433 3616 5492 duce
3657 5438 3817 5492 Cice-

2217 5519 2358 5588 rone.
2378 5505 2413 5558 Î™.
2443 5519 2500 5558 lll
2531 5505 2748 5560 Tuscul.
2780 5521 2828 5560 c.
2855 5506 2887 5560 6
2915 5523 2926 5558 Îµ
2960 5503 3315 5575 /Egritudine,
3344 5503 3492 5577 quasi
3519 5521 3818 5578 tempestate

2214 5586 2377 5646 quau.

2286 5668 2468 5723 Fiunt.
2504 5670 2575 5724 Ita
2599 5669 2805 5724 restitui
2848 5687 2916 5728 ex
2945 5673 3193 5728 omnibus
3233 5689 3361 5730 mss.
3396 5687 3451 5731 ct
3491 5677 3674 5732 multis
3701 5677 3817 5733 edi-

2216 5743 2302 5797 tis.
2333 5741 2389 5796 ln
2420 5741 2453 5797 8
2479 5743 2706 5817 vulgatis
2734 5741 2944 5815 legitur,
2973 5756 3109 5800 sunt.
