4142 6200
354 321 463 382 689

1508 331 1715 387 LIBER
1756 330 1842 388 VI.
1886 332 1974 388 DE
2018 332 2199 391 VERO
2235 335 2489 393 CULTU.

3555 340 3659 396 690

356 459 468 501 non
514 451 839 516 temperant,
869 444 963 502 sed
1009 445 1349 515 abscindunt,
1388 426 1656 519 rebusque
1699 462 1728 502 a
1767 456 1959 503 natura
1985 449 2150 511 Aest
2179 449 2441 505 naturalis
2471 450 2795 509 animorum.
2825 450 2958 507 Nam
3002 452 3147 507 sicut
3188 452 3239 507 in
3285 462 3469 508 sentes
3510 466 3662 524 ager,

357 537 537 595 insitis
561 545 803 595 castrare
833 538 1107 594 hominem
1135 538 1533 610 quodammodo
1567 539 1773 595 volunt.
1803 539 1957 608 Quod

358 632 465 687 tale
516 638 641 698 est,
699 630 860 702 quale
907 631 952 685 si
1011 631 1214 694 velint,
1270 640 1365 686 aut
1417 643 1615 688 metum
1673 631 1960 689 detrahere

357 722 579 787 cervis,
634 731 728 777 aut
784 737 1049 777 venenum
1103 722 1402 794 auguribus,
1458 733 1550 779 ant
1601 722 1738 779 iram
1802 724 1956 793 leris,

364 828 457 873 aut
479 815 848 891 placiditatem
880 816 1191 886 pecudibus.
1220 816 1352 872 Nam
1397 833 1516 888 qua:
1545 818 1755 889 singula
1796 818 1959 873 mutis

357 910 680 968 animalibus
705 910 828 964 data
858 919 1005 977 sunt,
1033 926 1093 965 ea
1121 926 1251 966 vero
1280 911 1529 967 universa
1550 910 1755 966 homini
1775 912 1955 967 simul.

358 1004 511 1072 Quod
564 1003 632 1069 si,
684 1010 745 1058 ut
788 1002 982 1058 medici
1038 1003 1341 1071 afﬁrmant,
1387 1004 1589 1061 laetitia:
1632 1003 1855 1059 allectus
1903 1005 1959 1060 in

358 1095 546 1166 splene
571 1104 676 1160 est,
711 1094 803 1149 ira:
835 1094 887 1149 in
914 1092 1062 1163 felle,
1090 1095 1323 1150 libidinis
1346 1097 1397 1151 in
1419 1096 1629 1165 jecore,
1663 1096 1875 1151 timoris
1902 1080 1959 1152 in

354 1187 555 1252 corde;
604 1186 814 1242 facilius
856 1196 942 1242 est
971 1186 1278 1244 interﬁcere
1299 1188 1506 1243 animal
1536 1188 1712 1257 ipsum
1738 1229 1752 1253 ,
1794 1203 1957 1258 quam

357 1295 427 1335 ex
454 1294 677 1350 corpore
701 1278 903 1350 aliquid
942 1280 1180 1337 evellere
1208 1297 1221 1333 :
1254 1280 1395 1352 quod
1432 1290 1515 1336 est
1540 1281 1828 1337 animantis
1857 1296 1959 1336 na-

361 1382 537 1428 turam
569 1372 705 1428 velle
731 1380 964 1427 mutare.
989 1370 1097 1428 Sed
1128 1372 1377 1429 homines
1406 1372 1700 1442 prudentes
1730 1386 1835 1426 non
1878 1372 1959 1427 in-

359 1464 625 1535 telligunt,
652 1478 773 1519 cum
795 1464 924 1520 vitia
945 1478 1010 1519 ex
1042 1464 1261 1520 homine
1286 1464 1502 1529 tollunt,
1530 1468 1690 1521 etiam
1714 1478 1773 1519 se
1790 1464 1962 1518 virtu-

359 1566 466 1613 tem
491 1557 701 1623 tollere,
723 1558 810 1613 cui
837 1557 940 1613 soli
965 1559 1144 1614 locum
1172 1557 1394 1615 faciunt.
1420 1557 1552 1613 Nam
1584 1557 1628 1613 si
1656 1558 1824 1612 virtus
1851 1563 1955 1624 est,

358 1652 413 1707 in
443 1652 622 1708 medio
647 1653 742 1708 irae
764 1653 966 1722 impetu
994 1653 1234 1723 seipsum
1257 1652 1513 1709 cohibere
1537 1667 1602 1707 ac
1631 1651 1952 1729 reprimere,

358 1744 504 1814 quod
532 1759 728 1815 negare
754 1759 863 1800 non
891 1754 1149 1816 possunt;
1190 1755 1340 1801 caret
1366 1760 1497 1816 ergo
1546 1746 1776 1810 virtute,
1806 1742 1956 1814 quis-

2061 541 2153 610 qui
2183 549 2267 597 est
2296 551 2481 597 natura
2516 544 2830 610 necandus,
2860 544 3124 600 exuberat
3152 563 3166 600 :
3197 545 3276 601 sic
3320 545 3531 600 animus
3575 546 3659 601 in-

2060 633 2258 701 cultus,
2289 635 2432 690 vitiis
2462 651 2559 690 sua
2587 646 2780 706 sponte
2807 638 3281 706 invalescentilius,
3307 640 3454 695 velut
3483 638 3656 709 spinis

2060 726 2366 782 obducitur.
2398 727 2502 784 Sed
2530 744 2654 784 cum
2682 746 2841 785 verus
2869 731 3046 786 cultor
3083 734 3414 799 accesserit,
3445 733 3651 800 statim,

2060 817 2376 874 cedentibus
2397 820 2563 888 vitiis,
2596 821 2777 891 fruges
2804 821 3017 877 virtutis
3044 823 3310 879 oriuntur.

2136 911 2277 966 Deus
2298 912 2497 982 itaque,
2521 927 2641 967 cum
2675 914 2945 969 hominem
2969 915 3197 985 primum
3229 916 3468 987 lingeret,
3497 916 3663 973 mira-

2060 1000 2154 1057 bili
2185 1004 2521 1072 providentia
2554 1005 2884 1076 ingeneravit
2909 1007 2956 1062 ei
2988 1008 3132 1075 prius
3156 1007 3286 1063 istas
3311 1009 3473 1064 animi
3501 1023 3655 1064 com—

2063 1098 2349 1160 mutiones,
2385 1108 2441 1152 ut
2476 1108 2655 1168 posset
2679 1114 2875 1170 capere
2904 1100 3178 1166 virtutem,
3206 1104 3344 1158 sicut
3368 1110 3511 1159 terra
3541 1103 3661 1158 cul-

2062 1191 2276 1252 turam;
2319 1192 2602 1258 posuitque
2641 1191 2917 1246 materiam
2963 1191 3212 1247 vitiorum
3253 1195 3306 1248 in
3349 1193 3655 1262 affectibus,

2058 1278 2290 1346 virtutis,
2324 1280 2378 1334 in
2418 1280 2583 1337 vitiis.
2610 1280 2741 1349 Quae
2770 1280 3014 1351 profecto
3041 1292 3132 1338 aut
3158 1284 3303 1339 nulla
3336 1287 3464 1351 'erit,
3488 1284 3660 1340 autin

2062 1385 2159 1425 usu
2189 1384 2311 1426 esse
2341 1386 2447 1427 non
2478 1373 2695 1442 poterit,
2718 1373 2764 1427 si
2797 1372 2974 1427 desint
3009 1387 3094 1437 ea,
3126 1388 3222 1444 per
3263 1390 3382 1445 quae
3420 1376 3500 1430 vis
3542 1376 3661 1446 ejus

2059 1473 2153 1519 aut
2177 1473 2419 1534 apparet,
2450 1474 2543 1519 aut
2569 1474 2800 1520 constat.
2835 1463 3127 1519 Videamus
3154 1480 3318 1533 nunc,
3351 1465 3513 1523 iidem
3550 1466 3654 1534 illi,

2061 1556 2153 1625 qui
2194 1556 2318 1610 vitia
2362 1558 2575 1627 penitus
2622 1556 2897 1623 excidunt,
2926 1556 3054 1626 quid
3094 1557 3393 1614 ell‘ecerint.
3423 1558 3665 1627 Quatuor

2061 1648 2186 1703 illos
2207 1647 2452 1716 allectus,
2476 1663 2614 1721 quos
2635 1665 2700 1705 ex
2721 1649 2974 1720 opinione
3000 1650 3262 1705 honorum
3286 1652 3661 1724 malorumque

2064 1739 2209 1795 nasci
2235 1748 2460 1810 putant;
2480 1741 2676 1812 quibus
2699 1741 2918 1806 evulsis,
2949 1742 3248 1796 sanandum
3274 1757 3397 1798 esse
3420 1744 3663 1801 animum

360 1836 483 1905 quis
509 1836 585 1891 ira
612 1846 783 1893 caret.
811 1837 867 1893 Si
894 1838 1065 1894 virtus
1085 1848 1188 1906 est,
1219 1838 1497 1893 libidinem
1522 1838 1767 1908 corporis
1791 1836 1963 1892 couti-
1990 1842 2039 1903 Β
2066 1834 2326 1905 sapientis
2363 1835 2672 1891 existimant
2698 1854 2712 1891 :
2738 1836 2991 1907 quoniam
3032 1836 3337 1907 intelligunt
3374 1846 3429 1893 et
3470 1848 3662 1895 natura

361 1944 529 1996 nere;
565 1931 758 1986 virtute
784 1939 967 1988 careat
997 1946 1217 1988 necesse
1239 1940 1344 1997 est,
1382 1932 1469 2001 qui
1499 1929 1771 1997 libidinem
1799 1943 1959 1996 quam

363 2033 646 2090 temperet,
664 2038 771 2079 non
791 2023 973 2079 habet.
990 2023 1046 2080 Si
1061 2025 1227 2079 virtus
1240 2032 1343 2089 est,
1357 2021 1703 2092 cupiditatem
1718 2021 1786 2076 ab
1797 2021 1956 2076 alieni

360 2116 686 2186 appetitione
741 2114 1003 2183 l‘ramare;
1056 2118 1256 2172 nullam
1300 2124 1449 2172 certe
1486 2116 1737 2170 virtutem
1780 2122 1961 2184 potest

360 2206 586 2274 habere,
620 2208 711 2278 qui
743 2218 893 2264 caret
942 2223 1009 2264 eo
1037 2208 1102 2263 ad
1146 2208 1291 2280 quod
1338 2205 1702 2263 cohibendum
1746 2204 1961 2263 virtutis

361 2315 490 2357 usus
516 2301 824 2359 adhibetur.
851 2301 955 2359 Ubi
983 2318 1113 2375 ergo
1139 2303 1270 2358 vitia
1304 2317 1410 2357 non
1443 2310 1606 2369 sunt,
1638 2315 1742 2357 nec
1770 2301 1956 2357 virtuti

362 2394 578 2465 quidem
606 2394 757 2451 locus
781 2407 865 2451 est
890 2413 903 2451 :
929 2397 1070 2452 sicut
1092 2411 1192 2452 nec
1218 2396 1459 2451 victoriae
1488 2393 1727 2465 quidem,
1755 2395 1841 2450 ubi
1864 2393 1960 2449 ad-

362 2489 632 2544 versarius
660 2488 843 2545 nullus
867 2499 972 2545 est.
1000 2489 1078 2545 lla
1106 2490 1188 2556 lit,
1213 2498 1272 2544 nt
1295 2489 1497 2545 bonum
1519 2488 1638 2544 sine
1668 2480 1813 2542 malo
1837 2502 1960 2543 esse

363 2580 418 2637 in
446 2581 551 2638 hac
578 2582 687 2639 vita
716 2597 825 2639 non
853 2584 1043 2654 possit.
1076 2582 1317 2639 Allectus
1348 2582 1527 2654 igitur,
1561 2582 1712 2653 quasi
1744 2580 1961 2636 ubertas

2067 1928 2259 1983 insitos
2282 1942 2422 1992 esse,
2453 1938 2508 1983 et
2535 1928 2650 1983 sine
2675 1928 2757 1982 liis
2782 1928 2912 1983 nihil
2938 1930 3162 1995 moveri,
3194 1929 3326 1984 nihil
3355 1931 3441 2002 agi
3468 1945 3661 2001 posse;

2066 2023 2168 2076 alia
2215 2025 2460 2092 quaedam
2501 2024 2553 2077 in
2580 2037 2769 2079 eorum
2799 2023 2977 2079 locum
3008 2024 3286 2095 vicemque
3311 2033 3619 2095 supponunt
3646 2042 3664 2080 :

2066 2122 2125 2169 ut
2155 2128 2253 2185 pro
2275 2114 2586 2184 cupiditate,
2616 2114 2946 2170 substituunt
2973 2116 3336 2171 voluntatem:
3357 2117 3509 2187 quasi
3532 2132 3666 2173 vero

2066 2220 2174 2259 non
2223 2205 2393 2259 multo
2437 2206 2505 2260 sit
2554 2205 2933 2275 praestabilius,
2966 2206 3166 2261 bonum
3216 2221 3448 2277 cupere,
3498 2223 3662 2278 quam

2066 2296 2228 2352 velle.
2254 2297 2384 2353 item
2408 2313 2506 2369 pro
2527 2298 2713 2353 laititia
2739 2298 3014 2368 gaudium,
3040 2314 3135 2367 pro
3164 2308 3306 2354 metu
3335 2300 3663 2355 cautionem.

2066 2390 2137 2447 At
2158 2391 2213 2447 in
2235 2392 2327 2448 illo
2348 2402 2541 2463 quarto
2563 2392 2876 2447 immutandi
2904 2392 3141 2448 numinis
3164 2407 3260 2449 eos
3285 2393 3422 2448 ratio
3447 2392 3664 2450 defecit.

2067 2485 2253 2557 Itaque
2280 2486 2651 2558 aegritudinem
2678 2487 2914 2557 penitus,
2949 2485 3003 2542 id
3030 2496 3134 2552 est,
3168 2487 3479 2542 maestitiam
3506 2486 3663 2543 dolo-

2071 2596 2294 2652 remque
2340 2580 2505 2636 animi
2545 2581 2876 2637 sustulerunt
2913 2599 2925 2636 :
2968 2579 3113 2651 quod
3161 2578 3278 2636 ﬁeri
3329 2593 3668 2651 nequaquam

1679 2692 2045 2752 VARIORUM
2083 2693 2313 2752 ΝΟΤᾹΞ.

433 2792 701 2862 Rebusque
749 2809 781 2847 a
825 2802 1011 2848 natura
1056 2792 1241 2848 insitis.
1297 2791 1425 2847 Mss.
1480 2790 1543 2847 11
1594 2803 1705 2844 rec.
1767 2794 1954 2862 carent

364 2859 762 2934 praepositione.
784 2893 858 2908 ——
884 2864 1092 2920 Natura
1117 2866 1300 2920 insitis.
1329 2864 1583 2934 Reimm.
1603 2874 1725 2914 cum
1770 2859 1951 2924 editis,

362 2936 408 2989 Α
434 2933 622 2989 natura
654 2937 841 2992 insitis.
873 2939 945 2992 At
988 2936 1127 2991 solet
1170 2936 1288 2991 sine
1318 2933 1696 3000 praepositione
1729 2944 1950 2998 ptinere.

360 3018 421 3060 ιιι
452 3005 613 3067 infra.
644 3006 849 3061 Natura
876 3008 1085 3071 insitos;
1116 3022 1238 3077 cap.
1270 3005 1335 3060 l4
1364 3024 1377 3058 :
1414 3004 1624 3077 Morbos
1644 3011 1823 3077 uocant
1850 3016 1953 3054 non

362 3089 470 3131 tam
495 3089 680 3149 natura
698 3080 899 3134 insitos.
923 3078 1154 3144 Epitom.
1186 3074 1306 3149 cap.
1335 3077 1401 3132 61
1429 3093 1442 3129 :
1479 3074 1743 3149 Siquidem
1771 3081 1955 3149 natura

1185 3117 1582 3203 ἱίοῖἠῖῖάᾶέέι
1593 3146 1818 3219 insitum.
1829 3144 1959 3219 liga.
1986 3117 2032 3181 Ο

439 3220 638 3275 Melum
686 3214 863 3276 cervis.
918 3222 1100 3277 Poetae
1144 3226 1334 3276 cer’vos
1366 3218 1581 3274 timidos
1611 3216 1839 3287 lingunt.
1871 3214 1964 3270 Sic

361 3290 522 3347 Ovid.
554 3293 654 3347 lib.
683 3308 715 3347 v
743 3293 998 3348 Tristium
1028 3311 1042 3347 :

496 3401 664 3468 Usque
686 3410 854 3457 tamen
870 3404 1055 3456 timida:
1079 3410 1275 3455 nactum
1297 3403 1506 3464 vestigia
1533 3410 1714 3450 cervae.

445 3520 822 3597 Placiditatemi
844 3523 1141 3597 pecudibus.
1174 3511 1337 3597 Δυἱιιίἰ
1379 3518 1417 3572 l.
1451 3532 1527 3580 ιιι,
1555 3529 1691 3597 ,οπρς
1736 3512 1844 3567 26:
1879 3509 1964 3565 Da

363 3594 495 3648 mihi
523 3596 689 3648 uirum
738 3596 824 3665 qui
845 3585 927 3650 ἐει
966 3592 1315 3665 iracundus...
1363 3599 1466 3665 tam
1511 3585 1774 3665 placidum
1809 3598 1964 3665 quam

364 3681 510 3719 ouem
538 3654 796 3720 reddam':
824 3666 913 3720 ubi
950 3661 1156 3722 .notavf
1178 3662 1491 3718 Terentium
1511 3654 1777 3726 'expriini.
1830 3654 1960 3707 Item

365 3736 438 3791 de
465 3737 633 3807 Opil..
661 3752 712 3792 c.
748 3736 848 3792 l4:
882 3737 1169 3807 placidiora
1207 3747 1418 3803 quisque
1452 3729 1719 3783 animalia.
1743 3726 1962 3807 Seneca

367 3810 407 3862 l.
441 3824 479 3861 ιι
504 3795 573 3863 de
603 3795 683 3862 ira
706 3825 753 3864 c.
784 3810 850 3865 8:
872 3795 1122 3863 Ferarum
1153 3795 1247 3859 iste
1273 3795 1547 3857 conuentus
1572 3809 1666 3860 est,
1701 3800 1799 3851 nisi
1826 3795 1964 3866 quod

365 3880 476 3934 illa:
501 3880 630 3934 inter
653 3897 706 3935 se
736 3881 958 3949 placida:
984 3880 1126 3953 _sint.
1158 3876 1407 3953 Iinoipsa
1437 3888 1553 3953 vove
1575 3869 1847 3953 placiditas
1883 3875 1967 3953 est

367 3966 550 4006 aureae
581 3937 784 4022 artatis;
819 3967 880 4005 ea
911 3951 1053 4005 enim
1084 3963 1211 4001 usus
1243 3937 1412 4000 Varro
1432 3944 1499 3997 de
1514 3940 1714 3996 Ovilius
1734 3941 1863 4022 ιε’-ιι,
1896 3937 1960 3991 Β.

366 4022 439 4076 Β.
452 4038 504 4077 c.
524 4025 574 4086 1,
595 4036 647 4074 ιι.
668 4023 700 4076 4
723 4040 735 4075 :
762 4020 1076 4076 Putantoves
1090 4035 1256 4071 assunt
1264 4027 1377 4087 ptas
1392 4024 1437 4067 et
1453 4023 1658 4087 propter
1674 4011 1962 4087 utilitatem,

368 4104 418 4148 et
431 4080 638 4163 propter
650 4093 1028 4161 placiditatern.
1048 4080 1274 4163 illamiuie'
1286 4087 1436 4163 enim.
1450 4080 1484 4141 ζ.
1501 4080 1962 4163 quie_ttz._etc.Btm.

445 4154 942 4234 Medii-inﬁrmant.
972 4163 1049 4217 lta
1090 4160 1298 4234 reSIitui
1327 4173 1393 4234 εξ
1440 4170 1572 4209 mss.
1608 4154 1661 4208 lu
1689 4154 1731 4209 ὅ.
1767 4160 1968 4234 reciet

370 4237 424 4291 in
447 4234 607 4306 editis
633 4227 723 4290 est-
740 4236 953 4299 dicunt;
986 4235 1037 4288 in
1066 4234 1089 4288 1
1127 4231 1283 4301 Reg,
1310 4227 1553 4306 aferunt.
1621 4244 1627 4251 τ
1712 4295 1723 4306 .
1826 4293 1839 4306 Ι
1870 4231 1917 4306 I'

444 4304 512 4359 In
542 4307 737 4372 splene.
772 4307 908 4363 Sunt
937 4292 1026 4373 qui
1059 4292 1237 4374 puten't
1251 4292 1277 4365 ,⁷
1293 4292 1454 4352 adiuti
1483 4298 1650 4374 risum
1683 4293 1841 4348 simul
1862 4292 1968 4374 lio-

369 4378 524 4439 mini,
542 4367 1236 4446 intetnperantiainqt'iejoci
1255 4379 1504 4446 constare
1526 4367 1682 4421 lienis
1700 4367 1969 4446 magnitu.

370 4436 523 4505 dine.
554 4448 687 4503 Plin.
715 4436 805 4501 lib.
840 4464 875 4502 ιι
904 4489 919 4509 ,
952 4436 1069 4514 cap.
1104 4436 1170 4499 '57
1202 4462 1216 4496 :
1246 4442 1439 4494 Caussa
1466 4448 1538 4492 est
1560 4477 1576 4502 ,
1607 4436 1743 4514 quod
1772 4436 1969 4487 melan-

2057 2789 2187 2858 riget
2217 2806 2234 2842 :
2263 2789 2479 2843 audacia
2506 2788 2688 2853 quibus
2706 2803 2915 2855 parvum
2938 2794 3011 2841 est
3028 2802 3047 2841 :
3067 2786 3287 2858 pavida,
3320 2786 3501 2858 quibus
3526 2802 3661 2855 prc—

2059 2857 2272 2929 grande.
2312 2859 2466 2916 Unde
2496 2860 2671 2928 Ulyss.
2711 2857 3321 2930 Odyss..gtesteeodem
3354 2857 3659 2930 Heraclide,

2060 2928 2240 3000 procis
2266 2934 2450 2997 iratus,
2476 2946 2570 2985 cur
2593 2928 2910 3000 pulsat.'ceu
2930 2928 3258 2984 domicilium
3282 2928 3550 3000 quoddam
3569 2937 3664 2990 τῆς·

2060 2998 2444 3079 ῥιισοτιόηιπηρξοις,ἶ
2487 2998 2606 3058 Sed
2660 3002 2702 3055 si
2750 3016 2861 3055 rem
2907 3001 3105 3079 reetius
3153 2998 3659 3079 considerabimus,

2065 3088 2159 3126 cor
2191 3069 2481 3142 principale
2527 3083 2610 3128 est
2659 3086 2897 3141 organon
2952 3071 3191 3142 omnium
3237 3069 3549 3125 aliectuum.
3585 3070 3664 3125 De

2067 3142 2290 3214 hisilege
2311 3141 2430 3210 cap.
2472 3142 2532 3197 14
2569 3143 2637 3197 de
2661 3142 2893 3214 Opilicio
2919 3141 3031 3196 Dei.
3058 3141 3260 3214 Berun.

2143 3212 2282 3268 Nam
2308 3217 2352 3269 si
2386 3216 2546 3270 rirtus
2569 3224 2680 3279 est,
2705 3223 2809 3267 etc.
2852 3212 2981 3267 Haec
3016 3213 3294 3279 sequentia
3336 3220 3495 3265 caute
3538 3218 3667 3265 sunt

2068 3284 2444 3357 intelligenda;
2474 3302 2579 3339 non
2604 3286 2849 3357 absiilute
2871 3285 3015 3357 enim
3048 3298 3169 3357 vera
3202 3296 3324 3338 esse
3350 3283 3487 3347 haec,
3513 3289 3663 3351 patet.

2066 3355 2121 3410 in
2148 3353 2349 3412 sanctis
2376 3358 2683 3419 glorilicatis
2712 3375 2721 3407 :
2752 3353 2844 3408 sed
2877 3354 2929 3408 in
2953 3353 3053 3407 hac
3081 3353 3209 3408 vita.

2139 3425 2438 3481 Cedentibus
2480 3428 2633 3480 vitiis.
2678 3425 2805 3479 Mss.
2839 3424 2994 3479 Cant.
3030 3432 3084 3477 et
3127 3424 3257 3477 edit.
3309 3423 3465 3477 Rom.
3501 3422 3664 3490 1470,

2065 3498 2383 3553 cadentibus
2403 3498 2571 3563 vitiis;
2607 3498 2627 3550 1
2660 3495 2836 3560 Colh.,
2865 3494 3160 3548 cadentibus
3187 3494 3369 3557 spinis.

2141 3567 2393 3623 Posuit...
2423 3568 2685 3621 materiam
2709 3566 3012 3619 vitiorum...
3043 3565 3095 3617 in
3124 3565 3278 3618 vitiis.
3311 3565 3433 3617 llaec
3460 3564 3667 3618 incom-

2068 3638 2276 3693 modius
2303 3640 2440 3693 dicta
2468 3637 2697 3693 emolliri
2728 3636 2945 3705 quidem
2974 3642 3198 3702 posmnt
3222 3651 3285 3689 ex
3318 3634 3458 3703 Epit.
3493 3648 3543 3687 c.
3566 3634 3661 3700 6|,

2066 3710 2156 3764 tibi
2188 3712 2250 3763 de
2272 3709 2536 3777 affectibus
2565 3709 2673 3778 agit
2704 3727 2721 3778 :7
2752 3706 2871 3759 Non
2896 3707 3029 3760 enim
3058 3723 3150 3775 per
3168 3706 3378 3778 semalu
3398 3715 3667 3778 sunt,qute

2067 3779 2207 3834 Deus
2237 3774 2429 3835 homini
2447 3774 2819 3835 rationabiliter
2854 3779 3100 3831 insevit...
3129 3777 3261 3830 male
3304 3774 3491 3829 utendo
3535 3778 3668 3843 fiunt

2068 3852 2243 3917 mala;
2275 3862 2330 3905 at
2355 3869 2459 3906 non
2489 3851 2701 3905 videtur
2728 3857 2912 3903 noster
2934 3847 3288 3914 undeqnaque
3314 3862 3476 3917 sanus
3501 3843 3669 3901 fuisse

2069 3924 2122 3976 in
2153 3915 2392 3977 doetrina
2427 3923 2495 3978 de
2526 3919 2905 3992 origiue’mali,
2935 3928 2993 3974 ut
3018 3917 3086 3973 ad
3118 3918 3258 3988 Epit.
3291 3931 3410 3986 cap.
3433 3915 3536 3984 29,
3570 3931 3668 3971 no-

2070 3993 2287 4048 labitur.
2316 3995 2447 4050 BUN.
2755 3994 2768 4016 ’

2145 4068 2241 4117 Aut
2286 4074 2520 4138 apparet,
2561 4072 2651 4116 aut
2689 4071 2904 4138 constat.
2956 4058 3104 4138 Mss._
3126 4058 3251 4138 Julia.
3282 4067 3337 4113 et
3360 4056 3394 4111 5
3419 4057 3549 4138 edit.
3581 4064 3671 4110 aut

2071 4131 2336 4205 appareat;
2356 4131 2460 4189 'aut
2480 4144 2707 4199 constet;
2733 4135 2760 4188 1
2793 4132 3055 4197 Colbert.,
3085 4134 3108 4185 1
3137 4131 3369 4185 Clarum.
3397 4137 3487 4181 aut
3503 4144 3676 4198 appu-

2070 4217 2200 4269 real,
2232 4217 2318 4260 aut
2339 4216 2558 4272 constat,
2578 4206 2857 4259 mendose.
2984 4270 2995 4276 Δ
3124 4270 3154 4276 _
3274 4270 3285 4276 ,
3339 4268 3389 4276 __
3621 4265 3633 4276 ,

2147 4268 2228 4330 Ea:
2272 4280 2513 4347 opinione
2544 4268 2822 4347 bonorum.
2846 4270 3094 4328 Δοκούντα
3115 4270 3306 4347 Grieci,
3332 4268 3522 4347 Cicero
3537 4268 3668 4347 opi-

2073 4358 2195 4402 nata
2222 4337 2396 4403 veniat.
2427 4348 2621 4402 Verum
2650 4345 2864 4411 sapiens
2894 4358 2998 4396 non
3044 4340 3387 4411 opinionibus
3431 4337 3664 4411 ducitur.

2073 4418 2250 4487 Quare
2280 4420 2427 4486 cupit
2455 4434 2516 4473 ea
2547 4432 2668 4487 quae
2696 4409 2908 4487 oportet
2939 4433 2950 4464 :
2986 4412 3195 4487 laetatur
3224 4412 3274 4463 in
3307 4409 3468 4463 rebus
3496 4409 3666 4487 Itone-

370 4483 520 4505 usuc-
554 4483 573 4503 ι
598 4483 687 4501 nu.
716 4483 805 4501 ιιυ.
840 4483 875 4502 ιι
953 4483 1010 4500 u-
1037 4483 1069 4501 ι.
1104 4483 1163 4499 υ.
1202 4484 1215 4496 ο
1248 4483 1438 4494 νινε-ιν..
1466 4483 1535 4492 -.η
1560 4483 1576 4502 ,
1608 4483 1740 4505 νιπ---

370 4520 631 4576 cholicum
677 4519 744 4573 ad
788 4535 843 4571 se
885 4483 1040 4572 lira/iii
1068 4518 1355 4578 humorem,
1404 4526 1507 4576 quo
1547 4506 1756 4578 sanguis
1805 4519 1965 4570 purus

2074 4483 2191 4578 eis,
2246 4483 2398 4578 ιίφεει
2436 4483 2752 4578 etiam.”
2781 4503 2791 4533 τ
2824 4483 3675 4578 (ius.:93"':;.:tse:3..ir"11°

370 4593 440 4646 ad
474 4589 736 4645 cerebrum
765 4607 826 4643 ac
851 4600 1059 4643 crateras
1116 4594 1294 4657 partes
1336 4577 1574 4657 permeet.
1635 4577 1967 4657 βετυιειυξ.

444 4663 553 4716 Ira:
573 4663 624 4713 in
647 4662 782 4730 felle.
821 4661 957 4715 Plin.
986 4649 1182 4730 ibidem
1208 4674 1222 4708 :
1256 4649 1362 4718 Sed
1384 4653 1437 4707 in
1467 4650 1604 4722 felle,
1655 4649 1971 4730 iiiquit,"ni-

370 4715 467 4806 gro
492 4715 707 4786 insania:
732 4715 914 4806 caussa
945 4729 1157 4806 homini.
1188 4715 1420 4806 morsque
1448 4715 1552 4806 toto
1579 4717 1799 4806 reddito.

371 4794 420 4860 ξι
450 4807 508 4858 in
537 4820 702 4858 mores
728 4804 940 4865 criiuen,
972 4800 1102 4855 Bilis
1129 4798 1350 4851 nomine.
1383 4794 1523 4869 Adeo
1549 4797 1891 4869 ηιαριιιιηιηεξι
1918 4794 1972 4840 in

374 4878 473 4931 hac
505 4885 651 4942 parte
673 4876 829 4939 virus,
859 4860 973 4925 cum
999 4888 1053 4925 se
1071 4869 1241 4942 fundit
1264 4868 1317 4921 in
1343 4866 1593 4919 animum.
1626 4862 1762 4916 Hinc
1787 4860 1855 4915 fel
1880 4860 1973 4913 ira:

371 4946 686 5019 symbolum
716 4955 818 5001 est.
840 4944 1166 5019 Βετιιιιῖιεε.

446 5016 705 5071 Libidinis
729 5019 783 5071 in
820 5018 1021 5087 jecore.
1049 5012 1276 5087 :l'ityrus
1303 5006 1669 5087 aptid_poeta_s_
1688 5011 1974 5087 propterea

367 5090 565 5160 jecore
604 5074 839 5160 poenam'
865 5074 1288 5160 luere‘lingitur,
1320 5074 1576 5160 quodeo
1616 5074 1840 5160 libidine
1856 5085 1977 5160 fago-

376 5140 623 5222 ἱὲῆέυὲῖ
648 5140 911 5213 induam
940 5156 1008 5210 ad
1048 5140 1291 5224 stuprum
1331 5140 1624 5224 sollicitare
1662 5158 1825 5224 ausus
1856 5140 1977 5222 fuit,

375 5213 606 5286 auctore
626 5228 904 5285 Heraclide
926 5213 1169 5282 Pontico.
1194 5220 1500 5295 Alexander
1528 5213 1896 5295 Aphrodiseus
1927 5213 1979 5264 in

376 5285 659 5359 Problem.
692 5302 788 5366 ait,
821 5314 947 5355 sues
986 5297 1057 5352 ob
1082 5295 1134 5350 id
1177 5291 1434 5366 voluptati
1464 5299 1570 5343 tam
1603 5285 1813 5366 deditos
1837 5297 1978 5366 esse,

376 5352 1221 5445 quod—jucoresunttvgraudiore.
1250 5352 1551 5445 Allectuttui
1585 5357 1743 5413 sedes
1762 5352 1985 5411 Ovidius

381 5435 436 5500 ill
467 5435 735 5500 Tristibus
760 5435 991 5498 disticho
1021 5435 1337 5505 complexus
1361 5440 1446 5488 est
1477 5448 1495 5485 τη

513 5556 608 5620 Cor
629 5557 772 5620 sapit,
803 5562 855 5620 et
878 5552 1043 5620 pulmo
1060 5550 1295 5620 loquitur,
1327 5546 1393 5596 fcl
1418 5543 1831 5620 commovet'iras,

576 5607 731 5682 Splén
748 5607 915 5667 fidere
931 5615 1066 5677 facit,
1087 5607 1220 5674 cogit
1239 5623 1405 5659 amare
1425 5607 1584 5669 jecur.

378 5724 717 5779 Bsruunus.
736 5721 866 5776 Vide
884 5716 1150 5791 Lactantii
1184 5715 1376 5791 librum
1391 5712 1458 5791 de
1476 5707 1701 5791 Opiﬁcio
1722 5703 1879 5791 Deic.

465 5794 685 5849 Timoris
730 5794 784 5847 in
824 5792 995 5846 corde.
1042 5787 1179 5842 Plin.
1230 5786 1349 5840 loco
1397 5784 1507 5854 jam
1541 5784 1736 5854 saepius
1789 5784 1990 5854 citato:

379 5847 579 5933 Bruta,
612 5847 815 5936 inquit,
848 5861 1204 5919 existimantur
1234 5847 1566 5922 animalium,
1603 5847 1783 5922 quibus
1808 5847 1995 5902 durum

2072 4548 2198 4620 fert,
2232 4559 2486 4626 quidquid
2517 4555 2809 4612 dolendum
2840 4553 3117 4626 acciderit.
3155 4548 3547 4626 Qlll-ll'etllillllt)
3586 4562 3676 4626 re-

2073 4617 2213 4687 ctius
2252 4617 2561 4686 Ludovicus
2590 4627 2773 4689 Vives,
2814 4630 2904 4693 qui
2938 4626 2992 4677 in
3024 4623 3116 4677 lili.
3150 4638 3206 4676 nt
3228 4622 3295 4675 de
3327 4617 3677 4689 Philosophia

2075 4704 2334 4773 praeclare
2359 4702 2427 4755 de
2459 4700 2540 4773 liis
2570 4698 2732 4773 rebus
2760 4696 2998 4773 disserit.
3032 4693 3357 4773 Berunews.

2152 4773 2220 4828 Ut
2248 4790 2339 4842 pro
2366 4771 2663 4840 cupiditate.
2696 4769 2773 4842 lta‘
2800 4770 2820 4820 1
2860 4766 2994 4842 Bon.
3019 4767 3187 4833 antiq.
3216 4773 3271 4818 et
3297 4763 3481 4842 plu_res
3518 4760 3671 4816 editi.

2153 4835 2318 4909 Quam
2349 4835 2492 4897 uelle.
2530 4840 2776 4910 Expunxi
2807 4839 3001 4914 malum
3027 4851 3045 4891 :
3072 4851 3191 4904 (iure
3224 4848 3324 4888 vox
3347 4835 3501 4914 abest
3520 4847 3550 4914 a
3569 4843 3673 4914 ms.

2082 4905 2307 4971 Betiileii
2340 4915 2561 4974 codice;
2593 4905 2765 4974 neque
2792 4909 2937 4963 enim
2971 4921 3104 4960 sano
3132 4920 3296 4962 sensu
3324 4905 3676 5022 retinerigo-

2082 4996 2183 5022 mm
2252 4985 2530 5022 [animuin
2573 4982 2770 5022 attinnt:
2809 4994 2931 5022 mrm
2970 4977 3163 5022 Slnit‘ia
3209 4989 3299 5022 res
3346 4982 3449 5022 est.
3479 4987 3567 5022 (ιιιι
3611 4982 3675 5022 US

2082 4996 2204 5064 test-
2251 4971 2932 5064 Lactantio'm'irreﬁt'm
2970 4977 3167 5064 Stoici?
3209 4971 3675 5064 :‘°§-€5‘:-9.‘.'“3.‘ls

2082 5058 2319 5112 Solenne
2344 5065 2460 5111 erat
2488 5057 2539 5108 in
2570 5045 2750 5126 verbis
2776 5050 3001 5126 ludere;
3028 5059 3082 5126 e_t
3098 5045 3334 5126 proinde
3355 5045 3549 5126 asserit
3560 5055 3673 5126 ¹(ξιι-

2084 5109 2502 5200 piendiverhnm
2530 5126 2667 5178 adeo
2691 5125 2741 5176 in
2770 5136 2829 5176 se
2857 5109 2997 5200 nihil
3019 5109 3130 5200 vitii
3152 5115 3457 5200 "continere,
3477 5109 3679 5200 ptiar:-

2084 5183 2150 5268 ἦξε
2194 5208 2413 5269 prmstet
2438 5212 2622 5269 cupere
2658 5208 2819 5269 quam
2849 5191 3009 5249 velle,
3041 5186 3274 5269 sintnodo
3305 5184 3447 5269 circa
3468 5183 3676 5269 bonum

2086 5256 2330 5325 versetur
2359 5268 2446 5323 liic
2466 5256 2709 5321 affectus'.
2743 5264 2940 5320 Smne.
2966 5287 3041 5332 -_—-
3069 5256 3269 5310 Bonum
3295 5267 3680 5332 cuperetque";

2087 5324 2444 5409 uellerhlnjor
2483 5339 2567 5391 vis
2610 5337 2752 5409 inest
2794 5337 2846 5386 in
2880 5330 3291 5409 verborcupere,
3321 5334 3373 5378 et
3399 5324 3680 5409 cupiditas,

2089 5393 2246 5477 quam
2279 5393 2517 5464 iin'velle
2555 5419 2609 5461 et
2642 5408 2894 5461 voluntas.
2920 5401 3073 5453 Patet
3100 5412 3165 5477 es
3191 5394 3285 5477 lib.
3311 5409 3383 5453 vr.
3416 5408 3535 5460 cap.
3568 5393 3633 5477 η
3664 5409 3680 5448 :

2093 5463 2242 5537 bicth
2264 5481 2490 5545 Stoicus,
2518 5480 2791 5532 \oluutate
2821 5487 2947 5537 opus
2965 5484 3073 5522 esse
3092 5469 3158 5521 ad
3182 5470 3289 5545 haec
3310 5463 3683 5545 consequentia,

2094 5535 2204 5608 non
2225 5535 2530 5622 cupiditate.
2566 5548 2685 5622 lino.
2703 5560 2829 5622 vero
2856 5535 3047 5622 parum.
3073 5549 3145 5593 est
3174 5535 3333 5622 velle.
3362 5535 3506 5622 Miilti
3551 5535 3685 5622 enirn

2095 5606 2308 5678 volunt;
2338 5622 2432 5677 sed
2464 5634 2625 5690 quum
2656 5614 2812 5668 dolor
2840 5606 3134 5690 viscerillus
3163 5606 3470 5672 accesserit,
3495 5606 3685 5659 volun-

2098 5704 2179 5750 tas
2209 5696 2362 5756 cedit,
2392 5681 2658 5751 cupiditas
2692 5692 3017 5756 perseverat.
3050 5681 3182 5756 Bait.
3223 5750 3234 5756 _
3308 5748 3329 5756 _
3588 5740 3602 5756 '
3676 5738 3690 5756 9

2174 5740 2748 5819 litim‘uiandiiiomiiiis
2783 5771 2867 5808 eos
2915 5753 3046 5807 ratio
3075 5750 3274 5821 defecit.
3308 5748 3384 5821 Ila
3412 5740 3695 5821 emendavi

2101 5812 2484 5894 ex'iéi‘is'iisi‘;
2506 5844 2638 5887 mss.
2673 5827 2712 5881 2
2739 5825 2901 5892 Bou.,
2943 5812 3264 5894 Reg-Pun,
3303 5815 3495 5884 Cauc.,
3533 5812 3645 5867 Tax
3678 5851 3700 5882 ,
