4142 6200
487 315 587 377 69!

1531 310 1721 368 FIRM.
1761 310 2134 373 LACTLNTII
2171 310 2374 371 DIVIN.
2419 313 2663 375 INSTIT.

3682 323 3788 379 692

485 436 688 502 potest.
717 426 848 495 Quis
895 425 1041 485 enim
1086 424 1256 496 possit
1284 439 1395 487 non
1434 425 1639 494 dolere,
1668 427 1715 483 si
1743 426 1970 499 patriam
1997 434 2090 483 aut
2113 433 2168 495 Α
2192 427 2283 489 die
2307 432 2653 501 temperanda
2675 432 2804 490 sint.
2834 433 2979 505 Ergo
3005 444 3206 503 errant,
3235 436 3358 507 quia
3388 449 3497 492 non
3522 436 3786 507 efﬁciunt,

484 519 796 594 pestilentia
812 516 1145 584 exhauserit,
1166 525 1281 587 aut,
1291 516 1465 575 hostis
1483 519 1758 586 everterit,
1785 526 1880 575 aut
1906 527 2089 601 tyranv

487 629 596 673 nus
612 611 981 685 Oppresserit?
998 611 1183 675 Potest
1199 611 1394 683 aliquis
1413 627 1519 671 non
1535 612 1746 679 dolere,
1764 612 1809 668 si
1825 612 2089 673 sublatam

487 707 686 767 viderit
730 705 1066 772 libertatem;
1110 705 1157 765 si
1198 705 1493 776 proximos,
1517 705 1563 761 si
1589 704 1816 774 amicos,
1844 705 1890 760 si
1918 704 2089 761 bonos

485 801 636 857 viros
662 807 755 854 aut
792 798 1204 864 exterminatus,
1234 805 1327 855 aut
1352 796 1728 857 crudelissime
1755 796 2088 853 trucidatos?

486 893 594 951 nisi
623 893 777 966 cujus
804 905 959 949 mens
988 892 1062 947 ita
1092 890 1448 960 obstupuertt,
1482 898 1541 945 ut
1568 890 1639 947 sit
1666 892 1716 947 ei
1744 904 1937 969 sensus
1966 905 2087 946 om-

485 986 574 1043 nis
600 995 841 1056 ereptus.
870 983 1051 1050 Quare
1075 991 1169 1041 aut
1198 982 1377 1043 omnia
1408 981 1600 1043 tollere
1628 981 1930 1038 debuerunt
1949 1022 1964 1047 ,
1997 990 2091 1038 aut
2188 1016 2193 1027 ρ

483 1075 762 1150 implenda
811 1074 985 1131 fuerat
1026 1080 1175 1133 curta
1215 1072 1335 1133 haec
1372 1081 1429 1129 et
1463 1071 1658 1129 debilis
1683 1072 2006 1143 disputatio;
2034 1072 2088 1129 id

483 1179 601 1237 est,
632 1169 793 1231 etiam
824 1183 920 1238 pro
944 1165 1263 1238 aegritudine
1286 1164 1489 1236 aliquid
1516 1165 1919 1236 reponendum,
1949 1174 2096 1236 quo;

482 1264 655 1329 niam,
686 1261 1055 1332 superioribus
1074 1261 1143 1317 ita
1160 1259 1445 1327 ordinatis,
1466 1259 1571 1317 hoc
1595 1273 1929 1330 consequens
1948 1267 2084 1315 erat.

556 1353 630 1416 Ut
676 1353 821 1408 enim
873 1350 1233 1422 prasentibus
1276 1350 1527 1409 latamur
1569 1350 1727 1407 bonis
1759 1368 1773 1407 :
1805 1351 1885 1409 sic
1931 1350 2089 1409 malis

482 1446 753 1517 angimur,
784 1458 848 1500 ac
874 1443 1143 1501 dolemus.
1172 1442 1230 1501 Si
1271 1458 1403 1514 ergo
1451 1443 1675 1510 latitia,
1704 1443 1958 1515 quoniam
2001 1444 2087 1500 vi~

484 1542 679 1601 tiosam
712 1538 993 1611 putabant,
1023 1552 1219 1597 nomen
1251 1536 1395 1599 aliud
1423 1537 1733 1595 indiderunt
1762 1554 1777 1593 :
1808 1539 1886 1593 sic
1923 1538 2085 1608 agri-

478 1632 675 1699 tudini,
703 1629 956 1702 quoniam
998 1638 1055 1684 et
1098 1628 1272 1699 ipsam
1314 1629 1564 1686 vitiosam
1607 1629 1898 1700 putabant,
1940 1628 2086 1687 aliud

482 1723 804 1789 vocabulum
836 1721 999 1778 tribui
1024 1722 1374 1792 congruebat.
1405 1721 1564 1779 Unde
1588 1730 1814 1793 apparet
1844 1736 1954 1779 non
1980 1722 2087 1779 illis

2190 523 2334 594 quod
2359 524 2567 594 volunt,
2596 535 2652 582 et
2679 526 2842 598 longo
2869 542 3171 601 asperoque
3199 530 3427 588 circuitu
3457 531 3513 588 ln
3540 531 3787 593 eamdem

2191 616 2336 674 viam
2362 618 2610 675 redeunt.

2782 732 3012 790 CAPUT
3049 733 3191 790 XVI.

2190 842 2270 901 De
2298 844 2562 915 aﬂ'ectibus
2584 889 2598 915 ,
2630 863 2691 902 ac
2721 848 2783 902 de
2809 848 2872 904 iis
2900 848 3357 925 Peripateticorum
3390 869 3564 913 eversa
3590 866 3790 915 senten-

2265 940 2334 995 tia
2361 956 2380 995 :
2408 941 2519 1012 quis
2564 940 2629 996 sit
2672 958 2816 1005 verus
2859 942 3172 1015 affectuum,
3200 946 3383 1023 quique
3426 964 3599 1011 eorum
3625 950 3793 1008 malus

2263 1049 2407 1090 usus.
3624 1062 3630 1071 '

2264 1156 2334 1219 Αι
2362 1169 2463 1227 ego
2488 1170 2557 1215 ne
2577 1156 2965 1228 Peripateticos
2987 1159 3204 1230 quidem
3226 1161 3524 1220 accessisse
3551 1163 3619 1223 ad
3645 1168 3793 1222 veri-

2192 1254 2356 1309 tatem
2388 1256 2538 1319 puto,
2573 1249 2663 1319 qui
2706 1250 2832 1307 vitia
2875 1265 2994 1311 esse
3019 1251 3349 1319 concedunt,
3377 1254 3471 1311 sed
3500 1270 3563 1311 ea
3590 1256 3797 1313 rnedio-

2192 1341 2358 1401 criter
2405 1353 2728 1414 temperant.
2774 1343 3079 1403 Carendum
3123 1356 3207 1403 est
3249 1348 3394 1405 enim
3428 1349 3584 1423 vitiis
3630 1351 3794 1407 etiam

2191 1434 2557 1495 mediocribus
2590 1455 2603 1493 t
2635 1438 2761 1507 quin
2794 1438 2971 1508 potius
3001 1437 3346 1497 efﬁciendum
3388 1441 3489 1497 fuit
3535 1443 3791 1512 primum,

2192 1542 2264 1589 ne
2292 1527 2421 1591 vitia
2449 1536 2653 1587 essent.
2685 1528 2796 1585 Nec
2821 1531 2967 1587 enim
3008 1532 3301 1603 quidquam
3349 1535 3600 1592 vitiosum
3642 1539 3794 1593 nasci

2192 1629 2369 1692 potest
2397 1638 2409 1675 :
2443 1620 2541 1677 sed
2568 1622 2696 1679 vitia
2736 1623 2875 1692 fieri,
2901 1625 2948 1683 si
2978 1624 3121 1691 male
3160 1636 3375 1685 utamur
3411 1628 3722 1696 aﬂ'ectibus;
3748 1632 3794 1686 si

2192 1710 2356 1782 bene,
2388 1713 2633 1772 virtutes.
2681 1714 2885 1773 Deinde
2925 1718 3341 1783 monstrandum
3369 1730 3475 1789 est,
3506 1738 3615 1778 non
3649 1724 3798 1793 ipsos

480 1833 599 1879 rem
630 1816 870 1875 defuisse
890 1857 906 1884 ,
931 1814 1029 1873 sed
1056 1814 1318 1881 verbum;
1349 1817 1503 1886 cujus
1526 1815 1817 1886 indigentia
1848 1830 1971 1872 eum
2004 1823 2087 1873 ιο-
2117 1828 2166 1889 Β
2192 1803 2437 1874 aﬁ‘ectus,
2463 1806 2559 1869 sed
2586 1822 2771 1867 eorum
2798 1823 2989 1867 causas
3010 1824 3134 1869 esse
3154 1812 3528 1870 moderandas.
3549 1814 3666 1871 Non
3688 1826 3794 1884 est,

482 1919 600 1965 tum
627 1907 902 1973 aﬂ‘ectum,
930 1905 1022 1977 qui
1048 1915 1132 1965 est
1161 1906 1247 1962 vel
1274 1906 1564 1973 maximus,
1589 1915 1775 1963 contra
1797 1920 1958 1976 quam
1987 1922 2085 1962 na.

479 2010 603 2061 tura
628 2008 921 2074 pateretur,
942 1998 1154 2057 auferre
1175 1999 1484 2057 voluerunt.
1511 1999 1644 2056 Nam
1667 1999 1789 2056 illas
1809 2002 2088 2057 nominum

480 2092 934 2155 commutationes
959 2101 1202 2162 poteram
1231 2106 1527 2163 coarguere
1548 2092 1813 2164 pluribus,
1836 2103 1891 2149 et
1915 2101 2093 2150 osten-

482 2187 636 2253 dere,
663 2194 758 2240 aut
784 2185 1052 2243 sermonis
1080 2184 1343 2252 ornandi,
1376 2183 1747 2256 augendaque
1773 2183 1943 2255 cepia
1966 2200 2092 2255 gra-

481 2278 558 2334 tia
576 2318 592 2345 ,
622 2277 793 2339 multa
820 2276 1040 2333 nomina
1071 2276 1261 2333 iisdem
1299 2277 1462 2333 rebus
1492 2276 1742 2346 imposita
1765 2317 1780 2343 ,
1809 2286 1902 2333 aut
1941 2287 2092 2335 certe

483 2382 594 2427 non
621 2368 848 2427 multum
874 2369 1017 2425 inter
1045 2383 1109 2425 se
1131 2368 1224 2425 illa
1248 2368 1470 2425 distare.
1502 2368 1636 2427 Nam
1674 2378 1730 2429 et
1765 2370 2029 2441 cupiditas
2059 2386 2089 2431 ο

484 2460 766 2519 voluntate
796 2459 1020 2531 incipit;
1050 2469 1106 2516 et
1130 2461 1307 2516 cautio
1335 2476 1365 2516 a
1391 2469 1540 2518 metu
1564 2461 1737 2518 oritur
1763 2477 1779 2528 ;
1811 2473 1865 2518 et
1905 2462 2090 2525 latitia

488 2552 624 2611 nihil
654 2551 802 2608 aliud
830 2561 934 2619 est,
966 2566 1128 2622 quam
1159 2551 1462 2623 professum
1492 2553 1769 2624 gaudium.
1801 2553 1907 2613 Sed
1940 2564 2087 2625 puto.

485 2659 631 2713 mus,
662 2652 720 2698 ut
741 2642 843 2713 ipsi
872 2643 1086 2711 volunt,
1110 2658 1233 2700 esse
1260 2644 1495 2700 diversa.
1525 2644 1733 2716 Nempe
1760 2645 1920 2717 igitur
1942 2645 2091 2716 cupi-

487 2735 712 2792 ditatem
756 2750 876 2792 esse
918 2734 1130 2804 dicent,
1179 2744 1618 2815 perseverantem
1668 2752 1733 2793 ac
1777 2745 2089 2813 perpetuam

489 2829 859 2896 voluntatem;
909 2828 1147 2886 latitiam
1202 2844 1364 2897 vero,
1414 2829 1708 2887 insolenter
1753 2846 1813 2887 se
1860 2831 2091 2889 eﬂ‘erens

486 2923 771 2995 gaudium;
804 2932 1004 2979 metum
1032 2933 1238 2989 autem,
1270 2924 1490 2979 nimiam
1517 2933 1575 2980 et
1602 2924 1952 2981 excedentem
1976 2940 2091 2979 mo-

488 3017 615 3072 dum
637 3015 961 3073 cautionem.
989 3015 1065 3070 Ita
1095 3015 1182 3082 iit,
1208 3023 1269 3070 ut
1292 3030 1377 3087 ea,
1409 3032 1529 3087 quae
1557 3016 1790 3071 tollenda
1818 3030 1937 3072 esse
1963 3030 2092 3071 cen-

488 3120 635 3175 sent,
665 3124 770 3164 non
804 3107 1028 3175 tollant,
1059 3106 1156 3171 sed
1187 3116 1515 3181 temperent;
1566 3107 1828 3179 siquidem
1876 3111 2092 3167 nomina

488 3199 862 3267 tantummodo
911 3200 1229 3264 immittunt,
1261 3213 1347 3255 res
1377 3200 1508 3270 ipsa
1548 3209 1786 3255 manent.
1821 3200 1902 3255 Eo
1930 3201 2089 3271 igitur

2193 1898 2471 1968 inquiunt,
2505 1899 2691 1957 latitia
2722 1902 2885 1958 nimia
2911 1905 3284 1974 gestiendum;
3326 1907 3421 1963 sed
3458 1909 3700 1975 modice,
3729 1926 3799 1967 ac

2193 1988 2492 2051 moderate.
2526 1989 2639 2049 Hoc
2682 2004 2810 2049 vero
2839 1994 2943 2050 tale
2968 2004 3084 2062 est,
3111 1997 3269 2068 quale
3294 1998 3339 2055 si
3369 1998 3613 2057 dicerent
3637 2043 3654 2068 ,
3684 2018 3796 2059 non

2193 2096 2316 2139 esse
2334 2084 2662 2145 currendum
2689 2087 2976 2155 concitate,
3000 2088 3093 2145 sed
3125 2090 3477 2161 gradientium
3504 2093 3706 2165 quiete.
3725 2097 3798 2152 At

2194 2184 2372 2246 potest
2397 2184 2453 2237 et
2480 2179 2571 2249 qui
2596 2179 2857 2250 graditur,
2889 2196 3106 2251 errare;
3137 2192 3193 2241 et
3230 2187 3321 2254 qui
3349 2187 3556 2255 currit,
3587 2197 3795 2244 rectam

2193 2271 2335 2327 viam
2365 2281 2567 2331 tenere.
2599 2274 2738 2341 Quid
2771 2274 2818 2330 si
2843 2276 3072 2332 ostendo
3114 2291 3237 2334 esse
3275 2279 3500 2351 aliquid,
3546 2281 3638 2337 ubi
3685 2298 3796 2338 non

2195 2371 2400 2422 tantum
2419 2365 2713 2434 modicum,
2742 2367 2839 2425 sed
2864 2369 2948 2425 vel
2976 2379 3230 2439 punctum
3257 2372 3512 2442 gaudere,
3541 2375 3795 2433 vitiosum

2194 2456 2298 2525 sit;
2342 2466 2396 2513 et
2434 2458 2579 2519 aliud
2622 2468 2847 2528 contra,
2878 2461 2931 2515 in
2963 2477 3070 2533 quo
3096 2463 3180 2519 vel
3206 2465 3450 2523 exultare
3478 2467 3665 2523 latitia
3692 2469 3797 2524 mi-

2193 2550 2341 2609 nime
2357 2550 2743 2611 criminosum?
2765 2551 2904 2623 Quid
2923 2554 3139 2611 tandem
3157 2556 3312 2615 nobis
3331 2557 3431 2615 ista
3448 2559 3796 2616 mediocritas

2195 2641 2474 2717 proderit?
2501 2642 2697 2717 Quare
2720 2655 2970 2701 utrumne
2996 2647 3223 2718 sapienti
3251 2649 3541 2713 latendum
3581 2662 3792 2723 putent,

2194 2735 2240 2793 si
2267 2735 2394 2806 quid
2417 2737 2632 2793 inimico
2655 2752 2757 2793 suo
2781 2738 2909 2793 mali
2941 2738 3120 2799 videat
3138 2741 3413 2810 accidere;
3433 2752 3526 2809 aut
3545 2753 3796 2809 utrumne

2196 2826 2437 2886 latitiam
2466 2828 2695 2885 franarc
2724 2829 2947 2899 debeat,
2980 2832 3026 2889 si
3058 2832 3210 2891 victis
3249 2833 3530 2901 hostibus.
3560 2850 3652 2895 aut
3691 2854 3794 2911 op-

2196 2932 2387 2989 presso
2414 2928 2663 2991 tyranno,
2691 2922 2911 2977 libertas
2930 2932 2986 2987 et
3014 2924 3159 2979 salus
3182 2925 3391 2982 civibus
3415 2937 3564 2998 parta
3584 2931 3689 2986 sit?

2266 3009 2437 3067 Nemo
2464 3011 2673 3073 dubitat
2696 3014 2822 3084 quin
2853 3022 2907 3069 et
2942 3012 2998 3069 in
3038 3013 3131 3070 illo
3159 3016 3406 3088 exiguum
3437 3019 3631 3089 laetari,
3658 3031 3714 3083 et
3741 3024 3796 3080 in

2197 3102 2302 3163 hoc
2346 3119 2534 3175 parum
2582 3104 2750 3163 latari
2794 3105 2866 3163 sit
2909 3105 3204 3165 maximum
3239 3109 3464 3173 crimen.
3496 3111 3699 3169 Eadem
3725 3114 3795 3171 de

2196 3197 2409 3252 cateris
2448 3195 2729 3253 all‘ectibus
2768 3197 2948 3255 dicere
2991 3199 3136 3256 licet.
3166 3200 3311 3267 Sed,
3340 3212 3398 3258 ut
3424 3203 3558 3272 dixi,
3591 3221 3696 3261 non
3741 3208 3794 3262 in

485 3291 859 3363 imprudentes
901 3291 1283 3354 revolvuntur.
1329 3269 1438 3364 quo
1484 3293 1826 3364 Peripatetici
1881 3269 2091 3350 ratione
2116 3269 2161 3333 (ἶ
2195 3290 2279 3346 bis
2310 3289 2656 3345 moderandis
2694 3290 2971 3361 sapientia
2998 3292 3136 3347 ratio
3162 3302 3429 3362 versatur,
3463 3296 3557 3352 sed
3585 3298 3637 3352 in
3663 3287 3794 3353 can?

482 3386 845 3459 perveniunt;
878 3395 935 3442 ut
962 3384 1109 3455 vitia,
1143 3385 1394 3457 quoniam
1426 3386 1542 3443 tolli
1572 3402 1677 3447 non
1711 3397 1957 3459 possunt,
1979 3403 2091 3447 me-

2194 3385 2269 3440 sis
2299 3398 2485 3439 eorum
2516 3398 2530 3438 :
2562 3384 2817 3454 quoniam
2847 3385 3184 3442 extrinsecus
3218 3398 3661 3458 commoventur;
3694 3408 3793 3447 nec

1807 3501 2170 3559 VARIORUM
2206 3498 2437 3556 ΝΟΤΕ.

487 3618 622 3677 Pen.
651 3626 706 3673 et
727 3615 851 3673 cdd.
879 3614 1053 3671 Betui.
1077 3613 1135 3671 in
1164 3613 1199 3670 6
1222 3613 1342 3675 aliis
1364 3612 1554 3682 deﬁcit.
1584 3610 1643 3669 ln
1665 3612 1785 3669 aliis
1813 3613 1847 3669 9
1870 3613 2087 3681 legitur,

488 3689 711 3746 nominis
735 3690 807 3743 eis
833 3687 964 3741 ratio
984 3687 1195 3755 deﬁcit;
1221 3687 1275 3741 in
1305 3685 1340 3742 5
1365 3700 1475 3741 rec.
1503 3692 1558 3743 et
1588 3684 1644 3741 in
1668 3686 1904 3752 excusis,
1926 3687 2087 3741 uomi-

488 3762 571 3817 uit
591 3761 701 3824 eius
726 3760 857 3813 ratio
872 3757 1064 3826 deﬁcit.
1088 3756 1195 3821 Sed
1217 3765 1274 3815 et
1297 3755 1436 3812 infra
1461 3756 1516 3815 in
1539 3757 1834 3825 praterito,
1868 3773 1969 3812 non
1985 3757 2090 3813 illis

488 3848 597 3887 rem
624 3829 869 3894 defuisse,
896 3829 986 3883 sed
1010 3828 1236 3882 verbum.

564 3899 744 3955 Hostis
770 3899 1017 3953 everterit.
1050 3898 1180 3955 Mss.
1209 3897 1244 3953 4
1272 3905 1325 3952 et
1349 3896 1384 3952 5
1407 3895 1532 3951 edd.
1565 3896 1826 3953 inuaserit.

562 3970 735 4024 Bonos
764 3970 915 4023 viros.
952 3970 977 4022 1
1012 3968 1220 4023 Βοηοη.
1251 3969 1420 4037 antiq.
1449 3966 1656 4021 vicinos.

563 4040 837 4112 Imposita,
855 4049 944 4097 aut
955 4048 1090 4112 certe
1106 4056 1206 4112 non
1226 4036 1667 4112 multum._Cauc.,
1686 4036 1811 4112 Jun.
1838 4046 1892 4097 et
1912 4038 2088 4098 8edit.

490 4107 867 4182 interponunt,
898 4120 990 4164 aut
1016 4109 1167 4182 nihil,
1188 4110 1360 4182 male;
1390 4107 1511 4178 quia
1538 4117 1701 4165 totam
1727 4108 1867 4164 hanc
1890 4112 2090 4168 oratio-

490 4200 614 4240 nem
644 4181 945 4252 perturbat,
978 4190 1037 4235 ut
1068 4181 1142 4235 ait
1172 4181 1515 4252 'l‘liomasius.

561 4251 866 4324 Proiectum
893 4252 1158 4324 gaudium.
1187 4251 1313 4307 Mss.
1346 4252 1381 4309 '5
1407 4266 1515 4306 rec.
1540 4259 1598 4308 et
1626 4251 1777 4319 editi,
1819 4254 2090 4323 profusum

488 4328 756 4398 gaudium.
784 4325 855 4380 At
894 4324 1079 4393 scripti
1126 4336 1295 4398 pr0p_e
1321 4324 1733 4398 o_tnn_es_melius
1760 4326 2086 4398 professum,

488 4393 543 4453 id
573 4407 675 4459 est,
706 4404 955 4465 apertum
978 4404 1030 4451 et
1053 4394 1296 4452 externis
1318 4393 1486 4464 signis
1505 4394 1955 4455 demonstratum.
1983 4396 2083 4452 Ed.

483 4470 560 4524 ls.
592 4471 875 4535 perfusum.

563 4487 1089 4606 τῗνῗιιῇεναηάα
1110 4538 1233 4592 sint.
1262 4534 1340 4591 ita
1360 4536 1571 4591 restitui
1596 4551 1663 4593 ex
1681 4537 1930 4594 omnibus
1953 4553 2084 4595 mss.

488 4608 712 4681 (prater
738 4606 809 4681 7);
840 4617 896 4681 e_t
938 4624 1007 4664 ex
1048 4607 1138 4664 ed.
1180 4607 1339 4663 Rom.
1388 4606 1547 4681 “7‘0.
1577 4614 1632 4664 et
1656 4608 1903 4681 Gymnic.
1956 4610 2086 4676 Qua

485 4677 651 4735 lectio
693 4685 748 4732 et
793 4677 931 4734 intra
976 4681 1326 4747 sequentibus
1362 4677 1736 4745 confirmatur,
1765 4679 2086 4736 mediocriter

488 4747 990 4818 temperantrMedie
1015 4756 1099 4802 est
1124 4749 1341 4815 modice,
1379 4749 1718 4814 mediocriter,
1760 4760 1819 4805 ut
1859 4750 2022 4807 habet
2052 4754 2078 4809 1

488 4820 623 4889 Reg.
656 4833 766 4874 rec.
797 4817 853 4874 In
880 4819 911 4874 7
938 4819 1153 4888 scriptis
1188 4833 1301 4875 rec.
1330 4828 1386 4873 et
1423 4823 1637 4875 excusis
1679 4821 1874 4889 legitur
1916 4823 2081 4878 medio

488 4891 819 4962 temperanda
842 4890 943 4945 sint
972 4906 991 4945 :
1012 4904 1270 4963 cum_vox
1298 4890 1460 4945 medie
1484 4907 1672 4963 parum
1706 4892 1899 4948 usitata
1930 4895 2079 4951 vide-

482 4959 656 5029 retur,
675 4964 916 5034 fecerunt
930 4962 1116 5034 medio.
1137 4959 1233 5016 Est
1251 4968 1429 5015 tamen
1447 4959 1610 5034 niedie
1629 4963 1769 5032 apud
1793 4964 2079 5034 Apuleium

483 5034 552 5089 de
580 5034 830 5088 DuCtrine
860 5031 997 5088 Plat.
1023 5031 1116 5086 lib.
1164 5046 1223 5097 tt,
1275 5046 1395 5101 pag.
1443 5032 1533 5097 22,
1579 5035 1743 5089 medie
1770 5031 1952 5090 morati
1974 5051 1995 5100 ;
2026 5045 2081 5092 et

480 5106 621 5174 apud
671 5102 985 5174 Eutrapium
1036 5102 1126 5157 lib.
1174 5117 1267 5165 vn.
1311 5117 1431 5174 cap.
1464 5102 1519 5167 8.
1553 5105 1604 5159 in
1639 5103 1883 5169 Claudio,
1918 5111 2081 5163 medie

480 5173 768 5246 imperavit.
798 5174 856 5230 In
883 5173 1191 5246 Gryphiana
1219 5183 1273 5228 et
1303 5173 1635 5240 Betuleiena,
1672 5175 1866 5245 legitur
1891 5186 2079 5245 tempe-

479 5245 667 5314 rauda,
699 5248 837 5303 sicut
868 5254 923 5301 et
950 5245 1003 5301 in
1027 5245 1361 5300 Tornesiana
1389 5262 1401 5299 :
1430 5246 1523 5299 sed
1546 5246 1663 5302 hac
1686 5248 1871 5303 ultima
1895 5260 2079 5305 monet

481 5318 677 5390 insue
722 5333 822 5373 ms.
849 5332 974 5374 esse
999 5317 1163 5372 medie
1191 5316 1543 5390 temperanda.
1572 5317 1641 5373 At
1670 5320 1713 5373 si
1743 5319 1906 5375 medie
1945 5336 2075 5390 sup-

480 5387 705 5459 primas,
737 5400 882 5443 recte
911 5404 1065 5459 teque
1093 5398 1149 5444 et
1174 5389 1438 5444 concinna
1466 5387 1570 5443 erit
1597 5390 1789 5445 oratio.

561 5455 614 5508 Ν
616 5460 820 5530 eeeuim
843 5455 1121 5530 quidquam
1149 5460 1545 5530 uitiorumuasci
1563 5469 1746 5530 potest.
1773 5461 1939 5515 Caute
1962 5460 2077 5519 lure

480 5526 714 5603 legenda
742 5537 888 5582 sunt.
913 5526 1046 5603 Nam
1077 5530 1242 5584 David
1271 5526 1646 5585 conﬁtetur'se
1689 5532 1741 5586 in
1776 5532 2072 5603 iniquitati-

482 5598 583 5653 bus
612 5607 951 5667 conceptum.
978 5598 1195 5654 Interim
1223 5610 1398 5656 tamen
1427 5616 1611 5656 verum
1638 5610 1741 5665 est,
1772 5598 1990 5659 allectus
2007 5619 2073 5660 ex

477 5670 559 5723 sui
591 5680 778 5723 natura
804 5678 1016 5738 peccata
1038 5684 1146 5724 non
1168 5685 1308 5735 esse,
1334 5673 1438 5727 nisi
1459 5673 1615 5727 malis
1635 5671 1913 5730 aﬂ'ectibus
1933 5674 2076 5731 adsit

477 5754 806 5814 consensus.
828 5738 1293 5814 AdessSttnctum
1314 5742 1694 5814 Augustinum.
1722 5743 1925 5802 Baros.

543 5810 894 5869 (li-adiendum
938 5809 1125 5884 quieto.
1168 5810 1352 5870 Recte.
1400 5809 1503 5875 ins.
1551 5815 1578 5873 1
1625 5829 1736 5875 rec.
1785 5826 1840 5874 et
1880 5814 2065 5883 7edd.

2193 3612 2468 3675 moderate.
3017 3645 3064 3673 δ

2269 3684 2406 3759 Quid
2436 3683 2481 3737 si
2507 3682 2741 3759 ostendo.
2766 3681 3060 3759 _lta_scribo
3102 3685 3156 3743 in
3186 3689 3440 3759 prasenti
3470 3705 3593 3748 cum
3634 3693 3793 3752 editis

2193 3753 2526 3837 ﬂag-Rom.
2548 3764 2603 3811 et
2628 3755 3102 3837 Betul.,§ymnic._
3118 3753 3629 3837 omnibusquemss,
3656 3783 3793 3837 [ηδε-

2193 3835 2277 3909 ter
2302 3826 2335 3881 2
2362 3826 2498 3909 Reg.
2533 3842 2643 3909 ree.
2677 3829 2782 3909 _c.t_l
2820 3826 3053 3887 Clarom.
3090 3829 3143 3887 in
3174 3832 3367 3901 quibus
3388 3826 3587 3905 legitur
3620 3826 3792 3895 citen-

2193 3896 2332 3962 dero,
2369 3910 2426 3952 ut
2456 3896 2507 3952 in
2540 3896 2605 3955 15
2629 3897 2808 3953 editis.

2267 3968 2527 4025 Punctum
2546 3972 2786 4043 gaudere.
2808 3968 2863 4025 ld
2884 3979 2985 4043 est,
3006 3987 3103 4043 per
3126 3982 3399 4041 punctum.
3429 3991 3528 4033 seu
3551 3994 3795 4038 momen-

2196 4013 3093 4123 ιιιιῇἹὲῖίιῇὄιτῗζέἷζὲιὶἶηΐξὶίέῐῖἰ
3110 4013 3795 4123 iitl'.";{ﬁ','3aﬁfutWE;

2194 4110 2554 4193 null-um'diem
2574 4153 2594 4193 ,_
2621 4110 3059 4193 null‘um’denique
3087 4118 3327 4193 temporis
3352 4110 3601 4189 punctum
3626 4110 3790 4193 [ιυρῖε

2193 4183 2337 4263 rton
2377 4182 2486 4235 sine
2512 4182 3073 4263 voluptatenpatiamur.
3105 4182 3235 4263 ltetn
3266 4182 3364 4243 lib.
3389 4182 3639 4263 vinculi:
3663 4196 3752 4249 12.

2266 4252 2512 4309 Franare
2530 4253 2730 4334 debeat.
2763 4254 2852 4334 Sic
2881 4257 3159 4334 emendavi
3182 4274 3250 4317 ex
3276 4275 3405 4334 mss.
3434 4252 3625 4334 5‘
3649 4265 3793 4321 inter

2193 4339 2335 4400 quos
2357 4335 2483 4385 sunt
2510 4322 2618 4400 duo
2650 4325 2957 4400 veterrimi,
2986 4328 3276 4400 multisque
3300 4330 3453 4398 aliis;
3486 4322 3793 4394 iuvantibus

2191 4395 2226 4452 9
2249 4395 2367 4452 aliis
2388 4411 2501 4479 rec.
2534 4396 2809 4479 iu‘quibus
2840 4405 2923 4479 est
2952 4395 3229 4479 refrenare
3253 4395 3461 4479 debeat.
3493 4402 3549 4479 lu
3588 4408 3623 4461 2
3651 4406 3787 4479 Reg.

2111 4500 2165 4560 1)
2190 4466 2510 4560 Eae-.391”:
2523 4466 3238 4560 ξἐίςξξεῑανετέερεξξιε,θείη.
3253 4471 3284 4527 ⁷
3310 4475 3543 4560 ξῑυιεειξίβ
3567 4466 3790 4547 frmi:

2191 4537 2438 4613 debeant;
2462 4537 2743 4613 mendose.
2773 4537 2909 4613 _Vide
2934 4555 3093 4611 supra
3122 4537 3628 4613 sapientiufvideat.

2266 4609 2401 4692 Quin
2432 4620 2477 4664 et
2502 4608 3143 4692 innillouexiguutunlatari
3162 4608 3309 4679 ,'etc.
3341 4614 3604 4686 Loquitur
3627 4619 3788 4692 juxta

2188 4679 2496 4759 opinionem
2537 4679 2828 4759 Gentilium
2871 4680 3358 4759 Philosophorum,
3401 4679 3593 4745 contra
3627 4679 3789 4759 'quos

2188 4750 2858 4832 eratdisputatio,uut_eos
2886 4756 2999 4832 suis
3029 4750 3160 4824 ipsis
3188 4750 3545 4832 positionibus
3572 4750 3781 4832 arguat,

2186 4821 2326 4902 quod
2357 4820 2503 4879 hisce
2552 4824 2603 4902 in
2644 4822 2795 4881 libris
2841 4820 3115 4902 professus
3154 4820 3239 4902 est
3275 4844 3334 4883 se
3363 4845 3498 4902 esse
3517 4820 3784 4890 facturum

2184 4891 2369 4971 lib..v,
2397 4908 2520 4971 cap.
2546 4900 2599 4959 4,
2634 4909 2739 4971 non
2767 4891 2943 4950 autem
2976 4896 3424 4971 juxtadogmata
3461 4899 3784 4963 Christiana

2184 4963 2478 5038 sapientia,
2505 4980 2608 5038 qua
2636 4965 2912 5038 docemur,
2947 4963 3030 5023 vel
3060 4968 3192 5038 ipsis
3217 4963 3461 5029 uestibus
3492 4973 3631 5030 bona
3659 4992 3782 5035 om-

2184 5037 2271 5089 nia
2299 5036 2561 5108 cupienda
2584 5054 2595 5089 :
2621 5036 2687 5091 de
2714 5053 2818 5108 quo
2844 5047 2898 5092 et
2926 5038 3039 5107 ipse
3079 5036 3336 5108 praclare
3382 5042 3601 5100 disserit
3642 5047 3781 5105 intra

2181 5120 2301 5177 cap.
2335 5108 2420 5163 18.
2445 5106 2630 5183 lassus.
2660 5106 2889 5183 -—A{Qtti_n
2917 5106 2964 5163 et
2984 5106 3143 5167 inille
3171 5114 3410 5183 exiguum
3440 5115 3626 5173 (talari.
3651 5118 3784 5175 Hac

2181 5190 2260 5257 est
2290 5194 2443 5257 mens
2471 5178 2733 5257 Lactantii
2762 5198 2773 5232 :
2808 5178 2972 5257 Nemo
2998 5182 3230 5257 dubitat,
3252 5178 3379 5257 quin
3414 5197 3461 5240 et
3490 5187 3545 5243 iu
3575 5189 3666 5244 illo
3687 5232 3703 5257 ,
3735 5192 3781 5246 si

2179 5247 2400 5326 inimico
2428 5249 2555 5326 quid
2580 5250 2707 5326 _mali
2734 5250 2960 5326 accidat,
2984 5247 3243 5326 exiguum,
3268 5247 3319 5311 id
3347 5266 3460 5323 est,
3484 5260 3568 5314 vel
3600 5247 3780 5317 tantil-

2180 5317 2289 5375 lum
2340 5317 2504 5375 laturi
2547 5321 2617 5397 sit
2658 5321 3036 5397 gravissimum
3064 5317 3375 5396 peccatum.
3406 5317 3528 5397 quia
3559 5331 3782 5389 inimico

2178 5404 2434 5475 stio‘vere
2461 5392 2681 5475 sapiens
2718 5392 2854 5475 bene
2881 5394 3043 5475 “vult,
3064 5392 3187 5453 'nec
3232 5409 3315 5475 est
3362 5392 3732 5475 έυῇςᾳιρὲκοαος
3761 5423 3778 5461 :

2177 5469 2364 5543 contra
2395 5477 2546 5544 vero.
2566 5464 2618 5544 in
2660 5462 2775 5544 ltoc,
2807 5465 2851 5518 si
2881 5461 3359 5544 libertasetsalus
3388 5461 3594 5544 civilius
3625 5461 3777 5544 par-ta

2176 5533 2266 5600 sit,
2299 5549 2501 5611 parum,
2532 5533 2583 5587 id
2606 5542 2710 5611 est,
2737 5549 2843 5611 non
2873 5537 3026 5611 satis,
3053 5538 3240 5611 frigide
3263 5541 3454 5607 latari,
3481 5533 3639 5611 aque
3661 5563 3775 5602 ma-

2174 5616 2339 5678 gnum
2366 5604 2572 5678 eritnen
2602 5605 2701 5669 sit;
2734 5605 2854 5678 talis
2886 5607 3032 5661 enim
3073 5604 3347 5678 proderet,
3378 5604 3630 5670 se'ma'lle
3656 5633 3780 5674 scr-

2175 5674 2362 5728 vitium
2390 5674 2722 5749 iniquum‘et
2739 5676 3016 5737 interitum
3041 5674 3297 5749 civitatis.
3321 5674 3450 5740 Sole
3470 5684 3677 5743 clarius
3696 5703 3782 5749 est

2174 5756 2242 5799 ex
2254 5758 2432 5828 supra
2461 5744 2650 5828 {Quid
2678 5745 2723 5802 si
2743 5748 2974 5828 ostendo,
3003 5748 3092 5828 ubi
3121 5768 3231 5828 non‘
3249 5762 3452 5828 tantum
3476 5744 3776 5828 modicum,

2174 5814 2265 5871 sed
2294 5814 2377 5873 vel
2401 5827 2654 5887 punctum
2681 5820 2901 5890 gaudere
2926 5814 3160 5878 vitiatum
3186 5823 3273 5894 sit,
3304 5823 3553 5887 etc.Buu.
