4142 6200
487 246 595 302 69Ξὶ

1561 253 1744 308 FIRM.
1789 251 2157 310 LACTANTII
2199 252 2403 309 DlVlN.
2448 251 2688 309 lNSTlT.

3685 252 3788 306 696

486 379 606 435 quae
632 373 842 418 terrena
871 375 1014 432 sunt,
1041 365 1404 435 concupiscat,
1435 367 1622 422 vitium
1644 379 1723 424 est
1747 385 1761 435 ;
1793 367 1958 423 virtus
1987 383 2079 423 au—
2105 370 2158 430 Λ
2183 366 2462 422 descendit
2487 383 2500 432 ;
2531 381 2652 421 cum
2702 366 2769 421 sit
2801 374 2857 421 et
2887 365 3252 439 voluptatibus
3281 365 3679 434 abstinendum,
3738 379 3791 423 et

489 467 618 522 tem,
645 459 688 511 si
717 457 975 512 ccelestia.
1007 457 1108 524 Qui
1136 459 1278 514 enim
1317 459 1599 529 justitiam,
1619 461 1709 531 qui
1757 461 1942 526 Deum,
1991 461 2082 531 qui

491 549 655 602 vitam
680 559 1013 618 perpetuam,
1044 552 1132 621 qui
1157 551 1327 606 lucem
1349 551 1752 621 sempiternam,
1777 569 1944 623 eaque
1967 567 2083 608 om-

483 640 730 710 nia,qu:e
761 640 903 696 Deus
931 640 1134 696 homini
1165 643 1463 713 pollicetur,
1487 645 1921 715 consequicupit,
1954 661 2084 716 opes

485 731 640 796 istas,
663 740 719 788 et
771 732 1029 802 honores,
1063 744 1116 789 et
1161 745 1485 804 potentatus,
1519 747 1573 792 et
1601 751 1761 807 regna
1805 738 1918 808 ipsa
1948 752 2081 793 con-

488 833 708 880 temnet.

558 940 709 996 Dicet
737 939 960 997 fortasse
980 941 1212 1008 Stoicus,
1246 943 1521 998 voluntate
1556 959 1692 1014 opus
1722 958 1842 1000 esse
1868 945 1936 998 ad
1969 945 2086 1000 haec

484 1033 888 1102 consequentia,
942 1049 1049 1088 non
1079 1034 1369 1103 cupiditate
1405 1053 1417 1088 :
1451 1035 1559 1088 imo
1589 1050 1716 1090 vero
1763 1050 1950 1105 parum
2001 1044 2086 1090 est

484 1125 645 1180 velle.
679 1125 827 1180 Multi
859 1127 1000 1180 enim
1045 1126 1229 1181 volunt
1262 1144 1273 1180 :
1307 1127 1402 1182 sed
1431 1143 1551 1182 cum
1597 1127 1754 1184 dolor
1791 1128 2086 1184 visceribus

487 1219 800 1283 accesserit,
818 1218 1065 1273 voluntas
1079 1219 1242 1285 cedit,
1265 1218 1530 1289 cupiditas
1548 1229 1886 1290 perseverat;
1905 1235 2026 1291 quae
2041 1220 2084 1276 si

490 1309 676 1375 efficit,
702 1321 760 1364 ut
783 1313 1112 1380 contemptui
1144 1311 1252 1365 sint
1304 1312 1512 1378 omnia,
1543 1327 1662 1382 quae
1690 1327 1718 1365 a
1749 1312 1959 1368 caeteris
1988 1327 2086 1384 ap-

479 1411 758 1473 petuntur,
781 1417 988 1456 summa
1010 1403 1178 1457 virtus
1195 1412 1299 1468 est,
1329 1404 1594 1474 siquidem
1613 1405 1958 1460 continentiae
1980 1419 2088 1460 ma-

482 1505 567 1549 ter
606 1503 706 1548 est.
744 1493 975 1565 Ideoque
1022 1494 1150 1549 illud
1196 1495 1371 1564 potius
1420 1495 1637 1552 efficere
1681 1497 1980 1564 debemus,
2031 1507 2088 1552 ut

481 1586 743 1652 affectus,
772 1587 966 1656 quibus
990 1602 1154 1656 prave
1181 1589 1255 1642 uti
1295 1589 1479 1642 vitium
1525 1598 1638 1653 est,
1685 1590 1977 1659 dirigamus
2031 1590 2086 1644 in

479 1688 710 1736 rectum.
760 1679 895 1735 Nam
940 1681 1056 1736 istae
1110 1682 1498 1737 concitationes
1550 1683 1851 1737 animorum
1898 1683 2086 1753 jtmeto

2187 460 2430 530 pecuniae
2463 459 2685 515 minime
2731 459 3165 529 temperandum.
3218 459 3351 514 Nam
3384 474 3576 530 parce,
3607 459 3658 514 id
3685 470 3789 525 est,

2185 550 2532 606 mediocriter
2581 553 2656 605 uti
2707 552 2976 621 pecunia,
3025 551 3177 622 quasi
3228 551 3471 622 qutedam
3527 552 3791 622 pusillitas

2183 643 2351 697 animi
2375 652 2478 709 est,
2506 653 2594 697 aut
2618 644 2991 713 praetimentis,
3021 659 3088 699 ne
3113 643 3213 700 sibi
3246 643 3426 711 desit;
3479 653 3571 698 aut
3599 645 3796 716 despe-

2187 734 2375 798 rantis,
2405 747 2563 803 posse
2592 749 2652 789 se
2679 733 2825 788 illam
2850 749 3130 804 reparare;
3167 743 3258 790 aut
3285 745 3653 806 contemptum
3687 746 3794 792 ter-

2186 827 2440 883 restrium
2474 845 2578 884 non
2607 829 2888 898 capientis.
2920 828 3028 884 Sed
3063 829 3138 884 illi
3182 844 3373 884 rursus
3402 844 3549 896 eum,
3572 831 3666 900 qui
3714 831 3793 887 rei

2188 918 2440 974 familiari
2469 934 2583 975 sua:
2613 935 2720 975 non
2753 931 2959 992 parcat,
2991 919 3275 992 prodigum
3309 929 3527 977 vocant.
3561 921 3694 976 Nam
3721 922 3794 978 ita

2188 1013 2466 1068 liberalem
2491 1012 2826 1085 distinguunt
2854 1029 2885 1068 a
2915 1014 3165 1084 prodigo,
3194 1014 3339 1084 quod
3372 1016 3416 1070 is
3435 1015 3674 1070 liberalis
3701 1016 3794 1082 sit,

2188 1108 2278 1176 qui
2310 1115 2363 1160 et
2388 1105 2527 1161 bene
2559 1105 2787 1171 meritis,
2817 1117 3010 1161 etcum
3063 1117 3302 1176 oportet,
3333 1114 3391 1162 et
3419 1116 3678 1178 quantum
3709 1122 3799 1162 sa-

2190 1197 2258 1250 tis
2283 1205 2398 1261 est,
2422 1196 2707 1267 largiatur;
2739 1196 2992 1268 prodigus
3016 1213 3166 1263 vero,
3195 1198 3286 1268 qui
3316 1207 3372 1253 et
3415 1213 3521 1252 non
3551 1199 3757 1253 meritis
3779 1241 3796 1267 ,

2189 1297 2243 1343 et
2271 1304 2391 1344 cum
2417 1304 2553 1360 opus
2577 1305 2683 1345 non
2711 1298 2814 1356 est,
2842 1297 2897 1345 et
2945 1290 3062 1345 sine
3099 1301 3353 1360 respectu
3393 1290 3472 1345 rei
3516 1290 3798 1345 familiaris

2190 1380 2452 1436 effundat.

2185 1539 2190 1552 .
2260 1498 2402 1567 Quid
2431 1499 2600 1570 ergo?
2632 1473 2997 1567 Prodigumne
3035 1496 3281 1552 dicemus
3322 1511 3470 1562 eum,
3503 1497 3595 1567 qui
3628 1497 3800 1554 mise-

2189 1588 2440 1644 ricordia:
2471 1604 2630 1644 causa
2666 1589 2865 1643 tribuat
2896 1588 3186 1658 egentibus
3201 1587 3438 1643 victum?
3468 1587 3634 1658 Atqui
3658 1587 3802 1642 mul-

2192 1692 2303 1736 tum
2354 1679 2520 1737 refert
2565 1690 2819 1736 utrumne
2866 1681 3064 1735 scortis
3115 1688 3337 1750 propter
3384 1679 3664 1734 libidinem
3696 1679 3803 1734 lar-

482 1774 666 1828 currui
705 1774 912 1829 similes
942 1782 1105 1842 sunt;
1142 1775 1193 1828 in
1240 1790 1345 1844 quo
1387 1785 1533 1829 recte
1579 1773 1908 1829 moderando
1938 1789 2083 1829 sum-
2113 1760 2161 1820 Β
2188 1775 2356 1846 giare,
2387 1790 2454 1828 an
2483 1773 2697 1829 miseris
2737 1784 2954 1844 propter
3001 1773 3398 1830 humanitatem
3432 1790 3446 1827 :
3491 1785 3675 1828 utrum
3706 1788 3805 1843 pe-

483 1880 635 1920 mum
667 1867 895 1920 rectoris
923 1866 1158 1920 officium
1189 1875 1290 1933 est,
1322 1867 1533 1920 utviam
1560 1872 1776 1921 noverit
1804 1886 1816 1920 :
1849 1883 2012 1937 quam
2041 1867 2086 1922 si

482 1957 712 2023 tenebit,
758 1958 1050 2028 quamlibet
1079 1959 1348 2013 concitate
1398 1959 1542 2023 ierit,
1583 1974 1690 2013 non
1720 1957 1975 2014 offendet.
2029 1959 2086 2016 Si

481 2059 661 2104 autem
692 2050 1044 2114 aberraverit,
1087 2050 1210 2105 licet
1240 2051 1446 2120 placide
1502 2066 1565 2105 ac
1609 2052 1801 2107 leniter
1840 2062 1950 2116 eat,
1997 2062 2088 2107 aut

481 2155 580 2212 per
607 2141 923 2214 confragosa
945 2143 1247 2207 vexabitur,
1277 2153 1368 2197 aut
1395 2159 1492 2212 per
1520 2145 1810 2215 praecipitia
1843 2145 2085 2213 labetur,

482 2245 571 2287 aut
600 2244 767 2297 certe,
800 2249 906 2304 quo
931 2248 1034 2288 non
1064 2244 1147 2288 est
1173 2249 1308 2304 opus
1335 2233 1660 2299 ,deferetur.
1679 2235 1768 2290 Sic
1783 2250 1973 2290 currus
1999 2237 2089 2292 ille

485 2325 633 2391 vita),
662 2326 750 2394 qui
778 2324 1077 2390 affectibus,
1101 2326 1246 2381 velut
1271 2327 1424 2396 cquis
1448 2328 1756 2396 pernicibus
1785 2329 2018 2395 ducitur,
2043 2329 2090 2384 si

486 2417 626 2469 viam
658 2426 861 2471 rectam
891 2425 1089 2480 teneat,
1124 2415 1376 2486 fungetur
1401 2416 1598 2472 officio.
1631 2419 1800 2475 Metus
1829 2419 2009 2490 igitur,
2037 2431 2092 2476 et

496 2511 787 2580 cupiditas,
818 2511 862 2564 si
910 2511 1258 2580 projicianlur
1286 2511 1336 2564 in
1367 2521 1564 2567 terram
1588 2555 1601 2576 ,
1635 2515 1758 2584 vitia
1793 2515 1947 2581 fient;
1993 2500 2092 2570 vir-

488 2610 632 2657 tutes
680 2612 884 2668 autem,
917 2603 960 2656 si
993 2601 1059 2656 ad
1089 2602 1269 2657 divina
1326 2603 1646 2660 referantur.
1694 2605 2088 2662 Pareimoniam

488 2701 677 2746 contra
699 2692 909 2746 virtutis
951 2693 1070 2747 loco
1099 2694 1294 2748 habent
1327 2714 1338 2748 :
1371 2712 1489 2765 qua:
1511 2698 1554 2750 si
1595 2697 1827 2752 studium
1861 2709 1942 2754 est
1997 2699 2092 2752 ha-

484 2788 666 2851 bendi,
699 2802 805 2842 non
836 2797 1012 2856 potest
1035 2805 1158 2844 esse
1186 2791 1387 2856 vit-tus;
1422 2791 1546 2861 quia
1584 2791 1638 2846 in
1678 2793 1937 2861 augendis
1958 2836 1970 2858 ,
2003 2794 2092 2849 vel

491 2879 704 2934 tuendis
753 2881 1096 2936 terrestribus
1137 2881 1294 2937 bonis
1323 2892 1431 2937 tota
1461 2891 1724 2941 versatur.
1755 2884 1863 2939 Nos
1913 2895 2091 2941 autem

491 2986 762 3029 summum
788 2975 987 3030 bonum
1016 2989 1121 3030 non
1150 2975 1432 3030 referimus
1455 2976 1518 3031 ad
1546 2992 1771 3048 corpus;
1818 2977 1912 3034 sed
1935 2993 2097 3036 omne

491 3067 729 3121 officium
762 3069 929 3122 solius
956 3070 1149 3123 anima:
1176 3071 1586 3125 conservatione
1638 3073 1907 3128 metimur.
1942 3073 2095 3142 Quod

2191 1867 2408 1922 cuniani
2445 1875 2590 1920 tuam
2619 1865 2991 1936 perductores.
3021 1865 3294 1921 aleatores
3319 1908 3334 1930 ,
3365 1866 3698 1936 lenonesque
3718 1866 3804 1922 di-

2190 1959 2424 2028 ripiant;
2462 1972 2530 2012 an
2581 1957 2731 2012 illam
2767 1957 2950 2027 pietati
2982 1972 3044 2012 ac
3091 1958 3199 2013 Deo
3243 1967 3469 2026 praestes
3499 1978 3512 2014 :
3547 1966 3804 2014 utrumne

2192 2050 2335 2104 illam
2365 2050 2539 2104 ventri
2572 2063 2634 2104 ac
2662 2049 2801 2119 gulae
2831 2049 3080 2120 ingeras.
3112 2065 3180 2104 an
3210 2050 3263 2103 in
3297 2049 3802 2119 thesauro-justitia:

2194 2160 2448 2216 reponas.
2494 2144 2566 2201 Ut
2615 2160 2744 2215 ergo
2789 2144 2976 2199 vitium
3023 2154 3144 2210 est,
3202 2143 3490 2200 effundere
3519 2145 3571 2198 in
3605 2145 3804 2200 malam

2193 2248 2402 2309 partem
2434 2256 2447 2292 :
2472 2238 2550 2292 sic
2574 2238 2628 2291 in
2661 2236 2883 2303 bonam,
2917 2236 3109 2290 virtus.
3136 2235 3192 2291 Si
3219 2237 3390 2290 virtus
3415 2244 3522 2303 est,
3548 2251 3656 2290 non
3679 2251 3804 2306 par-

2193 2346 2319 2387 cere
2348 2331 2566 2400 0pibus,
2593 2345 2714 2399 qua:
2743 2337 2972 2400 possunt
3007 2329 3271 2397 reparari,
3298 2336 3355 2383 ut
3381 2327 3620 2382 hominis
3641 2329 3804 2382 vitam

2193 2432 2487 2490 sustentes,
2505 2438 2626 2492 qua:
2649 2421 2889 2490 reparari
2915 2435 3021 2475 non
3047 2429 3262 2490 potest;
3284 2421 3471 2475 vitium
3498 2421 3660 2491 igitur
3681 2436 3807 2490 par-

2193 2514 2425 2570 cimonia
2443 2523 2544 2568 est.
2564 2511 2744 2581 Quare
2765 2511 2898 2566 nihil
2916 2511 3060 2566 aliud
3084 2510 3343 2578 dixerim,
3368 2527 3531 2582 quam
3557 2513 3803 2579 insanos,

2193 2609 2282 2679 qui
2315 2607 2614 2671 hominem,
2637 2605 2770 2660 mite
2802 2619 2865 2660 ac
2894 2605 3096 2660 sociale
3116 2605 3339 2672 animal,
3369 2605 3566 2661 orbant
3595 2621 3695 2662 suo
3712 2621 3809 2660 no-

2195 2699 2378 2763 mine;
2420 2699 2511 2766 qui
2541 2697 2744 2753 evulsis
2771 2694 3052 2751 all‘ectibus
3077 2736 3092 2760 ,
3141 2695 3339 2765 quibus
3367 2697 3545 2750 omnis
3591 2705 3810 2751 constat

2195 2793 2536 2857 humanitas,
2569 2789 2637 2844 ad
2677 2788 3012 2843 immobilem
3055 2797 3335 2857 stuporem
3378 2788 3575 2842 mentis
3605 2787 3806 2857 perdu-

2195 2900 2322 2941 cere
2354 2883 2584 2948 volunt;
2621 2881 2748 2936 dum
2801 2881 3018 2935 student
3047 2881 3284 2934 animum
3317 2880 3808 2951 perturbationibus

2195 2976 2448 3040 liberare,
2478 2983 2533 3029 et
2561 2973 2641 3046 (ut
2682 2973 2783 3042 ipsi
2817 2971 3023 3041 dicunt)
3070 2971 3310 3042 quietum
3343 2971 3800 3042 tranquillumque

2200 3069 2450 3124 reddere.
2481 3066 2637 3135 Quod
2669 3067 2785 3121 fleti
2813 3082 2921 3120 non
2950 3075 3154 3120 tantum
3187 3081 3290 3119 non
3321 3074 3518 3133 potest,
3555 3065 3678 3134 quia
3708 3067 3793 3120 vis

491 3157 534 3209 si
569 3156 664 3222 (ut
693 3171 852 3225 supra
882 3158 1077 3229 docui)
1125 3161 1447 3228 patrimonio
1497 3160 1718 3216 minime
1767 3138 2092 3233 parcendum
2124 3138 2170 3200 C
2204 3171 2257 3217 et
2283 3160 2420 3216 ratio
2463 3161 2580 3228 ejus
2619 3159 2673 3214 in
2704 3168 2852 3213 motu
2900 3167 3018 3223 est;
3053 3157 3149 3214 sed
3191 3173 3259 3212 ne
3303 3166 3516 3229 oportet
3562 3157 3803 3225 quidem.

499 3257 603 3310 est,
627 3257 680 3300 ut
707 3247 1113 3316 humanitatem,
1139 3251 1509 3321 ju5titiamque
1537 3261 1844 3317 teneamus;
1875 3269 1981 3308 non
2013 3265 2095 3310 est

497 3339 668 3395 virtus
699 3340 836 3410 frugi
866 3356 986 3396 esse
1016 3357 1028 3394 :
1067 3343 1210 3412 quod
1243 3358 1437 3397 nomen
1468 3344 1682 3398 virtutis
1735 3347 1913 3415 specie
1961 3345 2097 3402 fallit

497 3447 560 3489 ac
588 3434 808 3504 decipit.
859 3434 954 3488 Est
1002 3436 1146 3488 enim
1189 3437 1480 3505 frugalitas,
1533 3437 1849 3494 abstinentia
1880 3440 2094 3510 quidem

493 3525 826 3597 voluptatum
867 3544 879 3580 :
910 3525 1003 3581 sed
1027 3541 1092 3581 eo
1121 3526 1328 3594 vitium,
1361 3528 1484 3599 quia
1531 3544 1595 3584 ex
1631 3529 1859 3586 habendi
1909 3547 2096 3587 amore

2203 3253 2337 3318 Quia
2365 3256 2507 3307 sicut
2527 3265 2665 3321 aqua
2697 3264 2913 3319 semper
2933 3249 3123 3319 jacens
3153 3259 3206 3304 et
3233 3249 3413 3318 quieta
3443 3247 3732 3302 insalubris
3754 3255 3810 3302 et

2205 3345 2372 3415 magis
2410 3343 2621 3399 turbida
2662 3352 2746 3398 est
2779 3361 2792 3397 :
2840 3343 2918 3396 sic
2964 3342 3180 3397 animus
3213 3341 3470 3395 immotus
3497 3357 3558 3394 ac
3588 3349 3808 3408 torpens

2205 3437 2410 3493 inutilis
2433 3445 2515 3492 est
2535 3437 2696 3491 etiam
2719 3435 2819 3490 sibi
2850 3451 2865 3498 ;
2901 3449 3001 3490 nec
3026 3435 3192 3488 vitam
3215 3435 3383 3504 ipsam
3415 3435 3553 3488 tueri
3578 3433 3795 3503 poterit,

2204 3531 2330 3602 quia
2363 3543 2464 3585 nec
2493 3528 2653 3584 faciet
2681 3526 2998 3598 quidquam,
3033 3541 3136 3582 nec
3162 3525 3417 3597 cogitabit
3446 3543 3461 3579 :
3495 3540 3619 3582 cum
3655 3527 3806 3598 cogi-

1865 3638 2220 3725 vsnionuu
2259 3663 2488 3722 nom.

575 3804 892 3857 Potentatns.
925 3802 1119 3856 Rarius
1144 3802 1406 3867 verbum;
1432 3816 1529 3856 nec
1559 3812 1736 3857 tamen
1770 3803 1890 3858 ideo
1919 3803 2098 3858 minus

502 3874 770 3927 Latinum.
794 3872 975 3926 Caesar
997 3873 1128 3926 Bell.
1161 3872 1377 3937 Gallic.,
1405 3873 1495 3926 lib.
1525 3888 1564 3936 ι,
1596 3888 1715 3940 cap.
1745 3874 1807 3927 5|
1841 3891 1853 3925 :
1890 3873 1960 3926 lli
1981 3891 2100 3927 cum

501 3953 766 4011 tantopere
787 3943 849 3994 de
875 3952 1134 4009 potentatu
1157 3943 1288 3994 inter
1314 3960 1368 3996 se
1410 3944 1597 3995 multos
1626 3960 1787 3996 annos
1828 3946 2100 3998 contende-

503 4025 635 4067 rent.
653 4015 713 4066 Et
732 4013 934 4077 Livius,
963 4013 1000 4065 l.
1018 4027 1090 4073 vr,
1107 4029 1154 4065 c.
1175 4013 1274 4067 38:
1297 4011 1515 4066 xEmulo
1535 4023 1823 4080 potentatus
1844 4015 2096 4068 inimicus.

581 4084 776 4137 Parant
791 4093 867 4137 est
887 4085 1031 4154 velle.
1060 4083 1346 4154 Eleganter
1364 4084 1614 4152 exprimit
1644 4084 1728 4137 illa
1757 4083 1932 4140 Ovidii
1961 4087 1996 4137 l.
2022 4101 2100 4149 ιιι,

507 4155 576 4211 de
603 4155 774 4210 Ponto
807 4171 842 4222 t,
882 4153 952 4208 55
985 4172 997 4206 :

633 4267 778 4318 Velle
803 4281 972 4332 parum
999 4275 1097 4330 est;
1123 4270 1310 4331 cupias,
1350 4275 1399 4318 ut
1423 4282 1476 4319 re
1494 4266 1712 4332 potiaris,
1739 4275 1945 4331 oportet.

510 4385 664 4440 Adde
715 4394 831 4440 not.
873 4383 938 4438 ad
987 4384 1132 4438 Lact.
1169 4401 1243 4450 Vl,
1289 4399 1338 4439 c.
1388 4384 1501 4438 15:
1543 4383 1880 4453 prazstabilius
1922 4384 2106 4438 bonum

515 4471 714 4523 cupere
734 4498 747 4518 ,
780 4473 931 4523 quant
962 4455 1118 4509 velle.
1151 4455 1282 4509 BDN.

586 4526 871 4588 Quamlibet
895 4528 1143 4579 concitate
1177 4528 1310 4580 ierit.
1346 4528 1370 4580 1
1407 4525 1536 4597 Reg.
1567 4535 1697 4592 γει,
1729 4527 1751 4580 1
1785 4525 1935 4581 Colb.
1995 4534 2049 4581 et.
2074 4527 2104 4579 7

511 4597 633 4650 edd.
670 4598 782 4649 licet
805 4613 954 4665 quant
980 4599 1228 4650 concitate
1249 4598 1382 4651 ierit.

590 4665 694 4739 Per
721 4669 1046 4739 confragosa.
1077 4667 1250 4738 Supra
1277 4684 1395 4738 cap.
1423 4669 1454 4721 7
1485 4679 1539 4723 et
1565 4668 1618 4734 '5,
1652 4668 1781 4720 viam
1825 4671 2106 4739 confrago-

513 4753 641 4792 sam.
679 4737 733 4790 Id
755 4743 865 4802 'est,
880 4737 1132 4803 asperam.

590 4808 679 4863 Sic
699 4825 878 4861 currus
903 4810 990 4861 ille
1033 4809 1165 4862 vitta.
1197 4808 1270 4862 lta
1315 4808 1566 4863 meliores
1605 4822 1732 4861 mss.
1771 4806 1906 4862 Vide
1949 4823 2110 4876 supra

514 4879 725 4942 currui;
757 4888 810 4933 et
838 4878 944 4936 hic.
981 4880 1122 4947 equis
1149 4880 1436 4948 pernicibus
1467 4880 1688 4932 ducitur.
1710 4879 1837 4942 Alii,
1872 4895 2071 4933 cursus.

587 4951 788 5003 Animae
817 4951 1209 5003 conservatione.
1260 4948 1383 5002 Mss.
1432 4950 1464 5004 2
1491 4949 1640 5005 Colb.
1671 4958 1724 5004 et
1771 4950 1900 5004 edit.
1950 4950 2106 5005 Rom.

519 5022 660 5076 1740
679 5063 691 5082 ,
723 5021 1124 5075 conversatione.

593 5093 685 5146 Est
709 5093 841 5144 enim
863 5091 1155 5160 frugalitas,
1177 5099 1281 5144 etc.
1315 5089 1565 5167 Stm_t_qui
1586 5095 1912 5167 σωφροσύνην
1940 5107 2118 5162 grtcce

519 5163 718 5217 dictam
769 5171 1168 5231 putant:quam
1200 5170 1374 5216 tamen
1406 5160 1598 5216 ClCt‘l‘O
1648 5160 1756 5216 tit'm
1806 5160 2113 5231 temperan-

518 5236 670 5299 tiam,
703 5244 810 5288 tutn
863 5234 1281 5288 moderationem
1333 5232 1472 5286 solet
1525 5234 1825 5302 appellare,
1871 5249 2116 5288 nonnun-

519 5320 678 5372 quam
708 5307 865 5359 ctiam
908 5305 1244 5358 modestiam.
1285 5303 1440 5357 Certe
1468 5302 1783 5369 frugalitatis
1813 5305 1950 5372 apud
1982 5304 2117 5358 Lac-

519 5376 751 5446 tantiumr
772 5376 1014 5430 definitio
1055 5375 1300 5442 congruit
1348 5389 1468 5428 cum
1501 5390 1600 5441 ea,
1651 5391 1752 5446 qua
1802 5376 1975 5431 δι’ωεί
2027 5381 2116 5434 τήν

517 5445 840 5518 σωφροσύνην
860 5447 1136 5518 definiunt.
1168 5447 1371 5500 BETUL.

597 5515 956 5588 giraztimentis.
988 5515 1076 5570 Sic
1106 5519 1310 5570 restitui
1334 5515 1625 5588 exieditis
1651 5526 1705 5571 et
1735 5533 1863 5573 mss.
1895 5519 1928 5573 8
1957 5517 2114 5588 Reg.,

522 5585 557 5638 5
583 5584 818 5640 Colliert.
852 5586 1079 5651 aliisque
1109 5587 1542 5655 plurimis.Quod
1571 5589 1790 5642 verbum
1823 5600 1901 5644 est
1928 5584 2118 5644 Plauto

520 5659 777 5733 usitatum
800 5657 860 5733 in
891 5656 1140 5733 Prologo_
1168 5659 1436 5733 A_niphitr.
1462 5673 1516 5733 v,
1562 5658 1655 5733 29.
1716 5659 1912 5733 Scripti
1939 5661 1970 5716 7
2003 5675 2112 5718 rec.

519 5745 642 5786 cum
675 5727 917 5800 pluribus
943 5727 1100 5784 editis
1125 5725 1327 5785 habent
1351 5731 1682 5799 pertimentis.

2273 3799 2491 3853 Rursus.
2509 3795 2635 3852 Mss.
2656 3796 2691 3850 2
2707 3796 2840 3862 Reg.
2859 3811 2969 3851 rec.
2990 3796 3158 3852 Brun.
3179 3807 3232 3854 et
3249 3797 3336 3854 ed.
3360 3796 3559 3859 Betul.,
3577 3811 3805 3862 prorsus.

2268 3870 2380 3937 Qui
2426 3878 2473 3922 et
2521 3871 2642 3922 bene
2680 3867 2891 3921 meritis.
2927 3868 3015 3922 Sic
3045 3869 3168 3938 lego
3197 3885 3318 3923 cum
3347 3883 3478 3922 mss.
3529 3867 3595 3922 10
3641 3865 3807 3938 Reg.,

2203 3943 2238 3996 Ξ
2266 3942 2499 4002 Bonon.,
2530 3937 2830 4008 57(10lbert.
2863 3939 3094 4008 aliisque
3108 3937 3382 4008 pluribus.
3413 3947 3608 3992 etcum
3636 3937 3667 3991 7
3694 3939 3812 3991 edi-

2207 4015 2292 4066 tis.
2326 4011 2520 4077 Seripti
2547 4007 2737 4072 Cauc.,
2765 4008 2924 4075 Pett.,
2954 4007 3107 4072 Jun.,
3127 4007 3310 4078 ’Lips.,
3341 4009 3482 4071 Pal.,
3525 4010 3541 4062 l
3571 4009 3728 4061 Colb.
3755 4021 3810 4064 et

2207 4082 2464 4150 8vulgati
2520 4083 2868 4150 interponunt
2925 4082 3095 4135 cibum
3143 4096 3309 4151 :qttaa
3363 4094 3466 4134 vox
3522 4079 3702 4134 addita
3729 4081 3807 4133 vi-

2213 4153 2393 4207 detur.

2289 4222 2644 4276 Perductores.
2676 4222 2749 4276 Ita
2780 4221 2990 4275 restitui
3018 4238 3082 4276 ex
3105 4236 3231 4274 mss.
3269 4220 3336 4275 10
3362 4221 3493 4291 Reg.
3516 4263 3531 4284 ,
3564 4221 3597 4275 3
3627 4219 3804 4285 Colb.,

2211 4294 2247 4347 2
2271 4293 2530 4355 Clarom.,
2548 4293 2709 4346 llrun.
2742 4301 2794 4345 et
2821 4293 2880 4346 11
2907 4293 3084 4347 editis.
3109 4291 3166 4345 Ιιι
3196 4291 3232 4344 ξ).
3257 4291 3408 4345 Colb.
3437 4303 3490 4346 et
3516 4294 3565 4345 in
3590 4291 3812 4361 quibus-

2214 4366 2334 4418 dam
2378 4363 2590 4418 excusis
2621 4371 2704 4416 est
2758 4363 3106 4431 productores.
3150 4363 3264 4417 Vox
3300 4363 3623 4429 perductores
3665 4372 3812 4416 extat

2136 4421 2190 4480 D
2215 4435 2353 4505 apud
2371 4435 2686 4489 Ciceronem
2710 4421 2768 4486 ιιι
2795 4433 2847 4487 iti
2874 4433 3097 4488 Verrem
3126 4434 3191 4487 de
3219 4421 3385 4505 Prtet.
3407 4432 3526 4486 urb.
3554 4448 3671 4505 cap.
3702 4433 3769 4486 l2
3794 4451 3808 4487 :

2212 4503 2494 4569 Lenonum,
2523 4507 2843 4568 aleatorum,
2891 4505 3246 4574 perductorum
3276 4503 3418 4555 nulla
3468 4504 3653 4556 mentio
3691 4508 3804 4568 ﬁat.

2209 4575 2311 4632 Ubi
2345 4576 2610 4631 Asconius
2626 4573 2897 4628 Pedianus
2923 4593 2933 4627 :
2965 4573 3194 4627 Lenones
3215 4584 3331 4626 sunt
3353 4583 3670 4636 scortorum;
3692 4592 3812 4643 per-

2211 4648 2441 4700 ductores
2468 4651 2620 4700 etiam
2648 4647 2922 4698 invitorum
2955 4661 3305 4714 personarum,
3329 4645 3448 4697 etin
3482 4645 3663 4713 quibus
3703 4655 3815 4696 stu-

2210 4735 2307 4788 pra
2333 4719 2552 4788 esercita
2575 4716 2769 4786 legibus
2791 4716 3136 4788 vindicantur.
3161 4715 3550 4788 Tertullianus,
3578 4715 3810 4788 _A_polog.

2211 4783 2330 4859 cap.
2355 4787 2426 4842 43
2454 4806 2465 4840 :
2500 4783 2750 4851 Lenones,
2791 4787 3136 4856 perductores,
3169 4787 3443 4856 aquarioli.
3470 4785 3553 4838 Ea:
3578 4783 3811 4840 Wsuzn.

2285 4880 2365 4934 Ad
2403 4881 2708 4934 immobilem
2754 4888 3032 4948 stuporem.
3077 4879 3214 4934 Ven.
3265 4877 3424 4941 M7l,
3456 4877 3698 4948 etRost.
3745 4880 3816 4931 ad

2215 4953 2447 5006 mobilem
2477 4964 2762 5021 stuporem,
2805 4947 3106 5021 perperam.
3141 4949 3260 5003 Vill.
3286 4949 3452 5021 infra.
3492 4947 3692 5021 Stupor
3715 4949 3818 5021 ini-

2215 5023 2413 5076 mobilis
2440 5039 2457 5077 :
2476 5018 2739 5082 est'idem,
2762 5023 2849 5090 qui
2869 5021 2938 5074 de
2967 5020 3044 5074 Ira
3062 5035 3139 5086 ,c.
3165 5021 3249 5084 l7,
3271 5018 3466 5087 Stupor
3483 5018 3814 5090 insensibilis,

2218 5096 2305 5149 ubi
2345 5096 2499 5162 paulo
2539 5103 2664 5147 ante
2703 5089 2835 5147 dixit
2882 5110 2896 5144 :
2938 5090 3101 5144 Deum
3143 5091 3338 5160 faciunt
3387 5089 3730 5156 immobilem,
3762 5093 3815 5144 id

2216 5174 2318 5224 est.
2353 5163 2737 5220 insensibilem.
2770 5163 2903 5217 BUN.

2289 5236 2526 5288 Animum
2565 5232 3022 5300 perturbationibus
3051 5232 3282 5286 liberare.
3329 5232 3403 5286 lta
3433 5245 3564 5285 mss.
3595 5246 3816 5288 omnes.

2218 5306 2274 5361 In
2304 5307 2509 5361 cunctis
2536 5305 2648 5360 fere
2677 5306 2834 5360 editis
2862 5305 3071 5373 legitur,
3099 5320 3130 5356 a
3155 5302 3636 5373 perturbationibus.

2290 5375 2437 5431 Sicut
2467 5393 2602 5447 aqua
2632 5418 2645 5439 ,
2701 5386 2805 5430 etc.
2864 5372 3251 5447 Similitudines
3299 5372 3428 5428 satis
3480 5374 3820 5447 probabiles.

2220 5447 2358 5502 Plin.
2393 5449 2487 5502 lib.
2513 5445 2668 5507 ’χχχι
2699 5462 2817 5515 cap.
2843 5447 2896 5500 5.
2925 5445 3193 5508 Quaeritur
3221 5445 3363 5500 inter
3391 5445 3632 5498 medicos
3657 5485 3673 5508 ,
3720 5460 3825 5500 cu-

2215 5518 2302 5588 jtts
2328 5519 2542 5589 generis
2567 5533 2720 5583 aqua:
2751 5519 2859 5570 sint
2885 5516 3200 5589 utilissimae.
3232 5516 3556 5589 Staguaptes
3605 5517 3825 5584 pigras-

2219 5584 2546 5659 que'merito
2571 5589 2830 5643 damnant
2853 5629 2882 5659 ,ί
2903 5587 3144 5642 utiliores
3170 5600 3290 5658 quze
3327 5584 3598 5657 profluunt
3632 5589 3831 5642 existi-

2220 5658 2449 5716 mantes.
2485 5662 2551 5714 Et
2579 5659 2750 5714 Varro
2767 5660 2834 5714 de
2861 5658 2937 5729 Re
2959 5659 3159 5714 rustica
3186 5673 3378 5729 aquam
3402 5660 3575 5713 vivam
3603 5661 3834 5715 caneris

2220 5731 2462 5802 praefert,
2489 5731 2586 5790 lib.
2619 5747 2658 5801 I,
2687 5744 2806 5800 cap.
2838 5730 2859 5786 l
2893 5728 3097 5785 Βετυι..
