4142 6200
422 212 527 275 697

1597 218 1805 277 LIBER
1841 218 1933 276 VI.
1973 218 2066 275 DE
2104 218 2295 277 VERO
2332 218 2580 277 CULTU.

3618 212 3722 272 698

422 335 554 392 tatio
582 334 699 404 ipsa
728 333 860 391 nihil
879 334 1024 392 aliud
1051 336 1142 405 sit,
1171 349 1328 409 quam
1358 337 1554 394 mentis
1578 336 1818 408 agitatio.
1851 335 2015 392 Deni—
2039 339 2094 400 Α
2118 334 2370 402 efficitur,
2402 345 2459 390 ut
2488 349 2664 407 neque
2687 335 2935 403 virtutes,
2956 343 3134 406 neque
3156 332 3412 389 virtutum
3441 330 3722 389 exactissi-

420 444 529 502 que
551 431 644 502 qui
669 429 810 486 hanc
834 429 1268 488 immobilitatem
1295 430 1460 487 animi
1487 438 1773 499 asserunt,
1802 430 2017 502 privare

421 521 656 577 animum
699 521 807 576 vita
852 521 1082 577 volunt:
1129 524 1250 594 quia
1288 523 1396 578 vita
1445 530 1663 578 actuosa
1702 532 1815 586 est,
1868 535 2016 577 mors

421 614 620 684 quieta.
650 611 909 681 Quaedam
932 614 1094 669 etiam
1136 622 1283 671 recte
1321 629 1422 686 pro
1448 614 1742 671 virtutibus
1772 613 2010 670 habent:

423 703 521 760 sed
552 719 737 760 earum
764 704 985 760 modum
1013 720 1120 761 non
1149 714 1352 762 tenent.

492 797 679 854 Virtus
704 806 790 855 est
808 799 1148 857 constantia:
1178 814 1284 856 non
1310 808 1367 855 ut
1389 799 1745 857 inferentibus
1766 800 2014 871 iniuriam

420 892 737 947 resistamus
760 932 776 958 ,
823 892 906 948 his
938 893 1082 948 enim
1117 894 1417 950 cedendum
1446 902 1565 959 est;
1599 894 1741 966 quod
1780 910 1877 951 cur
1900 894 2015 951 fieri

346 1044 357 1055 ,
419 984 655 1051 debeat,
708 1001 835 1041 mox
894 985 1101 1042 docebo
1147 986 1294 1042 :sed
1344 995 1402 1042 ut
1451 987 1765 1058 iubentibus
1840 988 2017 1043 facere

422 1092 526 1134 nos
574 1086 765 1133 contra
813 1077 909 1133 Dei
964 1079 1135 1149 legem
1190 1088 1485 1148 contraque
1522 1080 1820 1150 justitiam,
1854 1079 2016 1134 nullis

416 1172 623 1238 minis,
677 1180 771 1227 aut
819 1172 1099 1244 suppliciis
1158 1181 1460 1229 terreamur
1492 1216 1508 1241 ,
1577 1173 1865 1244 quominus
1921 1173 2016 1230 Dei

412 1262 712 1334 iussionem
757 1262 992 1318 hominis
1027 1264 1256 1334 iussioni
1306 1263 1676 1335 prmferamus.
1740 1262 1873 1319 Item
1906 1264 2016 1319 vir-

418 1365 509 1412 tus
534 1364 618 1412 est
651 1398 666 1423 ,
718 1366 949 1412 mortem
997 1368 1345 1413 contemnere
1372 1374 1386 1411 :
1418 1353 1523 1412 non
1555 1364 1614 1411 ut
1662 1364 2008 1426 appetatnus,

417 1463 645 1519 eamque
675 1449 815 1504 ultro
841 1448 997 1504 nobis
1022 1448 1339 1516 inferamus,
1387 1450 1527 1505 sicut
1565 1447 2013 1520 philosophorum

422 1539 639 1611 plurimi
670 1548 726 1595 et
755 1540 975 1595 maximi
1004 1528 1148 1611 saepe
1187 1541 1460 1607 fecerunt;
1499 1541 1644 1611 quod
1673 1549 1759 1597 est
1784 1541 2017 1597 scelera-

415 1642 527 1688 tum
555 1648 618 1689 ac
640 1632 905 1689 nefarium
943 1652 955 1687 :
986 1634 1079 1691 sed
1111 1644 1170 1690 ut
1194 1635 1368 1690 coacti
1402 1634 1572 1691 Deum
1596 1634 1923 1706 relinquere,
1947 1649 2011 1691 ac

2118 444 2239 485 mos
2267 429 2464 485 limites
2500 444 2663 487 nosse
2693 418 2787 485 aut
2837 437 3021 485 tenere
3065 427 3234 499 possit
3262 426 3485 482 omnino
3508 467 3524 493 ,
3574 425 3722 497 quis-

2117 521 2239 593 quis
2266 529 2350 578 est
2386 536 2418 577 a
2448 521 2728 593 Religione
2761 521 2854 576 Dei
2883 520 3176 592 singularis
3202 518 3434 575 alienus.

2684 636 2914 694 CAPUT
2947 635 3136 692 XVIII.

2316 750 2395 806 De
2420 750 2721 822 quibusdam
2750 748 2847 805 Dei
2890 749 3148 805 mandatis
3184 757 3233 804 et
3275 749 3541 819 patientia.

2191 866 2296 924 Sed
2323 867 2637 922 omittamus
2675 866 3049 937 philosophos,
3082 865 3175 936 qui
3215 874 3308 921 aut
3339 867 3561 922 omnino
3588 866 3723 925 nihil

2116 962 2312 1027 sciunt,
2352 961 2509 1032 idque
2541 962 2712 1033 ipsum
2743 976 2841 1032 pro
2869 975 3078 1017 summa
3109 960 3332 1016 scientia
3385 961 3675 1030 praeferunt
3702 978 3718 1029 ;

2116 1065 2210 1111 aut
2233 1056 2325 1126 qui
2363 1070 2468 1110 non
2500 1055 2834 1125 perspiciunt
2885 1055 3047 1111 etiam
3091 1069 3214 1125 quae
3244 1055 3454 1120 sciunt;
3484 1065 3578 1110 aut
3605 1056 3719 1126 qui,

2116 1151 2368 1220 quoniam
2421 1164 2482 1205 se
2514 1158 2699 1219 putant
2738 1150 2881 1205 scire
2912 1166 3034 1219 qua?
3063 1151 3330 1215 nesciunt,
3361 1151 3543 1222 inepte
3571 1166 3725 1208 arro-

2116 1249 2410 1311 ganterque
2451 1240 2741 1309 desipiunt.
2771 1240 2880 1295 an
2908 1256 3038 1312 ergo
3069 1240 3151 1313 (ut
3178 1241 3244 1296 ad
3275 1242 3608 1313 prepositum
3636 1258 3724 1299 re-

2116 1333 2417 1403 vertamur)
2442 1333 2636 1403 quibus
2662 1331 2795 1387 solis
2822 1347 2851 1386 a
2882 1332 2993 1387 Deo
3014 1333 3213 1389 veritas
3238 1335 3470 1389 revelata
3492 1375 3508 1397 .
3533 1343 3588 1390 et
3612 1351 3722 1392 cte-

2117 1426 2248 1481 litus
2274 1428 2439 1481 missa
2466 1426 2728 1495 sapientia
2757 1434 2861 1489 est,
2890 1425 3151 1480 faciamus
3177 1442 3297 1496 quae
3324 1427 3478 1497 iubet
3522 1427 3722 1483 illumi-

2117 1524 2275 1571 nator
2301 1528 2486 1573 neSIer
2519 1517 2660 1572 Deus
2685 1536 2699 1571 :
2730 1517 3096 1572 sustineamus
3127 1517 3390 1585 invicem,
3420 1526 3475 1573 et
3501 1517 3714 1576 labores

2116 1607 2276 1679 huius
2296 1610 2422 1664 vita:
2446 1610 2649 1665 mutuis
2667 1609 2995 1681 adiumentis
3014 1609 3375 1680 perferamus:
3399 1628 3500 1668 nec
3519 1623 3720 1684 tamen,

416 1724 576 1782 ﬁdem
608 1726 876 1796 prodere,
909 1735 1140 1783 mortem
1168 1728 1445 1798 suscipere
1481 1703 1769 1794 malimus,
1794 1728 2012 1783 liberta-

2117 1705 2161 1760 si
2188 1704 2315 1776 quid
2354 1703 2482 1760 boni
2519 1706 2700 1775 operis
2731 1704 3048 1770 fecerimus,
3094 1705 3316 1775 gloriam
3348 1716 3625 1777 captemus
3654 1721 3723 1764 ex

412 1827 633 1891 temque
677 1819 1030 1876 defendamus
1058 1821 1318 1877 adversus
1367 1821 1744 1891 impotentium
1789 1820 2009 1876 stultam

412 1911 807 1982 vecordemque
832 1912 1169 1980 violentiam,
1196 1921 1250 1968 et
1286 1928 1477 1968 omnes
1518 1912 1701 1968 surculi
1732 1911 1903 1967 minas
1926 1922 2010 1967 at-

413 2019 518 2076 que
549 2013 785 2060 terrores
812 2004 1131 2061 fortitudine
1156 2006 1322 2060 animi
1357 2019 1728 2075 provocemus.
1765 2005 1856 2061 Sic
1905 2020 1968 2060 ea
1993 2047 2009 2073 ,

411 2110 532 2166 quia
558 2096 652 2152 alii
681 2097 893 2166 timent,
925 2098 1146 2154 excelsa
1174 2106 1229 2154 et
1271 2098 1623 2169 insuperabili
1650 2108 1830 2154 mente
1859 2098 2013 2153 dolo-

410 2204 526 2245 rem
557 2199 899 2263 mortemque
928 2191 1217 2247 calcamus.
1252 2191 1381 2248 Haec
1408 2201 1493 2247 est
1517 2192 1708 2257 virtus,
1738 2191 1855 2247 huic
1885 2206 2010 2248 vera

411 2282 753 2349 constantia,
800 2282 853 2337 in
898 2282 1002 2338 hoc
1041 2282 1237 2338 tuenda
1280 2291 1337 2338 et
1372 2282 1742 2339 conservanda
1788 2283 1926 2350 solo,
1956 2291 2014 2339 ut

410 2373 592 2428 nullus
619 2388 720 2429 nos
750 2381 926 2429 terror
953 2413 967 2438 ,
1019 2375 1168 2429 nulla
1195 2374 1277 2429 vis
1318 2390 1351 2430 a
1383 2374 1492 2430 Deo
1540 2375 1710 2445 possit
1743 2384 2007 2431 avertere.

410 2463 552 2521 Vera
582 2466 742 2536 igitur
761 2464 1044 2523 Ciceronis
1072 2468 1162 2522 illa
1196 2468 1459 2523 sententia
1488 2476 1605 2524 est:
1644 2486 1664 2520 ι
1698 2467 1889 2534 Nemo,
1924 2484 2008 2525 tn-

413 2557 534 2629 qnit
557 2599 574 2625 ,
597 2557 776 2627 iustus
807 2566 986 2629 potest
1013 2574 1169 2627 esse,
1203 2559 1296 2630 qui
1323 2568 1576 2627 mortem,
1608 2560 1697 2631 qui
1725 2560 1968 2616 dolorem
1993 2604 2007 2629 ,

409 2649 503 2721 qui
531 2650 752 2706 exilium
776 2691 794 2719 ,
823 2649 917 2721 qui
941 2659 1237 2721 egestatem
1269 2651 1439 2707 timet.
1473 2670 1491 2704 ι
1536 2651 1666 2708 item
1700 2651 1923 2709 Senecae
1957 2653 2009 2708 in

409 2726 567 2798 libris
594 2736 815 2798 moralis
830 2742 1195 2815 Philosophiae
1214 2743 1440 2799 dicentis
1460 2761 1472 2797 :
1504 2762 1522 2796 ι
1535 2744 1631 2799 llic
1645 2754 1730 2800 est
1745 2745 1831 2801 ille
1850 2746 2011 2801 homo

410 2834 692 2901 honestus,
724 2851 831 2891 non
873 2836 1058 2906 apice,
1088 2852 1410 2908 purpurave,
1443 2851 1552 2893 non
1597 2838 1845 2893 lictorum
1878 2837 2011 2893 iusi-

408 2928 531 2997 gnis
554 2927 857 2983 ministerio
881 2969 898 2995 ,
929 2928 1024 2984 sed
1054 2929 1196 2984 nulla
1243 2944 1301 2985 re
1332 2930 1509 2984 minor
1532 2970 1546 2994 ,
1598 2930 1687 3001 qui
1716 2944 1838 2985 cum
1868 2944 2014 2986 mor-

410 3029 519 3075 tem
549 3018 603 3073 iu
635 3019 826 3075 vicinia
857 3018 1041 3087 videt,
1077 3034 1182 3075 non
1212 3021 1291 3076 sic
1343 3022 1722 3092 perturbatur,
1757 3032 2008 3093 tanquam

408 3129 524 3170 rem
553 3128 748 3170 novam
780 3115 977 3172 viderit
1005 3132 1020 3182 ;
1054 3117 1166 3187 qui,
1198 3118 1314 3172 sive
1344 3126 1456 3172 toto
1479 3132 1708 3188 corpore
1733 3126 2004 3173 tormenta

408 3206 660 3276 patienda
710 3214 875 3272 sunt,
908 3209 1022 3263 sive
1069 3207 1281 3263 flamma
1313 3223 1410 3265 ore
1455 3210 1707 3279 rapienda
1746 3220 1860 3276 cst,
1892 3210 2009 3264 sive

410 3299 764 3355 extendendae
794 3315 890 3371 per
920 3302 1217 3370 patibulum
1254 3317 1443 3357 manus
1464 3343 1480 3368 ,
1532 3318 1637 3357 non
1668 3304 1857 3373 quaerit
1882 3302 2011 3373 quid

410 3391 663 3461 patiatur,
707 3392 804 3448 sed
840 3408 1000 3464 quam
1032 3394 1188 3449 bene.
1223 3413 1241 3446 ι
1276 3393 1377 3461 Qui
1407 3404 1588 3450 autem
1639 3396 1806 3450 Deum
1838 3396 2008 3461 colit,

410 3482 530 3538 haec
561 3484 798 3555 patitur,
849 3500 951 3542 nec
983 3486 1154 3542 timet.
1190 3485 1330 3559 Ergo
1356 3487 1534 3557 iustus
1574 3500 1679 3544 est.
1714 3488 1809 3543 liis
1849 3488 2014 3544 rebus

2118 1812 2205 1853 eo.
2234 1796 2415 1852 Monet
2442 1799 2586 1853 enim
2616 1796 2777 1863 Deus,
2807 1806 3147 1866 operatorem
3166 1797 3392 1864 iustitia:
3422 1812 3527 1852 non
3554 1813 3722 1868 Opor-

2118 1900 2234 1946 tere
2258 1904 2378 1945 esse
2397 1888 2689 1958 iactantem
2712 1904 2727 1953 ;
2753 1902 2821 1942 ne
2848 1903 2953 1941 non
2983 1898 3089 1942 tam
3119 1887 3385 1943 mandatis
3410 1887 3720 1945 cmlestihus

2114 1981 2485 2052 obsequendi,
2516 1996 2677 2051 quam
2714 1980 2893 2035 studio
2922 1979 3191 2051 placendi,
3225 1980 3570 2035 humanitatis
3593 1980 3719 2037 offi-

2114 2075 2200 2131 cio
2243 2074 2459 2128 functus
2490 2088 2612 2128 esse
2663 2072 2946 2137 videatur;
2985 2071 3291 2142 habeatque
3328 2072 3439 2142 iam
3488 2073 3718 2144 pretium

2115 2168 2321 2239 glorias,
2349 2165 2491 2235 quod
2536 2166 2810 2235 captavit;
2858 2179 2958 2219 nec
2994 2164 3279 2235 praemium
3309 2166 3549 2220 cmlestis
3576 2166 3717 2222 illius

2114 2273 2179 2314 ac
2204 2258 2402 2312 divinae
2428 2256 2696 2312 mercedis
2726 2256 2974 2326 accipiat.
3005 2256 3244 2324 Caetera,
3276 2272 3397 2327 quae
3423 2259 3718 2316 observare

2115 2354 2291 2408 cultor
2339 2352 2435 2407 Dei
2477 2351 2674 2416 debet,
2717 2349 2890 2405 facilia
2922 2360 3088 2415 sunt,
3118 2350 3223 2406 illis
3255 2351 3540 2407 virtutibus
3570 2367 3720 2409 com-

2114 2445 2434 2517 prehensis;
2459 2455 2516 2499 nt
2545 2459 2651 2500 non
2684 2444 2976 2499 mentiatur
3016 2458 3248 2515 unquam
3282 2444 3584 2516 decipiendi
3627 2455 3720 2502 aut

2115 2538 2344 2593 nocendi
2393 2552 2577 2593 causa.
2627 2537 2721 2591 Est
2762 2535 2906 2619 enim
2961 2536 3147 2603 nefas,
3179 2551 3335 2602 eum,
3385 2539 3476 2608 qui
3506 2538 3718 2595 veritati

2113 2635 2353 2699 studeat,
2387 2636 2442 2690 in
2471 2635 2647 2706 aliqua
2676 2649 2737 2689 re
2777 2647 2899 2689 esse
2930 2633 3209 2701 fallacem;
3241 2643 3402 2704 atque
3446 2632 3515 2687 ab
3560 2633 3671 2701 ipsa
3696 2672 3714 2700 ,

2114 2744 2274 2800 quam
2305 2730 2581 2798 sequitur,
2630 2726 2857 2781 veritate
2883 2725 3189 2781 discedere.
3240 2724 3296 2779 In
3347 2724 3449 2781 hac
3489 2723 3716 2794 iustitia:

2114 2824 2477 2894 virtutumque
2508 2821 2746 2875 omnium
2777 2820 2883 2887 via,
2911 2820 3091 2875 nullus
3120 2819 3403 2876 mendacio
3430 2820 3581 2874 locus
3608 2828 3712 2874 est.

2114 2915 2298 2986 Itaque
2320 2915 2492 2969 viator
2520 2913 2612 2970 ille
2638 2927 2801 2968 verus
2828 2925 2892 2968 ac
2930 2914 3107 2983 iustus
3134 2927 3241 2967 non
3277 2911 3423 2967 dicet
3450 2910 3581 2968 illud
3608 2910 3717 2968 Lu-

2115 3009 2367 3067 cilianum
2398 3027 2411 3062 :

2233 3122 2431 3173 Homini
2446 3122 2604 3171 amico
2621 3133 2678 3170 ac
2690 3118 2916 3170 familiari
2933 3132 3031 3169 non
3052 3125 3129 3169 est
3145 3119 3342 3169 mentiri
3365 3131 3529 3170 meum
3540 3158 3556 3181 ,

2113 3227 2209 3283 sed
2235 3228 2398 3282 etiam
2428 3225 2649 3281 inimico
2676 3234 2841 3295 atque
2864 3224 3046 3295 ignoto
3087 3225 3431 3279 existimabit
3455 3240 3562 3279 non
3590 3239 3714 3282 esse

2116 3321 2330 3375 mentiri
2354 3335 2542 3385 suum;
2595 3333 2694 3374 nec
2733 3318 3028 3387 aliquando
3054 3318 3378 3385 committet,
3410 3327 3467 3373 ut
3495 3318 3677 3387 lingua
3698 3359 3715 3385 ,

2115 3416 2383 3484 interpres
2419 3411 2616 3476 animi,
2649 3425 2679 3463 a
2730 3425 2893 3464 sensu
2939 3419 2994 3465 et
3042 3410 3371 3480 cogitatione
3418 3410 3713 3465 discordet.

2114 3504 2406 3562 Pecuniam
2447 3503 2492 3558 si
2524 3516 2687 3573 quam
2719 3500 3035 3569 crediderit,
3070 3516 3175 3557 non
3219 3502 3446 3573 accipiet
3473 3498 3713 3570 usuram,

1697 3638 2322 3721 vamonuunom.

484 3772 673 3828 Mentis
692 3773 922 3845 agitatio.
962 3772 1133 3841 Mens,
1159 3783 1217 3830 ut
1243 3774 1315 3829 ait
1337 3774 1554 3837 Thales,
1584 3786 1667 3830 est
1701 3776 2003 3830 substantia

410 3858 531 3915 qua:
556 3859 789 3913 semper,
818 3853 871 3898 et
891 3860 957 3899 ex
980 3861 1038 3900 se
1059 3846 1171 3916 ipsa
1198 3855 1475 3911 movetur;
1508 3846 1557 3900 id
1581 3856 1660 3902 est
1694 3847 1805 3902 Deo
1830 3858 2004 3901 motus

410 3916 730 3984 principium
756 3916 937 3970 dante.

482 3983 897 4040 [mutabilitatem
923 3987 1100 4041 animi.
1135 3988 1261 4042 Mss.
1286 3986 1437 4043 Cant.
1464 3998 1518 4043 et
1543 3989 1577 4044 5
1619 3987 1745 4043 cdd.
1772 3997 1879 4043 vet.
1909 3989 2006 4042 im-

410 4056 818 4113 mutabilitatem.

487 4125 551 4181 Et
572 4143 761 4181 omnes.
800 4143 916 4202 ins.
948 4127 1104 4183 Cant.
1132 4138 1186 4184 et
1224 4129 1259 4186 9
1300 4129 1430 4185 edit.
1474 4139 1571 4184 ut:
1597 4146 1717 4199 quae
1749 4129 2006 4202 particula

411 4212 538 4251 mox
562 4200 857 4264 praecessit.
1058 4216 1063 4221 ·

485 4267 615 4341 Htec
647 4284 764 4321 vera
789 4272 1095 4341 constantia.
1119 4270 1247 4325 Mss.
1274 4270 1310 4324 2
1331 4271 1465 4341 Reg.
1501 4286 1610 4327 rec.
1644 4270 1796 4337 Jun.,
1829 4271 1864 4325 2
1884 4270 2006 4326 Cul-

409 4339 551 4395 bert.
588 4339 779 4405 Brun.,
814 4339 940 4395 Han:
968 4353 1038 4395 est
1058 4359 1174 4395 vera
1201 4339 1503 4395 constantia.

487 4410 767 4493 Ciceronis,
796 4423 906 4501 tetra.
942 4413 1023 4465 Ab
1047 4412 1385 4501 διεξίοι-ᾕμαξε.
1420 4411 2002 4501 Eludemhmodojdem
2031 4440 2086 4501 Β

408 4479 601 4536 Cicero
624 4481 677 4534 in
709 4498 766 4535 Ill
794 4481 949 4538 Ollie.
969 4497 1088 4553 cap.
1114 4484 1166 4550 8,
1200 4485 1274 4536 ait
1299 4482 1564 4536 detrahere
1595 4482 1745 4535 alteri
1763 4483 1842 4535 sui
1868 4499 2006 4536 com-

411 4553 551 4606 modi
578 4568 733 4605 causa
763 4555 924 4622 magis
942 4571 1048 4606 esse
1076 4568 1250 4608 contra
1274 4565 1531 4617 naturam,
1572 4569 1726 4622 quant
1752 4564 1963 4606 mortem
1988 4592 2002 4617 ,
2028 4596 2035 4601 .

410 4640 562 4693 quam
589 4624 816 4677 dolorem
842 4667 855 4687 ,
892 4642 1043 4693 quant
1072 4637 1274 4678 caetera.
1297 4624 1520 4680 Senecae
1542 4626 1720 4678 nullus
1743 4623 1879 4678 liber
1906 4625 2007 4679 hoc

413 4694 570 4748 titulo
596 4704 740 4747 extat
772 4713 784 4748 :
820 4696 968 4760 periit
1003 4697 1185 4759 procul
1216 4697 1395 4749 dubio.

487 4762 727 4816 Flamma
776 4781 863 4818 ore
906 4767 1153 4834 rapienda
1186 4775 1277 4819 est.
1312 4766 1403 4820 Sic
1452 4765 1625 4820 ferunt
1669 4765 1795 4821 edd.
1843 4765 2003 4820 an.

414 4835 583 4907 1‘70,
614 4844 666 4888 ct
689 4835 888 4889 Cellar.
913 4837 1199 4904 cunctique
1219 4850 1345 4889 mss.
1367 4846 1562 4905 praeter
1586 4840 1606 4891 l
1637 4836 1770 4907 Reg.
1800 4837 1851 4891 in
1875 4852 2003 4907 quo,

408 4906 548 4976 sicut
577 4908 629 4959 in
657 4906 840 4960 multis
870 4907 1050 4969 editis,
1082 4907 1276 4969 legitur
1303 4908 1594 4976 recipienda
1614 4918 1706 4962 est.

488 4974 615 5028 Haec
656 4977 1070 5049 patitur.Picrr.,
1102 4977 1294 5049 Pa_rrh.
1316 5019 1330 5042 ,
1365 4974 1486 5032 Ald.
1516 5019 1531 5043 ,
1558 4979 1731 5039 Crat”
1765 4977 1959 5049 Gymn.
1989 4996 2002 5031 :

412 5044 528 5117 Nec
557 5048 784 5114 patitur,
828 5051 1128 5117 perperam.
1160 5047 1378 5103 Rectius
1414 5063 1545 5103 mss.
1576 5059 1630 5103 et
1660 5044 1835 5112 Rostf,
1870 5048 2004 5102 Ven.

414 5116 573 5190 μᾙ,
600 5116 1107 5190 97,__Paris.,Fasit.
1133 5118 1364 5190 Gryph.,
1395 5119 1607 5190 reliqui,
1639 5117 1763 5173 Ηωο
1790 5120 2001 5189 patitur.

410 5185 645 5258 Reitnm.
685 5187 796 5242 ΙΙοε
825 5192 1035 5258 patitur.
1068 5189 1197 5244 Ben.

484 5257 810 5330 Ergojustus
838 5269 931 5313 est.
968 5260 1043 5313 Ex
1077 5273 1218 5314 mss.‘
1240 5260 1611 5315 vetustissimo
1637 5260 1958 5330 Regio-Put.
1988 5302 2003 5325 ,

409 5329 446 5384 5
470 5327 726 5401 al.7'lteg.,
757 5327 791 5382 4
837 5330 990 5384 Culb.
1024 5331 1250 5401 aliisque
1299 5331 1334 5386 5
1363 5340 1416 5385 ct
1448 5331 1577 5386 edit.
1632 5333 1666 5387 ὅ
1701 5327 1879 5387 addidi
1910 5345 2003 5398 est,

407 5400 553 5470 quod
582 5401 948 5456 necessarium
983 5400 1211 5456 videtur.

482 5469 635 5542 liii/tit
656 5473 839 5527 sciunt.
872 5472 1228 5528 Academicus
1256 5473 1520 5542 intelligit.

485 5539 592 5617 Pro
617 5559 817 5617 summa
839 5544 1075 5617 scientia.
1106 5543 1373 5617 Redolent
1400 5539 1517 5599 haec
1546 5544 1743 5617 stylum
1773 5544 2006 5599 Lactan—

411 5612 510 5686 tii;
543 5614 612 5667 ita
642 5616 785 5668 enim
818 5615 885 5669 de
912 5615 1013 5677 Ira,
1036 5630 1155 5685 cap.
1186 5618 1209 5670 i
1247 5633 1261 5671 :
1290 5615 1357 5669 Ut
1382 5617 1435 5669 id
1461 5612 1648 5684 ipsum,
1675 5630 1773 5686 pro
1796 5631 2007 5670 summa

407 5683 654 5737 doctrina
684 5686 1034 5753 proﬁteretur,
1060 5683 1198 5755 quod
1245 5687 1373 5741 nihil
1408 5692 1538 5741 scire
1578 5683 1857 5741 didicisset.
1902 5686 2007 5740 l’ro

407 5768 610 5810 summa
629 5757 841 5812 scientia
861 5799 875 5823 ,
918 5756 1058 5813 idem
1076 5766 1160 5814 est
1187 5772 1271 5827 ac,
1296 5767 1538 5827 tanquam
1572 5773 1822 5813 summam
1843 5756 2006 5813 scien-

2098 3775 2257 3839 -tiam,
2283 3772 2426 3843 quod
2459 3782 2643 3827 nostro
2673 3772 2917 3830 solemne
2941 3790 2990 3830 e.
3018 3790 3097 3845 εί,
3126 3774 3219 3830 lib.
3249 3791 3330 3839 tn,
3360 3789 3479 3846 cap.
3501 3777 3536 3832 5
3565 3792 3580 3830 :
3611 3775 3714 3831 Sa-

2106 3845 2357 3914 pientiam
2385 3861 2477 3914 pro
2493 3861 2692 3898 summa
2720 3846 2938 3899 stultitia
2960 3856 3239 3913 computat.
3266 3847 3399 3901 BUN.

2188 3914 2498 3987 Prae/erunt.
2526 3917 2595 3968 Ita
2617 3915 2827 3987 restitui
2850 3931 2915 3969 ex
2943 3931 3072 3970 mss.
3089 3918 3480 3986 antiquissimis
3501 3916 3711 3983 2Bon.,

2112 3985 2366 4049 Cauc.,'8
2400 3985 2558 4055 ch.,
2607 3988 2641 4041 5
2670 3986 2851 4057 Colb.,
2884 3989 2918 4041 5
2948 3987 3094 4055 Lips.
3126 3997 3181 4042 et
3222 3988 3256 4043 8
3286 3987 3425 4041 aliis.
3457 3987 3651 4057 Seripti
3678 3989 3713 4042 2

2114 4057 2245 4123 Reg.
2279 4073 2389 4111 rec.
2411 4072 2473 4111 ac
2494 4058 2623 4112 editi
2654 4056 2739 4115 l2.
2767 4073 2874 4126 pra:
2893 4074 2946 4112 se
2973 4059 3142 4127 [erant
3167 4074 3186 4112 :
3205 4061 3347 4127 quod
3382 4059 3520 4111 idem
3551 4056 3711 4113 valet.

2190 4128 2530 4196 Perspiciunt.
2558 4130 2680 4181 Mss.
2704 4128 2739 4181 2
2765 4128 2897 4199 Reg.
2924 4130 3398 4199 rcc.7prospiciunt.
3422 4129 3457 4181 2
3482 4130 3710 4193 Bonum,

2112 4200 2146 4254 5
2167 4200 2323 4268 Reg..
2354 4199 2502 4264 Juu.,
2530 4199 2690 4266 Tax.,
2722 4198 2950 4265 iColb.,
2974 4200 3008 4252 2
3028 4198 3262 4253 Clarum.
3291 4209 3344 4253 et
3362 4198 3395 4251 4
3416 4200 3570 4265 edit.,
3597 4217 3713 4269 per-

2112 4274 2326 4324 cipiunt.

2161 4290 2571 4409 pézgiprehensis
2595 4355 2613 4403 ;
2634 4348 2690 4391 ut
2714 4380 2728 4403 ,
2772 4339 2896 4392 Non
2940 4341 3235 4393 mentiatur.
3261 4339 3334 4393 Ita
3363 4339 3601 4393 distinxi.
3636 4337 3705 4393 Ut

2111 4413 2337 4535 enimBh.
2372 4412 2405 4464 l.
2439 4410 2578 4465 idem
2605 4418 2689 4464 est
2714 4410 2855 4481 quod
2882 4410 3102 4481 exempti
3122 4413 3313 4478 gratia,
3344 4412 3387 4464 si
3415 4411 3709 4481 genuinum

2111 4493 2211 4535 est.
2292 4497 2378 4535 inv.

2110 4493 2211 4537 85L
2247 4493 2378 4535 UUN.

2185 4552 2377 4606 Nullus
2408 4551 2674 4605 mendacio
2696 4553 2834 4606 locus
2857 4560 2947 4606 est.
2979 4553 3161 4621 Apage
3189 4552 3368 4621 itaque
3407 4551 3707 4607 officiosum

2110 4624 2449 4678 mendacium
2502 4623 2717 4677 homine
2747 4621 3055 4678 Christiano
3097 4622 3396 4693 indignum.
3435 4622 3568 4677 Vide
3599 4625 3706 4677 Au-

2109 4696 2404 4763 gustinum,
2452 4693 2543 4747 lib.
2578 4693 2644 4747 de
2674 4694 2983 4755 Mendacio,
3014 4702 3068 4747 et
3108 4704 3293 4748 contra
3325 4693 3657 4750 Mendacium
3690 4711 3705 4759 ;

2112 4780 2210 4820 nec
2240 4780 2344 4819 non
2374 4765 2563 4820 Jonam
2593 4765 3034 4836 Aurelianensem
3065 4767 3397 4836 episcopum,
3428 4765 3521 4821 lib.
3557 4782 3592 4820 ιι
3640 4765 3707 4821 de

2112 4836 2453 4891 Institutione
2483 4836 2677 4901 laicnli,
2705 4851 2824 4905 cap.
2852 4835 2945 4889 27.

2182 4906 2427 4977 Accipiet.
2450 4907 2743 4961 Buneman.
2776 4908 2903 4971 legit
2927 4905 3179 4975 Accipiat,
3209 4923 3466 4976 suamque
3486 4907 3562 4961 sic
3579 4920 3704 4959 con-

2110 4976 2288 5031 ﬁrmat
2311 4980 2589 5032 lectionem
2617 4996 2628 5030 :
2658 5007 2729 5017 —
2756 4996 2775 5028 c
2802 4977 3112 5048 Legendum,
3145 4980 3315 5044 inquit
3337 4979 3702 5039 Ilcumanuus,

2109 5049 2346 5117 accipiet,
2382 5048 2504 5117 quia
2539 5051 2832 5116 praecessit,
2871 5047 3020 5111 dicet,
3053 5049 3377 5112 existimabit,
3409 5047 3701 5117 committet.

2111 5123 2179 5173 At
2203 5116 2333 5174 nihil
2365 5116 2676 5174 mutandum
2703 5138 2723 5189 ε,
2749 5134 2834 5183 ea,
2869 5133 2988 5186 qua:
3018 5120 3206 5173 cultori
3238 5119 3329 5172 Dei
3362 5118 3484 5171 dicit
3517 5116 3704 5189 «bser-

2114 5191 2303 5256 vanda,
2328 5190 2481 5246 effert
2510 5192 2559 5243 in
2589 5190 2839 5259 prtesen'ti
2866 5190 3224 5257 coniunctivi;
3258 5204 3376 5259 qua:
3404 5202 3525 5241 cum
3553 5188 3703 5259 illus-

2113 5271 2235 5325 trat,
2266 5265 2432 5316 variat
2455 5261 2508 5314 in
2542 5256 2890 5331 temporibus.
2918 5256 3193 5331 Praecepta
3221 5256 3346 5311 talia
3365 5267 3496 5331 sunt
3523 5276 3561 5331 _:A
3579 5256 3701 5312 Non

2109 5332 2405 5398 mentiatur,
2438 5346 2593 5399 supra
2631 5327 2800 5387 {Non
2827 5330 3045 5398 accipiat
3085 5345 3314 5393 usuram,
3364 5327 3459 5382 ini.
3509 5328 3702 5383 Munus

2110 5420 2213 5457 non
2234 5398 2513 5468 accipiata
2540 5418 2779 5471 paupere,
2834 5400 2961 5453 ibid.
3024 5398 3165 5471 Male
3212 5400 3397 5452 dicenti
3441 5402 3702 5455 benedicta

2109 5475 2437 5543 respondeat,
2467 5474 2597 5527 ibid.
2633 5470 2816 5527 Caveat
2843 5486 2972 5523 ne...
3021 5470 3285 5543 inimicum
3332 5472 3521 5543 faciat,
3566 5472 3699 5526 ibid.

2111 5540 2535 5600 Innocentiam...
2594 5542 2884 5606 custodiat,
2936 5549 3043 5595 etc.
3104 5540 3236 5595 BUN.
3296 5571 3369 5582 --
3423 5542 3702 5598 Pecuniam

2108 5623 2155 5671 st
2204 5633 2355 5686 quam
2412 5615 2705 5681 crediderit,
2771 5627 2872 5664 non
2928 5612 3143 5686 accipiet
3203 5630 3433 5668 usuram.
3461 5617 3547 5670 Sic
3582 5615 3700 5686 lego

2109 5684 2231 5743 cum
2292 5702 2422 5741 mss.
2478 5687 2512 5742 9
2562 5686 2693 5755 Reg.
2750 5698 2976 5755 quorum
3030 5684 3137 5737 duo
3197 5695 3325 5739 sunt
3390 5685 3697 5755 veterrimi,

2108 5758 2145 5812 2
2192 5759 2425 5827 Bonon.,
2476 5761 2511 5816 5
2549 5752 2727 5826 Colb.,
2770 5752 2927 5825 ’Jun.,
2978 5755 3265 5827 multisque
3302 5756 3444 5813 aliis.
3494 5752 3697 5810 Eodem
