4142 6200
452 197 558 257 699

1522 191 1711 252 FIRI.
1751 189 2120 251 LAC'I‘AN’I’II
2157 188 2358 250 BlVlN.
2399 189 2645 250 INB’I'I'I'.

3642 186 3750 244 700

452 322 513 368 ut
536 320 593 368 et
619 310 937 369 beneﬁcium
967 311 1039 366 sit
1064 309 1359 378 incolume,
1386 309 1531 382 quod
1560 308 1829 371 succurrit
1849 322 2043 366 neees-
2070 311 2124 372 Α
2149 308 2273 380 quia
2300 306 2579 379 potabitur
2601 305 2957 377 semetipsum
2985 304 3279 371 defendere
3298 317 3406 360 non
3428 315 3611 375 posse,
3643 304 3747 358 ba-

454 403 625 470 sitati,
647 412 698 459 et
721 401 996 458 abstineat
1021 416 1085 457 se
1108 415 1331 472 prorsus
1348 401 1550 457 alieno.
1576 400 1634 456 In
1661 402 1766 463 hoc
1783 400 1927 457 enim
1953 415 2048 472 ge-

456 510 587 552 nere
603 494 767 550 officii
791 493 954 550 debet
976 508 1078 551 suo
1105 508 1228 559 esse
1250 501 1560 559 contentus,
1589 509 1750 565 quem
1794 502 2050 564 oporteat

454 589 589 645 alias
617 603 685 643 ne
725 588 945 659 proprio
969 587 1184 658 quidem
1210 601 1436 661 parcere
1460 629 1475 653 ,
1523 596 1582 642 ut
1625 586 1823 642 bonum
1853 585 2045 653 faciat;

456 681 575 753 plus
614 686 792 735 autem
835 678 1103 751 accipere,
1137 694 1293 765 quam
1347 678 1576 757 dederit,
1631 679 1889 755 injustam
1942 685 2045 733 est.

455 771 608 859 Quod
635 772 723 841 qui
742 769 1189 851 facit,insidiatur
1209 770 1627 843 quodammodo,
1654 779 1795 828 utex
1823 770 2049 827 alterius

456 861 779 921 necessitate
809 864 1102 935 praedetur.

527 956 599 1012 At
623 955 801 1026 justus
831 971 1105 1027 nunquam
1129 955 1503 1028 prtetermittet
1525 957 1813 1028 quominus
1843 954 2047 1027 aliquid

458 1048 886 1118 misericorditer
909 1049 1101 1117 faciat;
1151 1065 1253 1106 nec
1288 1049 1588 1120 inquinabit
1634 1065 1694 1106 se
1745 1049 2052 1121 hujusmodi

458 1151 667 1215 quzestu
697 1159 712 1196 :
746 1141 840 1198 sed
893 1141 1113 1209 efficiet,
1166 1149 1226 1197 ut
1269 1142 1388 1198 sine
1437 1141 1548 1197 ullo
1592 1156 1693 1199 suo
1723 1140 1941 1204 damno,
1997 1139 2052 1195 id

458 1236 654 1306 ipsum,
688 1233 832 1305 quod
861 1234 1191 1302 commodat,
1222 1234 1364 1289 inter
1408 1224 1549 1289 bona
1593 1248 1756 1305 opera
1798 1248 2052 1289 numere-

460 1335 565 1382 tur.
600 1326 792 1381 Munus
816 1340 925 1381 non
973 1327 1203 1396 accipiat
1241 1341 1271 1381 a
1308 1341 1586 1397 paupere;
1627 1336 1684 1381 ut
1705 1326 1750 1382 si
1779 1325 1908 1397 quid
1937 1325 2053 1396 ipse

460 1417 771 1488 prmsliterit
789 1459 804 1484 ,
827 1431 893 1472 eo
913 1416 1114 1473 bonum
1134 1419 1239 1485 sit,
1269 1434 1375 1489 quo
1401 1417 1562 1474 fuerit
1583 1420 1897 1491 gratuitum.
1938 1418 2052 1474 Ma-

463 1507 720 1565 ledicenti
746 1507 1038 1565 benedicto
1061 1511 1387 1581 respondeat
1411 1530 1424 1564 :
1451 1524 1766 1582 numquam
1784 1512 1900 1581 ipse
1942 1526 2055 1566 ma-

461 1602 694 1668 ledicat;
727 1617 797 1658 ne
822 1603 1047 1659 verbum
1077 1604 1277 1660 malum
1308 1604 1567 1683 procedat
1595 1621 1660 1661 ex
1683 1621 1776 1661 ore
1798 1605 2052 1683 hominis,

2147 401 2362 458 bebitur
2375 416 2473 471 pro
2485 401 2636 472 segni
2654 409 2706 456 et
2723 400 2914 456 inerte.
2928 398 3029 466 Qui
3041 406 3223 454 autem
3240 396 3558 453 fueritultus
3573 397 3748 457 inimi-

2149 509 2294 559 cum,
2328 492 2418 548 hic
2441 492 2599 548 fortis
2618 535 2634 560 ,
2663 492 2750 548 hic
2771 501 3027 548 strenuus
3047 489 3513 561 judicatur:hunc
3539 489 3743 559 colunt,

2150 584 2294 640 hunc
2307 599 2499 641 omnes
2509 593 2787 640 verentur.
2806 585 2987 639 Bonus
3005 595 3132 638 vero
3148 582 3242 636 ille
3254 580 3469 637 tametsi
3484 580 3752 651 prodesse

2151 677 2393 748 pluribus
2440 678 2630 747 possit,
2659 676 2809 731 illum
2831 687 3009 732 tamen
3038 674 3372 745 suspiciunt,
3401 673 3492 744 qui
3523 688 3751 740 nocere,

2151 786 2312 841 quam
2358 770 2450 842 qui
2482 771 2741 841 prodesse
2766 772 2953 840 possit.
2987 770 3097 827 Sed
3122 769 3328 840 justum
3375 767 3615 838 pravitas
3641 766 3745 823 bo-
3836 781 3850 801 ο

2152 863 2357 919 minum
2382 862 2684 933 depravare
2701 877 2807 917 non
2831 861 3064 932 poterit,
3088 859 3375 931 quominus
3402 860 3513 914 Deo
3540 858 3755 914 studeat

2152 955 2565 1026 obtemperare;
2598 955 2856 1023 malitque
2883 954 3183 1029 contemni,
3211 951 3504 1008 dummodo
3532 966 3755 1023 semper

2152 1049 2280 1106 boni
2324 1048 2574 1119 fungatur
2613 1048 2794 1107 ofﬁcio
2816 1090 2830 1117 ,
2860 1049 2991 1103 mali
3023 1061 3320 1118 nunquam.
3353 1046 3544 1103 Cicero
3573 1046 3626 1101 in
3662 1046 3759 1101 iisv

2153 1141 2275 1198 dem
2303 1142 2410 1198 illis
2437 1140 2770 1197 Oiticialibus
2803 1159 2815 1195 :
2851 1160 2870 1193 ι
2900 1142 2971 1197 At
2992 1156 3119 1196 vero
3145 1140 3187 1194 si
3212 1142 3334 1210 quis
3357 1138 3594 1193 voluerit
3618 1180 3635 1205 ,
3662 1138 3753 1193 iu-

2154 1237 2289 1307 quit,
2319 1235 2484 1291 animi
2511 1235 2594 1291 sui
2624 1235 2987 1306 complicitam
3015 1234 3292 1289 notionem
3333 1232 3607 1297 evolvere,
3634 1230 3750 1300 jam

2155 1343 2215 1385 se
2242 1328 2359 1399 ipse
2378 1326 2592 1394 doceat,
2635 1342 2758 1383 eum
2800 1327 2975 1381 virum
3003 1326 3204 1381 bonum
3246 1338 3389 1390 esse,
3443 1324 3536 1393 qui
3586 1322 3761 1392 prosit

2156 1419 2351 1492 quibus
2374 1419 2567 1490 possit,
2594 1427 2786 1481 noceat
2807 1418 3029 1485 nemini,
3059 1416 3164 1472 nisi
3188 1414 3470 1472 lacessitus
3491 1413 3707 1485 injuria.
3733 1432 3753 1466 ι

2228 1514 2276 1570 0
2302 1528 2462 1585 quam
2492 1513 2792 1583 simplicem
2819 1526 3116 1583 veramque
3154 1509 3479 1567 sententiam
3526 1492 3759 1564 duorum

2158 1605 2447 1669 verborum
2470 1604 2777 1675 adjectione
2806 1604 3047 1674 corrupit
3072 1606 3086 1658 ι
3132 1601 3270 1669 Quid
3300 1601 3445 1656 enim
3471 1615 3610 1671 opus
3647 1602 3763 1657 fue-

462 1695 551 1766 qui
578 1694 709 1751 colit
734 1693 968 1751 Verbum
991 1695 1211 1752 bonum.
1242 1678 1380 1765 Quin
1405 1698 1566 1753 etiam
1598 1707 1785 1755 caveat
1826 1678 2058 1777 diligen;
2090 1710 2139 1772 Β
2164 1704 2252 1753 rut
2274 1695 2588 1767 adjungere,
2622 1696 2722 1750 nisi
2745 1694 3027 1752 lacessitus
3052 1692 3284 1763 injuria?
3310 1700 3369 1748 ut
3388 1692 3575 1747 vitium
3616 1692 3763 1747 bono

462 1794 563 1856 ter,
596 1801 667 1842 ne
686 1785 905 1858 quando
926 1787 1201 1843 inimicum
1237 1802 1331 1844 sua
1362 1789 1519 1860 culpa
1541 1789 1733 1857 faciat;
1763 1798 1815 1847 et
1844 1792 1887 1846 si
1928 1791 2052 1863 quis

459 1878 698 1935 extiterit
726 1885 832 1933 tam
858 1888 1167 1949 protervus,
1198 1882 1288 1953 qui
1315 1881 1458 1937 bono
1484 1890 1537 1937 et
1554 1883 1703 1953 justo
1731 1883 1894 1939 faciat
1914 1884 2057 1955 inju-

462 1970 601 2026 riam
632 2012 649 2039 ,
688 1971 990 2030 clementer
1026 1988 1091 2029 ac
1144 1974 1425 2032 moderate
1463 1975 1639 2046 ferat,
1681 1986 1737 2033 et
1791 1978 2052 2035 ultionem

462 2076 616 2117 suam
646 2062 747 2119 sibi
774 2080 883 2120 non
923 2067 1312 2134 assumatgsed
1336 2067 1504 2139 judici
1532 2068 1642 2125 Deo
1670 2079 1930 2125 reservet.
1973 2068 2058 2124 In-

462 2156 768 2212 nocentiam
799 2172 1013 2229 semper
1052 2168 1108 2215 et
1157 2160 1359 2232 ubique
1397 2162 1687 2219 custodiat.
1730 2163 1883 2232 Quod
1911 2179 2056 2235 prae-

2164 1789 2280 1844 viro
2304 1788 2457 1859 quasi
2484 1786 2711 1845 caudam
2753 1786 3115 1857 turpissimam
3165 1794 3515 1856 apponeret;
3553 1786 3765 1855 patien-

2163 1882 2359 1953 tiaeque
2378 1922 2394 1950 ,
2423 1897 2545 1953 qum
2573 1881 2813 1937 omnium
2855 1881 3110 1937 virtutum
3163 1880 3393 1935 maxima
3422 1888 3530 1948 est,
3560 1880 3765 1937 faceret

2164 1984 2460 2046 expertem.
2528 1975 2844 2032 Noeiturum
2893 1990 3017 2032 esse
3061 1974 3201 2031 dixit
3267 1974 3471 2031 bonum
3538 1975 3762 2044 virum,

2166 2073 2212 2127 si
2234 2070 2393 2127 fuerit
2442 2070 2724 2127 lacessitus
2764 2089 2801 2123 εκ
2812 2070 2926 2141 jam
2954 2084 3023 2126 ex
3062 2069 3166 2125 hoc
3194 2070 3312 2140 ipso
3347 2068 3475 2125 boui
3526 2070 3628 2125 viri
3666 2083 3768 2125 no-

2166 2179 2290 2221 men
2333 2163 2545 2219 amittat
2589 2176 2813 2219 necesse
2853 2171 2939 2219 est
2965 2204 2979 2229 ,
3023 2162 3069 2234 si
3121 2162 3356 2218 nocebit.
3400 2161 3518 2218 Non
3581 2163 3765 2218 minus

464 2258 681 2317 ceptum
721 2264 830 2305 non
877 2250 945 2306 ad
995 2249 1100 2308 hoc
1129 2259 1338 2331 tantum
1365 2255 1531 2320 valet,
1573 2264 1631 2308 ut
1660 2255 1776 2327 ipse
1806 2256 2058 2325 injuriam
2161 2256 2304 2311 enim
2332 2254 2458 2310 mali
2488 2262 2610 2321 est,
2655 2253 2860 2310 referre
2886 2253 3159 2325 injuriam,
3187 2267 3348 2324 quam
3377 2253 3600 2310 inferre.
3622 2253 3760 2309 Nam

464 2353 571 2394 non
600 2340 798 2396 inferat
826 2359 841 2395 :
880 2342 975 2398 sed
1015 2352 1076 2398 ut
1114 2344 1321 2400 illatam
1350 2345 1453 2401 sibi
1476 2361 1583 2401 non
1613 2346 1867 2402 vindicet.
1898 2345 2068 2403 Sedet
2160 2348 2303 2404 unde
2339 2348 2637 2404 certamina
2667 2348 2807 2403 inter
2833 2346 3103 2412 homines,
3134 2347 3277 2402 unde
3311 2361 3506 2417 pugnat
3535 2355 3766 2403 conten-

464 2430 609 2486 enim
640 2432 911 2489 maximus
955 2443 1013 2490 et
1050 2436 1392 2506 aequissimus
1417 2437 1580 2509 judex
1608 2480 1623 2505 ,
1668 2438 1974 2509 speculator
1999 2454 2062 2495 ac
2162 2442 2445 2513 tionesque
2473 2447 2792 2507 nascuntur,
2826 2439 2930 2495 nisi
2965 2437 3111 2510 quod
3151 2438 3483 2509 improbitati
3512 2439 3764 2509 opposita

465 2524 620 2579 testis
660 2526 922 2581 omnium.
970 2527 1125 2586 Hunc
1155 2528 1360 2586 homini
1411 2531 1695 2602 praeferat;
1738 2532 1882 2589 hunc
1912 2533 2065 2590 malit
2165 2532 2497 2605 impatientia
2524 2545 2747 2603 magnas
2768 2546 2913 2601 saepe
2937 2530 3177 2586 concitat
3204 2529 3582 2600 tempestates?
3604 2530 3764 2596 Quod

465 2613 534 2670 de
551 2628 718 2671 causa
740 2631 832 2673 sua
865 2621 1240 2689 pronuntiare,
1264 2622 1419 2693 cujus
1440 2625 1765 2680 sententiam
1795 2640 1955 2681 nemo
1983 2625 2062 2682 ef-
2165 2626 2209 2681 si
2263 2625 2599 2695 patientiam,
2639 2637 2742 2693 qua
2808 2623 3007 2679 virtute
3049 2621 3183 2676 nihil
3231 2622 3437 2689 verius,
3489 2620 3625 2676 nihil
3666 2620 3769 2695 ho-

466 2705 653 2778 fugere
677 2718 877 2780 potest,
901 2727 1005 2769 nec
1032 2713 1349 2772 defensione
1372 2717 1713 2789 cujusquam,
1745 2733 1846 2775 nec
1865 2719 2058 2790 gratia.
2167 2718 2312 2774 mine
2340 2716 2556 2787 dignius
2575 2715 2805 2770 inveniri
2834 2723 3035 2787 potest,
3064 2713 3396 2785 improbitati
3418 2715 3763 2785 opposueris,

465 2799 542 2856 lta
587 2799 775 2872 lita-ut
822 2804 986 2863 homo
1010 2806 1189 2880 justus
1218 2810 1549 2882 contemptui
1588 2812 1659 2868 sit
1682 2812 1970 2881 omnibus;
2008 2820 2064 2869 et
2170 2810 2514 2881 extinguetur
2541 2808 2819 2880 protinus,
2871 2816 3125 2880 tanquam
3153 2808 3263 2881 igni
3291 2823 3485 2881 aquam
3514 2808 3769 2880 superfuo

1813 2947 2209 3019 LVARIDRUM
2246 2944 2474 3003 NOTAE.

464 3081 716 3153 loquendi
744 3081 908 3139 modo
932 3097 1086 3139 usum
1110 3083 1272 3140 fuisse
1303 3084 1638 3140 Lactantium
1658 3084 1899 3156 aliosque
1926 3100 2054 3141 auc-
2078 3087 2125 3149 C
2230 3082 2541 3156 Speculator
2579 3097 2640 3135 ac
2685 3081 3107 3156 testisontnt'um.
3156 3081 3423 3156 Sequitur
3466 3081 3761 3137 Minucium

467 3152 613 3208 tores
661 3163 814 3231 putt)-
834 3169 925 3231 me
970 3156 1190 3231 vidisse,
1243 3156 1432 3211 saltem
1468 3157 1538 3231 .in
1586 3152 2048 3231 Vulgata'lfsalm.
2155 3171 2277 3231 cap.
2307 3154 2379 3212 52
2411 3172 2423 3208 :
2463 3154 2668 3231 Quanto
2708 3154 2871 3225 magis
2902 3152 3043 3231 Deus
3075 3163 3257 3209 auctor
3286 3154 3513 3209 omnium
3544 3169 3605 3206 ac
3631 3168 3763 3224 spe-

466 3239 641 3290 cxvn,
662 3222 819 3297 v.22
848 3222 877 3281 ε’
892 3223 1143 3296 Lapidem
1167 3222 1314 3296 quem
1356 3222 1753 3297 reprobaverunt
1782 3228 2052 3297 aedi/icon.
2153 3222 2365 3297 culator
2392 3225 2632 3297 omnium
2652 3266 2669 3297 ε
2716 3241 2748 3278 a
2777 3222 2875 3297 quo
2907 3224 3108 3279 nullum
3138 3231 3305 3297 potest
3353 3240 3463 3278 esse
3490 3222 3762 3297 secretum.

468 3306 569 3368 tes,
602 3296 683 3351 hic
713 3294 881 3364 factus
906 3294 981 3351 est
1012 3299 1064 3351 in
1094 3294 1245 3368 caput
1272 3294 1482 3368 anguli;
1510 3308 1564 3353 et
1603 3298 1758 3354 Joan.
1795 3294 1910 3366 xw,
1933 3298 2004 3351 24
2034 3316 2047 3352 :
2154 3307 2259 3353 etc.
2309 3296 2469 3351 Plura
2495 3296 2623 3350 talia
2653 3294 2803 3351 Lact.
2837 3295 2873 3349 l.
2909 3310 2969 3368 tt,
3012 3309 3063 3349 c.
3102 3294 3197 3360 l6;
3230 3296 3267 3348 l.
3296 3310 3372 3368 vt,
3403 3310 3453 3368 c.
3493 3294 3565 3349 24
3599 3313 3612 3347 :
3647 3294 3764 3368 Scit

469 3365 767 3439 Sermonem
783 3384 930 3435 quem
950 3365 1187 3439 audistis,
1211 3386 1314 3424 uon
1335 3365 1407 3425 est
1432 3386 1592 3431 meus,
1614 3372 1702 3427 sed
1717 3371 1828 3437 ejus
1852 3371 1940 3439 qui
1958 3371 2051 3423 mi-
2153 3369 2243 3425 ille
2270 3369 2512 3421 omnia...
2558 3375 2862 3436 putemus...
2896 3366 3117 3435 desuper
3151 3367 3375 3439 spectari
3401 3367 3467 3419 ob
3497 3382 3567 3439 eod
3598 3366 3687 3439 qui
3714 3376 3764 3420 et

468 3438 533 3520 sit
556 3454 643 3520 nine
671 3436 877 3520 Patris;
898 3439 952 3503 in
984 3455 1001 3494 ι
1039 3438 1169 3511 Reg.
1203 3455 1313 3520 rec.
1353 3448 1408 3496 et
1442 3440 1624 3520 5_alii§
1660 3436 1751 3520 est
1788 3436 2050 3520 pecuniis;
2149 3439 2331 3520 iudex,
2357 3448 2404 3492 et
2433 3440 2571 3520 testis
2597 3438 2709 3520 ipse
2736 3442 2943 3520 futurus
2963 3446 3064 3520 est,
3092 3447 3199 3520 etc.
3237 3438 3311 3492 De
3349 3437 3432 3520 iga
3459 3451 3511 3520 ς.
3622 3437 3759 3520 Rus:

470 3510 521 3562 in
556 3507 694 3563 Ultr.
735 3516 791 3563 et
836 3506 1039 3577 Brun.,
1092 3506 1433 3580 pecuniaeque.
1490 3512 1545 3565 In
1585 3506 1746 3566 Goth.
1788 3506 1847 3566 et
1900 3506 2046 3580 Lipsl
2229 3509 2334 3563 Pro
2360 3509 2503 3580 segni
2528 3520 2576 3580 et
2612 3506 2792 3562 inerte.
2847 3509 2927 3580 Ita
2961 3509 3138 3580 ferunt
3182 3523 3313 3562 mss.
3354 3508 3763 3580 Regio-Puth

469 3579 737 3659 pecuniam
781 3580 957 3659 siuqui
997 3577 1385 3659 credideritg'si
1430 3584 1554 3659 qui,_
1583 3590 1665 3659 est
1706 3596 1804 3659 pro
1850 3584 1896 3659 si
1930 3577 2055 3659 quis
2155 3581 2256 3659 ξι,
2272 3577 2432 3659 Rem,
2468 3577 2795 3659 §C._olbert_.1
2832 3581 2866 3633 5
2906 3578 3053 3659 Lips.
3084 3578 3387 3659 aliique,_et
3416 3580 3494 3633 sic
3516 3577 3676 3633 infra.
3707 3578 3767 3633 In

470 3621 1808 3722 ἴιΐίῖιῖηέε.⁷ὀίὲἔὲοῆἷέἒὲἴρἔι’θᾷἷιᾶι-ὟὲὲἓῖᾖιΓίῚ
1850 3621 2057 3709 ista};
2155 3621 2435 3722 Ξῖιέξῗῖ
2467 3621 3349 3706 60753316Exat'dé'eé‘i'iﬁéiii

469 3722 706 3793 accipiat.
727 3721 831 3779 Sed
859 3737 981 3795 mox
1001 3721 1278 3795 prmeeSsit
1301 3723 1455 3790 dicet,
1475 3721 1805 3795 existimabit,
1825 3728 2058 3781 cotnmit-
2229 3721 2456 3781 Tametsi
2507 3722 2747 3793 prodesse
2798 3721 3033 3795 pluribus
3085 3721 3265 3795 possit.
3309 3721 3401 3777 Sic
3414 3721 3649 3795 reposui
3701 3736 3771 3777 ex

473 3802 539 3865 t_et
557 3790 589 3857 ;’
623 3803 677 3865 et
725 3790 1017 3865 sequitur,'
1044 3795 1390 3865 prietes-millet
1416 3834 1455 3865 ,ν
1490 3790 1809 3865 inquinabit,
1859 3796 2051 3865 eﬁieiet.
2159 3795 2410 3851 omnibus
2440 3790 2606 3865 prepe
2636 3806 2765 3865 mss.
2799 3790 2865 3846 et
2896 3790 3056 3849 editis
3084 3792 3283 3846 Cellar.
3315 3801 3383 3865 et
3414 3790 3628 3865 _Walch.
3676 3808 3776 3865 es-

472 3862 657 3937 Quoad
688 3862 906 3937 usuram
936 3879 1003 3924 ex
1044 3862 1147 3919 hoc
1168 3864 1287 3937 loco
1327 3862 1566 3937 etilib._t,:
1597 3881 1717 3936 cap.
1753 3862 1909 3937 15,5
1932 3865 2060 3923 Gal-
2161 3867 2372 3937 punctis
2396 3862 2629 3937 omnibus
2652 3863 2901 3937 vel,dquae
2932 3871 3254 3937 non‘extaut
3285 3863 3388 3937 nisi
3418 3862 3470 3917 in
3528 3864 3773 3937 margine

474 3932 584 4005 lato
605 3928 967 4005 intellectam,
997 3934 1219 3990 consule
1263 3937 1307 3989 si
1337 3935 1484 3989 lubet
1512 3928 1707 3990 librut'n
1739 3928 1929 4005 gallice
1957 3937 2060 3992 Pa-
2162 3928 2323 3991 huius
2358 3950 2460 3990 ms.
2480 3934 2648 3992 'Colb.
2675 3943 2730 3989 et
2755 3928 2816 3988 iu
2844 3932 2911 3993 l0
2938 3932 3120 3988 editis.
3154 3932 3402 3988 Pluribus
3432 3948 3570 4005 vero
3620 3928 3776 3992 deest

474 4002 618 4075 risiis
645 4001 845 4075 editum
886 4001 976 4075 an.
1009 4005 1167 4073 1677,
1220 4005 1308 4062 cui
1353 4005 1538 4061 titulus
1574 4013 1690 4063 est:
1726 4003 1947 4073 Defensa
1976 4007 2065 4072 des
2167 4007 2329 4064 etiam
2362 4007 2413 4060 in
2437 4007 2470 4061 4
2506 4006 2638 4075 Reg.
2667 4020 2897 4075 quorum
2940 4019 3080 4059 unus
3112 4013 3196 4059 est
3236 4004 3666 4075 antiquissimus,
3721 4006 3776 4061 iu

474 4073 765 4146 sentiments
787 4073 849 4131 de
871 4073 1125 4133 Lactance
1151 4092 1240 4131 sur
1261 4076 1310 4133 le
1329 4077 1462 4146 sujst
1489 4076 1552 4131 de
1581 4075 1809 4131 l‘Usure.
1842 4075 1978 4133 Vide
2010 4088 2065 4132 et
2170 4078 2198 4132 1
2224 4077 2375 4133 Coll).
2411 4086 2466 4131 et
2492 4073 2661 4146 Bru'n.

476 4143 924 4218 Leviticicapite
968 4162 1093 4214 xxv,
1146 4143 1438 4209 Deuteroh.
1474 4163 1626 4216 smn,
1672 4147 1871 4203 Psalm.
1902 4163 1975 4216 tv,
2012 4159 2068 4207 et
2244 4147 2575 4218 Uﬂicialibus.
2610 4145 2739 4218 Mss.
2792 4144 2899 4218 duo
2921 4160 3032 4201 rec.
3081 4146 3229 4201 et15
3272 4145 3525 4216 impressi
3565 4144 3777 4202 addunt

476 4214 750 4292 Ezechiel.
781 4214 901 4287 cap.
933 4233 1128 4292 XVIII;
1321 4288 1330 4292 Α
1399 4287 1413 4292 _
1614 4214 1621 4216 ⁷
1707 4289 1738 4292 Α,
1961 4214 1967 4216 ⁷
2170 4214 2350 4292 libris,
2386 4234 2505 4292 quae
2549 4232 2655 4272 vos
2695 4215 2851 4275 deest
2877 4217 2930 4271 in
2958 4219 3203 4292 steteris;
3245 4214 3426 4292 neque
3463 4218 3770 4292 necessaria

473 4316 485 4343 .-
549 4286 701 4353 Quod
753 4286 1022 4349 succurrit.
1075 4288 1165 4345 Sic
1205 4287 1414 4347 restitui
1463 4303 1530 4345 ex
1574 4289 1823 4353 omnibus
1851 4303 1984 4347 mss.
2013 4297 2071 4346 et
2171 4300 2275 4356 est,
2307 4286 2573 4359 siquidem
2607 4302 2766 4357 supra
2797 4296 2922 4343 ante
2949 4286 3111 4352 finem
3140 4287 3331 4359 capitis
3362 4288 3450 4359 l7,
3493 4290 3776 4359 praecessit

475 4359 891 4433 quamplurimis
911 4359 1100 4433 editis.
1129 4359 1333 4431 Vulgati
1358 4361 1393 4417 5
1416 4359 1634 4433 habent,
1658 4371 1944 4433 succurrat.
2096 4406 2150 4433 η
2172 4356 2439 4417 sententia
2469 4356 2745 4415 Ciceronis
2765 4398 2780 4429 ,
2816 4359 2982 4430 petita
3007 4375 3076 4416 ex
3102 4357 3342 4416 secundo
3369 4356 3510 4414 libro
3538 4357 3609 4414 de
3643 4356 3773 4415 Ofﬁ-

550 4406 801 4500 Acc'ipiat.
829 4406 1105 4502 113⁷6όῆ1-ίῆ
1116 4406 1393 4485 ιιίηθευηίςξ
1416 4406 1552 4488 tit-"9”
1566 4406 2068 4502 edili'fet'seq'uen-
2096 4406 2150 4466 Β

480 4501 553 4573 tia
587 4499 717 4555 illud
751 4499 1269 4573 postulant.'Scripti
1299 4501 1488 4569 Cauta,
1538 4503 1691 4569 Juu.,
1736 4504 1762 4559 1
1811 4499 1964 4561 Colit.
2017 4511 2075 4558 et
2170 4564 2177 4571 _
2249 4501 2368 4559 Nisi
2411 4503 2675 4560 lacessitus
2727 4501 2940 4573 injuria.
2984 4499 3265 4573 Posthzec
3312 4500 3479 4573 verba
3522 4500 3769 4573 sequitur

482 4569 789 4645 6Aimpressi
816 4569 1257 4645 feruntaccipiet.
1294 4575 1367 4629 De
1393 4575 1710 4633 muneribus
1750 4590 1855 4629 non
1905 4576 2077 4633 susci-
2133 4638 2142 4645 _
2171 4569 2293 4630 lucc
2323 4576 2587 4631 sententia
2618 4575 2671 4629 in
2699 4569 2828 4645 mss.
2870 4571 2990 4629 Lat.
3028 4571 3127 4627 Ubi
3154 4571 3289 4626 male
3315 4571 3505 4642 adjecit
3536 4569 3770 4638 Tullius,

482 4641 690 4715 pieudis
722 4642 1040 4715 legeExod.
1066 4641 1217 4711 xxiu,
1241 4644 1500 4701 Proverb.
1524 4660 1611 4713 xv,
1634 4646 1926 4701 Deuteron.
1954 4661 2073 4715 xw,
2133 4641 2142 4645 ⁷
2177 4660 2279 4700 non
2303 4647 2563 4699 lacessitus
2585 4643 2799 4715 injuria.

482 4706 614 4788 Luc.
651 4727 724 4775 vi,
755 4706 820 4788 a'd
852 4706 1120 4788 Romanos
1151 4706 1244 4788 xv.
1325 4786 1343 4788 _
1596 4706 1606 4713 ’
1704 4785 1764 4788 __
2059 4706 2071 4715 ’
2250 4716 2481 4773 Caudam
2515 4706 3080 4788 turpfissimatn.iForte
3108 4712 3497 4788 nonnulli-pra:
3525 4712 3775 4788 castitate

557 4782 1304 4853 Respondeat.VideMatthN,
1324 4786 1479 4851 Luca:
1493 4801 1565 4852 vt,
1586 4785 1717 4842 etad
1733 4785 2075 4849 Romanam.
2179 4788 2468 4845 noluerunt
2510 4782 2729 4843 caudam
2759 4787 3063 4852 nominare,
3095 4794 3154 4840 ut
3199 4782 3422 4840 Lact.'l.
3452 4800 3492 4845 ι,
3524 4799 3645 4853 cap.
3684 4783 3773 4850 17,

559 4852 644 4913 Ne
671 4853 875 4927 verdum
899 4852 1110 4927 malum.
1130 4857 1204 4917 ιω
1232 4870 1353 4915 cum
1384 4856 1633 4915 omnibus
1653 4872 1782 4915 mss.
1812 4858 1941 4914 edit.
1968 4870 2072 4916 vet.
2180 4868 2235 4913 et
2262 4858 2429 4927 Epit..
2462 4874 2511 4913 c.
2554 4859 2621 4923 9;
2648 4856 2836 4912 Semen
2862 4858 2915 4912 in
2943 4872 3074 4913 mss.
3103 4857 3423 4911 omiserunt.
3465 4852 3682 4924 Reliqui
3722 4862 3778 4911 et

486 4926 644 5001 Rom.
668 4934 723 4981 et
746 4924 1169 5001 Cellar.AC:eteri
1190 4927 1408 5001 vulgati,
1443 4946 1557 5001 nec.
1742 4999 1766 5001 _
1824 5000 1827 5001 ν
2180 4924 2376 5001 Fas_it.,
2405 4929 2815 5001 Gryph.legunt
2841 4939 2989 5001 recte
3008 4928 3247 5001 caudam.
3280 4927 3413 4982 Βυιι.

561 4998 664 5066 Qui
687 4997 808 5071 colit
832 4995 1058 5071 Verbum
1081 4995 1304 5071 bonumI
1321 4996 1377 5057 ld
1399 5008 1500 5068 est,
1529 4999 1715 5061 Jesu‘m
1739 4999 1834 5057 Dei
1856 5000 2076 5068 Filium,
2255 4999 2405 5065 Quod
2433 4995 2818 5071 si'p'atient'iam.
2835 5000 2927 5056 Sic
2955 4997 3239 5071 emendavi
3271 5013 3340 5053 ex
3366 4996 3613 5071 omnibus
3639 5011 3772 5071 mss.

487 5071 701 5142 qui_est
727 5067 957 5125 Verbum
984 5068 1179 5142 Patris.
2064 5067 2068 5068 ⁷
2181 5081 2234 5142 et
2291 5067 2532 5142 pluribus
2574 5072 2779 5128 editis:
2819 5071 2875 5126 in
2921 5070 3195 5142 nonnullis
3250 5078 3336 5123 est
3366 5110 3381 5135 ,
3448 5069 3773 5139 sapientiam.

558 5138 626 5194 Et
647 5141 893 5197 ultionem
912 5157 1058 5196 suam
1079 5140 1177 5196 sibi
1202 5157 1304 5197 non
1318 5152 1564 5197 assumat.
1589 5142 1891 5201 Pronnmeu
1910 5160 2076 5208 suout,

488 5211 632 5282 quod
672 5213 826 5287 abest
852 5227 882 5271 a
914 5228 1047 5273 mss.
1083 5214 1109 5271 1
1142 5212 1275 5287 Bon.
1318 5213 1485 5283 antiq.
1528 5224 1583 5270 et
1605 5212 1639 5268 4
1673 5215 1864 5283 editis,
1896 5215 2082 5273 addidi

490 5297 555 5336 ex
582 5286 815 5338 caeteris.
1954 5324 1963 5329 ν

551 5352 737 5434 .Judici
754 5354 862 5434 Qeo
882 5364 1119 5434 reservet.
1153 5355 1244 5412 Sic
1267 5356 1385 5427 lego
1407 5371 1528 5434 cum
1544 5357 1747 5434 iuReg.‘
1770 5357 2081 5434 antiquissi-

492 5426 617 5505 mis,
646 5426 787 5504 quod
818 5431 1158 5493 praestantius
1177 5438 1281 5493 est,
1304 5426 2077 5505 quamjudicio'Deireservet,

492 5498 545 5547 in
569 5498 1103 5577 Acmterisutamnmss.
1150 5498 1335 5577 quam
1360 5498 1540 5567 editis,
1589 5514 1783 5577 praeter
1813 5503 1834 5558 1
1869 5501 2077 5577 Bonan.

492 5567 657 5634 antiq.
692 5574 745 5621 et
793 5567 826 5620 5
871 5568 1000 5623 edit.
1030 5567 1082 5625 in
1110 5567 1306 5637 quibus
1333 5581 1416 5629 est
1446 5567 1625 5628 servet.
1659 5573 1736 5631 De
1766 5588 1872 5628 non
1913 5572 2080 5627 ulcis-

492 5638 684 5703 cendo,
732 5636 853 5721 y‘ide
906 5636 1189 5697 Deuteron.
1222 5657 1341 5721 cap.
1393 5658 1567 5719 xsxn,
1616 5653 1673 5704 et
1708 5644 1777 5702 ad
1827 5644 2083 5704 Hebraeos

494 5722 614 5780 cap.
648 5726 702 5781 ι,
734 5709 963 5769 Roman.
996 5724 1091 5769 ιιι.

2181 5140 2337 5198 Certa
2363 5143 2687 5199 emendatio.
2720 5142 2853 5197 Vide
2883 5140 3120 5212 prmced.
3157 5151 3210 5195 et
3232 5155 3385 5212 seqq.

2253 5214 2543 5285 Tanquam.
2584 5215 2710 5270 Mss.
2743 5216 2769 5269 1
2806 5209 2936 5284 Reg.
2985 5227 3097 5267 rec.
3126 5222 3181 5285 et
3207 5213 3234 5267 1
3274 5209 3431 5285 Colb.
3476 5224 3780 5285 novemque

2183 5285 2313 5342 edit.
2361 5281 2643 5356 perperam
2692 5281 2988 5356 addunt'si,
3015 5283 3164 5356 quod
3190 5299 3218 5336 a
3249 5281 3465 5338 caeteris
3495 5283 3673 5345 abest,
3723 5292 3781 5356 et

2181 5354 2396 5412 merito.
2450 5354 2589 5412 infra
2628 5372 2745 5426 cap.
2797 5356 2864 5410 19
2912 5354 3102 5418 initio,
3137 5363 3380 5426 tanquam
3423 5370 3571 5408 nemo
3619 5354 3783 5426 possit

2184 5430 2423 5484 adversus
2471 5431 2636 5483 hostes
2690 5423 2886 5500 fortiter
2926 5427 3190 5482 dimicare.
3214 5423 3304 5500 -ὲ-
3333 5423 3599 5500 Tanquam
3649 5424 3779 5491 igni.

2182 5500 2374 5557 Cicero
2402 5515 2617 5569 quoque
2637 5497 3034 5569 improbitatem
3061 5513 3183 5552 cum
3213 5497 3463 5551 incendio
3498 5504 3787 5569 comparat

2184 5571 2224 5627 l.
2254 5589 2292 5638 ι,
2325 5572 2377 5626 in
2409 5568 2632 5626 Verrem
2661 5584 2709 5624 e.
2744 5568 2814 5625 58
2841 5587 2853 5623 :
2884 5568 3153 5624 Communi
3179 5568 3419 5638 pratsidio
3441 5568 3561 5620 talis
3586 5568 3788 5638 impro-

2187 5637 2317 5703 bitas
2367 5652 2612 5714 tauquam
2660 5640 2871 5712 aliquod
2928 5637 3221 5699 incendium
3265 5637 3632 5767 resgngueuda
3683 5648 3786 5693 est.

2342 5720 2351 5734 ’
3390 5723 3626 5767 nam.
