4142 6200
371 300 478 359 701

1539 296 1748 367 LIBER
1785 296 1876 364 Ἥ·
1919 295 2006 367 DE
2045 295 2230 369 ΥΕΒο
2266 298 2514 371 CULTU.

3572 310 3678 369 702

374 415 543 472 deris.
566 412 661 470 Sin
710 416 889 468 autem
933 412 1276 483 provocatrix
1306 412 1395 479 illa
1425 412 1743 489 improbitas
1794 413 1967 484 impa—
1993 412 2046 487 Α
2071 413 2260 485 lustius
2284 416 2352 483 ab
2375 418 2550 493 Appio
2575 419 2777 485 dictum
2808 426 3015 501 rere")
3042 429 3286 495 θιβινουίι
3304 469 3321 497 ,
3344 426 3519 493 mini;
3538 439 3677 498 quo-

373 508 623 566 tientiam
649 505 752 563 sibi
776 519 1087 577 comparem
1111 516 1268 563 nacta
1298 514 1417 574 est,
1449 514 1703 580 tanquam
1748 505 1970 580 perfusa

373 602 520 671 οιεο.
549 607 755 665 tantum
784 597 1043 665 excitabit
1065 598 1394 669 incendium.
1425 608 1487 663 ut
1530 598 1584 661 id
1628 613 1739 659 non
1768 598 1970 665 ﬂumen

373 694 592 769 aliquod
614 736 630 762 ,
663 692 760 753 sed
789 691 981 755 ell‘usio
1014 691 1222 753 cruoris
1247 692 1545 765 extinguat.
1575 691 1763 765 Magna
1789 692 1973 764 itaque

374 786 649 861 patientia:
674 785 815 842 ratio
842 793 960 850 est,
988 799 1147 856 quam
1172 784 1390 857 sapiens
1411 784 1574 839 homo
1599 784 1800 849 ademit
1826 784 1972 845 bono

374 881 513 939 viro.
537 877 607 935 Ut
650 876 795 941 enim
831 875 964 931 nihil
994 875 1260 931 malorum
1294 875 1408 943 liat,
1457 877 1572 931 haec
1615 875 1728 930 sola
1759 873 1924 941 eflicit
1953 892 1969 943 ς

373 987 496 1046 quae
519 972 566 1027 si
593 970 755 1033 detur
799 968 1076 1037 omnibus,
1104 968 1311 1025 nullum
1342 967 1543 1046 scelus,
1564 967 1710 1023 nulla
1741 966 1887 1033 fraus
1916 967 1971 1028 in

373 1042 537 1122 rebus
564 1061 814 1125 humanis
832 1060 956 1125 erit.
988 1060 1127 1129 Quid
1150 1060 1313 1135 igitur
1340 1060 1484 1119 bono
1511 1042 1629 1117 viro
1657 1067 1832 1131 potest
1852 1075 1973 1131 esse

374 1167 486 1219 tam
531 1156 905 1215 calamitosum
933 1196 947 1223 ,
997 1164 1217 1226 tamque
1262 1154 1617 1221 contrarium,
1667 1168 1823 1225 quam
1876 1153 1972 1209 irae

373 1254 542 1313 fraena
557 1249 906 1323 permittere;
926 1264 1045 1321 quae
1060 1247 1212 1309 illum
1231 1262 1337 1309 non
1356 1246 1517 1303 modo
1530 1246 1679 1314 boni,
1697 1244 1792 1311 Sed
1806 1244 1969 1315 etiam

370 1344 607 1407 hominis
631 1342 992 1413 appellatione
1015 1339 1307 1413 dispoliet?
1338 1338 1618 1410 Siquidem
1661 1352 1859 1401 nocere
1886 1337 1971 1397 al-

374 1438 503 1504 teri,
533 1447 590 1495 ut
626 1435 744 1508 ipse
770 1433 1055 1499 verissime
1081 1434 1178 1503 ait,
1207 1448 1315 1493 non
1355 1440 1438 1495 est
1464 1430 1759 1497 secundum
1792 1430 1970 1499 homi-

372 1530 459 1587 nis
472 1536 743 1587 naturam.
771 1526 907 1587 Nam
926 1533 982 1584 et
1001 1524 1236 1597 pecudes
1250 1525 1295 1589 si
1311 1524 1547 1587 lacessas
1564 1565 1579 1591 ,
1608 1533 1698 1581 aut
1716 1524 1863 1581 calce
1880 1533 1972 1581 aut

372 1638 543 1683 cornu
555 1628 888 1695 repugnant;
907 1629 961 1678 et
974 1628 1253 1690 serpentes
1264 1633 1328 1683 ac
1340 1619 1490 1687 ferae,
1506 1619 1611 1675 nisi
1629 1618 1972 1692 persequaris

371 1727 433 1775 ut
446 1714 687 1783 occidas,
700 1714 975 1786 negotium
990 1728 1100 1770 non
1116 1711 1406 1781 exhibent;
1430 1719 1485 1772 et
1502 1710 1583 1786 (ut
1598 1712 1664 1767 ad
1689 1711 1969 1777 hominum

2076 521 2182 579 que
2214 508 2487 575 hominem
2517 514 2712 573 canino
2742 517 2905 581 modo
2934 519 3136 589 vivere,
3164 529 3225 583 ut
3250 518 3561 585 remordeat
3590 518 3673 581 la-

2077 600 2325 669 cessitus.
2356 602 2487 675 Quae
2513 606 2797 671 retributio
2821 614 3165 679 contumeliae
3192 627 3353 686 quam
3375 611 3676 683 perniciosa

2076 689 2145 759 sit
2168 700 2220 755 et
2246 708 2378 769 quas
2405 694 2568 763 edere
2589 698 2762 757 soleat
2782 709 3009 776 strages,
3038 705 3180 765 unde
3205 705 3559 779 Opportunitts
3582 719 3678 776 pce

2076 790 2222 841 tetur
2250 788 2577 859 exemplum,
2608 807 2767 871 quam
2794 810 2861 851 ex
2890 796 3058 867 ipsius
3086 798 3439 871 praceptoris
3470 798 3676 859 tristis:

2076 879 2214 947 simu
2259 896 2420 950 casu;
2467 884 2556 957 qui
2607 885 2732 942 dum
2784 887 2870 953 bis
2900 890 3345 962 philosophorum
3396 890 3678 962 praeceptis

2075 970 2453 1045 obtemperare
2478 977 2660 1048 geStit,
2684 978 2807 1053 ipse
2831 996 2891 1038 se
2913 983 3184 1054 perdidit?
3206 984 3359 1054 Quod
3386 985 3430 1043 si
3458 984 3679 1049 lacessi-

2075 1070 2163 1131 tus
2190 1064 2381 1143 injuria
2413 1069 2725 1138 patientiam
2785 1075 3080 1142 tenuisset;
3112 1078 3158 1137 si
3203 1076 3581 1144 dissimulare,
3629 1076 3677 1143 si

2075 1154 2217 1212 ferre
2247 1161 2630 1217 contumeliam
2654 1163 2781 1219 boni
2808 1166 2907 1223 viri
2936 1182 3062 1229 esse
3090 1168 3400 1239 didicisset;
3430 1184 3533 1233 nec
3559 1169 3677 1233 illas

2076 1249 2286 1305 nobiles
2311 1253 2586 1309 orationes
2604 1256 2782 1317 alieno
2806 1259 2961 1325 titulo
2984 1260 3292 1331 inscriptas,
3318 1262 3674 1331 impatientia,

2076 1349 2131 1397 et
2159 1341 2371 1410 levitas,
2419 1354 2474 1400 et
2511 1347 2718 1403 insania
2768 1348 3134 1419 profudisset:
3184 1368 3457 1423 nunquam
3504 1354 3678 1423 capite

2075 1447 2177 1489 suo
2204 1443 2401 1503 rostra,
2429 1436 2482 1491 in
2506 1437 2701 1507 quibus
2723 1440 3152 1510 anteﬁoruerat,
3175 1451 3547 1509 cruentasset;
3577 1458 3679 1499 nec

2075 1525 2464 1599 rempublicam
2507 1528 2748 1597 funditus
2798 1534 3121 1605 proscriptio
3166 1534 3261 1599 illa
3289 1534 3545 1599 delesset.
3574 1535 3677 1591 Sa-

2078 1616 2276 1689 pientis
2302 1634 2433 1693 ergo
2459 1635 2524 1689 ac
2550 1622 2677 1697 boui
2706 1624 2807 1689 viri
2838 1640 2945 1685 non
2975 1635 3061 1691 est
3087 1626 3225 1683 velle
3249 1636 3481 1695 certare,
3529 1642 3593 1685 ac
3618 1643 3678 1687 se

2075 1712 2319 1783 periculo
2349 1714 2727 1783 committere:
2757 1718 3014 1789 quoniam
3046 1727 3102 1791 et
3125 1718 3346 1777 vincere
3381 1734 3488 1778 non
3514 1730 3595 1783 eet
3622 1721 3679 1785 in

369 1810 619 1881 exempla
644 1806 955 1879 redeamus)
976 1806 1211 1878 imperiti
1234 1808 1452 1878 quoque
1477 1813 1531 1866 et
1559 1804 1898 1877 insipientes,
1920 1804 1967 1863 si
1996 1811 2044 1877 Β
2072 1812 2257 1867 nOStra
2288 1814 2577 1877 petestate,
2610 1817 2666 1871 et
2694 1817 2778 1869 est
2805 1824 3008 1883 anceps
3035 1825 3196 1873 otnne
3229 1820 3503 1871 certamen
3535 1829 3548 1866 :
3576 1813 3674 1871 sed

370 1902 587 1976 quando
614 1901 887 1972 accipiunt
914 1898 1163 1970 iniuriam
1187 1938 1203 1965 ,
1232 1912 1378 1961 caeco
1402 1904 1457 1952 et
1481 1895 1837 1963 irrationabili
1880 1895 1966 1951 τυ-

369 2009 496 2051 rore
538 1993 830 2061 ducuntur,
871 2000 925 2049 et
971 1991 1058 2057 iis,
1081 1990 1170 2061 qui
1197 1987 1301 2045 sibi
1348 1995 1566 2055 nocent,
1604 1987 1778 2047 vicem
1805 1986 1967 2045 retri-

368 2086 538 2142 buere
562 2092 850 2141 conantur.
878 2081 939 2139 In
970 2097 1077 2153 quo
1113 2080 1274 2153 igitur
1298 2080 1513 2150 sapiens
1545 2093 1609 2134 ac
1627 2078 1800 2139 bonus
1827 2078 1911 2133 vir
1937 2092 1967 2133 a

369 2180 530 2237 malis
559 2188 615 2236 et
641 2176 1016 2249 insipientibus
1048 2173 1267 2240 dilfert;
1300 2174 1404 2233 nisi
1426 2171 1569 2243 quod
1610 2172 1773 2229 habet
1797 2171 1968 2241 invic-

370 2283 480 2331 tam
509 2271 845 2343 patientiam,
875 2283 980 2340 qua
1007 2266 1157 2324 stulti
1181 2274 1401 2331 carent;
1448 2264 1554 2321 nisi
1598 2263 1743 2337 quod
1773 2277 1965 2335 regere

374 2380 439 2422 se
465 2379 527 2421 ac
558 2363 807 2434 mitigare
837 2361 974 2419 iram
1005 2374 1159 2416 suam
1192 2359 1362 2427 novitl
1386 2373 1546 2430 quam
1572 2357 1673 2425 illi,
1703 2358 1828 2428 quia
1858 2357 1967 2412 vir-

370 2466 487 2516 tute
513 2456 776 2528 indigent,
808 2452 1103 2513 refraenare
1131 2467 1239 2509 non
1273 2450 1537 2527 possunt?
1564 2449 1673 2513 Sed
1715 2450 1967 2507 videlicet

372 2553 493 2608 haec
520 2551 671 2611 illum
702 2562 789 2605 res
816 2546 1028 2613 fefellit,
1053 2545 1195 2617 quod
1234 2559 1354 2605 cum
1394 2545 1463 2603 de
1490 2544 1689 2607 virtute
1716 2543 1967 2614 loquere-

375 2654 486 2711 tur,
513 2644 566 2700 in
596 2655 934 2716 quacumque
955 2640 1301 2701 contentione
1322 2637 1583 2705 vinceret,
1615 2636 1817 2709 putavit
1837 2621 1967 2705 esse

368 2738 626 2804 virtutis;
658 2752 759 2795 nec
798 2735 983 2792 videre
1033 2733 1146 2789 ullo
1177 2733 1339 2789 modo
1370 2732 1542 2803 potuit
1568 2731 1841 2801 hominem
1869 2732 1967 2799 do-

370 2831 473 2887 lori
502 2839 559 2887 et
581 2830 678 2888 irae
704 2827 1170 2897 succumbentem,
1195 2835 1249 2882 et
1274 2826 1340 2882 iis
1371 2824 1651 2883 aﬁectihus
1679 2825 1962 2896 indulgen-

370 2932 503 2990 tem,
536 2921 733 2995 quibus
768 2920 931 2977 debet
958 2920 1134 2989 potius
1163 2918 1441 2985 reluctari,
1482 2927 1537 2974 et
1562 2928 1810 2975 ruentem
1833 2933 1965 2989 qua-

369 3031 602 3086 cumque
623 3013 937 3084 improhitas
963 3011 1291 3082 provocarit,
1350 3011 1560 3066 virtutis
1585 3010 1824 3067 ofﬁcium
1854 3025 1962 3067 non

372 3120 577 3165 tenere.
594 3106 696 3174 Qui
716 3107 860 3162 enim
880 3105 1349 3175 relerreinjuriam
1374 3105 1583 3172 nititur,
1609 3119 1732 3160 eum
1757 3105 1960 3175 ipsum,

2073 1904 2157 1953 cst
2181 1897 2440 1968 sapientis
2461 1907 2620 1971 atque
2640 1901 2829 1970 optimi
2854 1904 2974 1969 viri,
3001 1918 3107 1963 non
3135 1903 3510 1967 adversarium
3533 1904 3678 1969 velle

2073 1987 2294 2055 lollere;
2324 1990 2466 2063 qUOd
2502 1989 2619 2055 ﬂeti
2645 1992 2764 2055 sine
2802 1993 3009 2053 scelere
3053 2009 3118 2051 ac
3149 1995 3389 2067 periculo
3434 2011 3542 2057 non
3574 2012 3674 2068 po—

2071 2087 2218 2145 test:
2258 2081 2356 2139 sed
2395 2091 2671 2149 certamen
2710 2086 2909 2158 ipsum,
2939 2088 3086 2161 quod
3128 2090 3244 2149 ﬁeri
3282 2099 3337 2151 et
3363 2091 3586 2160 utiliter,
3615 2070 3674 2157 'et

2064 2172 2212 2243 justo
2242 2182 2436 2245 potest.
2466 2175 2687 2239 Summa
2715 2178 2877 2249 igitur
2900 2180 3077 2244 virtus
3122 2181 3369 2245 habenda
3415 2184 3673 2253 patientia

2069 2275 2155 2329 est
2178 2264 2199 2321 ’;
2230 2281 2390 2339 quam
2424 2277 2483 2323 ut
2508 2279 2725 2340 caperet
2750 2270 2912 2331 homo
2930 2271 3133 2343 justus,
3159 2273 3329 2337 voluit
3353 2274 3505 2337 illum
3530 2275 3671 2332 Dens

2071 2356 2167 2430 (ut
2186 2372 2350 2431 supra
2375 2358 2577 2416 dictum
2605 2359 2720 2436 est)
2743 2376 2839 2432 pro
2867 2362 3043 2421 inerte
3067 2364 3360 2427 contemni.
3390 2364 3506 2425 Nisi
3525 2367 3671 2427 enim

2070 2452 2409 2517 contumeliis
2437 2453 2594 2511 fuerit
2619 2454 2845 2523 allectus
2871 2498 2887 2528 ,
2931 2467 3188 2533 quantum
3229 2459 3426 2521 habeat
3452 2456 3693 2519 fortitu-'

2068 2542 2211 2607 dinis
2251 2545 2305 2600 in
2330 2546 2511 2621 seipse
2541 2546 2869 2617 cohibenda,
2903 2550 3256 2622 ignorabitur.
3287 2550 3344 2608 Si
3382 2561 3563 2613 autem
3594 2553 3675 2610 la-

2068 2635 2298 2705 cessitus
2328 2638 2524 2709 injuria
2572 2640 2861 2707 laedentem
2909 2644 3158 2716 persequi
3201 2645 3449 2715 σαίρω-ὴ,
3496 2644 3670 2703 victus

2068 2740 2171 2801 est.
2208 2733 2265 2793 Si
2295 2749 2428 2799 vero
2454 2744 2662 2800 motum
2709 2737 2862 2803 illum
2893 2739 3107 2801 ratione
3135 2740 3554 2810 compresserit,
3585 2740 3675 2798 hic

2068 2823 2229 2896 plane
2271 2826 2502 2899 imperat
2535 2828 2638 2887 sibi
2661 2846 2677 2901 ;
2700 2830 2808 2895 hic
2836 2845 3022 2903 regere
3064 2845 3125 2891 se
3163 2842 3361 2902 potest.
3394 2833 3526 2901 Qum
3558 2847 3678 2891 sus.

2067 2922 2296 2975 tentatio
2311 2921 2415 2989 sui,
2434 2931 2581 2978 recte
2600 2924 2853 2994 patientia
2873 2925 3183 2981 nominatur
3201 2943 3215 2983 ε
3239 2941 3360 2998 qua:
3379 2942 3482 2982 una
3503 2926 3673 2982 virtus

2065 3014 2318 3071 omnibus
2338 3024 2421 3071 est
2434 3018 2679 3087 opposita
2693 3017 2835 3072 vitiis
2848 3026 2902 3073 et
2918 3017 3222 3074 affectibus.
3245 3019 3370 3074 Haec
3386 3020 3670 3089 perturba-

2068 3117 2180 3173 tum
2206 3122 2269 3175 ac
2293 3106 2639 3173 ﬂuctuantem
2670 3110 2908 3167 animum
2937 3109 3005 3165 ad
3045 3110 3490 3182 tranquillitatem
3521 3126 3671 3173 suam

369 3219 399 3257 a
428 3216 538 3273 quo
559 3203 718 3257 laesus
746 3208 851 3265 est,
879 3199 1041 3269 gestit
1068 3198 1290 3254 imitari.
1321 3197 1395 3253 Ita
1426 3198 1518 3269 qui
1549 3198 1751 3255 malum
1780 3198 1963 3257 imita-
1991 3207 2035 3271 α
2068 3212 2290 3257 revocat
2317 3217 2333 3255 :
2365 3201 2479 3257 haec
2500 3202 2727 3273 mitigat,
2760 3201 2876 3258 lucc
2905 3202 3178 3258 hominem
3211 3204 3313 3259 sibi
3337 3203 3538 3259 reddit.

368 3302 482 3360 tur,
501 3293 676 3348 bonus
701 3306 823 3348 esse
846 3292 995 3346 nullo
1022 3300 1186 3362 pacto
1214 3298 1417 3361 potest.

442 3386 661 3443 Duobus
704 3385 863 3457 igitur
904 3378 1085 3440 verbis
1115 3382 1248 3437 duas
1275 3382 1503 3438 virtutes
1531 3381 1795 3438 maximas
1819 3382 1966 3449 bono

367 3489 425 3537 et
454 3477 682 3549 sapienti
710 3479 845 3545 viro,
874 3476 1235 3535 innocentiam
1264 3474 1682 3545 patientiamque
1706 3474 1961 3533 detraxit.

367 3571 477 3630 Sed
523 3571 649 3642 quia
679 3570 793 3641 ipse
820 3569 1067 3625 caninam
1107 3567 1253 3623 illam
1302 3565 1607 3622 facundiam
1638 3565 1817 3640 (sicut
1843 3567 1964 3623 Sal-

2142 3294 2284 3365 Ergo
2312 3294 2566 3365 quoniam
2601 3304 2807 3355 naturae
2852 3309 3155 3369 repugnare
3201 3295 3539 3368 impossibile
3593 3303 3676 3371 est

2070 3396 2127 3444 et
2163 3387 2374 3456 inutile,
2406 3398 2463 3451 ut
2492 3402 2600 3455 non
2632 3403 3071 3455 commoveamur
3107 3389 3360 3455 omnino;
3399 3390 3547 3461 prius
3593 3397 3674 3455 ta.

2072 3494 2217 3543 men.
2260 3493 2421 3548 quam
2458 3479 2752 3537 commotio
2794 3477 2885 3535 illa
2933 3479 3177 3550 prosiliat
3218 3478 3286 3533 ad
3329 3477 3629 3535 nocendum
3658 3520 3674 3545 ,

2070 3568 2247 3640 quoad
2278 3569 2393 3625 fieri
2418 3578 2593 3659 potest
2622 3612 2637 3645 ,
2666 3570 2927 3627 maturius
2949 3570 3210 3647 scpiatur.
3243 3569 3506 3640 Praecepit
3538 3568 3678 3635 Deus

1700 3677 2069 3745 VARIORUM
2106 3681 2339 3742 ΝΟΤιλΕ.

444 3831 769 3901 Comparem.
813 3825 1133 3898 Improhitas
1169 3832 1223 3880 et
1253 3823 1587 3949 impatientia
1635 3824 1725 3880 hic
1755 3833 1816 3882 ut
1868 3841 1965 3897 par

444 3903 724 3949 nlinlnrnm
780 3907 1196 3949 componuntur.
1242 3896 1304 3949 Vt
1351 3937 1363 3949 .
1415 3895 1452 3949 1.
1503 3912 1576 3949 v1.
1609 3910 1660 3949 c.
1689 3897 1761 3949 ΞΟ
1805 3907 1859 3949 et
1896 3897 1965 3949 de

402 3895 725 3957 ladiatornm
780 3895 1196 3968 componuntur.
1242 3895 1363 3952 Vid.
1402 3895 1452 3968 Vl.
1503 3912 1576 3962 v1,
1609 3910 1660 3952 c.
1689 3897 1761 3953 ΞΟ
1805 3895 1965 3952 etde

408 3918 725 3957 munitorum
780 3918 1196 3968 componuntur.
1252 3918 1363 3952 VIII.
1417 3918 1452 3951 Ι.
1503 3918 1576 3962 γι,
1609 3918 1660 3952 (ἶ.
1690 3918 1761 3953 2U
1805 3918 1859 3952 ει
1896 3918 1962 3952 08

370 3918 518 4045 ξηαπ.
549 3988 598 4029 c.
650 3973 752 4041 l9,
780 3971 833 4027 in
880 3970 1023 4026 nctis
1055 3986 1068 4023 :
1099 3966 1220 4023 Nisi
1278 3967 1431 4040 fuerit
1471 3982 1699 4093 ﬁompar
1748 3968 1962 4041 aliquis.

1517 4054 1750 4093 uacuam.

1517 4054 1750 4096 UNEMAN.

448 4115 586 4184 Quid
630 4115 821 4186 igitur:
851 4111 979 4168 Mss.
1009 4111 1211 4186 _5_re_c.
1247 4117 1301 4165 et
1327 4108 1399 4186 EQ
1426 4108 1555 4186 edit.
1579 4110 1714 4186 Quid
1759 4125 1899 4186 ergo_.
1933 4110 1960 4171 1

371 4179 580 4242 Boiion.
597 4179 765 4255 antiq.
783 4183 973 4248 Cauc.,
1000 4184 1025 4237 1
1054 4179 1354 4255 C_olb.._pro
1380 4181 1556 4255 igitur,
1582 4181 1780 4236 habent
1807 4179 1964 4255 enim,

372 4259 517 4331 quod
562 4272 687 4313 mox
731 4253 1030 4329 praecessit.
1064 4253 1261 4310 Cmteri
1307 4253 1543 4306 maximo
1572 4267 1800 4309 numero
1823 4253 1965 4308 utin

371 4339 539 4385 ιεκιῐι.

445 4400 599 4468 Quod
615 4415 731 4454 cum
760 4399 823 4454 de
849 4398 1050 4453 virtute.
1074 4394 1308 4468 Reposui
1344 4395 1480 4468 quod
1509 4408 1581 4450 ex
1610 4396 1823 4451 cunctis
1850 4394 1965 4451 fere

370 4487 505 4527 mss.
536 4471 590 4525 lu
613 4472 648 4525 '5
673 4484 786 4525 rec.
818 4478 874 4523 et
900 4470 952 4523 in
982 4468 1142 4522 editis
1163 4467 1357 4537 legitur
1380 4467 1520 4534 quin.

442 4541 783 4610 Laqueretur.
806 4540 896 4595 Sic
920 4539 1128 4594 restitui
1155 4536 1377 4593 ex’mss.
1412 4537 1439 4591 1
1465 4538 1751 4605 Βοηοη.ςοι
1776 4538 1799 4591 1
1830 4536 1962 4606 Reg.

372 4614 758 4682 antiquissimis
788 4653 805 4677 ,
859 4611 897 4664 2
943 4610 1205 4682 al.7Reg.A
1242 4623 1352 4682 rce.
1404 4623 1635 4682 quorum
1684 4622 1825 4664 unus
1881 4617 1986 4665 est.

370 4678 588 4755 optima:
612 4694 772 4750 notae,
805 4682 987 4755 L_ips.,
1012 4678 1477 4755 Pal.,_leCt_)lb_ert.
1510 4678 1697 4741 Marm.
1728 4694 1758 4733 a
1793 4681 1963 4755 prima

370 4750 558 4810 manu.
589 4755 788 4825 Scripti
829 4750 943 4825 8’et
970 4752 1060 4816 10,
1111 4750 1242 4825 editi
1292 4750 1490 4807 habent
1516 4759 1865 4821 quwreretur;
1898 4751 1963 4807 11

372 4842 509 4882 mss.
539 4841 650 4881 rec.
680 4823 735 4881 et
766 4826 796 4878 7
817 4824 1034 4894 vulgati,
1066 4823 1333 4892 queritur.

444 4897 513 4952 Et
551 4907 782 4951 ruentem
819 4892 1139 4965 qudcumque
1181 4893 1481 4960 improbitas
1528 4894 1864 4965 provocarit._
1888 4892 1964 4951 Ita

370 4984 507 5023 mss.
527 4970 699 5023 ferme
718 4963 929 5022 omnes.
953 4966 1119 5020 Brun.
1139 4965 1502 5035 prouocaret-it.
1520 4963 1964 5035 Subaudiendunt

409 5048 536 5106 arte,
563 5040 705 5109 quod
736 5054 803 5093 ex
830 5037 1007 5109 glossa
1032 5036 1234 5091 forsan.
1251 5049 1386 5091 mss.
1411 5034 1446 5088 2
1474 5034 1608 5106 Reg.
1632 5050 1745 5090 rec.
1769 5034 1965 5109 Canta-

409 5058 536 5106 arte,
563 5058 705 5109 quoa
736 5058 803 5093 ex
830 5058 1006 5106 glossa
1032 5058 1234 5091 tnrsan.
1251 5058 1386 5091 nisti.
1413 5058 1446 5088 Ζ
1474 5058 1608 5106 neg.
1634 5058 1745 5090 rec.
1769 5058 1965 5091 υῖιιιιιιο

370 5058 510 5179 Erig.
536 5121 588 5165 et
619 5108 753 5165 edit.
773 5110 808 5163 ’5
833 5118 942 5163 vet.
980 5107 1136 5179 Rom.
1173 5113 1535 5179 receperunt,
1576 5122 1893 5179 quacumque
1912 5108 1967 5179 in

358 5176 549 5252 ipar'te,
583 5180 919 5252 referentes,
949 5186 1003 5234 et
1033 5180 1060 5234 1
1091 5178 1246 5252 Colb.
1279 5179 1338 5252 in
1376 5192 1545 5252 marg.
1589 5176 1904 5252 I_n_vnlga_t_is
1930 5177 1965 5252 8

369 5245 456 5308 est
480 5267 847 5330 quanicumque
872 5251 923 5304 in
946 5248 1407 5330 partem.._Explica
1440 5247 1639 5330 (inquit
1656 5245 1962 5320 Walchius)

371 5334 419 5378 et
447 5321 542 5391 per
570 5326 721 5378 etiam
739 5321 768 5390 ;'
788 5336 982 5377 sensus
1006 5321 1214 5376 carebit
1245 5321 1591 5391 obscuritate.

444 5389 759 5450 Caninam...
794 5393 1108 5463 facundiam.
1140 5392 1333 5463 Plures
1361 5391 1427 5446 ad
1454 5390 1555 5463 hoc
1581 5389 1739 5460 Appii
1760 5390 1963 5463 dictum

371 5477 665 5536 provocant
714 5466 781 5521 de
819 5463 1186 5536 quo_uberius
1218 5462 1416 5536 Wasse‘
1454 5462 1519 5516 ad
1553 5462 1773 5536 Sallust.
1801 5462 1961 5536 Frag.

370 5532 407 5592 Ῑ.
431 5554 504 5604 vr,
533 5552 583 5593 c.
614 5538 702 5602 11,
733 5552 786 5607 p.
816 5532 905 5592 88.
925 5534 1137 5607 Omnes
1154 5533 1610 5607 praetermiserunt
1636 5532 1967 5607 locumliie-

369 5610 581 5680 ronymi
610 5603 963 5680 Lactantiano
988 5604 1375 5680 prosimumAin
1405 5603 1559 5674 epist.
1590 5604 1667 5680 ad
1686 5604 1962 5663 Rusticum

369 5675 519 5734 Men.
551 5678 589 5733 f.
624 5677 691 5733 47
719 5697 730 5732 :
761 5676 1057 5733 Procedunt
1083 5678 1136 5731 in
1166 5675 1447 5747 publicum,
1476 5685 1537 5747 ut
1553 5677 1789 5731 caninam
1816 5693 1964 5733 exer-

368 5761 517 5821 ceant
561 5750 877 5821 facundiam.
919 5745 1177 5821 Isidorus,
1208 5746 1246 5803 l.
1296 5746 1468 5821 unde
1517 5745 1740 5821 Summo
1781 5746 1961 5821 Bono,

368 5834 420 5883 c.
457 5820 527 5879 60
552 5816 799 5892 {Antiqui
840 5824 1093 5892 forensem
1130 5816 1467 5890 eloquentiam
1500 5817 1745 5883 caninam
1774 5816 1961 5891 facun}

2073 3826 2214 3885 diam
2268 3827 2657 3897 nuncupabant,
2694 3842 2751 3893 eo
2779 3827 2916 3898 quod
2952 3825 3201 3898 causidici
3231 3825 3283 3880 iu
3313 3823 3677 3898 certaminibus

2075 3915 2369 3970 onustarum
2400 3896 2616 3970 omissis
2645 3913 2760 3970 qua?
2792 3896 2982 3970 agunt,
3009 3897 3165 3970 ueluti
3194 3911 3344 3970 canes
3373 3896 3677 3957 alterutrum

2075 3986 2128 4024 se
2157 3968 2369 4096 latroni},
2388 3968 2672 4041 iurgiaque
2719 3968 2999 4029 causarum
3039 3969 3106 4026 ad
3133 3968 3358 4039 injurias
3386 3984 3508 4033 suas
3534 3983 3676 4023 com-

2075 4052 2296 4096 mutant.
2375 4056 2464 4096 ωε.
3332 4068 3337 4069 ί

2074 4052 2296 4105 mutant.
2328 4052 2464 4105 una.
2912 4102 2918 4109 ,
3092 4100 3102 4110 ,
3332 4068 3337 4069 ί

2146 4112 2347 4241 Rege“.
2374 4112 2529 4184 Apud
2558 4111 2792 4185 Nonium
2816 4112 2868 4170 in
2883 4110 3109 4169 Rabula.
3135 4110 3476 4180 Quintilium,
3502 4110 3538 4166 ι.
3570 4126 3670 4177 xu,

2075 4197 2192 4241 can.
2263 4225 2278 4241 .
2337 4203 2346 4214 ·

2075 4197 2192 4254 cap.
2221 4197 2278 4247 υ.
2337 4203 2346 4214 ·

2078 4242 2085 4251 ’
2142 4242 2343 4312 Canino
2370 4257 2543 4313 modo.
2574 4256 2702 4315 Mss.
2734 4258 2768 4313 ὅ
2799 4270 2911 4313 rec.
2941 4256 3125 4311 canino
3147 4269 3308 4311 utare.

2144 4326 2352 4397 Petatur
2378 4328 2687 4397 exentplum.
2721 4327 2849 4384 Mss.
2882 4328 2915 4382 5
2940 4341 3054 4385 rec.
3090 4337 3146 4381 et
3170 4326 3203 4397 5
3229 4322 3353 4380 edd.
3372 4321 3672 4397 Pateretur.

2141 4394 2592 4467 Praeceptor-ium
2628 4400 2652 4453 1
2699 4398 2831 4467 Reg.
2883 4406 2938 4452 et
2968 4399 3023 4453 in
3051 4396 3211 4452 editis
3237 4403 3322 4451 est
3346 4394 3587 4462 doctoris,
3622 4394 3674 4449 id

1990 4448 2044 4509 D
2071 4448 2174 4533 esi,
2194 4448 2481 4526 etiam;
2493 4448 2678 4537 usus
2699 4448 2899 4527 sane;

2146 4539 2298 4603 Quod
2324 4540 2367 4597 si
2396 4539 2681 4597 lacessitus.
2710 4541 2839 4597 Mss.
2862 4539 2988 4595 Jun.
3012 4546 3068 4595 et
3097 4538 3131 4594 5
3152 4537 3276 4607 edd.
3312 4538 3433 4603 Qui.

2145 4609 2630 4667 Orationesalieno
2673 4611 2821 4666 titulo
2870 4612 3166 4680 inscriptas.
3224 4608 3672 4679 Philippicarum,

2072 4695 2207 4749 quas
2224 4681 2289 4736 ad
2306 4682 2660 4739 imitationem
2683 4682 3060 4741 Demosthenis
3078 4681 3181 4737 hoc
3196 4680 3356 4736 modo
3375 4680 3672 4749 inscripsit.

2070 4751 2362 4808 Historiam
2395 4753 2511 4822 lege
2540 4756 2679 4822 apud
2709 4753 2852 4808 Plut.
2888 4754 2940 4807 in
2971 4753 3090 4809 Vita
3121 4755 3296 4807 Cicer.
3331 4760 3384 4807 et
3413 4752 3671 4808 Antonii:

2068 4823 2209 4892 apud
2238 4825 2540 4894 Appianum
2572 4826 2665 4880 lib.
2713 4841 2767 4881 tv
2812 4824 3082 4881 Bellorum
3112 4824 3389 4880 Civilium.
3438 4823 3535 4894 Vix
3567 4836 3668 4891 po-

2071 4902 2177 4966 test
2206 4892 2455 4953 excusari
2480 4894 2692 4963 Cicero,
2722 4896 2815 4966 qui
2843 4896 3043 4951 illatam
3086 4897 3189 4951 sibi
3218 4896 3285 4950 ab
3314 4892 3550 4966 Antonio
3579 4906 3675 4966 po-

2070 4965 2196 5031 tius,
2230 4980 2390 5033 quam
2419 4962 2685 5037 publicam
2720 4962 2973 5037 iniuriam
3002 4977 3110 5023 tam
3134 4967 3330 5037 acriter
3358 4962 3670 5037 vindicavit.

2145 5036 2313 5109 Quam
2342 5048 2398 5091 ut
2422 5035 2636 5107 caperet
2672 5035 2822 5094 homo
2844 5040 3045 5109 justus.
3076 5039 3150 5094 Ita
3197 5035 3407 5109 restitui
3438 5047 3669 5109 ex_mss.

2069 5108 2456 5178 antiquissimis
2488 5102 2512 5164 1
2548 5110 2780 5177 Borion,
2815 5102 3006 5179 2'Reg.
3069 5102 3540 5179 aliisqtte_1Sac_7
3562 5110 3673 5158 vet.

2068 5174 2228 5255 editis
2255 5198 2275 5255 _:
2305 5181 2365 5255 id
2384 5191 2489 5246 est,
2514 5199 2672 5255 qtlnlll
2699 5174 3259 5255 ut’posset'coutinerc
3289 5176 3453 5235 homo
3471 5174 3669 5255 justus.

2069 5251 2268 5321 Scripti
2308 5253 2376 5327 10
2427 5251 3004 5327 ιοιίἁεηυιιιθ’γυιεθιί
3052 5251 3261 5322 legunt,
3306 5262 3407 5317 qua
3458 5254 3511 5300 ut
3569 5259 3673 5299 non

2068 5330 2262 5399 careret
2299 5322 2449 5383 homo
2474 5322 2686 5399 justus:
2829 5393 2841 5399 _
2906 5322 2915 5324 ἡ
3040 5390 3052 5399 _
3127 5390 3148 5399 _
3306 5388 3319 5399 ,

2149 5391 2326 5450 Victus
2352 5404 2446 5449 est.
2470 5390 2493 5453 1
2522 5397 2757 5453 Clarum.
2789 5393 2953 5447 victus
2980 5390 3098 5457 erit;
3120 5390 3247 5448 Jun.
3272 5390 3431 5447 virtus
3452 5404 3554 5445 non
3574 5395 3672 5451 est;

2069 5464 2098 5520 1
2143 5464 2351 5521 Bonon.
2400 5467 2692 5538 antiquior,
2725 5465 2898 5535 .virtus
2942 5463 3088 5523 nulla
3134 5469 3231 5517 est.
3260 5460 3473 5534 ,Cteteri
3511 5468 3571 5515 ut
3618 5459 3671 5525 in
3762 5486 3773 5491 -

2070 5540 2370 5676 “illum:
2398 5608 2514 5662 sibi.
2550 5610 2574 5664 1
2610 5606 2745 5677 Reg.
2791 5619 2903 5663 rec.
2941 5615 2997 5664 et
3034 5605 3102 5663 12
3133 5589 3273 5665 εάἱιῖ
3303 5602 3505 5677 addunt
3540 5616 3671 5657 con--

2063 5674 2397 5803 iunctionem
2426 5691 2494 5744 et,
2526 5674 2978 5764 quatn'respuunt
3006 5679 3185 5759 czcteri
3228 5687 3284 5733 ut
3318 5674 3668 5756 sppertlumn.

2093 5748 2214 5806 dem
2245 5765 2298 5805 tn
2326 5751 2456 5806 bne.
2483 5766 2602 5806 can.
2633 5747 2721 5806 i9.
2755 5748 2835 5806 hic
2868 5763 3095 5806 uatmts.
3124 5750 3205 5806 Im:
3235 5751 3383 5806 fortis
3404 5785 3423 5806 .
3454 5745 3535 5801 lu;
3556 5756 3665 5806 was

2066 5751 2298 5893 lgem’in
2326 5751 2456 5831 line,
2483 5766 2602 5824 cap.
2633 5751 2721 5815 19,
2755 5751 2835 5807 hic
2867 5753 3095 5826 patiens,
3124 5751 3205 5806 hic
3234 5751 3383 5821 {ortis
3404 5785 3423 5815 ,
3454 5751 3535 5801 lu;
3556 5756 3641 5812 ius;

2124 5837 2147 5887 δ
2203 5837 2267 5876 s.
