4142 6200
481 326 590 386 705

1520 330 1709 389 Ριιιιι.
1746 289 2120 390 ὶΑεΤΑΝΤιι
2157 333 2363 394 DIVIN.
2406 335 2654 394 INS'l‘tT.

3679 335 3785 396 70t
3838 410 3843 413 _

483 460 594 503 non
628 442 878 501 occidere
905 443 1087 501 Solem
1117 458 1281 517 super
1309 446 1443 503 iram
1487 459 1748 515 nostram,
1794 465 1861 505 ne
1888 450 2084 506 furoris
2108 457 2163 515 Α
2190 453 2275 508 nia
2303 451 2538 510 facinora
2570 452 2876 525 prtecipites
2900 461 3096 525 agant;
3135 453 3233 521 ira,
3266 453 3778 527 Cllpidilﬂs,'iibid0.

483 537 654 595 nostri
685 536 837 593 testis
861 535 1138 593 abscedat.
1165 537 1405 610 Denique
1428 540 1638 597 Marcus
1664 542 1875 598 Tullius
1894 551 2081 598 contra

482 645 639 688 suum
669 641 1024 701 praeceptum,
1049 631 1119 689 de
1143 648 1250 703 quo
1280 634 1437 703 paulo
1457 643 1579 690 ante
1595 635 1725 701 dixi,
1754 636 2080 692 oblivionem

480 721 804 794 iniuriarum
822 724 875 779 in
891 724 1098 795 magnis
1128 724 1374 781 laudibus
1404 727 1599 795 posuit.
1627 745 1645 779 ι
1668 724 1860 798 Spero,
1888 728 2078 798 inquit,

485 816 693 885 Caesar,
745 817 836 887 qui
890 817 1135 873 oblivisci
1183 814 1314 873 nihil
1361 820 1538 886 soles,
1596 820 1699 875 nisi
1749 822 1993 890 injurias.
2057 841 2076 875 ι

483 908 639 976 Quod
667 909 713 964 si
738 908 841 964 hoc
868 909 958 965 ille
981 908 1227 976 faciebat,
1251 913 1414 967 homo
1439 928 1547 967 non
1570 927 1598 965 a
1621 913 1827 968 coelesd
1852 923 2080 982 tantum,

484 1003 580 1060 sed
607 1019 635 1055 a
658 1002 870 1073 publica
894 1018 1107 1073 quoque
1133 1004 1386 1074 civilique
1428 1004 1637 1074 iustitia
1658 1006 2079 1071 remotissimus;

484 1106 685 1169 quanto
716 1097 885 1167 magis
911 1096 963 1151 id
990 1110 1088 1152 nos
1127 1096 1307 1153 facere
1338 1096 1620 1167 debemus,
1646 1099 1736 1170 qui
1766 1097 2077 1154 immortali-

488 1190 613 1246 tatis
639 1188 784 1245 velut
808 1189 1077 1246 candidati
1104 1191 1327 1245 Sumus?

1077 1300 1306 1360 CAPUT
1344 1303 1484 1359 XIX.

536 1415 618 1472 De
641 1415 904 1484 affectibus
935 1432 1206 1487 eorumque
1230 1434 1354 1503 asp,
1384 1427 1534 1490 atque
1561 1420 1625 1474 de
1662 1421 1822 1476 tribus
1850 1420 2021 1492 furiis.

559 1550 778 1614 Stoicis.
812 1565 933 1606 cum
976 1550 1198 1607 ali‘ectus
1240 1566 1307 1606 ex
1355 1552 1596 1621 homine,
1643 1563 1895 1624 tanquam
1938 1569 2084 1609 mor-

490 1642 611 1710 bos,
660 1652 928 1698 conantur
966 1642 1227 1711 evellere,
1276 1643 1616 1714 Peripatetici
1658 1659 1718 1699 se
1759 1655 2072 1715 opponunt;

486 1751 688 1807 eosque
735 1750 843 1790 non
887 1735 1049 1801 modo
1094 1737 1358 1803 retinent,
1400 1737 1496 1793 sed
1542 1739 1703 1793 etiam
1747 1738 2078 1807 defendunt;

2183 544 2473 613 PrOpterea
2531 558 2702 617 poeta:
2760 557 2870 602 tres
2917 547 3107 603 Furias
3164 562 3285 604 esse
3335 547 3608 614 dixerunt,
3660 563 3781 619 qum

2187 642 2398 687 mentes
2431 631 2714 687 hominum
2743 633 3016 703 exagitent
3046 651 3059 686 :
3092 633 3172 688 ira
3199 632 3459 688 ultionem
3485 631 3779 699 desiderat,

2184 724 2449 794 cupiditas
2488 740 2640 793 opes,
2684 725 2851 780 libido
2888 726 3211 796 voluptates.
3258 725 3363 781 Sed
3397 724 3485 780 his
3524 724 3782 780 omnibus

2186 814 2327 871 Deus
2357 827 2538 871 certos
2568 817 2766 872 limites
2803 818 2990 872 statuit
3016 835 3029 870 :
3061 832 3198 888 quos
3224 818 3269 873 si
3310 817 3769 883 transcenderint,

2184 909 2523 979 majoresque
2548 924 2668 965 esse
2689 911 2973 979 coeperint,
2996 925 3221 966 necesse
3242 920 3324 965 est
3356 920 3598 965 naturam
3624 925 3779 966 suam

2185 998 2503 1069 depravent,
2536 1010 2590 1055 et
2617 1001 2668 1055 itt
2699 1000 2919 1056 morbos
2959 1016 3021 1057 ac
3048 1001 3175 1056 vitia
3211 1010 3506 1056 vertantur.
3537 1000 3638 1067 Qui
3686 1016 3783 1056 au-

2187 1098 2293 1147 tem
2318 1093 2425 1146 sint
2456 1092 2539 1146 isti
2566 1092 2784 1159 limites,
2811 1108 2919 1147 non
2942 1102 3022 1148 est
3044 1094 3223 1163 magni
3246 1093 3445 1148 laboris
3471 1092 3780 1148 ostendere.

2256 1180 2535 1252 Cupiditas
2581 1183 2648 1238 ad
2686 1198 2747 1237 ea
2776 1183 3137 1254 comparanda
3179 1184 3340 1240 nobis
3376 1185 3498 1240 data
3527 1194 3633 1252 est,
3661 1200 3784 1255 qua:

2186 1283 2311 1331 sunt
2335 1277 2402 1330 ad
2430 1276 2593 1329 vitam
2621 1278 2957 1340 necessaria;
2991 1275 3178 1342 libido,
3204 1275 3271 1330 ad
3312 1275 3556 1331 sobolem
3586 1290 3783 1346 propa-

2184 1368 2450 1439 gaudam;
2480 1368 2575 1423 irae
2598 1367 2844 1433 affectus,
2872 1368 2937 1423 ad
2976 1367 3273 1424 coercenda
3308 1377 3523 1438 peccata
3567 1382 3780 1434 eorum,

2185 1464 2274 1533 qui
2300 1471 2428 1517 sunt
2455 1463 2506 1516 in
2534 1471 2712 1517 nostra
2748 1470 3036 1531 potestate,
3064 1460 3115 1516 id
3146 1470 3247 1526 est,
3277 1471 3333 1514 ut
3361 1461 3597 1515 arctiore
3620 1459 3783 1515 disci-

2186 1553 2329 1625 plina
2362 1552 2538 1608 miuor
2565 1562 2696 1609 ictas
2721 1555 2789 1608 ad
2830 1552 3153 1623 probitatem
3186 1553 3546 1623 iustitiamque
3577 1552 3777 1608 forme-

2185 1654 2302 1700 tur:
2332 1662 2451 1718 qute
2481 1646 2581 1701 nisi
2615 1656 2758 1700 metu
2783 1644 3116 1712 cohibeatur,
3145 1644 3359 1699 licentia
3403 1644 3577 1715 pariet
3601 1644 3779 1700 audav

2185 1740 2344 1805 ciam,
2371 1755 2492 1810 qua:
2532 1740 2598 1793 ad
2636 1753 2797 1794 omne
2824 1738 3080 1808 flagitium
3111 1746 3168 1793 et
3196 1737 3400 1792 facinus
3434 1737 3643 1792 evadet.
3678 1738 3783 1792 Ita—

488 1828 731 1899 niltilque
754 1827 806 1882 in
838 1828 1057 1885 homine
1077 1844 1199 1885 esse
1224 1829 1428 1895 dicunt,
1463 1830 1608 1901 quod
1644 1848 1751 1897 non
1781 1847 1969 1902 magna
1993 1847 2080 1887 ra-
2110 1851 2157 1912 Β
2184 1847 2289 1902 que
2333 1841 2390 1886 tit
2437 1833 2512 1886 ira
2553 1833 2628 1886 uti
2672 1831 2930 1886 adversus
2980 1830 3217 1885 minores
3261 1838 3317 1885 et
3355 1829 3559 1900 justum
3589 1839 3693 1896 est,
3724 1839 3784 1886 et

488 1921 637 1976 tione
663 1935 728 1976 ac
755 1920 1088 1990 providentia
1115 1922 1184 1978 sit
1210 1922 1474 1978 innatum.
1499 1923 1666 1979 Recte
1689 1923 1740 1977 id
1766 1924 2004 1994 quidem,
2035 1925 2083 1980 si

486 2011 815 2083 singularum
866 2028 1048 2067 rerum
1097 2028 1256 2070 veros
1314 2016 1575 2071 terminos
1628 2017 1854 2072 scirent.
1898 2015 2082 2086 Itaque

487 2103 627 2161 hanc
671 2106 841 2176 ipsam
872 2105 1029 2170 iram,
1062 2116 1240 2162 cotem
1285 2106 1471 2162 dicunt
1513 2121 1634 2163 esse
1678 2108 1913 2173 virtutis,
1959 2115 2081 2162 tan-
2124 2136 2127 2139 -

487 2212 648 2268 quam
680 2211 840 2253 nemo
861 2198 1033 2267 possit
1058 2199 1321 2255 adversus
1349 2200 1533 2256 hostes
1563 2200 1772 2256 fortiter
1801 2202 2078 2267 dimicare,

490 2288 595 2343 nisi
636 2287 799 2344 fuerit
824 2289 900 2343 ira
937 2289 1256 2345 concitatus.
1292 2291 1410 2358 Quo
1438 2292 1595 2360 plane
1632 2293 1946 2362 ostendunt,
1976 2310 2079 2352 nec

487 2382 616 2453 quid
649 2383 718 2437 sit
740 2382 910 2437 virtus
931 2384 1071 2439 scire
1092 2399 1172 2451 se,
1201 2399 1300 2439 nec
1322 2399 1419 2439 cur
1447 2384 1650 2440 homini
1675 2387 1920 2443 tribuerit
1942 2389 2075 2444 iram

488 2472 657 2529 Deus.
686 2473 818 2541 Quae
845 2474 889 2529 si
919 2476 1074 2532 nobis
1104 2475 1225 2532 ideo
1256 2476 1381 2532 data
1409 2489 1513 2543 est,
1563 2487 1621 2533 ut
1655 2495 1717 2535 ea
1758 2489 1975 2536 utamur
2010 2482 2078 2538 ad

484 2564 810 2620 occidendos
851 2566 1116 2640 homines,
1151 2568 1279 2638 quid
1322 2568 1612 2625 immanius
1649 2571 1907 2627 homine?
1938 2574 2067 2645 quid

483 2655 712 2712 similius
738 2656 865 2712 feris
890 2657 1084 2714 belluis
1112 2661 1528 2717 existimandum
1563 2672 1666 2727 est,
1695 2679 1854 2734 quam
1884 2665 1937 2720 id
1967 2665 2082 2721 ani-

492 2748 625 2815 mal,
654 2751 795 2817 quod
842 2748 909 2804 ad
952 2753 1386 2809 communionem
1433 2763 1489 2809 et
1528 2753 1891 2811 innocentiam
1943 2758 2083 2814 Deus

486 2841 647 2899 fecit?
678 2843 812 2900 Tres
846 2855 975 2902 sunt
1014 2846 1179 2920 igitur
1214 2847 1457 2917 affectus,
1487 2851 1576 2922 qui
1606 2850 1856 2910 homines
1880 2854 1934 2908 in
1965 2868 2085 2909 om-

2186 1923 2549 1978 necessarium
2583 1940 2595 1975 :
2628 1924 2708 1977 sic
2749 1929 2804 1976 et
2830 1916 3089 1976 adversus
3133 1934 3293 1990 pares
3333 1929 3387 1974 et
3417 1919 3781 1989 perniciosum

2185 2026 2286 2085 est,
2324 2028 2376 2071 et
2409 2017 2650 2087 impium.
2699 2015 2947 2086 impium,
2989 2015 3132 2086 quod
3175 2014 3406 2069 violatur
3443 2014 3783 2079 immanitas;

2185 2112 2567 2182 perniciosum,
2600 2110 2773 2183 quod,
2802 2111 2910 2166 illis
2950 2109 3393 2180 repugnantibus,
3423 2117 3516 2163 aut
3553 2108 3783 2176 perdere

2187 2218 2408 2259 necesse
2433 2213 2533 2271 est,
2568 2213 2659 2257 ant
2698 2203 2891 2271 perire.
2925 2201 3076 2257 Hanc
3107 2210 3285 2255 autem
3316 2215 3477 2269 quam
3516 2199 3623 2254 dixi
3652 2212 3779 2254 esse

2184 2298 2473 2358 rationem,
2501 2311 2597 2351 cur
2622 2296 2822 2351 homini
2868 2296 2938 2349 sit
2974 2295 3069 2349 ira:
3097 2292 3322 2348 ati‘ectus
3360 2293 3535 2355 datus,
3567 2307 3637 2347 ex
3685 2291 3764 2360 ip-

2181 2393 2293 2447 sius
2326 2392 2417 2447 Dei
2446 2392 2728 2461 prtcceptis
2761 2389 2985 2459 intelligi
3029 2396 3223 2459 potest,
3250 2387 3342 2458 qui
3370 2386 3525 2455 jubet
3550 2386 3625 2439 uti
3662 2400 3787 2440 ma-

2185 2484 2372 2540 ledicis
2412 2493 2466 2539 et
2504 2483 2822 2539 lmdcntibus
2877 2496 2984 2536 non
3014 2481 3342 2545 irascamur;
3382 2492 3575 2532 manus
3599 2486 3784 2532 autem

2186 2586 2409 2633 nostras
2430 2592 2591 2647 supra
2636 2576 2873 2630 minores
2914 2587 3131 2643 semper
3172 2572 3498 2633 habeamus;
3533 2570 3641 2625 hoc
3677 2579 3782 2634 est,

2184 2681 2242 2725 ut
2285 2679 2568 2740 peccantes
2590 2684 2686 2725 eos
2707 2667 2937 2722 assiduis
2966 2664 3284 2720 verberibus
3314 2664 3646 2731 corngamus
3672 2677 3687 2727 ;
3718 2676 3787 2716 ne

2190 2778 2373 2818 amore
2404 2761 2576 2816 inutili
2608 2771 2661 2816 et
2688 2757 3014 2828 indulgentia
3047 2756 3209 2810 nimia
3240 2754 3541 2810 educentur
3568 2751 3637 2808 ad
3670 2768 3785 2806 ma-

2186 2855 2335 2921 lum,
2370 2864 2423 2910 et
2452 2853 2521 2909 ad
2549 2852 2674 2908 vitia
2715 2853 3038 2907 nutriantur.
3079 2847 3186 2905 Sed
3226 2863 3409 2902 rerum
3454 2845 3688 2918 imperiti
3732 2854 3790 2901 et

1816 2993 2178 3053 VARIORUM
2217 2994 2451 3051 NOTAE.

560 3129 587 3185 1
596 3129 975 3202 mmortalitatis
993 3127 1435 3202 Διιεεζιιι-εαη-ᾱὶάαιί
1458 3144 1653 3183 sumus.
1676 3128 1765 3185 Sic
1785 3129 2083 3202 emendavi
2113 3140 2156 3202 (ξ

487 3215 553 3258 ex
573 3201 641 3256 l2
662 3215 791 3255 mss.
816 3211 868 3255 et
892 3198 927 3253 4
943 3198 1123 3253 editis.
1147 3199 1224 3253 lta
1262 3199 1446 3266 legunt
1466 3209 1683 3254 veteres
1732 3200 1998 3257 editiones
2017 3219 2085 3256 xv

487 3272 692 3334 saeculi.
727 3270 867 3339 quod
896 3271 1057 3324 etiam
1087 3271 1276 3339 probat
1303 3269 1628 3325 Thomasius
1658 3286 1722 3326 ex
1752 3283 1920 3327 veter.
1952 3289 2082 3329 mss.

489 3342 721 3399 Gallicus
749 3342 801 3395 in
832 3342 1069 3396 editimie
1106 3355 1200 3394 sua
1232 3340 1529 3408 rescripsit,
1569 3342 1970 3397 immortalitatis
1999 3360 2082 3397 ve-

490 3414 681 3469 lamine
725 3412 1016 3475 canditati;
1062 3422 1116 3466 et
1162 3412 1240 3467 sic
1287 3412 1488 3483 habent
1528 3428 1667 3483 ipss.
1714 3413 1749 3467 2
1780 3414 1910 3483 Reg.
1946 3430 2086 3480 rec.,

493 3485 521 3539 1
553 3483 706 3539 Colb.
740 3498 770 3537 a
799 3483 1040 3539 secunda
1062 3498 1247 3555 manu,
1280 3482 1407 3538 Jun.
1436 3496 1491 3538 et
1515 3482 1825 3555 Cantabrig.
1858 3482 1923 3540 ac
1954 3501 2090 3541 non-

490 3555 619 3611 nulli
648 3555 981 3610 recentiores
1009 3553 1158 3607 editi.
1185 3553 1243 3608 In
1274 3568 1405 3609 mss.
1440 3556 1467 3610 1
1502 3553 1682 3620 Colh.,
1712 3553 1871 3623 Nav.,
1899 3556 2085 3612 Μαι-ιη.

493 3635 547 3682 et
585 3625 817 3690 Victor.,
846 3625 1241 3696 immortalitatis
1266 3628 1375 3680 velo
1411 3624 1678 3680 canditati.
1712 3628 1783 3683 At
1821 3628 2005 3696 optimi
2038 3637 2092 3683 et

492 3697 697 3768 antiqui
725 3696 939 3751 codices
967 3710 1097 3750 mss.
1139 3695 1378 3768 4AReg.,
1422 3698 1445 3768 1
1498 3696 1657 3762 Bon.,
1693 3698 1849 3767 Tax.,
1898 3698 2087 3765 Cauc.,

494 3766 638 3829 PaL,
667 3767 856 3831 Brun.,
889 3766 1251 3830 Emmanuel.,
1286 3769 1312 3837 1
1346 3767 1589 3823 Colbert.
1623 3783 1651 3820 a
1699 3770 1866 3837 prima
1901 3785 2090 3835 manu,

493 3838 583 3894 ed.
617 3839 814 3898 Betul.,
864 3837 955 3902 ls.,
997 3836 1476 3904 Spark.,Walch.,
1520 3836 1916 3893 immortalitatis
1958 3841 2093 3895 velut

496 3909 757 3980 candidati
783 3924 978 3980 sumus.
994 3906 1159 3980 Recte
1180 3906 1521 3980 ;_l'aventihus
1544 3925 1673 3963 mss.
1704 3912 1736 3963 5
1765 3910 1918 3980 Reg,
1941 3910 2090 3974 Gat.,

497 3978 752 4051 frontes,
782 3978 806 4032 1
844 3977 1099 4051 Surbnn.,
1121 3977 1156 4051 2
1180 3976 1438 4051 Clarum”
1480 3980 1644 4042 Cott.,
1680 3976 1966 4051 Bodlfqui
1999 3982 2091 4035 ha-

498 4049 627 4103 bent
652 4049 1035 4102 inmortalitate
1058 4048 1187 4101 velut
1215 4049 1474 4102 candidati
1512 4066 1717 4115 simius;
1774 4052 1799 4104 1
1835 4048 1965 4105 Bon.
1997 4067 2095 4105 an-

497 4119 597 4189 tiq.
625 4120 1009 4173 immortalitate
1034 4118 1295 4173 candidati
1329 4136 1524 4175 sumus.
1559 4122 1623 4174 Et
1649 4121 1887 4186 profecto
1916 4122 2094 4175 candi-

498 4190 646 4244 datos
687 4189 1086 4244 immortalitatis
1142 4190 1277 4243 dixit
1313 4190 1623 4245 Lactantius
1671 4192 1860 4247 eodem
1893 4208 2091 4261 sensu,

498 4276 603 4332 quo
626 4261 930 4333 Cyprianus
955 4261 1187 4330 virgines
1213 4261 1517 4331 integritatis
1539 4271 1585 4317 et
1608 4264 1817 4333 pudoris
1847 4265 2096 4317 candida-

499 4342 597 4395 tas,
628 4348 735 4401 quo
765 4332 1129 4387 Tertullianus
1152 4333 1445 4403 proﬂigatae
1472 4332 1818 4388 conseientite
1848 4336 2093 4388 homines

438 4465 457 4478 _
499 4404 802 4478 candidatos
830 4403 1226 4478 diaboli_vocat,
1254 4413 1463 4478 sumpta
1486 4420 1515 4457 a
1546 4405 1908 4478 Romanorum
1942 4420 2091 4478 more

500 4475 868 4530 similitudine.
902 4473 1043 4543 apud
1066 4490 1202 4542 quos
1228 4477 1346 4528 allia
1370 4487 1486 4544 toga
1514 4476 1682 4530 induti
1708 4477 2089 4543 procedebant.

496 4545 586 4614 qui
617 4551 960 4615 magistratus
985 4544 1222 4611 officium
1255 4546 1567 4600 ambiebant
1587 4590 1599 4609 ,
1631 4557 1686 4602 et
1720 4547 1797 4601 sic
1826 4545 1994 4601 induti
2025 4548 2091 4601 ad

496 4615 710 4669 comitia
740 4615 1041 4671 veniebant.
1073 4625 1123 4669 et
1154 4617 1204 4668 in
1234 4618 1371 4671 colle
1396 4618 1766 4672 considebant.
1801 4628 1849 4671 ιιι
1882 4620 1949 4671 al)
1975 4633 2092 4671 om-

498 4685 655 4738 nibus
685 4697 901 4752 possent
932 4686 1121 4739 videri.
1146 4684 1472 4741 Caudidatos
1496 4689 1654 4749 igitur
1676 4689 2092 4743 immortalitatis

500 4755 738 4823 appellat
764 4755 1133 4819 Christianos;
1169 4757 1621 4823 quemadmodum
1655 4759 1924 4810 candidati
1958 4774 2090 4813 con-

499 4826 707 4879 sulatus
739 4827 819 4879 vel
866 4837 1110 4892 pra~turte
1152 4826 1501 4888 dicebantur.
1538 4829 1571 4881 ii
1614 4829 1703 4897 qui
1752 4831 2091 4885 con~ulatttm

497 4898 902 4969 velpraeturam
941 4898 1214 4965 petebant.
1262 4897 1378 4951 Hoc
1412 4914 1530 4952 cum
1581 4914 1685 4952 non
1733 4900 2093 4969 intelligerent

497 4968 690 5023 scriba:
720 4967 936 5036 quidam
964 4983 1320 5023 amanuenses
1346 5009 1361 5033 ,
1391 4984 1454 5023 ex
1490 4970 1575 5024 illa
1604 4972 1791 5024 vocula
1821 4967 1977 5031 velut.
2013 4971 2089 5026 fe-

496 5049 688 5122 certint
718 5039 1006 5107 velamine,
1038 5039 1177 5110 quod
1201 5040 1360 5109 plane
1386 5039 1626 5111 ineptum
1656 5052 1757 5109 est,
1776 5041 1926 5113 juxta
1948 5041 2094 5098 Tho-

495 5125 765 5166 masuumr

569 5203 782 5259 Stoicis.
814 5201 1037 5259 Veteres
1068 5204 1335 5260 editiones
1364 5221 1433 5260 xv
1463 5207 1646 5260 saeculi
1679 5206 1875 5263 habent
1904 5205 2090 5262 Stoici.

570 5273 725 5329 Recte
746 5275 801 5329 id
829 5275 1053 5345 quidem.
1084 5276 1160 5331 Ita
1196 5291 1324 5331 mss.
1350 5286 1406 5332 et
1436 5277 1559 5332 edd.
1593 5278 1853 5332 Francius
1887 5277 2092 5344 mallet,

498 5346 656 5400 Recte
685 5347 722 5399 ii
744 5347 978 5469 guidem.
1007 5346 1202 5401 Verum
1240 5347 1290 5401 in
1318 5347 1419 5401 hoc
1449 5350 1624 5415 capite
1666 5349 1932 5417 improbat
1963 5347 2096 5403 Lac-

498 5417 699 5469 tantius
789 5418 1223 5469 erinateticorum
1272 5418 1597 5469 doctrinam-
1642 5421 1730 5469 titti
1770 5422 1994 5469 allectus
2038 5420 2092 5469 in

497 5417 699 5487 tantius
744 5417 1223 5487 Peripateticorum
1272 5418 1597 5479 doctrinam,
1642 5421 1730 5487 qui
1770 5422 1994 5473 allectus
2038 5420 2092 5474 in

498 5484 721 5539 homine
779 5484 1032 5555 tanquam
1092 5491 1427 5543 necessarios
1483 5506 1604 5544 esse
1660 5484 2093 5545 contendebant.

494 5555 761 5632 Lactantii
793 5555 1033 5632 doctrina
1067 5566 1177 5612 toto
1216 5560 1271 5632 in
1318 5559 1419 5614 hoc
1460 5562 1637 5632 capite
1676 5560 1919 5629 apprime
1957 5574 2093 5614 con-

500 5628 644 5699 gruit
675 5642 798 5679 cutn
819 5626 1090 5699 catholica
1118 5630 1361 5686 veritate.

571 5698 747 5753 Cotem
793 5696 968 5751 dicunt
1014 5716 1123 5753 esse
1177 5700 1396 5755 virtutis.
1460 5702 1583 5757 Haec
1636 5702 1798 5757 lectio
1848 5711 1930 5756 est
1979 5715 2095 5755 mao

501 5772 900 5842 nuseriptorum
929 5768 1311 5842 lBegio-Pttt.,
1332 5770 1558 5841 400m,
1582 5772 1912 5840 .lun.,Ultr..
1936 5771 2093 5841 Nav.,

509 5840 1007 5917 νισι-[διπηιηὲ
1043 5841 1217 5915 Lips.,
1259 5841 1408 5917 Em.,
1448 5840 1613 5905 Brun.
1661 5854 1716 5908 et
1749 5844 1952 5910 codicis
1990 5840 2098 5919 quo

2191 3145 2320 3185 usns
2363 3140 2443 3184 est
2483 3129 2651 3186 Janus
2691 3125 2965 3184 Guilielmi
3013 3132 3067 3180 et
3107 3123 3141 3177 4
3172 3123 3466 3179 editorum.
3509 3123 3576 3178 Et
3621 3133 3788 3179 recte.

2194 3203 2341 3257 Haud
2371 3202 2530 3256 dubie
2555 3203 2696 3255 enim
2727 3208 2914 3253 auctor
2961 3204 3144 3251 noster
3180 3197 3445 3265 expressit
3470 3195 3608 3265 illud
3636 3195 3795 3250 Cice-

2189 3274 2336 3327 renis
2361 3272 2669 3327 Aeademic.
2700 3270 2901 3339 Quzcst.
2938 3268 3031 3322 lib.
3062 3283 3135 3339 IV,
3162 3282 3282 3339 cap.
3308 3265 3377 3318 44
3406 3284 3420 3318 :
3452 3264 3795 3339 lracuudiam

2191 3344 2510 3417 fortitudinis
2555 3343 2702 3407 quasi
2724 3336 2918 3417 Vcoteut
2950 3354 3064 3417 esse
3104 3336 3334 3417 dicebant
3356 3379 3370 3404 ,
3396 3338 3793 3417 Aptitauveteris

2191 3407 2494 3470 'Academia:
2534 3422 2852 3467 sectatores.
2900 3412 2919 3464 1
2973 3410 3104 3474 Reg.
3148 3408 3343 3477 antiq.,
3391 3407 3425 3461 2
3464 3409 3784 3466 Colbert..l

2190 3485 2375 3552 Sorh.,
2409 3485 2556 3545 ϐπ..
2585 3484 2768 3549 Caut.,
2808 3482 2896 3537 ed.
2937 3481 2972 3533 2
3006 3489 3148 3552 vet.,_
3171 3478 3354 3545 Rom.,
3391 3478 3595 3552 Veneta
3632 3477 3790 3552 1,4790,

2194 3549 2385 3620 Fasit.’,
2419 3555 2586 3626 Tltys.
2621 3556 2804 3625 legunt
2837 3552 3092 3626 comitem.
3126 3549 3367 3626 Longius
3399 3551 3602 3615 abeunt
3641 3550 3791 3617 Ald.,

2192 3628 2445 3683 Parrhas.
2477 3622 2532 3682 et
2558 3626 2592 3681 9
2620 3622 2695 3701 al;
2719 3625 2873 3687 edit.,
2899 3624 3127 3693 fomitem
3157 3622 3522 3690 praeferentes.

2268 3719 2395 3786 Quae
2423 3719 2467 3772 si
2511 3717 2654 3771 nobis
2692 3715 2806 3769 ideo
2848 3714 2969 3768 data
3009 3723 3103 3767 est.
3141 3711 3516 3786 Repreltendit
3545 3725 3791 3766 caussam

2196 3785 2445 3854 ﬁnalem,
2494 3804 2613 3857 quze
2680 3801 2869 3841 novam
2929 3786 3096 3854 gignit
3156 3785 3549 3853 qtitestionettt,
3613 3792 3791 3857 utrum

2193 3855 2668 3917 Cltristiano‘bella
2710 3872 2899 3926 gerere
2940 3858 3093 3909 liccat
3127 3871 3137 3905 :
3178 3870 3339 3924 quam
3372 3868 3690 3926 suapeusam
3738 3855 3792 3926 in

2195 3933 2372 3986 medio
2401 3932 2673 3986 brevitatis
2705 3925 2862 3982 causa
2889 3926 3279 3995 relinquimus;
3312 3926 3471 3979 homo
3502 3925 3647 3979 enim
3677 3925 3796 3977 ani—

2196 4002 2301 4056 mal
2328 4012 2411 4056 est
2449 4005 2562 4069 paci
2595 4009 2796 4053 natum.
2828 3996 3051 4051 Videtur
3078 4007 3254 4069 autem
3288 3996 3593 4069 Lactantius
3617 3995 3794 4069 hie‘ea

2194 4066 2614 4140 reprehendere.
2644 4086 2762 4136 qua:
2789 4077 2916 4123 sunt
2951 4066 3091 4138 apud
3122 4068 3468 4122 Aristotelem
3502 4067 3553 4121 itt
3580 4082 3639 4121 ιιι
3680 4066 3796 4121 Μυ-

2194 4144 2404 4208 ralium,
2434 4159 2553 4211 cap.
2587 4143 2639 4195 7.
2672 4141 2996 4196 Bsruusws.

2268 4235 2454 4305 Agam.
2504 4235 2595 4289 Sic
2643 4235 2857 4303 reposui
2912 4246 2983 4287 ex
3038 4231 3205 4301 antiq.
3239 4229 3792 4305 Δ-ιιιςιεςγ,λῐὶρείο-Ριιμ

2195 4299 2393 4371 Cauc.,
2428 4305 2553 4360 .lutt.
2593 4299 2818 4374 aliisque
2862 4314 3092 4372 septem,
3132 4299 3206 4374 ac
3233 4301 3463 4374 57editis
3500 4299 3691 4374 vet.rlu
3732 4300 3798 4353 η

2195 4377 2408 4446 scriptis
2431 4388 2484 4432 et
2515 4375 2583 4430 14
2610 4372 2842 4446 vulgatis
2859 4386 2942 4428 est
2969 4381 3168 4446 agunt;
3197 4372 3305 4446 ini
3340 4372 3755 4446 Brutufaciunt.

2240 4498 2245 4506 .
2272 4442 2542 4503 Dixerunt.
2568 4442 2736 4518 Urpli.
2758 4447 2809 4501 in
2833 4442 3018 4517 itytntt.
3045 4443 3355 4510 Euntmtid.,
3380 4443 3567 4514 Virgil.
3597 4442 3693 4497 lib.
3719 4458 3797 4497 xu

2120 4532 2171 4592 Ῑ)
2198 4518 2326 4576 Αἰιι.

2267 4612 2566 4684 Exagitent.
2600 4613 2676 4668 ita
2708 4611 3010 4684 restitutum
3043 4626 3107 4684 ex
3138 4609 3345 4684 cunctis
3375 4608 3547 4664 ferme
3575 4615 3801 4684 mss._et

2192 4678 2459 4750 editis,itt
2488 4699 2655 4754 supra
2684 4692 2875 4754 agant:
2890 4682 2978 4738 Sic
3004 4683 3163 4736 etiam
3195 4681 3457 4754 editiones
3478 4682 3668 4754 Asmculi
3698 4678 3797 4734 de-

2193 4757 2316 4809 cimi
2371 4749 2571 4825 quinti:
2616 4749 2740 4807 Mss.
2777 4753 2812 4806 2
2848 4752 2982 4823 Reg.
3027 4767 3167 4825 rec.,
3195 4751 3231 4804 2
3256 4749 3492 4825 Culh.,_l
3553 4752 3793 4805 Clarom.

2193 4840 2314 4881 cum
2346 4822 2611 4880 sexcusis
2642 4825 2902 4891 exagitant
2919 4822 3097 4885 {alter
3126 4824 3359 4877 Clarom.
3393 4822 3613 4893 agitant.

2265 4895 2467 4961 Libido,
2493 4896 2560 4949 ad
2588 4890 2811 4949 sobolem
2840 4894 3263 4966 propagandamg
3281 4894 3355 4966 De
3386 4890 3464 4966 Ira
3491 4907 3541 4947 c.
3576 4893 3642 4947 18
3668 4890 3799 4966 :_Li~

2196 4967 2416 5021 bidinem
2449 4967 2792 5034 producenda:
2817 4963 3018 5021 sobolis
3035 4967 3203 5035 gratia
3232 4964 3391 5018 dedit.
3421 4963 3564 5030 Epit.
3598 4979 3647 5018 c.
3682 4964 3749 5018 61
3777 4980 3793 5016 :

2194 5037 2448 5093 Libidinis
2479 5036 2692 5105 a/fectus
2725 5038 2791 5090 ad
2818 5038 3162 5106 procreandos
3188 5035 3372 5089 liberos
3409 5036 3601 5089 insitus
3634 5047 3682 5089 et
3711 5037 3797 5088 iu-

2195 5121 2345 5163 natus
2374 5119 2446 5163 est
2480 5124 2498 5162 :
2523 5110 2647 5164 inde
2671 5122 2965 5177 cognoscas
2997 5110 3228 5176 copiam.
3258 5106 3423 5159 [smus
3454 5106 3603 5176 legit,
3635 5106 3797 5159 libido

2195 5181 2263 5234 ad
2287 5181 2510 5234 sobolem
2543 5180 2934 5250 procreandum.
2963 5178 3087 5250 Non
3107 5179 3243 5250 male
3271 5177 3522 5250 quidem;
3552 5192 3677 5231 nam
3722 5179 3796 5250 ita

2196 5251 2329 5306 dixit
2360 5252 2397 5304 l.
2424 5266 2520 5310 vn.
2540 5247 2588 5305 c.
2610 5251 2644 5306 5
2671 5268 2683 5303 :
2715 5248 2996 5303 Procreare
3012 5247 3336 5302 sobolemntt
3358 5247 3703 5307 libi-inmites.
3730 5249 3800 5299 ad

2197 5322 2424 5394 sobolem
2458 5320 2881 5394 prapagaudam;
2904 5330 2975 5394 ut
2989 5330 3175 5394 noster
3201 5318 3366 5394 dixit,
3389 5319 3424 5370 Ι.
3445 5334 3490 5394 ι,
3507 5334 3562 5394 e.
3585 5320 3640 5374 8.
3660 5318 3796 5374 Bon.

2270 5392 2337 5446 Id
2364 5388 2711 5447 estIRéStitui
2739 5408 2803 5445 ex
2833 5392 3083 5445 omnibus
3107 5405 3236 5443 mss.
3265 5399 3320 5442 et
3340 5390 3372 5443 8
3393 5388 3573 5443 editis.

2271 5486 2565 5541 Matrdicis.
2601 5486 2788 5540 Matth.
2817 5500 2896 5539 ix.
2929 5484 3019 5541 Sic
3057 5480 3341 5538 emendavi
3378 5498 3441 5536 ex
3484 5482 3803 5552 antiquissi-

2196 5559 2301 5613 mis
2328 5574 2456 5613 mss.
2492 5556 2840 5627 Rt-gio—Pttt.,
2869 5555 3032 5610 Cattc.
3063 5566 3117 5610 et
3147 5554 3213 5609 16
3259 5554 3581 5627 ξιιϋεηςιαᾼθ
3614 5554 3802 5627 editis,

2199 5646 2321 5685 eum
2369 5639 2523 5684 antea
2565 5623 2711 5683 ἐδερι
2756 5628 3061 5692 maledictis,
3116 5625 3391 5684 mendose,
3424 5624 3476 5677 iit
3508 5623 3544 5679 8
3583 5625 3805 5693 seriptis

2200 5716 2309 5755 rec.
2341 5710 2394 5753 et
2423 5701 2488 5756 15
2512 5698 2809 5767 impressis.
2841 5699 2899 5753 In
2926 5698 3178 5752 lBunou.
3206 5707 3260 5750 et
3285 5696 3320 5750 5
3350 5695 3481 5767 Regi.
3515 5711 3613 5767 pro
3634 5696 3807 5767 male-

2200 5771 2328 5826 dicis
2358 5781 2441 5826 est
2464 5766 2715 5837 inimicis;
2744 5769 2904 5840 idque
2932 5770 3131 5840 dictum
3152 5775 3244 5840 est
3264 5768 3415 5840 juxta
3442 5766 3648 5823 ChriSIi
3682 5766 3799 5823 Do~

2201 5844 2331 5902 mini
2359 5852 2690 5915 praeceptum
2714 5842 2783 5903 de
2809 5838 3038 5903 inimicis
3067 5838 3376 5911 diligendis.
3420 5852 3441 5912 κ
