4142 6200
362 239 470 296 705

1548 213 1753 290 LIBER
1791 231 1882 288 Vl.
1924 230 2015 288 DE
2051 229 2239 289 vano
2275 229 2529 290 cum].

3562 229 3673 287 706

360 350 590 410 rationis
611 349 799 421 ignari,
829 362 923 403 eos
949 346 1195 415 allectus,
1218 348 1307 419 qui
1338 355 1464 403 sunt
1489 347 1694 403 homini
1722 347 1789 402 ad
1829 362 1956 403 usus
1984 347 2040 410 Α
2064 356 2315 419 tanquam
2352 363 2474 404 cum
2507 346 2808 403 domestico
2848 346 3008 403 hoste
3047 355 3335 418 pugnaret.
3379 343 3576 402 Cicero
3615 345 3673 401 in

360 445 534 501 bonos
564 442 697 509 dati,
738 443 1268 507 exterminaverunt;
1303 450 1356 496 et
1403 440 1582 505 latius,
1614 434 1787 510 quam
1828 440 1965 496 ratio

362 536 618 607 postulat,
645 543 959 604 evagantur.
993 533 1126 590 lude
1147 533 1343 603 injuste
1370 542 1529 603 atque
1553 534 1715 603 impie
1746 534 1961 589 vivitur.

360 627 601 686 Utuntur
624 626 703 681 ira
730 637 916 682 contra
951 642 1104 697 pares
1138 645 1150 680 :
1178 625 1306 682 hinc
1340 625 1584 692 dissidia,
1617 625 1745 682 hinc
1773 626 1965 696 expul-

362 722 566 786 siones,
591 720 719 776 hinc
744 720 884 776 bella
906 729 1093 775 contra
1121 719 1386 790 justitiam
1410 729 1531 775 nata
1556 730 1701 775 sunt.
1728 719 1967 776 Utuntur

362 814 659 883 cupiditate
702 811 768 867 ad
809 810 1180 883 congerendas
1206 826 1337 881 opes
1371 830 1386 869 :
1421 811 1545 866 hinc
1572 810 1810 877 fraudes,
1839 810 1966 866 hinc

362 904 665 967 latrocinia,
697 904 821 958 hinc
862 903 1040 957 omnia
1070 904 1332 958 scelerum
1364 914 1563 972 genera
1597 914 1785 957 exorta
1817 912 1960 957 sunt.

369 996 600 1053 Utuntur
637 994 862 1049 libidine
899 994 965 1047 ad
1009 992 1304 1063 capiendas
1351 1002 1557 1047 tantum
1606 993 1911 1063 voluptates
1948 1010 1962 1044 :

364 1086 491 1142 hinc
520 1096 728 1164 stupra,
770 1084 897 1140 hinc
920 1082 1207 1151 adulteria,
1246 1084 1370 1138 hinc
1413 1084 1740 1153 corruptela:
1777 1098 1968 1139 omnes

311 1230 317 1236 .
365 1177 680 1235 extiterunt.
713 1176 1052 1247 Quicumque
1077 1177 1236 1247 igitur
1263 1177 1382 1231 illos
1406 1175 1633 1232 allectus
1660 1177 1799 1231 intra
1832 1177 1968 1233 lines

364 1288 495 1330 suos
538 1271 808 1343 redegerit
847 1270 1012 1343 (quod
1061 1270 1372 1340 ignorantes
1421 1271 1591 1326 Deum
1650 1270 1966 1327 facerenon

363 1365 615 1443 possunt)
649 1366 733 1421 hic
763 1366 990 1435 patiens,
1022 1364 1111 1420 hic
1133 1364 1307 1431 fortis,
1335 1365 1422 1420 hic
1443 1365 1624 1435 justus
1645 1370 1749 1421 est.

968 1495 1196 1552 CAPUT
1232 1496 1358 1571 xx.

365 1612 448 1668 De
480 1610 709 1667 sensibus
752 1620 800 1664 et
844 1625 1020 1664 eorum
1062 1608 1407 1677 voluptatibus
1468 1607 1732 1664 brutorum
1777 1619 1825 1664 et
1869 1609 1966 1663 ho-

421 1706 606 1771 minis;
637 1714 788 1774 atque
814 1704 877 1756 de
905 1703 1174 1756 oculorum
1204 1701 1462 1771 voluptate
1487 1710 1535 1756 et
1561 1702 1887 1773 spectaculis.

410 1837 628 1893 Restat
663 1846 721 1892 ut
750 1842 939 1891 contra
976 1835 1211 1905 quinque
1248 1849 1504 1890 sensuum
1546 1834 1853 1905 voluptates
1882 1834 1971 1889 di—

367 1945 485 1988 cam
518 1930 795 1994 breviter;
820 1944 945 1983 nam
978 1937 1031 1982 et
1061 1926 1231 1997 ipsius
1277 1926 1397 1982 libri
1430 1941 1684 1981 mensura
1709 1926 1821 1997 jam
1852 1941 1973 1981 mo-

370 2023 496 2080 dum
527 2022 731 2093 ﬂagitat
758 2039 772 2074 :
805 2037 925 2092 quae
955 2036 1178 2088 omnes,
1210 2020 1465 2092 quoniam
1498 2022 1708 2076 vitiosae
1733 2036 1796 2077 ac
1825 2037 1972 2076 mor-

373 2118 547 2173 tilera:
579 2124 738 2182 sunt,
771 2115 968 2170 virtute
998 2114 1242 2185 superari
1281 2126 1443 2185 atque
1471 2115 1704 2185 opprimi
1736 2115 1973 2183 debent;

381 2211 466 2267 vel
494 2210 676 2282 (quod
720 2208 880 2279 paulo
909 2218 1037 2263 ante
1065 2207 1310 2263 dicebam
1353 2207 1422 2263 de
1451 2207 1757 2281 affectibus)
1788 2209 1854 2264 ad
1885 2224 1973 2265 ra-

375 2302 579 2357 tionem
626 2317 778 2356 suam
842 2301 1109 2356 revocari.
1156 2300 1379 2356 Caetera:
1422 2302 1729 2356 animantes
1776 2314 1979 2370 praeter

376 2408 539 2449 unam
578 2393 942 2463 voluptatem,
990 2407 1111 2462 qua:
1173 2392 1241 2446 ad
1287 2391 1656 2463 generandum
1702 2394 1972 2464 pertinet,

378 2486 583 2540 nullam
629 2485 891 2541 sentiunt.
940 2484 1179 2541 Utuntur
1214 2499 1344 2554 ergo
1374 2485 1623 2540 sensibus
1652 2486 1721 2540 ad
1767 2497 1980 2542 naturae

378 2593 491 2634 sua:
522 2577 903 2634 necessitatem
942 2594 957 2630 :
1004 2577 1218 2644 vident,
1267 2587 1324 2631 ut
1355 2587 1613 2646 appetant
1639 2593 1737 2647 ea,
1785 2580 1980 2650 quibus

336 2668 347 2677 ’
381 2684 517 2742 opus
549 2678 634 2726 est
662 2668 729 2723 ad
754 2669 919 2723 vitam
949 2668 1203 2723 tuendam
1232 2687 1246 2724 :
1277 2668 1498 2723 audiunt
1523 2669 1779 2737 invicem,
1812 2686 1981 2742 seque

384 2764 743 2834 diguoscunt,
795 2770 855 2816 ut
893 2761 1103 2831 possint
1130 2760 1471 2832 congregari.
1505 2761 1636 2828 Quae
1667 2763 1819 2817 utilia
1852 2773 1981 2819 sunt

382 2857 451 2912 ad
485 2856 713 2922 victum,
745 2863 838 2909 aut
880 2869 943 2909 ex
986 2854 1155 2910 odore
1202 2854 1520 2922 inveniunt,
1554 2864 1645 2909 aut
1675 2871 1742 2911 ex
1786 2871 1983 2927 sapore

390 2948 728 3019 percipiunt;
763 2946 968 3001 inutilia
999 2954 1296 3016 reSpuunt,
1338 2954 1433 2999 aut
1457 2955 1729 3000 recusant.
1773 2946 1983 3003 Edendi

386 3056 450 3096 ac
494 3038 711 3095 bibendi
756 3036 993 3093 cilicium
1041 3037 1248 3092 ventris
1292 3038 1630 3107 plenitudine
1661 3039 1981 3096 metiuntur.

2067 440 2273 495 Catone
2304 441 2509 509 majore
2539 458 2553 493 :
2589 459 2608 493 ι
2642 432 2838 510 Stupra
2869 455 3031 506 vero,
3064 440 3271 511 inquit,
3300 450 3353 494 et
3383 439 3669 505 adulteria,

2067 544 2122 591 et
2172 550 2334 591 omne
2383 534 2643 606 ﬂagitium
2698 534 2860 591 nullis
2916 535 3145 590 excitari
3192 533 3316 589 aliis
3365 532 3670 602 illecebris,

2069 628 2172 682 nisi
2213 628 2525 698 voluptatis.
2557 627 2803 697 Cumque
2850 627 3056 682 homini
3108 626 3224 681 sive
3272 635 3501 693 natura,
3558 625 3675 682 sive

2067 721 2190 791 quis
2242 722 2386 778 Deus
2419 721 2555 776 nihil
2609 732 2790 777 mente
2845 721 3203 791 praestabilius
3237 720 3512 787 dedisset,
3547 720 3673 778 huic

2068 811 2256 867 divino
2285 812 2496 868 muneri
2542 827 2606 868 ac
2653 812 2798 868 dono
2844 812 2978 868 nihil
3024 822 3132 867 tam
3162 812 3438 868 inimicum
3462 852 3479 879 ,
3510 826 3672 883 quam

2069 906 2425 976 voluptatem.
2475 906 2585 961 Nec
2633 907 2775 961 enim
2808 906 3035 962 libidine
3078 905 3426 974 dominante,
3468 914 3675 976 tempe-

2070 998 2258 1053 rantiae
2306 999 2485 1053 locum
2531 1013 2691 1063 esse;
2738 1014 2915 1070 neque
2962 999 3014 1054 in
3047 999 3340 1071 voluptatis
3367 1014 3536 1068 regno
3564 1000 3675 1055 vir-

2069 1099 2237 1146 tutem
2286 1105 2445 1162 posse
2485 1092 2785 1147 consistere
2828 1109 2841 1144 :
2890 1109 2909 1143 ι
2965 1091 3059 1147 sed
3123 1107 3156 1147 e
3212 1093 3485 1147 contrario
3528 1092 3675 1148 Deus

2070 1183 2272 1240 idcirco
2311 1184 2565 1240 virtutem
2611 1183 2789 1252 dedit,
2831 1193 2888 1240 ut
2936 1194 3270 1255 expugnaret
3329 1201 3393 1241 ac
3436 1186 3676 1241 vinceret

2071 1278 2439 1347 voluptatem;
2488 1293 2716 1348 eamque
2761 1277 3133 1348 egredientem
3181 1278 3320 1334 lines
3368 1278 3470 1333 sibi
3516 1278 3675 1335 datos

2072 1374 2212 1428 intra
2240 1374 2615 1444 prmscriptum
2644 1382 2956 1441 coerceret,
2984 1388 3052 1427 ne
3085 1372 3363 1427 hominem
3394 1373 3678 1427 suavitati-

2073 1466 2176 1522 bus
2202 1466 2486 1521 delinitum
2514 1475 2675 1535 atque
2704 1476 2918 1535 captum
2949 1463 3146 1519 ditioni
3190 1478 3302 1519 suae
3339 1464 3636 1535 subjiceret
3656 1504 3672 1531 ,

2070 1573 2137 1614 ac
2166 1560 2494 1631 sempiterna
2520 1568 2695 1615 morte
2720 1560 2992 1616 multaret.

2147 1650 2407 1721 Voluptas
2450 1652 2732 1706 oculormn
2773 1652 2919 1707 varia
2966 1660 3020 1706 et
3050 1650 3336 1721 multiplex
3374 1660 3492 1720 est,
3544 1665 3670 1722 qua:

1993 1743 2041 1802 B
2068 1743 2278 1812 capitur
2324 1759 2390 1798 ex
2432 1754 2654 1814 aspectu
2698 1759 2881 1800 rerum
2925 1759 3045 1814 quae
3088 1743 3297 1798 suntin
3355 1759 3455 1799 usu
3495 1744 3676 1799 homi-

2079 1849 2205 1888 num
2231 1875 2245 1899 ,
2275 1833 2363 1888 vel
2389 1844 2581 1889 natura
2606 1876 2621 1903 ,
2656 1835 2740 1890 vel
2771 1850 2939 1905 opere
2983 1835 3347 1891 delectabiles.
3379 1834 3529 1890 Hanc
3554 1835 3677 1907 phi-

2076 1926 2287 1997 losophi
2314 1926 2614 1982 rectissime
2627 1927 2979 1983 sustulerunt.
3003 1925 3170 1982 Aiunt
3194 1928 3337 1983 enim
3361 1928 3532 1983 multo
3555 1941 3680 1985 esse

2078 2018 2392 2089 praeclarius
2432 2028 2486 2073 et
2517 2006 2735 2074 homine
2765 2018 2978 2090 dignius
2998 2060 3014 2079 .
3044 2018 3240 2075 ctelnm
3272 2021 3481 2089 potius,
3515 2034 3679 2091 quam

2077 2110 2266 2166 cretata
2309 2111 2504 2166 intueri
2544 2130 2557 2166 :
2590 2110 2774 2167 ethoc
2801 2111 3222 2183 pulcherrimum
3263 2125 3400 2183 Opus
3431 2111 3679 2168 intermi-

2077 2203 2323 2258 cantibus
2343 2213 2611 2259 astrorum
2636 2204 2930 2260 luminibus
2950 2246 2965 2273 ,
2990 2213 3243 2275 tanquam
3264 2204 3487 2261 ﬂoribus
3517 2205 3682 2260 ador-

2081 2306 2298 2363 natum,
2330 2313 2488 2367 quam
2541 2298 2712 2367 picta,
2762 2307 2819 2354 et
2858 2298 3014 2366 ﬁcta,
3047 2308 3102 2353 et
3144 2300 3374 2369 gemmis
3422 2298 3679 2355 distincta

2082 2388 2284 2442 mirari.
2311 2389 2417 2444 Sed
2439 2404 2562 2444 cum
2589 2389 2794 2446 diserte
2819 2390 2889 2445 ad
2928 2398 3297 2461 contemptum
3338 2391 3680 2446 terrestrium

2081 2497 2181 2537 nos
2211 2482 2482 2538 exhortati
2526 2493 2684 2552 sunt,
2718 2493 2774 2540 et
2800 2484 2868 2539 ad
2914 2485 3039 2540 εωΙί
3067 2485 3439 2555 spectaculum
3471 2486 3676 2540 excita-

2082 2585 2310 2641 verunt,
2356 2585 2533 2632 tamen
2564 2576 2871 2647 spectacula
2904 2577 3022 2633 haec
3048 2577 3260 2648 publica
3293 2592 3400 2632 non
3431 2587 3683 2633 contem-

2083 2675 2236 2721 nunt.
2269 2666 2454 2737 Itaque
2482 2667 2565 2724 his
2589 2676 2643 2724 et
2670 2668 3028 2739 delectantur,
3052 2680 3106 2724 et
3131 2670 3363 2726 libenter
3388 2670 3683 2725 intersunt.

2082 2758 2244 2826 Quae,
2274 2762 2528 2831 quoniam
2574 2761 2802 2816 maxima
2847 2771 2974 2817 sunt
3016 2762 3353 2818 irritamenta
3381 2763 3637 2817 vitiorum
3660 2803 3678 2832 ,

2084 2861 2139 2908 et
2186 2853 2253 2908 ad
2298 2855 2724 2926 corrumpendos
2770 2856 2983 2914 animos
3027 2857 3404 2927 potentissime
3454 2858 3685 2925 valent,

2087 2948 2322 3003 tollenda
2364 2958 2492 3005 sunt
2522 2949 2678 3004 nobis
2706 2991 2721 3016 ,
2752 2950 2878 3022 quia
2910 2967 3015 3005 non
3048 2949 3209 3005 modo
3252 2949 3320 3005 ad
3353 2948 3569 3005 beatam
3601 2950 3684 3003 vi-

2090 3052 2196 3097 tam
2246 3042 2378 3098 nihil
2427 3042 2747 3110 conferunt,
2794 3044 2890 3100 sed
2933 3045 3093 3099 etiam
3136 3051 3334 3098 nocent
3372 3042 3691 3113 plurimum.

365 3133 605 3190 .Homini
649 3146 777 3188 vero
825 3130 1167 3187 solertissimi
1213 3129 1436 3186 artiﬁcis
1466 3130 1807 3200 providentia
1834 3133 1984 3190 dedit
2008 3139 2054 3202 C
2087 3136 2220 3192 Nam
2249 3138 2341 3209 qui
2372 3138 2680 3205 hominem,
2715 3140 2963 3209 quamvis
2991 3139 3063 3194 ob
3109 3139 3302 3194 merita
3332 3139 3646 3193 damnatum
3675 3177 3691 3202 ,

389 3229 723 3299 voluptatem
768 3225 1033 3281 inﬁnitam
1054 3266 1069 3289 ,
1100 3234 1157 3281 et
1197 3224 1249 3279 in
1290 3225 1482 3280 vitium
1509 3225 1831 3295 cadentem;
1861 3230 1987 3300 quia

392 3320 679 3393 pronosuit
701 3321 751 3376 ei
780 3320 1032 3375 virtutem
1055 3358 1071 3385 ,
1102 3332 1221 3389 quae
1268 3332 1391 3374 cum
1434 3318 1713 3389 voluptate
1745 3333 1982 3390 semper,

2093 3233 2147 3287 in
2181 3243 2479 3303 conspectu
2510 3248 2610 3289 suo
2648 3234 2881 3304 jugulari
2911 3248 3007 3305 pro
3046 3233 3326 3304 voluptate
3371 3239 3686 3301 computat,

2093 3324 2484 3381 conscientiam
2526 3341 2680 3381 suam
2729 3326 2954 3397 polluit,
3002 3334 3111 3380 tam
3153 3324 3396 3392 scilicet,
3443 3338 3604 3394 quam
3650 3318 3701 3377 si

1737 3435 2099 3496 VARIORUM
2136 3438 2368 3495 NOT/E.

466 3555 966 3612 Exlerminaverunt.
999 3551 1059 3608 Id
1087 3559 1190 3615 est,
1215 3560 1366 3606 extra
1407 3548 1665 3604 terminos
1702 3548 1986 3606 miserunt.

396 3629 551 3687 Novo
583 3627 797 3697 quidem
825 3641 986 3681 sensu
1023 3623 1392 3697 exterminare,
1426 3636 1524 3697 pro
1566 3630 1709 3697 extra
1748 3622 1992 3697 terminos

395 3717 515 3757 suos
553 3692 769 3753 mittere.
816 3698 950 3752 llinc
992 3696 1215 3760 Nonius,
1258 3695 1643 3760 exterminatus,
1675 3692 1869 3763 inquit,
1915 3702 1991 3749 est

399 3782 543 3828 extra
565 3771 803 3825 terminos
834 3769 1039 3822 missus.

475 3841 702 3897 Utuntur
734 3843 832 3894 ira.
864 3839 988 3893 Mss.
1022 3840 1044 3893 1
1083 3837 1214 3891 Bon.
1259 3836 1427 3905 antiq.
1480 3834 1774 3902 interponit
1808 3836 1987 3904 impie,

400 3914 542 3985 quod
582 3928 703 3967 mox
738 3910 1030 3982 praecessit,
1064 3924 1162 3963 nec
1201 3916 1285 3962 est
1323 3908 1375 3961 in
1414 3907 1765 3976 sequentibus
1813 3923 1990 3963 mem-

402 3986 535 4041 bris.
1189 3998 1217 4031 ἦ
1232 4021 1238 4027 -
1252 4008 1263 4031 r
1275 3995 1332 4035 τδρ·
1346 3999 1354 4015 ·’

473 4055 848 4125 Congerendas.
889 4054 978 4110 Sic
1020 4050 1283 4106 editiones
1328 4048 1747 4125 decitniuqninti
1781 4050 1989 4125 saeculi.

406 4120 665 4194 Vulgares
692 4126 819 4182 editi
850 4127 1046 4179 habent
1074 4120 1478 4194 congregandos,
1509 4120 1596 4194 alii
1624 4121 1897 4194 cogendas.

480 4190 678 4254 Eicorta
704 4207 838 4251 sunt.
872 4198 1005 4250 Cum
1028 4190 1185 4247 editis
1206 4190 1371 4246 Turn.
1406 4190 1676 4247 Snubron.
1717 4204 1771 4245 et
1793 4191 1989 4247 Cellar.

406 4272 483 4326 sic
514 4272 692 4324 larunt
721 4283 848 4321 mss.
874 4281 1063 4320 omnes
1101 4275 1295 4332 printer
1329 4267 1346 4317 l
1385 4262 1515 4332 Reg.
1552 4278 1661 4316 rec.
1697 4264 1750 4317 in
1781 4278 1909 4333 quo,
1940 4272 1999 4317 ut

408 4342 459 4397 in
487 4341 720 4405 excusis,
754 4339 945 4408 legitur
969 4345 1090 4408 orla?
1110 4345 1246 4408 sunt.

479 4403 898 4480 Corruptelaafld
921 4416 1025 4480 est.
1048 4407 1350 4480 vitiationcs
1378 4403 1649 4480 \[irginnm
1670 4420 1811 4480 ;_quo
1832 4420 1996 4460 sensu
2024 4412 2079 4473 D

408 4484 596 4539 eadem
628 4473 726 4535 vox
754 4482 892 4549 apml
931 4478 1178 4534 Ciceron.
1216 4477 1353 4549 lib.t
1380 4473 1836 4549 de_l)ivinati0tie,
1875 4491 1998 4544 cap.

411 4556 503 4618 53,
531 4564 587 4609 et
608 4546 828 4608 Sueton.
859 4553 911 4606 in
936 4548 1177 4612 Claudio,
1207 4547 1381 4615 capite
1410 4546 1496 4600 lli.

481 4616 674 4680 Contra
691 4629 909 4694 quinque
928 4636 1166 4676 sensuum
1189 4620 1490 4686 voluptates.
1515 4617 1638 4694 Mss.
1719 4616 1890 4673 Vatic.
1911 4618 2002 4694 ha;

334 4756 338 4759 _
410 4698 569 4762 bent,
603 4690 779 4749 contra
816 4690 1038 4764 quinque
1079 4706 1318 4750 sensuum
1358 4691 1589 4764 corporis
1620 4690 1999 4764 voluptates;_i

412 4758 565 4824 Bonf
598 4771 790 4835 antiq.,
823 4758 1002 4819 contra
1049 4763 1246 4829 iniquos
1294 4778 1468 4835 sensus
1497 4758 1793 4828 voluptatis.
1839 4760 2005 4829 Magis

414 4850 592 4894 tamen
626 4838 668 4891 Τ
675 4834 914 4890 IIOInasio
946 4835 1117 4904 placet
1144 4843 1322 4904 contra
1350 4834 1547 4901 iniquos
1593 4848 1770 4887 sensus
1820 4834 2002 4900 volup-

416 4912 537 4964 tatis
570 4907 654 4963 vcl
680 4907 1035 4975 voluptatum:
1071 4923 1089 4956 t
1128 4903 1293 4958 Nimis
1317 4944 1330 4963 .
1364 4904 1567 4974 inquit,
1610 4904 1895 4958 scolastice
1941 4918 2006 4957 ac

417 4980 697 5052 pueriliter
751 4979 985 5044 dicitur,
1034 4986 1212 5031 contra
1260 4975 1479 5044 quinque
1534 4990 1776 5028 sensuum
1828 4975 2009 5045 uolup-

419 5061 566 5107 tates.
610 5069 630 5103 ι

492 5121 704 5179 Cretera:
742 5121 1063 5185 animantes,
1114 5126 1218 5173 etc.
1269 5116 1637 5171 Hallucinatur
1693 5115 2008 5170 Lactantius

421 5194 668 5251 nonnihil
700 5196 750 5247 in
777 5193 852 5247 rei
879 5190 1136 5245 naturalis
1161 5189 1487 5258 cognitione.
1517 5185 1651 5240 Nam
1699 5202 1764 5240 ex
1796 5187 2008 5258 Aristo-

425 5267 533 5322 tele
556 5276 718 5336 atque
745 5262 919 5336 Gellio
961 5260 1194 5336 evidenti
1225 5255 1681 5336 demonstratione
1724 5255 2007 5336 indicatur,

425 5337 569 5409 quod
597 5329 741 5390 visus
761 5375 776 5399 ,
805 5333 1019 5388 auditus
1040 5341 1094 5409 et
1114 5330 1341 5409 olim-tus
1373 5329 1602 5383 hominis
1631 5330 1829 5397 proprii
1859 5329 1970 5382 sint
1992 5369 2007 5390 ,

428 5403 602 5463 tactus
631 5416 684 5462 ct
708 5416 894 5474 gustus
921 5419 1041 5458 cum
1068 5403 1263 5474 belluis
1288 5415 1615 5474 communes
1650 5417 1661 5451 :
1709 5415 2010 5469 quanquam

429 5478 642 5534 interim
672 5470 935 5545 eiemplis
961 5472 1381 5545 evidentissimis
1429 5470 1731 5545 ostendere
1751 5486 1969 5545 possem
1996 5511 2010 5533 ,

427 5550 779 5603 animantium
812 5543 1079 5601 mutorum
1124 5543 1367 5614 qumdam
1398 5543 1558 5597 etiam
1590 5557 1653 5596 ex
1685 5543 1884 5595 ollactu
1913 5556 2008 5614 vo-

429 5620 688 5690 Iuptalem
715 5634 936 5688 capere;
974 5612 1155 5690 atque
1177 5614 1314 5671 adeo
1342 5616 1533 5679 etiam,
1566 5613 1609 5668 si
1633 5627 1855 5668 necesse
1904 5612 2013 5679 sit,

432 5689 503 5747 ei
528 5693 711 5746 amlitn
737 5700 790 5744 et
814 5692 950 5745 visu.
982 5689 1187 5743 Βετυι..

506 5763 781 5819 ttecusant.
833 5760 1057 5817 Edendi.
1108 5759 1216 5817 llas
1256 5759 1396 5816 inter
1428 5771 1590 5817 voces
1618 5755 1794 5830 lepide
1817 5764 1872 5814 et
1895 5754 2019 5814 baro

2094 3552 2222 3608 hare
2268 3555 2597 3609 iuterserunt
2644 3555 2792 3622 Lips.
2841 3554 2877 3607 2
2934 3562 2990 3609 et
3035 3552 3268 3607 Reimm.
3319 3561 3580 3607 recusant.
3630 3550 3702 3608 Et

2095 3626 2248 3679 multi
2282 3626 2525 3680 homines
2546 3667 2559 3689 ,
2594 3642 2730 3691 quos
2761 3626 2874 3693 ipse
2903 3626 3061 3690 novi,
3096 3624 3279 3678 edendi
3302 3640 3362 3678 ac
3391 3623 3598 3678 bibendi
3620 3622 3704 3693 of-

2095 3697 2270 3764 ﬁciunt
2297 3697 2484 3750 ventris
2512 3697 2827 3767 plenitudine
2852 3697 3152 3751 metiuntur.
3185 3695 3316 3750 BDN.

2172 3768 2305 3834 Quia
2326 3764 2610 3839 proposuit.
2645 3769 2720 3823 Ita
2742 3782 2931 3823 omnes
2954 3782 3084 3823 mss.
3110 3775 3167 3821 et
3188 3766 3367 3822 cuncti
3393 3766 3504 3823 fere
3530 3764 3698 3834 editi;

2098 3839 2371 3909 nonnullis
2396 3848 2479 3894 est
2503 3840 2610 3909 qui.
3086 3847 3095 3856 “

2170 3908 2458 3965 Domestica
2486 3908 2647 3964 hoste.
2684 3910 2794 3964 Lex
2824 3909 3021 3974 carnis,
3057 3926 3179 3979 qua:
3207 3909 3370 3965 etiam
3397 3908 3488 3964 lex
3510 3910 3705 3966 mortis

2099 3988 2155 4036 et
2171 3984 2374 4051 peccati
2389 3982 2601 4048 dicitur,
2626 3982 2786 4037 [tostis
2806 3980 3108 4036 domesticus
3123 3991 3378 4051 estatque
3399 3981 3704 4037 intestinus.

2174 4072 2403 4144 Stupro,
2438 4083 2540 4129 etc.
2577 4072 2702 4128 Hcce
2746 4072 2928 4127 addita
2979 4083 3151 4144 putat
3178 4073 3483 4127 Heumann.
3544 4081 3709 4143 atque

2101 4159 2166 4199 ex
2190 4143 2431 4212 margine
2461 4149 2512 4199 in
2545 4156 2745 4199 textum
2776 4143 3039 4198 Lactantii
3068 4143 3281 4198 inducta
3316 4144 3501 4197 luisse.

2178 4216 2341 4271 Omne
2369 4217 2643 4287 ﬂagitium.
2682 4217 2709 4269 1
2750 4215 2960 4287 Bunon.
2996 4214 3165 4287 antiq.
3190 4254 3204 4276 ,
3238 4214 3413 4268 omnia
3439 4213 3664 4287 ﬂagitia.

2184 4284 2474 4357 Voluptatis
2513 4303 2690 4357 regno.
2741 4286 2868 4341 Haec
2911 4285 3052 4355 apud
3101 4284 3420 4340 Ciceronem
3465 4298 3574 4338 non
3622 4284 3707 4339 le-

2103 4370 2320 4430 guntur.

2178 4451 2422 4505 Cicero...
2468 4452 2760 4505 consistere.
2806 4448 2883 4503 Ita
2913 4463 3102 4503 omnes
3150 4447 3295 4502 libri.
3350 4446 3708 4503 Heumannus

2107 4532 2255 4590 putat
2295 4521 2411 4575 haec
2457 4521 2639 4576 omnia
2670 4521 2797 4575 olim
2824 4521 2986 4575 fuisse
3015 4520 3242 4589 margini
3280 4520 3536 4591 inscripta
3563 4560 3580 4584 ,
3603 4532 3711 4591 nec

2106 4589 2367 4648 Lactantii
2400 4607 2521 4648 esse
2543 4634 2557 4656 ,
2586 4593 2887 4647 orationem
2921 4591 2985 4645 iis
3023 4591 3240 4645 omissis
3287 4591 3483 4646 melius
3527 4589 3712 4646 colla:-

2107 4679 2259 4730 rere,
2294 4663 2493 4718 relicuis
2524 4663 2591 4717 iis
2639 4662 3031 4731 impeditiorem
3059 4676 3217 4720 esse:
3250 4676 3351 4718 nec
3376 4671 3526 4731 putat
3571 4661 3712 4718 Lac-

2109 4737 2332 4789 tantium
2361 4736 2428 4788 ita
2464 4734 2629 4789 fuisse
2654 4744 3006 4804 scripturum,
3030 4732 3224 4788 Cicero
3251 4745 3432 4801 stupra
3452 4774 3468 4800 ,
3502 4733 3708 4802 inquit,

2109 4806 2358 4873 excitari;
2393 4804 2489 4861 sed
2521 4805 2592 4860 ita
2614 4849 2628 4869 .
2658 4805 2845 4861 Cicero
2878 4824 2892 4860 :
2925 4817 3103 4875 stupra
3127 4845 3143 4870 ,
3170 4805 3372 4875 inquit,
3403 4806 3708 4875 excitantur.

2110 4877 2222 4931 lmo
2263 4871 2367 4931 non
2393 4875 2645 4932 Ciceroni
2677 4871 3020 4931 tributurum'
3042 4876 3207 4930 luisse
3245 4871 3363 4932 haec
3388 4876 3583 4941 verba,
3616 4871 3713 4929 sed

2109 4948 2262 5019 cujus
2288 4959 2417 5019 sunt
2437 4989 2453 5014 ,
2484 4952 2734 5019 Archytae
2761 4947 3074 5019 Tarentino.
3119 4947 3252 5001 Buu.

2187 5018 2294 5074 Sed
2323 5035 2349 5072 e
2375 5016 2652 5073 contrario}
2685 5019 2797 5075 Huc
2824 5033 2993 5089 usque
3020 5016 3228 5073 Cicero.

2184 5089 2552 5149 Suavilatibus.
2586 5089 2845 5162 Voluptas
2873 5086 2997 5147 esca
3028 5090 3323 5157 malorum,
3347 5088 3501 5159 juxta
3530 5086 3713 5143 Plato-

2112 5175 2235 5217 nem
2246 5202 2259 5216 .

2185 5252 2384 5308 Ditioui
2433 5269 2540 5309 sure
2586 5253 2881 5325 subjiceret.
2935 5251 3215 5325 Voluptas
3247 5266 3353 5325 non
3407 5248 3713 5325 Deus.‘llli

2113 5326 2295 5388 enim,
2355 5327 2444 5395 qui
2494 5321 2719 5396 subjecti
2769 5333 2896 5378 sunt
2942 5323 3131 5377 ditioni
3185 5322 3507 5396 voluptatis,
3557 5321 3719 5396 eique

2116 5398 2272 5452 unice
2300 5392 2541 5451 serviunt
2561 5392 2929 5463 {sempiterna
2962 5405 3138 5463 morte
3167 5392 3517 5450 damnantur.
3546 5394 3716 5451 CELL.

2187 5466 2520 5536 Philosophi.
2554 5462 2805 5523 Architas
2827 5506 2843 5531 ,
2876 5464 3041 5536 Cato,
3076 5462 3290 5520 Cicero.

2190 5520 3054 5608 Cretum'potiuquuam'cielata.
3105 5535 3540 5594 Prosonomasia.
3576 5538 3722 5592 Allu—
3812 5520 3816 5527 ’

2117 5610 2196 5666 dit
2220 5621 2400 5683 autem
2430 5609 2596 5666 dubio
2624 5606 2824 5683 procul
2858 5606 3085 5683 adueam‘
3132 5610 3256 5667 caeli
3297 5611 3679 5683 etymologiam
3703 5645 3721 5673 ,

2118 5697 2276 5753 quam
2314 5681 2494 5753 _Varro
2533 5690 2587 5736 et
2624 5678 2833 5753 Plinius
2885 5676 3155 5747 afferunt,
3203 5676 3644 5752 quod'nimir'um
3690 5692 3724 5740 a

2124 5749 2367 5813 cantando
2390 5753 2460 5811 sit
2489 5752 2714 5809 dictum.
2760 5749 3087 5809 Bsruasws.
