4142 6200
480 241 582 309 7οἿ

1581 237 1769 297 FIMI.
1808 225 2176 296 LACTANTII
2220 225 2425 294 DIVlN.
2469 231 2715 294 lNS'l‘lT.

3679 223 3785 290 708
3864 191 3876 270 ἶ

480 363 792 431 homicidii,
823 361 966 432 quod
1017 360 1077 416 fit
1106 357 1316 415 occulte
1342 393 1356 422 ,
1403 364 1680 428 spectator
1709 363 1764 412 et
1802 356 2078 427 particeps
2103 361 2156 428 Α
2182 353 2362 410 cidere
2397 353 2535 428 Deus
2565 357 2742 419 vetat,
2783 349 3091 406 latrocinari
3124 361 3222 405 nos
3262 353 3470 404 tantum
3499 344 3783 418 prohibet;

482 461 596 516 ﬁat.
627 459 736 513 ﬂos
765 465 945 510 tamen
981 452 1135 508 ludos
1182 459 1416 516 vocant,
1467 451 1518 504 in
1569 451 1764 519 quibus
1807 448 2074 503 humanus

482 552 701 622 sanguis
722 547 1038 605 etfunditur.
1065 545 1220 600 Adeo
1242 545 1400 614 longe
1421 543 1488 598 ab
1515 542 1824 598 hominibus
1851 540 2079 598 secessit

483 644 822 707 humanitas;
873 649 935 696 ut
970 655 1090 695 cum
1134 638 1342 693 animas
1396 637 1676 692 hominum
1714 635 2074 702 interﬁciant,

484 735 674 792 ludere
713 750 774 790 se
802 735 1113 804 opinentur,
1143 731 1488 786 nocentiores
1515 730 1582 785 iis
1625 729 1900 796 omnibus,
1943 743 2080 799 quos

484 843 602 883 rum
637 827 952 896 sanguinem
980 823 1238 893 voluptati
1271 821 1492 877 habent.

552 921 751 988 Quaero
779 932 926 974 nunc
946 953 961 984 ,
993 933 1060 972 an
1094 917 1302 987 possint
1330 916 1403 986 pii
1433 922 1488 970 et
1512 913 1641 985 justi
1664 912 1912 969 homines
1935 925 2078 981 esse,

483 1014 574 1083 qui
620 1011 944 1067 constitutos
978 1009 1078 1064 sub
1122 1009 1230 1062 ictu
1277 1008 1501 1072 mortis,
1547 1021 1610 1061 ac
1653 1005 2083 1062 misericordiam

486 1105 872 1175 deprecantes,
914 1118 1021 1157 non
1079 1109 1284 1155 tantum
1329 1101 1605 1170 patiuntur
1643 1099 1855 1168 occidi,
1889 1099 1985 1156 sed
2029 1107 2085 1156 et

489 1197 752 1267 ﬂagitant,
777 1194 1065 1264 feruntque
1091 1192 1158 1247 ad
1179 1201 1410 1247 mortem
1438 1191 1678 1248 crudelia
1707 1199 1763 1247 et
1790 1191 2084 1246 inhumana

487 1287 778 1358 suifragia,
825 1301 926 1342 nec
975 1284 1290 1340 vulneribus
1317 1285 1526 1351 satiati,
1580 1300 1682 1341 nec
1722 1299 1917 1340 cruore
1949 1299 2084 1340 con-

491 1380 623 1435 tenti
655 1397 666 1432 :
695 1379 826 1448 quin
878 1377 1043 1433 etiam
1087 1391 1372 1446 percussos
1414 1376 1766 1448 jacentesque
1795 1377 1965 1447 repeti
1991 1376 2086 1446 ju-

489 1471 651 1536 bent,
680 1477 737 1524 et
769 1467 1030 1523 cadavera
1063 1466 1258 1522 ictibus
1285 1466 1538 1537 dissipari
1563 1509 1578 1535 ,
1613 1483 1683 1523 ne
1712 1467 1832 1537 quis
1869 1466 1992 1522 illos
2017 1468 2087 1522 sis

489 1561 692 1616 mulata
716 1569 891 1615 morte
916 1557 1152 1614 deludat.
1183 1558 1490 1614 Irascuntur
1513 1560 1674 1615 etiam
1702 1560 2085 1630 pugnantibus,

489 1655 594 1710 nisi
623 1653 880 1709 celeriter
907 1667 937 1708 e
959 1651 1172 1707 duobus
1195 1652 1334 1706 alter
1359 1651 1573 1706 occisus
1602 1661 1714 1717 est;
1750 1661 1805 1707 et
1833 1662 2086 1723 tanquam

2178 445 2321 517 quod
2347 461 2414 503 ne
2445 461 2539 516 per
2565 446 2710 516 leges
2734 444 2952 514 quidem
2979 442 3220 514 publicas
3247 441 3374 498 licet
3398 457 3412 496 :
3441 440 3534 497 sed
3563 455 3625 496 ea
3651 454 3787 511 quo-

2178 551 2282 607 que
2312 552 2378 592 ne
2426 537 2556 591 llam
2587 542 2802 603 monet,
2852 550 2973 606 quae
3018 533 3158 606 apud
3204 533 3451 588 homines
3480 547 3577 603 pro
3625 531 3787 588 licitis

2180 629 2461 687 habentur.
2509 625 2587 685 Ita
2638 644 2811 701 neque
2868 629 3103 684 militare
3175 626 3320 698 justo
3369 624 3585 693 licebit,
3633 625 3787 696 cujus

2180 723 2367 778 militia
2409 730 2492 778 est
2532 723 2642 792 ipsa
2677 721 2919 792 justitia;
2953 735 3129 792 neque
3156 733 3284 775 vero
3313 731 3570 774 accusare
3599 731 3789 785 quem-

2182 830 2340 886 quam
2371 814 2598 870 crimine
2642 813 2858 885 capitali
2907 831 2918 866 :
2973 812 3096 882 quia
3144 811 3278 867 nihil
3329 811 3494 866 distat
3538 817 3789 866 utrumne

2183 909 2357 974 ferro,
2385 924 2453 963 an
2483 909 2652 964 verbo
2679 907 2855 979 potius
2886 905 3134 970 occidas;
3164 905 3417 978 quoniam
3443 903 3645 960 occisio
3672 903 3789 973 ipsa

2184 1001 2527 1072 prohibetur.
2561 1000 2746 1070 itaque
2771 1002 2824 1054 in
2857 1001 2960 1055 hoc
2989 999 3083 1054 Dei
3106 1007 3380 1070 praecepto
3409 995 3606 1052 nullam
3636 1011 3790 1066 pror-

2189 1107 2283 1148 sus
2311 1093 2686 1164 exceptionem
2729 1091 2847 1148 lieri
2876 1100 3130 1164 oportet,
3163 1093 3291 1163 quin
3329 1089 3578 1148 occidere
3609 1089 3790 1145 homi-

2189 1200 2310 1242 nem
2341 1187 2412 1242 sit
2439 1200 2654 1256 semper
2690 1184 2872 1255 nefas,
2903 1199 3063 1257 quem
3110 1184 3254 1241 Deus
3299 1191 3548 1240 sanctum
3590 1177 3791 1237 animal

2187 1291 2309 1337 esse
2338 1281 2524 1336 voluit.

2265 1374 2402 1443 Ergo
2441 1387 2509 1428 ne
2554 1372 2686 1428 illud
2733 1372 2950 1444 quidem
2979 1371 3203 1429 concedi
3237 1369 3433 1442 aliquis
3480 1368 3789 1439 existimet,

2189 1473 2247 1519 ut
2270 1478 2459 1519 recens
2486 1473 2643 1520 natos
2667 1465 2828 1520 liceat
2851 1465 3126 1532 oblidere,
3159 1479 3281 1535 qua:
3327 1462 3415 1519 vel
3445 1461 3683 1518 maxima
3710 1471 3796 1518 est

2193 1557 2444 1626 impietas
2462 1576 2482 1624 ;
2510 1559 2578 1614 ad
2609 1559 2770 1613 vitam
2802 1559 2948 1614 enim
2978 1560 3118 1616 Deus
3148 1559 3379 1629 inspirat
3407 1558 3614 1613 animas
3639 1599 3657 1625 ,
3688 1572 3796 1612 non

2192 1652 2260 1709 ad
2291 1663 2543 1710 mortem.
2578 1654 2777 1711 Verum
2824 1654 3106 1720 homines,
3143 1669 3210 1709 ne
3253 1652 3396 1723 quod
3444 1653 3514 1707 sit
3541 1652 3750 1708 facinus
3776 1693 3793 1719 ,

425 1773 432 1775 -
490 1746 782 1802 humanum
822 1745 1139 1814 sanguinem
1179 1743 1400 1810 sitiant,
1447 1744 1677 1800 oderunt
1705 1760 1905 1800 moras.
1934 1745 2086 1800 Alios
2114 1754 2163 1821 Β
2191 1765 2299 1820 quo
2331 1765 2524 1806 manus
2553 1765 2678 1808 suas
2706 1765 2813 1806 non
2841 1749 3104 1820 polluant,
3137 1747 3367 1804 rudibus
3394 1747 3570 1802 adhuc
3595 1755 3647 1802 et
3669 1746 3800 1800 sim-

489 1841 594 1896 iliis
622 1852 903 1910 compares
929 1839 1042 1894 dari
1071 1848 1300 1908 poscunt
1332 1838 1694 1905 recentiores,
1731 1846 1788 1893 ut
1808 1840 2082 1910 quampri-

491 1948 638 1987 mum
665 1932 851 1987 oculos
876 1945 1004 1986 suos
1028 1931 1245 1986 satient.
1283 1930 1393 1984 llac
1421 1931 1811 1986 consuetudine
1852 1931 2040 1988 imbuti
2066 1971 2081 1998 ,

491 2024 877 2080 humanitatem
902 2023 1270 2093 perdiderunt.
1304 2022 1488 2092 Itaque
1533 2038 1639 2078 non
1670 2031 1895 2093 parcunt
1923 2023 2087 2096 etiam

491 2115 866 2171 innocentibus
890 2132 902 2170 :
935 2114 1030 2170 sed
1053 2124 1309 2171 exercent
1338 2115 1392 2168 in
1416 2129 1607 2170 omnes
1626 2156 1640 2180 ,
1671 2114 1814 2185 quod
1841 2115 1892 2170 in
1923 2117 2091 2172 maloa

491 2228 610 2267 rum
643 2210 1000 2266 trucidatione
1024 2209 1346 2265 didicerunt.
1378 2208 1548 2278 Hujus
1574 2207 1733 2280 igitur
1759 2210 1956 2280 publici
1987 2211 2090 2266 ho-

492 2304 691 2360 micidii
720 2303 898 2358 socios
927 2312 982 2358 et
1025 2303 1314 2373 participes
1355 2315 1475 2356 esse
1507 2316 1613 2356 non
1657 2304 1908 2358 convenit
1955 2318 2086 2372 eos,

494 2397 583 2466 qui
603 2396 828 2467 justitiat:
854 2396 995 2451 viam
1022 2405 1205 2451 tenere
1235 2396 1501 2450 nituntur.
1533 2393 1652 2450 Non
1682 2395 1825 2451 enim
1849 2411 1970 2452 cum
1999 2411 2090 2451 oc-

2190 1841 2423 1913 plicihus
2448 1841 2641 1898 animis
2669 1841 2939 1913 abnegant
2966 1839 3144 1897 lucem
3167 1855 3279 1897 non
3306 1853 3336 1894 a
3363 1853 3422 1896 se
3447 1838 3646 1894 datam.
3681 1837 3799 1894 Ex-

2189 1943 2368 2007 pectet
2394 1947 2524 1990 vero
2565 1934 2758 2006 aliquis
2802 1944 2862 1990 ut
2901 1931 3084 1990 alieno
3124 1931 3375 2004 sanguini
3419 1941 3676 2003 parcant,
3706 1929 3803 2002 qui

2192 2044 2302 2084 non
2334 2036 2562 2098 parcunt
2592 2041 2690 2084 suo
2723 2045 2736 2084 :
2767 2029 2862 2085 sed
2895 2025 2948 2083 hi
2979 2030 3096 2085 sine
3142 2027 3249 2082 ulla
3277 2027 3646 2084 controversia
3676 2037 3804 2082 sce-

2193 2122 2347 2177 lerati
2378 2129 2432 2177 et
2475 2121 2680 2191 injusti.
2711 2119 2852 2190 Quid
2903 2121 3005 2188 illi,
3059 2131 3196 2191 ques
3252 2117 3388 2176 falsa
3434 2121 3607 2192 pietas
3658 2119 3805 2192 cogit

2205 2216 2522 2286 exponere?
2558 2214 2695 2271 Num
2724 2223 2950 2286 possunt
2993 2215 3310 2272 innocentes
3337 2214 3634 2271 existimari
3659 2257 3674 2280 ,
3708 2212 3806 2283 qui

2198 2307 2406 2363 viscera
2428 2321 2525 2363 sua
2549 2307 2600 2362 in
2625 2307 2859 2378 praedam
2887 2307 3112 2365 canibus
3138 2306 3432 2378 objiciunt,
3463 2314 3517 2362 et
3543 2313 3806 2376 quantum

2198 2402 2252 2458 in
2283 2403 2414 2472 ipsis
2456 2411 2574 2472 est,
2621 2401 2893 2460 crudelius
2923 2410 3154 2474 necant,
3185 2415 3347 2473 quam
3381 2399 3428 2457 si
3467 2398 3806 2470 strangulas-

1851 2507 2209 2571 VARIORUM
2249 2511 2479 2572 NOT/E.

564 2628 701 2683 Adeo
730 2620 878 2699 longe
900 2627 961 2681 ab
990 2623 1272 2699 hominibus
1299 2621 1519 2699 recessit.
1551 2621 1740 2699 Scribe
1777 2628 2087 2699 recessitgex

493 2702 641 2769 Lips.
667 2699 734 2766 2,
761 2693 1121 2763 ὅζῐὶεὶιιιηιη
1152 2697 1342 2760 Torn.,
1372 2693 1700 2769 1587,1613
1721 2739 1736 2763 ,
1767 2697 1902 2753 Gen.
1945 2693 2086 2754 1650

493 2768 851 2836 ειίννιιιοιιὶο,
883 2770 976 2825 ubi
1006 2771 1187 2837 plures
1209 2770 1336 2823 editi
1366 2769 1588 2823 secessit.
1622 2768 1757 2823 Bon.

566 2843 883 2912 Sanguinem
909 2842 1159 2913 voluptati
1188 2839 1392 2913 habent.
1421 2839 1674 2913 Cyprian.
1700 2840 1737 2894 l.
1772 2856 1832 2913 ιι,
1866 2856 1954 2911 ep.
2005 2843 2040 2894 2
2072 2858 2086 2896 :

566 2856 883 2912 eangumem
909 2856 1159 2913 vOluplalt
1188 2856 1392 2894 navent.
1421 2856 1674 2964 ugprtan.
1701 2856 1737 2894 ι.
1772 2856 1832 2905 ιι,
1866 2856 1954 2911 ep.
2005 2856 2040 2894 2
2072 2858 2086 2896 :

495 2914 725 2968 Paratur
754 2913 1090 2984 gladiatorias
1119 2909 1270 2965 ludus
1295 2951 1310 2984 ρ
1340 2921 1393 2964 ut
1422 2911 1455 2965 li
1492 2911 1680 2984 idinem
1702 2912 1987 2984 crudelium
2009 2913 2089 2967 lu-

494 2990 688 3039 minum
729 2981 940 3055 sanguis
972 2981 1250 3038 oblectet...
1286 2982 1438 3036 homo
1480 2981 1730 3036 occiditur
1765 2983 1821 3036 in
1867 2983 2088 3039 hominis

495 3057 824 3123 voluptatem.
858 3058 968 3110 BUN
980 3091 992 3107 .

570 3129 755 3194 Quwro
781 3143 937 3180 nunc.
962 3125 1089 3179 Mss.
1115 3126 1204 3188 10,
1240 3123 1441 3189 Quazre.

571 3189 677 3252 Sed
711 3206 756 3251 et
793 3195 1052 3268 flagitant.
1099 3195 1426 3268 Restitutum
1467 3201 1514 3249 et
1544 3210 1611 3268 ex
1653 3194 1876 3268 Mss._ac
1902 3189 1938 3249 2
1965 3197 2090 3268 edd.

497 3268 638 3338 quod
661 3283 764 3321 non
786 3263 982 3321 lanium
1003 3265 1260 3336 postulat.
1279 3263 1367 3333 Et,
1393 3277 1490 3336 pro
1519 3265 1689 3321 etiam.
1721 3267 1758 3320 2
1789 3265 1923 3337 Reg.
1949 3276 2002 3322 et
2026 3263 2091 3322 16

497 3341 653 3405 edit.,
685 3339 773 3394 sed
803 3340 1098 3409 efﬂagitant.

571 3409 684 3463 Nec
714 3407 895 3464 cruore
916 3407 1164 3464 contenti.
1197 3407 1351 3463 Adde
1391 3424 1512 3477 quae
1538 3408 1746 3463 Plinius
1773 3408 1964 3464 scribit
1992 3410 2086 3465 lib.

500 3497 672 3536 xxvnt
694 3523 708 3548 ,
739 3496 862 3550 cap.
911 3482 974 3548 1,
1007 3480 1152 3550 quod
1181 3478 1553 3536 Giadiatorum
1586 3481 1904 3550 sanguinem
1934 3496 2090 3550 spec-

499 3563 700 3607 tatores
729 3552 919 3607 bibere
947 3552 1089 3606 soliti
1124 3561 1302 3606 erant.
1911 3560 1926 3569 ’

569 3624 850 3678 Percussae
869 3624 1196 3693 jacentesque
1236 3621 1394 3692 repeti
1413 3621 1611 3690 iubent.
1627 3621 1933 3690 Aliquando
1956 3625 2094 3679 ictus

497 3697 788 3765 repetebant
810 3695 1158 3765 gladiatores,
1191 3703 1245 3748 et
1266 3709 1456 3748 atauus
1488 3694 1772 3765 mittebant
1797 3697 1850 3750 in
1873 3699 2091 3760 vulnus,

497 3763 562 3822 ne
584 3767 696 3836 quis
715 3763 1023 3836 spectatores
1053 3765 1296 3819 simulata
1324 3773 1485 3818 morte
1510 3763 1746 3820 deludat.

571 3837 637 3890 Et
667 3838 939 3906 participes
964 3852 1070 3891 esse
1098 3852 1199 3889 non
1225 3837 1474 3889 convenit.
1510 3835 1746 3890 Salvian.
1766 3837 1835 3893 de
1873 3838 2089 3893 Provid.

499 3924 552 3962 γι
602 3910 974 3978 conqueritur,
1016 3907 1071 3960 in
1125 3907 1455 3978 spectaculis
1485 3906 1615 3960 olim
1645 3909 1894 3977 expletos
1924 3909 2092 3966 fuisse

502 3976 740 4033 ferarum
783 3979 935 4032 alvos
967 3978 1216 4031 humanis
1253 3976 1550 4043 carnibus,
1580 3976 1936 4035 cum’laetitia
1978 3984 2090 4034 cir—

500 4049 918 4113 cumstantium;
955 4047 1164 4117 hocque
1193 4063 1336 4120 esse,
1361 4048 1442 4120 ait
1465 4063 1570 4102 non
1594 4049 1785 4120 .minus
1823 4067 1958 4120 pene
1987 4051 2090 4106 ho-

500 4120 705 4175 minum
733 4120 1078 4189 aspectibus,
1119 4133 1279 4190 quam
1321 4118 1593 4190 bestiarum
1624 4118 1878 4176 dentibus
1925 4121 2090 4178 devo-

499 4193 644 4264 rari.
672 4187 984 4264 Hieronym.
1015 4187 1192 4264 contr.
1224 4189 1404 4264 Rulin.
1434 4187 1708 4264 :“Procul,
1741 4191 1934 4264 inquit,
1967 4195 2031 4248 sit
2057 4211 2090 4248 a

497 4262 722 4318 moribus
749 4261 1055 4317 Christianis
1074 4303 1090 4331 ,
1120 4271 1174 4315 ut
1205 4263 1314 4316 sine
1345 4261 1517 4331 gladio
1537 4303 1552 4328 ,
1577 4261 1837 4318 voluntate
1864 4266 1965 4318 sint
1991 4267 2088 4319 Ito-

497 4335 716 4389 nn'cidae.
753 4334 820 4388 Et
849 4333 917 4388 ad
953 4334 1014 4389 D.
1065 4329 1360 4402 Augustin.
1397 4333 1666 4400 scribens,
1703 4332 1974 4400 eretici.
2004 4338 2088 4391 in-

2195 2648 2339 2688 mam
2370 2633 2473 2688 2-2
2519 2643 2710 2704 quiest.
2768 2636 2869 2702 40,
2917 2635 2954 2689 1.
3002 2650 3052 2702 ι,
3084 2642 3142 2691 et
3178 2634 3489 2690 Bellarmin.
3523 2634 3618 2691 lib.
3652 2649 3709 2689 ιιι
3735 2631 3807 2689 de

2196 2703 2404 2759 Laicis.
2435 2720 2556 2759 can.
2591 2699 2676 2759 14.

2244 2719 2404 2770 aleis,
2435 2720 2556 2770 cap.
2591 2719 2676 2759 14.

2277 2720 2372 2758 ιρις
2435 2720 2494 2758 ca
2545 2746 2556 2758 .
2591 2720 2676 2759 14.

2271 2774 2324 2828 Ν
2330 2747 2452 2840 eqite
2471 2720 2586 2830 agro
2613 2789 2854 2832 accusare
2875 2789 3176 2846 quemquam
3199 2773 3411 2831 crimine
3430 2775 3661 2846 capitali.
3685 2773 3806 2832 Non

2197 2854 2282 2902 est
2309 2845 2413 2919 hoc
2444 2849 2762 2917 simpliciter
2785 2845 2992 2904 verum.
3023 2850 3258 2904 Possunt
3285 2850 3429 2903 enim
3457 2845 3619 2919 justa:
3643 2861 3807 2903 accu-

2198 2915 2350 2972 sandi
2381 2915 2566 2975 causae
2589 2919 2814 2976 subesse
2834 2960 2848 2984 ,
2877 2921 2962 2974 vel
3007 2936 3131 2976 cum
3180 2915 3473 2976 accusator
3496 2929 3721 2975 vocatur
3749 2919 3804 2973 in

2197 2985 2491 3058 judicium,
2521 2990 2602 3045 vel
2646 3006 2766 3045 cum
2810 2991 3138 3046 intellexerit
3175 2993 3352 3048 scelus
3382 2992 3435 3046 in
3485 2991 3806 3060 reipublicae

2200 3060 2494 3133 perniciem
2545 3075 2845 3117 cessurum.
2897 3063 2954 3118 S.
3004 3061 3422 3133 Gregor._apud
3473 3059 3716 3118 Gratian.
3748 3061 3804 3116 in

2195 3143 2316 3205 cati.
2367 3132 2429 3205 Si
2467 3133 2580 3203 quis
2620 3147 2772 3202 super
2798 3133 2914 3200 his;
2959 3133 3014 3188 in
3045 3131 3166 3189 can.
3202 3131 3698 3205 Metropolitanum;
3749 3138 3806 3187 et

2195 3201 2375 3277 Qelas.
2419 3201 2640 3277 ιιι-0³η.
2684 3201 2806 3271 Qua
2835 3213 3048 3277 propter
3089 3206 3350 3277 secunda,
3377 3201 3588 3274 'qntest.
3620 3207 3694 3277 _'l,
3743 3205 3801 3260 S.

2197 3267 2396 3328 Thom.
2427 3275 2541 3344 2-2,
2566 3267 2758 3344 quaest.
2792 3267 2860 3331 68
2880 3318 2894 3340 ,
2927 3267 3029 3330 art.
3076 3279 3124 3329 -l.
3153 3267 3576 3344 lunai—Quod
3605 3267 3800 3332 Chris-

2196 3345 2344 3400 tiano
2373 3360 2481 3400 non
2511 3343 2670 3412 licet,
2702 3359 2760 3401 ut
2789 3357 2932 3402 totus
2959 3347 3163 3402 feratur
3209 3349 3263 3402 in
3298 3343 3559 3416 privatam
3592 3347 3804 3402 vindic-

2195 3425 2349 3542 tas:th
2378 3417 2512 3473 Vide
2559 3418 2946 3474 Bellarminum
2993 3419 3088 3475 lib.
3138 3434 3197 3474 ιιι
3242 3419 3309 3474 de
3336 3419 3534 3487 Laicis,
3561 3433 3681 3489 cap.
3731 3418 3807 3474 12

2196 3496 2369 3543 el15.

2269 3560 2520 3614 Sanctum
2564 3558 2759 3613 animal
2802 3573 2914 3614 esse
2949 3559 3129 3615 coluit.
3166 3557 3416 3615 Sanctum
3467 3561 3519 3615 in
3572 3559 3797 3629 propria

2195 3630 2587 3699 significatione
2634 3629 2718 3685 hic
2760 3631 2955 3703 accipit
2983 3632 3318 3699 Lactantius,
3353 3633 3420 3687 ab
3461 3627 3662 3703 injuria
3679 3627 3802 3686 ibo-

2159 3737 2163 3745 -
2196 3704 2403 3756 minum
2432 3703 2694 3756 munitum
2719 3699 3204 3771 atque'delensum.
3234 3705 3475 3759 Donatus
3502 3699 3803 3760 {Sanctam

2195 3771 2404 3840 dicitur,
2435 3773 2572 3843 quod
2601 3775 2738 3827 omni
2764 3773 3110 3829 observatione
3139 3773 3442 3831 inviolatum
3469 3785 3546 3831 est
3575 3793 3593 3830 :
3622 3775 3701 3830 sic
3724 3774 3803 3829 le-

2195 3858 2293 3914 ges
2317 3853 2508 3898 sanctte
2534 3845 2806 3908 dicuntur,
2841 3855 2945 3900 etc.
2971 3845 3158 3902 isses.

2252 3914 2322 3990 llr
2351 3931 2526 3970 recens
2554 3925 2721 3970 natos.
2745 3916 2827 3971 Ex
2847 3917 3271 3990 antiquissnnss.
3295 3917 3330 3971 2
3354 3917 3559 3990 Reg.,i
3590 3917 3802 3990 Bonan.

2194 3986 2421 4056 aliisque
2450 3996 2572 4042 octo
2594 4029 2609 4054 ,
2643 3997 2697 4040 et
2723 3996 2830 4041 vet.
2862 3986 3022 4042 editis
3045 3989 3230 4055 Bonn,
3257 3986 3460 4055 Betui;
3483 3991 3554 4045 Is.
3591 3987 3804 4044 restitui

2193 4072 2365 4111 recens
2382 4097 2398 4123 ,
2424 4058 2592 4112 instar
2612 4057 2871 4114 adverbii.
2895 4058 3018 4113 Mss.
3054 4061 3120 4115 10
3146 4075 3258 4116 rec.
3277 4071 3333 4115 et
3361 4061 3427 4116 15
3451 4059 3585 4116 edit.
3621 4059 3804 4130 legunt

2194 4137 2458 4195 recentes;
2511 4139 2717 4198 septem
2765 4130 2951 4200 scripti
2991 4140 3242 4186 recenter.
3293 4131 3428 4188 Vide
3469 4131 3800 4188 Tertullian.

2205 4200 2490 4269 Apologet.
2515 4215 2634 4268 cap.
2662 4199 2696 4253 2
2722 4209 2777 4254 et
2802 4201 2855 4255 9.

2269 4269 2526 4344 leidere.
2561 4271 2659 4326 Est
2685 4269 2980 4344 frangendo
3001 4314 3015 4338 ,
3041 4274 3123 4328 vel
3153 4273 3448 4344 premendo
3474 4272 3798 4344 prmlocare.

2197 4341 2444 4396 Oblidere
2465 4351 2551 4397 est
2583 4342 2723 4411 apud
2747 4345 3044 4399 Arnobium
3086 4341 3225 4400 et'in
3251 4341 3501 4400 omnibus
3525 4347 3636 4400 fere
3662 4341 3803 4400 Lac-

497 4408 642 4489 q‘uit,
673 4423 797 4489 quos
835 4405 1008 4489 gladio
1037 4413 1431 4489 nequeuntnuoto
1452 4405 1792 4489 interficiunt.
1818 4407 2009 4489 Μίιιιιιἱ
2036 4410 2085 4462 in
2113 4421 2169 4489 D
2197 4415 2572 4489 tantii__mss.et
2593 4405 2750 4489 editis
2772 4415 3044 4470 codicibus
3069 4433 3081 4471 :
3118 4418 3168 4471 in
3197 4415 3426 4473 Merton.
3451 4413 3652 4489 Christ.
3677 4416 3802 4471 Em.

498 4473 695 4532 Octav.
721 4473 924 4532 diserte
953 4473 1255 4546 proﬁtetur,
1285 4473 1604 4530 Christianis
1628 4478 1708 4531 las
1725 4491 1830 4532 non
1855 4493 1974 4534 esse
1994 4479 2092 4533 ho-

499 4548 771 4602 micidium
803 4549 1018 4614 videre,
1046 4554 1138 4600 aut
1160 4547 1346 4618 audire
1367 4586 1382 4611 ,
1411 4553 1726 4618 tantumque
1753 4547 1820 4602 ab
1859 4547 2097 4604 humano

498 4619 761 4688 sanguine
809 4618 931 4672 illos
969 4631 1162 4672 cavere
1191 4617 1317 4671 olim
1360 4619 1578 4685 solitos,
1616 4617 1673 4673 ut
1713 4633 1814 4674 nec
1857 4620 2095 4675 edulium

501 4705 754 4759 pecorum
784 4689 836 4742 in
868 4690 1002 4743 cibis
1031 4691 1344 4757 sanguinem
1388 4691 1685 4744 novissent.
1738 4693 1993 4745 luamus.
2025 4721 2098 4732 —

507 4761 636 4815 Vide
666 4759 1055 4816 Tertullianum
1089 4761 1141 4813 in
1172 4760 1308 4814 libro
1331 4759 1400 4816 de
1422 4761 1792 4832 Spectaculis.
1837 4763 2091 4832 Cyprian.
2179 4805 2181 4807 .

499 4832 674 4958 ἓρὶῗι.
707 4833 734 4888 1
767 4832 832 4887 ad
858 4833 1068 4902 plebem
1089 4873 1105 4899 ,
1137 4832 1363 4904 August.
1398 4831 1492 4887 lib.
1523 4847 1583 4886 ιιι
1613 4831 1680 4887 de
1703 4832 1862 4888 Civit.
1885 4831 2010 4900 Dei,
2042 4849 2094 4890 c.

563 4921 591 4958 e
644 4919 796 4958 seno.

563 4915 616 4958 ει
644 4919 796 4960 εθίια.

571 4919 870 5045 Ἠιῗθὲἓᾷαε
920 4974 1142 5029 militare
1184 4975 1331 5046 justo
1387 4974 1576 5029 licebit.
1630 4973 2095 5044 Anabaplisticum

499 5045 689 5117 dogma
722 5049 966 5118 sequitur
997 5045 1319 5118 Lactantius
1345 5054 1554 5101 tantum
1585 5059 1684 5116 pro
1729 5053 1972 5117 tempore
2003 5050 2096 5104 illo

500 5117 866 5188 printitivaa’et
894 5117 1254 5172 adolescentis
1282 5117 1538 5172 Ecclesiae
1557 5159 1571 5184 ,
1599 5129 1720 5187 quae
1743 5131 1842 5173 nec
1861 5119 2095 5187 gladium

501 5192 766 5255 habebat,
798 5206 899 5245 nec
925 5189 1155 5244 decebat
1182 5190 1328 5243 illam
1361 5191 1525 5244 armis
1554 5189 1627 5243 uti
1649 5231 1662 5255 ,
1699 5191 1794 5245 sed
1819 5191 2098 5246 dumtaxat

497 5276 594 5332 per
625 5265 905 5333 passiones
932 5271 987 5316 et
1015 5260 1275 5315 miracula
1304 5261 1508 5330 augeri.
1534 5258 1805 5316 Caeterum
1836 5271 1892 5316 et
1919 5259 2096 5317 homi-

500 5350 621 5388 nem
653 5335 854 5404 justum
907 5333 1142 5388 militare
1187 5346 1383 5404 posse,
1429 5342 1484 5388 et
1514 5334 1760 5404 militiam
1807 5333 2098 5402 aliquando

496 5403 696 5474 justam
722 5421 842 5461 esse
864 5446 878 5471 ,
906 5421 978 5460 ex
1006 5405 1106 5461 SS.
1140 5403 1429 5460 Ambrosio
1450 5443 1465 5470 ,
1511 5403 1810 5474 Augustino
1828 5445 1843 5471 ,
1887 5405 2095 5475 Grego-

508 5475 589 5541 rio
612 5517 626 5542 ,
659 5479 978 5547 cieterisque
1006 5477 1254 5532 Patribus
1279 5476 1457 5544 prodit
1485 5476 1770 5532 Gratianus
1798 5475 1850 5529 in
1881 5476 2094 5531 Decret.

499 5555 611 5599 tota
639 5562 798 5601 causa
828 5549 899 5601 ‘25
921 5588 935 5610 ,
961 5555 1150 5614 quaest.
1189 5549 1241 5604 1.
1266 5549 1303 5600 2
1322 5585 1337 5612 ,
1369 5550 1434 5615 5,
1465 5558 1519 5602 et
1544 5548 1681 5604 Sixt.
1715 5548 1943 5602 Senens.
1978 5549 2016 5602 Ι.
2043 5564 2096 5602 v1

495 5617 818 5675 Bibliothec.
844 5627 1054 5680 annot...
1078 5619 1199 5673 156.
1229 5619 1490 5674 ιειευειρ-
1506 5619 1635 5674 Haec
1655 5617 1724 5673 de
1746 5619 1958 5688 injustis
1981 5627 2098 5674 tan-

499 5700 612 5744 tum
643 5689 800 5746 bellis
827 5700 881 5745 et
905 5689 1146 5761 caedibus
1168 5699 1294 5744 sunt
1324 5691 1669 5761 intelligenda
1691 5732 1713 5761 ,_
1731 5687 1891 5761 quod
1921 5699 1977 5746 et
2001 5704 2095 5746 ca-

502 5761 609 5835 pite
648 5761 715 5820 i9
746 5772 904 5820 vocat
953 5760 1094 5819 bella
1137 5769 1326 5820 contra
1366 5759 1650 5832 justitiam.
1701 5759 1834 5821 Vide
1861 5761 1918 5820 Β.
1947 5762 2095 5821 Τιιοα

2201 4484 2535 4558 εειίειὲάεῃκ
2561 4485 2612 4539 in
2639 4485 2663 4538 1
2701 4485 2906 4558 Bonon.
2933 4489 3141 4558 antiqu.
3171 4489 3405 4543 allidere.
3439 4488 3669 4544 Veteres
3699 4502 3804 4543 Ste—

2201 4557 2308 4610 culi
2343 4572 2408 4610 xv
2439 4556 2579 4611 Edit.
2604 4557 2933 4611 concordant
2957 4556 3080 4612 cuni
3113 4568 3279 4614 textu.

2525 4627 2629 4752 Piri)
2655 4627 2962 4696 animabus;
3006 4630 3085 4686 sic
3122 4630 3316 4687 Cicero
3361 4629 3654 4701 Epistolar.
3700 4629 3797 4686 lib.

2202 4711 2293 4751 xiv
2312 4741 2326 4762 ,
2360 4706 2518 4766 epist.
2554 4706 2641 4752 ιι.

2273 4768 2534 4836 Abnegant
2564 4769 2760 4836 lucem,
2792 4777 2896 4826 etc.
2926 4771 3184 4840 Loquitur
3212 4772 3281 4829 de
3309 4772 3646 4830 immanitate
3671 4773 3761 4827 illa
3785 4814 3802 4840 ,

2201 4840 2672 4915 qua_mu|ie_rculze
2715 4844 2963 4915 potiones
2991 4843 3182 4899 bibunt
3227 4845 3294 4899 ad
3324 4845 3571 4901 abortum
3605 4860 3801 4915 procu-

2201 4909 2449 4982 randum.
2495 4909 2865 4982 Paulns‘JC”
2898 4915 2992 4969 lib.
3045 4931 3074 4967 ν
3123 4917 3393 4980 Sentent.,
3436 4932 3486 4972 c.
3533 4909 3650 4972 23':
3702 4915 3806 4981 Qui

2201 4981 2479 5056 abo‘rtionis
2507 4991 2598 5036 aut
2624 4981 2929 5039 amatoria»:
2952 4986 3190 5056 poculum
3207 5030 3222 5054 ,
3251 4989 3450 5043 etiamsi
3476 4989 3530 5042 id
3555 4989 3674 5041 dolo
3699 5003 3802 5041 non

2201 5053 2428 5125 faciant,
2463 5062 2632 5107 tamen
2683 5057 2804 5110 mali
2846 5053 3068 5125 exentpli
3114 5053 3212 5113 res
3239 5069 3346 5125 est,
3396 5059 3700 5113 humiliores
3744 5059 3799 5111 in

2201 5123 2495 5202 metallum,
2529 5127 2931 5202 Itonestioresin
2954 5123 3199 5202 insulam
3245 5123 3429 5184 amissa
3460 5143 3606 5202 parte
3636 5128 3803 5202 bono—

2200 5211 2314 5268 rum
2353 5197 2664 5268 relegantar.
2715 5198 2865 5262 Quod
2921 5200 2964 5253 si
3031 5215 3092 5254 ea:
3143 5199 3237 5255 hoc
3271 5203 3420 5255 homo
3460 5197 3566 5255 'aut
3620 5201 3806 5255 mulier

2203 5265 2408 5341 perierit
2424 5310 2438 5333 ,
2461 5265 2666 5323 summa
2689 5270 2942 5341 supplicio
2964 5271 3271 5341 afﬁciuntur.
3295 5273 3684 5328 Eutss'ttottsr.

2273 5337 2436 5414 Falsa
2462 5341 2644 5410 pietas.
2679 5337 2919 5414 Sediuisi
2949 5337 3033 5397 me
3063 5341 3255 5398 lallunt
3281 5346 3462 5398 omnia
3485 5388 3501 5410 ,
3531 5346 3663 5399 falsa
3692 5341 3810 5414 pie-

2203 5417 2284 5462 tas
2329 5408 2631 5486 hzec'erat,
2677 5413 2817 5482 quod
2864 5423 3117 5484 putarent
3143 5431 3250 5470 esse
3278 5417 3442 5486 magis
3469 5408 3614 5484 pium
3639 5408 3810 5486 et'in-

2201 5483 2497 5558 nocentius;
2515 5499 2796 5558 eaponere,
2825 5501 2978 5553 quam
2999 5488 3341 5558 strangulare.
3365 5483 3533 5543 'Pat’et
3561 5502 3627 5543 ex
3659 5485 3697 5541 l.
3735 5501 3768 5540 ν
3789 5529 3803 5552 ,

2200 5566 2324 5629 cap.
2350 5551 2423 5629 9_:
2460 5551 2856 5629 Quiunatosex:
2870 5574 2922 5611 se
2954 5551 3251 5626 puerosvaut
3277 5560 3637 5629 strangulent,
3677 5567 3806 5625 aut,

2201 5623 2246 5676 si
2274 5625 2488 5701 nimium
2519 5624 2592 5696 pii
2617 5625 2810 5701 fuerint
2835 5623 3131 5701 'eprnam.
3157 5629 3288 5687 Bon.

2289 5693 2493 5768 vacem
2515 5693 2630 5750 sua.
2658 5696 2733 5768 71d
2775 5709 2890 5768 est,
2918 5693 3125 5757 liberos
3169 5713 3318 5758 suos.
3367 5700 3460 5758 Sic
3512 5701 3750 5758 sumitur
3780 5715 3810 5754 a

2202 5766 2401 5836 Statio,
2433 5763 2694 5826 Thebaid.
2718 5781 2831 5841 vn,
2878 5763 3015 5844 751,
3065 5772 3188 5831 vide
3216 5771 3498 5831 Barthium
3541 5771 3610 5830 ad
3662 5773 3813 5830 hunc
