4142 6200
489 277 590 350 7ιι

1583 285 1769 343 FIRM.
1811 283 2180 343 LACTANTII
2219 283 2428 342 DlVlN.
2469 281 2720 341 INSTIT.

3689 277 3799 334 712

489 405 774 470 adulteria,
799 403 926 459 dum
947 403 1170 474 lingunt,
1193 408 1249 458 et
1274 401 1538 458 simulatis
1563 403 1812 458 erudiunt
1837 402 1902 456 ad
1926 403 2076 458 vera?
2104 411 2158 473 Α
2183 403 2384 475 impetu
2421 403 2687 466 curritur;
2734 408 2793 454 ut
2833 397 2941 470 jam
2974 395 3095 468 plus
3143 395 3440 467 spectaculi
3483 396 3800 469 exhibeant,

490 498 628 567 Quid
652 499 876 567 juvenes
921 505 1015 549 aut.
1057 495 1296 566 virgines
1328 494 1527 550 faciant
1550 536 1564 558 ,
1593 510 1714 550 cum
1745 495 1860 550 hinc
1886 505 1939 548 et
1969 495 2085 549 lieri

489 591 608 644 sine
650 590 888 659 pudore,
919 597 975 642 et
1019 588 1252 658 spectari
1299 587 1528 642 libenter
1575 589 1644 642 ab
1687 587 1936 642 omnibus
1965 602 2087 642 cera

491 682 667 738 nunt?
695 681 1070 736 Admonentur
1096 680 1278 750 utique
1304 680 1430 750 quid
1455 679 1634 735 facere
1661 680 1899 748 possint,
1928 689 1983 734 et
2011 681 2090 733 in-

491 774 838 830 ﬂammantur
876 772 1131 838 libidine,
1171 788 1292 843 quae
1328 781 1549 842 aSpectu
1582 775 1814 827 maxime
1854 773 2089 826 concita-

495 878 622 932 tur;
652 883 716 923 ac
745 883 804 923 se
831 867 1058 938 quisque
1087 881 1184 936 pro
1209 881 1346 921 sexu
1377 866 1429 920 in
1462 867 1568 920 illis
1600 866 1923 936 imaginibus
1954 881 2092 935 pra:-

491 963 722 1033 ligurat,
755 961 1089 1031 probamque
1123 961 1210 1014 illa
1235 1001 1251 1027 ,
1283 960 1411 1014 dum
1441 961 1652 1027 rident,
1687 971 1741 1015 et
1763 960 2087 1014 adhaerenti-

493 1055 592 1109 bus
620 1054 762 1108 vitiis
783 1095 798 1117 ,
831 1053 1200 1121 corruptiores
1227 1051 1293 1104 ad
1322 1052 1566 1105 cubicula
1594 1061 1967 1116 revertuntur;
1995 1065 2092 1105 nec

493 1149 644 1222 pueri
670 1146 830 1204 modo
850 1188 865 1211 ,
895 1161 1031 1215 quos
1061 1145 1401 1215 praematuris
1430 1144 1571 1199 vitiis
1605 1145 1766 1198 imbui
1799 1159 1903 1199 non
1930 1159 2090 1214 opor-

493 1254 567 1298 tet
599 1262 610 1296 :
641 1241 734 1297 sed
765 1241 926 1295 etiam
954 1254 1148 1305 senes,
1178 1253 1313 1307 quos
1360 1253 1587 1306 peccare
1612 1239 1722 1304 jam
1764 1253 1872 1292 non
1911 1237 2085 1292 decet;

565 1335 899 1390 Circensium
915 1348 1131 1403 quoque
1155 1332 1402 1386 ludorum
1423 1333 1560 1386 ratio
1587 1331 1710 1401 quid
1744 1333 1885 1386 aliud
1908 1333 2089 1400 habet,

495 1427 596 1482 nisi
622 1427 912 1489 levitatem,
939 1424 1250 1489 vanitatem,
1311 1424 1606 1478 insaniam?
1657 1423 1830 1478 Tanto
1858 1439 2091 1492 namque

495 1521 699 1592 impetu
730 1518 1066 1574 concitantur
1131 1515 1295 1571 animi
1351 1517 1408 1570 in
1456 1515 1714 1583 furorem,
1745 1527 1947 1587 quanto
1979 1517 2092 1571 illic

2189 497 2278 565 qui
2328 493 2608 564 spectandi
2657 493 2826 564 gratia
2874 491 3116 555 veniunt,
3167 505 3288 546 cum
3357 491 3696 560 exclamare,
3750 501 3805 550 et

2189 588 2389 651 eﬂ‘erri.
2422 599 2475 642 et
2512 587 2709 643 exilire
2749 586 3035 656 coeperint.
3070 584 3300 640 Vitanda
3327 600 3459 657 ergo
3486 587 3798 653 spectacula

2192 681 2396 746 omnia,
2428 695 2533 734 non
2577 679 2750 735 solum
2784 694 2850 734 ne
2877 677 3006 749 quid
3052 677 3302 732 vitiorum
3332 677 3648 748 pectoribus
3675 677 3806 734 insi-

2195 773 2305 840 dat,
2330 790 2449 844 qum
2482 773 2667 828 sedata
2690 781 2745 827 et
2772 773 2989 842 parilica
3019 787 3140 828 esse
3179 771 3410 827 debent:
3435 771 3532 828 sed
3563 789 3630 828 ne
3651 772 3806 844 cujus

2194 883 2293 922 nos
2319 867 2610 936 voluptatis
2634 866 2972 923 consuetudo
2993 866 3238 933 deliniat,
3273 876 3329 922 et
3361 881 3390 920 a
3436 867 3548 922 Deo
3574 876 3737 938 atque
3776 884 3807 924 a

2190 960 2344 1014 bonis
2385 960 2639 1031 operibus
2669 969 2897 1016 avertat.
2944 959 3076 1014 Nam
3112 959 3360 1016 ludorum
3388 961 3806 1030 celebrationes,

2191 1052 2419 1106 deorum
2467 1051 2600 1106 festa
2630 1061 2790 1116 sunt;
2830 1053 3094 1123 siquidem
3122 1054 3193 1108 ob
3235 1054 3443 1110 natales
3472 1069 3689 1123 eorum,
3723 1056 3808 1112 vel

2193 1146 2516 1216 templorum
2543 1161 2805 1201 novorum
2847 1147 3218 1202 dedicationes
3242 1156 3366 1202 sunt
3397 1148 3702 1202 constituti.
3735 1149 3804 1204 Et

2197 1240 2445 1309 primitus
2481 1240 2700 1309 quidem
2732 1239 3072 1306 venationes,
3105 1255 3227 1310 quae
3262 1250 3524 1294 vocantur
3548 1256 3807 1309 munera,

2199 1331 2430 1386 Saturno
2460 1332 2906 1397 suutattributae;
2961 1332 3069 1386 ludi
3123 1341 3305 1389 autem
3345 1333 3545 1388 scenici
3575 1333 3811 1400 Libero;

2200 1423 2471 1478 circenses
2494 1438 2622 1478 vero
2642 1423 2908 1493 Neptuno.
2927 1423 3190 1479 Paulatim
3213 1434 3390 1480 tamen
3410 1434 3467 1481 et
3482 1427 3696 1482 caeteris
3708 1427 3813 1482 diis

2199 1515 2340 1571 idem
2369 1516 2544 1572 bonos
2584 1516 2744 1572 tribui
2772 1516 2970 1587 coepit;
3025 1517 3330 1588 singulique
3359 1516 3468 1572 ludi
3502 1519 3814 1576 nominibus

1859 1648 2215 1707 VARIORUM
2255 1649 2484 1706 NOTAE.

574 1796 674 1862 Qui
694 1796 880 1866 (mimi)
915 1798 1093 1848 docent
1118 1793 1392 1853 adulteria.
1422 1802 1525 1848 etc.
1559 1792 1785 1866 Egregie
1814 1791 1926 1845 Val.
1959 1791 2098 1866 Max.
2131 1792 2178 1852 B
2207 1789 2262 1843 In
2283 1789 2435 1866 ludis
2467 1788 2796 1866 circensibus
2827 1788 3425 1866 nobilissimijuvenes,
3456 1800 3514 1845 ut
3551 1807 3616 1847 ex
3644 1793 3814 1850 Trano

499 1869 532 1924 l.
560 1885 617 1932 tt,
638 1883 687 1921 c.
716 1868 770 1932 6,
797 1863 909 1920 n.'7
938 1879 1046 1920 ext.
1073 1883 1086 1918 :
1123 1866 1355 1919 Massilia
1377 1865 1651 1916 severitatis
1667 1872 1834 1916 custos
1854 1863 2101 1916 acerrima

499 1952 589 2006 est,
622 1940 817 1992 nullum
844 1937 1040 1990 aditum
1060 1937 1113 1990 in
1143 1952 1319 1990 scenas
1352 1936 1518 1988 mimis
1550 1935 1741 1993 dando.
1772 1951 1985 2002 quarunt
2015 1951 2098 1986 ar-

498 2021 734 2081 gumenta
767 2011 956 2077 majore
984 2025 1044 2062 ea:
1073 2018 1218 2081 parte
1243 2018 1536 2081 stuprorum
1569 2007 1822 2081 continent
1841 2015 2004 2081 actus,
2038 2020 2100 2058 ne

502 2075 626 2135 ialia
652 2075 912 2149 spectandi
942 2079 1251 2132 consuetudo
1278 2079 1426 2129 etiam
1471 2075 1703 2149 imitandi
1731 2077 1984 2149 licentiam
2006 2092 2096 2128 stt-

501 2163 624 2207 mat.
643 2147 797 2204 Cotti.
814 2150 1038 2204 Tertull.
1065 2149 1390 2214 deSpcctac.
1416 2162 1466 2202 c.
1492 2149 1554 2200 17
1576 2158 1625 2198 ct
1646 2147 1882 2200 Salvian.
1923 2147 2013 2200 lib.
2042 2161 2096 2200 Vt

504 2224 741 2279 Gubern.
776 2223 834 2282 l).
876 2237 998 2290 pag.
1033 2220 1153 2274 108.
1183 2220 1312 2290 Bon.
1347 2217 1641 2290 -ροεεηι
1674 2217 2098 2290 adulteria,_dum

503 2296 720 2364 ﬁngunt.
750 2287 1144 2364 Cypriaitus_,de
1169 2289 1349 2364 Gratia
1382 2289 1446 2342 ad
1485 2289 1743 2364 Donatum
1780 2306 1830 2354 p.
1852 2287 2093 2364 ϋεᾼάιιζο

503 2360 687 2419 teriam
742 2360 968 2426 discitur,
1022 2362 1143 2414 dum
1195 2362 1409 2419 videtur.
1450 2371 1496 2412 et
1539 2360 1852 2412 lenocinante
1879 2360 1947 2410 ad
1977 2360 2098 2412 vilia

507 2435 722 2499 publica:
748 2433 1064 2486 auctoritatis
1096 2432 1250 2492 malo.
1283 2447 1398 2500 qua:
1429 2431 1613 2497 pudica
1644 2433 1858 2499 fortasse
1881 2429 1949 2481 ad
1977 2446 2096 2490 spe-

504 2507 757 2560 ctaculum
803 2515 1033 2557 matrona
1065 2513 1393 2572 processerat,
1424 2503 1486 2554 de
1523 2501 1812 2572 spectaculo
1838 2502 2099 2554 revertitur

506 2576 779 2648 impudica.
815 2573 882 2648 Et
905 2570 1179 2648 Minucius
1221 2571 1372 2628 Felix
1399 2615 1414 2640 ,
1452 2588 1503 2642 p.
1543 2571 1648 2626 545
1684 2589 1697 2624 :
1729 2570 1925 2625 Histrio
1953 2587 2098 2624 amo-

507 2645 610 2701 rent
642 2647 760 2699 dum
792 2645 958 2714 ﬁngit,
987 2645 1191 2715 infligit.

583 2718 711 2785 Qua:
739 2713 966 2787 aspectu,
999 2713 1116 2787 etc.‘
1139 2721 1316 2787 Atque
1357 2713 1538 2787 nescio
1561 2714 1668 2787 _qui
1698 2713 1808 2779 liat,
1837 2714 1980 2783 quod
2032 2729 2101 2769 ne

508 2791 561 2844 in
592 2784 1032 2855 nostris—quidem
1075 2785 1405 2840 dramatibus
1448 2784 1738 2854 quidquam
1783 2787 1987 2839 salvum
2015 2795 2101 2839 at-

506 2876 609 2930 que
638 2874 846 2913 sacrum
878 2858 1006 2912 satis
1023 2859 1111 2910 sit.
1145 2857 1306 2930 Multo
1327 2856 1589 2930 siquidem
1625 2856 1809 2925 majori
1841 2857 2102 2930 applausu

505 2927 786 2999 excipitur,
814 2945 935 2983 cum
966 2943 1121 2983 senes
1141 2927 1438 2983 Susannatn
1476 2942 1535 2982 se
1575 2927 1891 2999 lavaturam,
1921 2929 2099 2997 etjam

506 2998 662 3055 crura
757 3001 1068 3054 sandalibus
1142 3000 1446 3052 induentem
1513 2998 1875 3062 soeculantur,
1944 3013 2100 3065 quam

505 3071 720 3142 quando
741 3074 806 3124 ad
829 3071 1146 3142 supplicium
1175 3069 2099 3142 accessurapignoribusvaledicit:
2130 3071 2175 3136 C

507 3139 626 3198 cum
653 3141 833 3197 Juditli
866 3139 1192 3210 HoIOplierui
1214 3139 1508 3194 libidinosis
1531 3140 1770 3209 gesnbus
1801 3139 2100 3208 blanditur,

507 3228 666 3284 quam
697 3229 818 3266 cum
848 3214 1022 3266 cilicio
1049 3211 1227 3265 induta
1262 3226 1456 3284 preces
1473 3212 1540 3264 ad
1581 3211 1860 3284 Dominum
1897 3211 2101 3278 iundit,

507 3282 628 3339 cuin
676 3285 804 3338 Sara
860 3298 1008 3336 suam
1069 3284 1259 3336 marito
1303 3282 1548 3335 ancillam
1607 3283 1884 3350 permittit,
1943 3298 2102 3352 quam

507 3370 629 3410 cum
652 3355 719 3408 de
749 3354 840 3408 ﬁlii
864 3352 1130 3408 sacriﬁcio
1174 3353 1432 3407 sollicitus
1465 3362 1615 3422 pater
1645 3353 1710 3406 ad
1743 3353 1906 3406 Deum
1939 3362 2056 3406 orat
2088 3371 2100 3407 :

507 3442 626 3481 cum
659 3425 933 3494 Putipltari
964 3425 1154 3492 conjux
1197 3423 1489 3491 Joseplnim
1522 3423 1588 3476 de
1661 3433 1851 3492 stupro
1904 3424 2105 3494 sollici-

510 3505 604 3562 tat,
637 3493 795 3566 quam
817 3511 939 3550 cum
981 3495 1148 3550 Jacob
1177 3511 1404 3552 annonae
1436 3495 1657 3562 penuria
1692 3495 1968 3566 premitur.
2007 3493 2105 3550 Us-

507 3583 611 3638 que
637 3564 772 3623 atleo
803 3577 927 3620 sunt
955 3566 1097 3621 oculi
1121 3567 1286 3638 rebus
1327 3572 1498 3629 vanis,
1529 3581 1688 3634 quam
1736 3564 1892 3620 sertis
1943 3580 2101 3636 Spec-

510 3637 683 3694 tandis
713 3637 1086 3708 promptiores.
1119 3637 1322 3692 Βετυι..

580 3707 910 3779 Prwﬁgurat.
961 3708 1114 3763 Conf.
1143 3709 1311 3774 Epit.,
1334 3723 1383 3761 c.
1413 3707 1502 3776 12,
1532 3723 1613 3776 pr.
1670 3707 1862 3762 Lesica
1893 3709 1942 3761 in
1973 3724 2103 3762 anc-

509 3787 724 3836 toritate
753 3781 1010 3834 Lactantii
1038 3782 1353 3834 subsistunt.
1382 3781 1522 3835 Ante
1551 3795 1672 3833 eum
1707 3781 1784 3832 usi
1820 3782 1918 3832 lioc
1939 3781 2104 3835 verbo

504 3853 732 3906 Tertull.
764 3852 986 3905 Prmscr.
1037 3853 1175 3904 lla-r.
1224 3865 1343 3917 cap.
1377 3855 1480 3914 2o,
1517 3848 1965 3918 Prwﬁguraverat.
1996 3853 2102 3921 Cy-

511 3922 748 3993 prianus,
780 3922 815 3974 l.
846 3937 900 3984 ll,
936 3937 1025 3985 ep.
1060 3921 1093 3974 5
1123 3939 1134 3975 :
1171 3921 1556 3975 Sacramentum
1610 3922 2013 3991 prce/iguratum.
2039 3963 2051 3975 .
2084 3961 2101 3978 .

510 3994 690 4046 veritas
713 3994 1060 4062 praeﬁgurata:
1080 3993 1337 4059 imaginis.
1367 3993 1495 4046 BUN.

583 4063 918 4117 Prtematuris
935 4065 1084 4117 vitiis.
1104 4062 1196 4115 lta.
1218 4078 1346 4115 mss.
1370 4075 1421 4116 et
1439 4063 1710 4132 impressi.
1740 4062 1997 4117 Francius
2024 4063 2100 4118 le-

507 4151 634 4207 gere
680 4134 909 4189 malebat
952 4143 1287 4207 prtematuros
1318 4135 1450 4188 vitiis
1482 4152 1500 4188 :
1526 4135 1819 4207 nonmale.
1864 4135 1967 4189 Sed
2018 4143 2100 4190 ta-

508 4206 631 4264 men
665 4222 784 4260 mox
815 4208 1106 4275 praecessit,
1143 4206 1514 4259 adha’rentibus
1542 4206 1693 4259 vitiis.

581 4280 720 4345 Quos
743 4294 948 4346 peccare
963 4280 1077 4348 jam
1103 4293 1201 4330 non
1223 4277 1383 4330 decet.
1413 4277 1540 4331 Post
1572 4280 1682 4330 haec
1704 4276 1884 4343 verba,
1913 4292 2044 4331 mss.
2067 4277 2103 4330 2

507 4351 640 4420 Reg.
673 4367 806 4415 rec.,
854 4348 1002 4415 Jun.,
1033 4349 1187 4403 Cant.
1217 4360 1273 4404 et
1300 4349 1324 4402 1
1353 4349 1505 4402 Colb.
1537 4349 1587 4402 in
1617 4363 1782 4415 marg.
1829 4363 1890 4402 ac
1915 4349 1948 4402 9
1974 4349 2102 4403 editi

505 4423 729 4488 addunt,
769 4423 821 4474 in
851 4421 1002 4474 talem
1040 4422 1273 4474 vitiorum
1325 4420 1554 4472 semitam
1603 4420 1931 4474 dilabuntur:
1983 4437 2102 4485 «iure

506 4495 688 4546 cmteri
719 4502 1071 4562 respuunt.—
1090 4489 1308 4545 Peccare
1323 4492 1457 4560 jam.
1491 4490 1544 4544 ld
1574 4500 1677 4553 est,
1701 4491 1948 4562 amplius.
1979 4490 2099 4546 Vid.

507 4561 868 4618 Passeratiuin
899 4563 964 4617 ad
1002 4564 1114 4617 Cic.
1154 4577 1254 4634 pro
1287 4564 1468 4628 Quiut.
1493 4577 1612 4629 cap.
1642 4565 1661 4615 1
1694 4561 1868 4634 {ﬁll/lt.
1895 4574 1968 4634 est
1999 4563 2101 4628 iam

507 4646 736 4689 sanctum
757 4644 906 4702 atque
934 4631 1185 4687 sincerum
1213 4633 1265 4685 in
1288 4634 1504 4686 civitate.
1531 4634 1679 4686 Conl.
1710 4631 1910 4698 Vorst.,
1939 4633 2101 4686 Lat...

507 4705 778 4774 Neglecta,
797 4704 1382 4774 pag.250.Laclantius
1399 4719 1718 4772 smpe,e.g.,
1749 4705 1784 4757 Ι.
1815 4719 1892 4767 ιιι,
1920 4719 1967 4757 c.
2003 4704 2098 4758 l7:

510 4775 603 4829 Est
633 4787 894 4844 tempus...
923 4792 1024 4842 quo
1041 4785 1086 4846 et
1115 4777 1329 4846 nosjant
1348 4793 1445 4828 non
1467 4779 1659 4828 sumtis.
1771 4790 1824 4838 v,
1853 4790 1970 4844 cap.
2001 4776 2100 4830 15:

514 4847 580 4902 Ut
607 4850 834 4901 videatur
848 4847 890 4900 is
907 4847 1015 4916 jam
1043 4845 1358 4900 Christianus
1399 4863 1496 4900 non
1527 4863 1648 4900 esse.
1686 4845 1816 4900 Btttv.

579 4917 907 4974 Circensium.
970 4917 1289 4988 Tarquinius
1347 4917 1562 4972 Priscus
1631 4917 1840 4970 Circum
1895 4916 2098 4981 Romre,

507 4991 598 5062 qui
627 4992 887 5062 Maximus
930 4988 1144 5062 dicitur,
1187 4991 1389 5058 primus
1427 4991 1691 5062 instituit,
1719 4989 1769 5041 in
1811 5004 1915 5057 quo
1939 4989 2105 5062 ludos

507 5059 814 5133 opulentius
860 5061 1280 5133 instructiusqn_e
1309 5075 1468 5130 qnam
1514 5059 1694 5133 caeteri
1746 5074 1897 5133 reges
1927 5060 2053 5133 iecit
2088 5077 2103 5113 :

508 5130 692 5190 auctor
740 5133 923 5187 Livius
967 5134 1058 5186 lib.
1106 5148 1167 5186 ιε
1225 5131 1348 5185 Fuit
1402 5143 1578 5186 autem
1629 5130 1817 5184 Circus
1872 5130 2106 5201 (ἱππικά

507 5209 694 5284 θέατρα
738 5203 1058 5284 Plutarchus
1105 5201 1280 5274 vocat)
1319 5206 1477 5284 inter:
1508 5201 1801 5284 Palatinum
1832 5211 1885 5254 et
1915 5203 2104 5284 Aven-

511 5271 676 5332 timiin
717 5288 950 5329 montem
982 5291 994 5326 :
1027 5274 1093 5329 de
1131 5289 1238 5344 quo
1261 5271 1402 5327 'vide
1438 5273 1626 5344 Pomp.
1665 5273 1867 5326 Laztum
1897 5271 1964 5326 de
1994 5275 2105 5326 An-

511 5347 841 5416 tiquitatibus
910 5345 1114 5399 Boium.
1152 5343 1356 5400 ’Varro
1411 5343 1481 5416 de
1554 5344 1752 5414 Lingua
1821 5345 1935 5398 Lat.
1990 5359 2042 5416 iv
2089 5359 2103 5397 :

511 5415 891 5488 Ariitilustrunt,
955 5419 1141 5488 inquit,
1200 5416 1263 5470 ab
1315 5415 1507 5469 mnbitu
1547 5417 1694 5470 lustri
1722 5431 1742 5488 ς
1785 5417 1934 5488 locus
1974 5415 2108 5468 idem

510 5489 685 5545 Circus
719 5487 863 5542 Max.
891 5487 1072 5550 dictus,
1103 5489 1239 5558 quod
1279 5487 1773 5558 circumspectu-culis
1799 5487 2106 5554 tediﬁcatus,

509 5563 578 5616 ibi
605 5561 714 5614 ludi
741 5561 900 5626 ﬁunt,
933 5571 978 5614 et
1019 5560 1156 5629 quod
1186 5559 1254 5612 ibi
1295 5562 1481 5613 circum
1529 5571 1686 5613 metas
1712 5564 1871 5628 fertur
1899 5574 2106 5629 pompa,

511 5645 558 5690 et
603 5633 716 5702 equi
758 5641 989 5686 currunt.
1026 5629 1254 5684 Fuerunt
1294 5643 1465 5685 autem
1494 5642 1638 5686 mette
1668 5632 1718 5684 7.
1773 5629 2109 5702 Propertius:

704 5724 802 5773 Aut
819 5726 954 5786 prius
978 5721 1158 5771 iniecto
1179 5721 1399 5785 deposcit
1423 5725 1620 5786 prtemia
1644 5736 1787 5772 cursu
1802 5762 1815 5783 ,

700 5786 919 5850 Septima
941 5796 1085 5850 quam
1106 5791 1292 5837 metam
1310 5786 1502 5842 triverit
1523 5794 1638 5839 ante
1662 5793 1787 5840 rota.

2133 4457 2180 4517 D

2206 1860 2374 1932 quillo
2418 1861 2759 1932 manifestum
2814 1869 2934 1932 est,
2987 1859 3294 1929 quadrigas,
3331 1861 3500 1931 bigas,
3551 1874 3605 1917 et
3643 1880 3816 1932 equos

2204 1931 2526 1987 desultorios
2544 1931 2835 1998 agitabant.
2871 1931 3021 1984 l-luuc
3054 1943 3229 1986 tamen
3255 1947 3458 1988 morem
3489 1949 3592 1988 non
3633 1931 3818 1991 vetus-

2205 2004 2469 2076 tissimum
2513 2001 2721 2076 fuisse.“
2748 2003 2834 2057 vel
2873 2017 2939 2076 es
2971 2003 3123 2055 Livio
3153 2010 3316 2068 patet.
3359 2003 3492 2076 Nam
3521 2005 3572 2058 in
3619 2019 3818 2076 quarto

2202 2074 2322 2128 loco
2347 2074 2437 2127 lib.
2469 2090 2498 2124 v
2534 2073 2776 2136 Decadis,
2818 2074 3062 2128 scribens
3101 2086 3248 2143 geSta
3288 2075 3416 2128 anni
3469 2091 3520 2129 υ.
3558 2073 3767 2133 uisui
3799 2097 3813 2132 :

2210 2143 2456 2218 Moserat
2499 2155 2624 2218 tum,
2662 2146 2852 2218 inquit,
2883 2146 3106 2218 nondum
3152 2145 3249 2199 hac
3295 2143 3540 2218 effusione
3582 2149 3816 2218 inducta,

2200 2215 2367 2269 bestiis
2393 2217 2623 2268 omnium
2655 2217 2877 2286 gentium
2928 2217 3118 2268 circum
3149 2217 3438 2284 complendi
3488 2220 3630 2272 varia
3660 2215 3817 2286 spec;

2201 2289 2484 2360 taculorum
2509 2289 2807 2357 conquirere
2845 2302 3030 2360 genera
3056 2304 3075 2341 :
3113 2303 3204 2360 nec
3235 2288 3388 2341 semel
3411 2291 3700 2360 quadrigis,
3732 2309 3818 2345 se-

2202 2360 2300 2411 mel
2328 2359 2580 2431 desultore
2628 2360 2782 2431 misso
2832 2359 3092 2431 vix‘unius
3119 2358 3258 2431 hora;
3307 2371 3503 2429 tempus
3543 2358 3822 2431 utrumque

2200 2430 2508 2483 curriculum
2555 2428 2852 2497 complebat.
2900 2426 3181 2484 Circenses
3235 2430 3342 2483 lttdi
3380 2426 3417 2484 a'
3458 2426 3820 2499 scriptoribus

2201 2501 2495 2575 aliquoties
2512 2499 2709 2575 Magni,
2744 2515 3124 2570 nonnunquam
3145 2501 3335 2575 etiam
3373 2501 3598 2575 Romani
3627 2506 3820 2575 appel-

2202 2571 2416 2636 lantur;
2447 2571 2571 2624 dicti
2590 2583 2769 2626 autem
2791 2575 3081 2638 circenses,
3115 2571 3159 2625 si
3190 2572 3376 2627 Servio
3402 2571 3818 2641 credimusfvel

2203 2642 2509 2710 acircuitu,
2565 2643 2650 2698 vel
2696 2645 2764 2696 ab
2812 2642 3033 2698 ensibus
3081 2644 3225 2698 circa
3267 2658 3404 2714 quos
3430 2645 3817 2769 cgcumibant.

3505 2733 3664 2769 erce.

3505 2733 3664 2772 ΕΤΕΙ...

2277 2783 2498 2860 insidat.
2519 2783 2594 2860 Ita
2620 2799 2805 2860 omnes
2822 2799 3120 2860 Apenemss.
3147 2794 3201 2841 et
3225 2784 3259 2839 4
3271 2784 3403 2860 edd.
3432 2787 3487 2840 In
3509 2789 3545 2840 2
3568 2789 3700 2860 Reg.
3733 2799 3824 2846 est

2204 2855 2445 2919 insidint;
2473 2857 2525 2910 itt
2555 2857 2588 2911 5
2626 2856 2781 2925 Reg.,
2813 2858 2833 2908 1
2871 2855 3107 2911 Colbert.
3132 2866 3187 2911 et
3226 2856 3293 2911 14
3331 2860 3543 2912 excusis
3569 2855 3818 2917 insideat.

2206 2925 2393 3009 Itidem
2428 2928 2563 2981 intra
2594 2927 2836 2998 sequenti
2881 2943 3001 2997 cap.
3053 2938 3174 2998 post
3193 2929 3402 2984 initium
3431 2944 3499 2985 ex
3527 2933 3823 3002 quamplu-

2206 3012 2379 3051 l‘lllllS.
2404 3014 2533 3052 mss.
3193 3031 3199 3036 ‘

2278 3068 2344 3121 Et
2367 3070 2598 3138 primitus
2617 3070 2821 3141 quidem
2848 3071 3153 3124 venationes.
3185 3069 3301 3124 Non
3332 3071 3550 3126 memini
3580 3089 3669 3130 me
3699 3075 3827 3132 limo

2205 3140 2330 3193 alibi
2379 3142 2579 3213 legi-re,
2624 3140 2782 3213 quam
2815 3141 2954 3211 apud
3010 3143 3397 3206 Alexandrum,
3429 3145 3517 3213 qui
3561 3145 3681 3200 hrcc
3719 3161 3825 3201 Sua

2206 3211 2599 3284 proculdubio
2647 3229 2712 3267 ex
2758 3211 3038 3284 Laetantio
3093 3211 3487 3284 transcripsit‘:
3519 3217 3623 3270 nisi
3669 3217 3826 3284 quod

2205 3280 2510 3336 Comoedias
2581 3293 2745 3352 atque
2798 3283 3113 3354 Tragoedias
3172 3280 3366 3340 Libero
3432 3289 3569 3354 patri
3629 3280 3830 3344 sacras

2205 3355 2389 3418 fuisse,
2448 3354 2679 3408 Donatus
2727 3355 2780 3408 in
2825 3354 3067 3409 Terentii
3137 3356 3531 3424 prolegomenis
3589 3368 3830 3414 testatur

2206 3426 2387 3478 etiam.
2453 3424 2555 3479 Sed
2617 3426 2668 3478 in
2735 3425 2949 3480 Andrias
2999 3428 3422 3486 commentario.
3475 3428 3829 3486 Comoediam

2205 3495 2473 3564 Apollini,
2514 3495 2852 3566 Tragoediam
2910 3497 3120 3551 Baccho
3169 3499 3424 3552 Constitui
3479 3501 3667 3553 Solitas
3713 3513 3832 3556 tes-

2206 3575 2366 3640 tatur.
2420 3567 2638 3622 Servius
2667 3570 2716 3621 in
2768 3583 2861 3622 vnt
2890 3567 3134 3632 £neid.,
3177 3566 3562 3640 Circensesiait
3609 3569 3830 3640 Conso,

2207 3638 2309 3692 hoc
2345 3648 2426 3690 est
2459 3640 2700 3706 Neptuno
2744 3640 2980 3708 equestri
3008 3654 3191 3694 sacros
3228 3638 3409 3695 fuisse.
3448 3639 3688 3696 Consum
3727 3638 3833 3700 au;

2206 3715 2312 3761 tem
2347 3709 2568 3774 dictum,
2621 3709 2762 3778 quod
2815 3710 3185 3764 consiiltorum
3230 3711 3298 3764 sit
3342 3711 3495 3766 deus.
3528 3713 3837 3770 Tertullia-

2207 3795 2305 3832 nus
2327 3795 2540 3854 quoque
2562 3781 2661 3854 sub
2685 3780 2844 3854 linem
2863 3782 2983 3854 libri
3008 3780 3074 3835 de
3093 3781 3333 3854 Muliebri
3351 3781 3533 3838 habitu
3560 3794 3830 3854 testatur,

2205 3864 2264 3904 se
2313 3851 2382 3905 de
2442 3851 2793 3906 saecularibus
2857 3852 3196 3922 Spectaculis
3251 3853 3500 3908 volumen
3554 3851 3831 3914 edidisse.

3493 3927 3704 3983 BETUL.

2280 3991 2517 4045 Munera.
2547 3993 2844 4065 Munerum
2899 3995 3187 4064 appellatio
3232 4011 3336 4048 non
3380 3995 3446 4049 ad
3484 3998 3834 4065 gladiatores

2207 4071 2434 4138 tantum,
2465 4064 2557 4118 sed
2587 4074 2641 4117 ct
2684 4065 2750 4117 ad
2803 4067 3052 4138 ferarum
3087 4065 3446 4132 confectores,
3485 4064 3627 4138 apud
3677 4071 3832 4126 Plin.

2205 4135 2343 4188 libro
2386 4151 2608 4200 Lxxstv,
2643 4150 2762 4204 cap.
2808 4138 2862 4201 ὅ,
2918 4136 3056 4190 haud
3101 4139 3259 4192 dubie
3313 4135 3568 4204 pertinet,
3607 4141 3727 4196 imo
3777 4149 3839 4198 et

2205 4205 2346 4278 apud
2387 4206 2520 4260 alios
2568 4208 2872 4278 plerosque.
2921 4208 3146 4262 Sueton.
3200 4209 3250 4263 in
3294 4205 3438 4264 Iulio
3466 4225 3584 4278 cap.
3623 4213 3724 4278 75,
3777 4222 3841 4270 et

2207 4277 3155 4351 Calig.,capite__2‘l,bestiarunnad
3195 4297 3386 4335 munus
3437 4277 3618 4351 populi
3665 4277 3840 4339 cum-

2207 4355 2508 4413 paratarum
2562 4349 2756 4403 alicubi
2797 4350 3182 4405 commeminit.
3225 4351 3346 4406 Vid.
3399 4349 3525 4408 Seu.
3586 4353 3691 4410 lib.
3761 4356 3840 4413 de

2207 4417 2390 4488 Benef.
2436 4434 2555 4488 cap.
2588 4420 2675 4473 12.

3736 4498 3841 4555 Sic

2278 4487 2536 4545 Circenses
2610 4507 2726 4546 vero
2800 4490 3061 4560 Neptuno.
3133 4492 3398 4548 Paulatim
3466 4505 3660 4551 tamen.

2208 4562 2493 4634 emendavi
2510 4579 2574 4616 ex
2596 4577 2726 4634 mss.
2753 4563 2786 4617 6
2801 4563 2933 4634 Reg.
2954 4579 3178 4634 quorum
3197 4565 3304 4620 duo
3321 4576 3444 4620 sunt
3463 4570 3776 4634 veterrimi,
3803 4569 3842 4624 5

2207 4632 2385 4695 Colb.,
2414 4634 2448 4686 5
2478 4633 2642 4702 Lips..
2673 4633 2820 4697 Em.,
2854 4632 3017 4688 B'run.
3059 4646 3112 4691 et
3160 4637 3318 4690 editis
3347 4637 3569 4701 Cellar.,
3593 4632 3842 4696 \Valcli.

2208 4703 2264 4756 lu
2295 4706 2421 4756 edit.
2455 4704 2610 4758 Rom.
2641 4704 2780 4759 H70
2811 4705 2891 4760 bis
2913 4722 3062 4772 vero;
3091 4709 3143 4761 in
3171 4708 3195 4761 1
3227 4707 3378 4762 Colb.
3409 4707 3678 4765 Circenses
3711 4723 3848 4767 vota

2210 4772 2472 4850 Neptuno.
2509 4774 2804 4850 Paulatim‘
2827 4785 3031 4850 tamen;
3076 4789 3327 4847 corrupte
3373 4791 3506 4844 vota,
3546 4797 3645 4850 pro
3680 4799 3843 4839 vero.

2209 4844 2263 4897 In
2291 4845 2483 4919 flleg.
2527 4862 2635 4900 rec.
2659 4858 2717 4919 et
2746 4846 2822 4919 1%
2857 4847 3100 4919 vulgatis,
3147 4844 3402 4904 Circenses
3436 4844 3719 4919 Neptuno.

2281 4915 2583 4986 Singulique
2651 4917 2792 4982 ludi,
2848 4915 2970 4974 etcf
3011 4919 3280 4974 Arnobius
3344 4921 3435 4976 lib.
3492 4915 3565 4977 vn
3625 4937 3847 4983 contra

2209 4985 2447 5042 Gentes:
2513 4987 2610 5041 Vos
2657 4989 2775 5043 aeris
2823 4991 3084 5046 tinnitibus
3126 5002 3173 5046 et
3222 4991 3454 5046 tibiarum
3504 4996 3674 5060 sonis,
3747 5015 3850 5054 vos

2208 5074 2451 5135 equorum
2494 5060 2775 5135 curriculis,
2793 5071 2840 5114 ct
2862 5061 3187 5135 theatralibus
3210 5063 3344 5118 ludis
3375 5081 3684 5135 persuasum
3735 5070 3848 5123 Ita-

2208 5129 2330 5182 betis
2377 5129 2496 5183 deos
2537 5131 2776 5206 delectari
2825 5141 2870 5206 et
2918 5134 3084 5206 afﬁci,
3132 5136 3332 5205 irasque
3368 5129 3654 5206 aliquando
3706 5157 3851 5195 con-

2208 5211 2384 5270 ceptas
2405 5217 2576 5255 eorum
2605 5203 2953 5273 satisfactione
2981 5205 3191 5261 molliri.

2284 5280 2608 5336 Nominibus.
2630 5283 2704 5339 lta
2728 5285 2933 5339 restitui
2956 5301 3020 5340 ex
3043 5288 3247 5343 cunctis
3271 5304 3402 5346 mss.
3423 5301 3475 5345 ct
3495 5291 3624 5346 edit.
3659 5293 3848 5350 Rom.

2212 5351 2532 5430 ld7tl._Etl_itt
2559 5356 2672 5430 lere
2692 5371 2879 5410 omnes
2901 5360 3206 5430 numinibus.
3235 5360 3339 5416 Sed
3366 5362 3493 5430 quid
3520 5364 3619 5418 sibi
3660 5370 3802 5423 vult.
3834 5385 3849 5422 ε

2211 5424 2415 5478 Cteteris
2440 5425 2536 5478 diis
2566 5426 2805 5480 honorem
2833 5427 3068 5496 tribuere,
3097 5442 3144 5485 et
3168 5424 3456 5486 numinibus
3481 5451 3666 5488 eorum
3699 5455 3850 5494 con-

2210 5511 2407 5570 secrare
2423 5496 2599 5570 ludos?
2625 5497 2702 5550 Ex
2723 5513 2851 5570 mss.
2881 5502 3049 5554 multo
3072 5503 3264 5556 melius
3278 5506 3581 5570 nominibus,
3603 5509 3855 5566 scilicet

2211 5568 2298 5636 qui
2331 5582 2480 5639 suam
2507 5568 2720 5639 habent
2743 5569 3226 5628 denominstionem
3259 5593 3284 5625 a
3315 5568 3852 5639 lictorum’deorutn

2213 5638 2534 5712 nominibus,
2569 5638 2730 5712 veluti
2771 5640 3082 5697 Saturnales
3124 5661 3154 5698 a
3193 5645 3444 5712 Saturno,
3487 5647 3788 5707 Martiales
3813 5638 3852 5711 ἁ

2211 5708 2414 5802 »πέρι-ις’,
2446 5711 2783 5802 ΑΔΡὲΙΙΙῘΙιὲῐΘξ
2805 5713 2871 5768 ab
2909 5714 3188 5785 Apolline,
3219 5708 3470 5777 Cereales
3512 5733 3541 5776 a
3565 5708 3846 5802 Cerere,

2214 5778 2452 5839 Florales
2477 5778 2507 5836 a
2529 5780 2842 5857 Flora,_etc.
