4142 6200
346 234 456 292 713

1488 242 1694 303 LIBER
1736 247 1822 303 Vl.
1867 246 1954 303 DE
1995 242 2184 306 VERO
2222 246 2473 309 CULTU.

3557 263 3662 321 7M

347 368 536 412 eorum
578 357 883 414 consecrati
926 368 1072 428 sunt,
1101 360 1240 417 sicut
1275 361 1505 419 Sisinius
1545 365 1736 435 Capito
1782 366 1834 421 in
1883 366 1950 421 li-
1978 365 2034 427 Α
2058 366 2379 425 demulceat.
2411 368 2707 427 Persuadet
2749 379 2930 429 autem
2970 372 3228 445 quidquid
3277 389 3447 435 suave
3473 387 3576 446 est,
3605 390 3663 438 et

346 451 461 507 bris
500 451 940 523 Spectaculorum
982 454 1161 512 docet.
1187 456 1245 512 Si
1285 458 1405 528 quis
1429 457 1589 529 igitur
1625 461 1948 529 spectaculis

348 543 597 614 interest,
648 547 715 601 ad
750 562 871 619 quae
908 548 1186 620 religionis
1236 549 1403 621 gratia
1454 553 1793 621 convenitur,
1840 553 1955 609 dis-

349 639 515 695 cessit
559 654 590 694 a
621 639 719 695 Dei
755 640 925 706 cultu,
966 650 1021 696 et
1044 641 1113 697 ad
1159 641 1291 697 deos
1333 656 1392 699 se
1431 644 1678 714 contulit,
1720 659 1950 716 quorum

349 730 556 788 natales
578 740 632 788 et
654 731 789 788 festa
818 733 1133 790 celebravit.

942 847 1174 907 CAPUT
1215 849 1359 907 XXI.

528 962 605 1020 De
630 964 833 1021 aurium
862 965 1227 1037 voluptatibus,
1255 977 1304 1023 et
1332 969 1493 1025 sacris
1519 968 1742 1025 Litteris.

421 1098 647 1154 Aurium
674 1098 924 1169 voluptas
953 1114 1022 1155 ex
1051 1114 1245 1156 vocum
1291 1110 1347 1156 et
1390 1107 1644 1158 cantuum
1692 1103 1957 1157 suavitate

351 1191 679 1262 percipitur;
708 1206 829 1262 quae.
854 1190 1063 1247 scilicet
1090 1200 1198 1247 tam
1228 1193 1425 1249 vitiosa
1450 1204 1565 1259 eSt,
1594 1209 1755 1263 quam
1800 1195 1955 1250 oble-

342 1284 516 1343 ctatio
546 1283 659 1350 illa,
686 1283 757 1339 de
781 1299 885 1354 qua
912 1283 1167 1352 diximus,
1201 1285 1505 1341 oculorum.
1528 1285 1661 1355 Quis
1679 1286 1824 1342 enim
1847 1301 1955 1341 non

352 1376 688 1431 luxuriosum
718 1390 783 1431 ac
808 1391 1041 1446 nequam
1071 1384 1224 1447 putet
1247 1393 1393 1444 eum,
1427 1378 1518 1449 qui
1541 1380 1785 1434 seenicas
1810 1386 1959 1433 artes

350 1469 501 1524 domi
546 1469 780 1525 habeat?
819 1469 983 1540 Atqui
1014 1470 1148 1526 nihil
1178 1470 1366 1536 refert,
1399 1480 1652 1526 utrumne
1688 1471 1957 1526 luxuriam

350 1563 501 1619 solus
527 1562 695 1626 domi,
729 1576 795 1616 an
824 1576 946 1618 cum
981 1562 1181 1633 populo
1208 1578 1467 1619 exerceas
1504 1563 1559 1618 in
1589 1563 1820 1618 theatro.
1851 1562 1959 1618 Sed

347 1657 459 1728 jam
483 1655 550 1712 de
578 1656 905 1726 spectaculis
930 1655 1133 1711 dictum
1158 1665 1260 1712 est.
1286 1656 1475 1712 Restat
1499 1671 1685 1721 unum,
1711 1654 1855 1726 quod
1878 1663 1962 1709 est
1989 1660 1995 1667 '

352 1748 515 1804 nobis
554 1746 1004 1817 expugnandum;
1045 1762 1112 1803 ne
1156 1747 1433 1817 capiamur
1460 1747 1558 1816 iis,
1586 1763 1706 1817 qua:
1736 1747 1803 1802 ad
1834 1761 1961 1803 sen-

354 1856 478 1896 sum
501 1841 749 1896 intimum
776 1849 1079 1911 penetrant.
1110 1839 1242 1895 Nam
1276 1840 1364 1897 illa
1394 1841 1596 1908 omnia,
1630 1855 1751 1910 quae
1781 1841 1963 1896 verbis
1994 1852 2023 1911 ,ἶ

352 1942 561 1998 carent,
592 1932 645 1987 id
667 1942 751 1988 est
783 1933 925 1988 aeris
950 1942 1005 1988 et
1032 1947 1317 1988 nervorum
1347 1946 1540 1987 suaves
1567 1934 1709 2000 soni,
1741 1942 1969 2002 possunt

354 2026 515 2082 facile
541 2026 839 2093 contemni,
872 2026 998 2096 quia
1028 2040 1136 2079 non
1166 2025 1469 2093 adhaerent,
1512 2040 1614 2081 nec
1652 2026 1815 2081 scribi
1837 2040 1966 2097 pos-

352 2126 501 2175 sunt.
527 2118 761 2174 Carmen
792 2126 974 2174 autem
1004 2117 1383 2188 compositum,
1413 2128 1469 2173 et
1495 2119 1670 2173 oratio
1697 2134 1818 2175 cum
1845 2134 1968 2176 sua-

354 2212 524 2267 vitate
552 2210 852 2281 decipiens,
876 2211 1019 2281 capit
1047 2219 1280 2275 mentes,
1304 2219 1359 2265 ct
1384 2224 1491 2280 quo
1514 2210 1746 2266 voluerit
1774 2212 1965 2280 impel-

355 2304 438 2359 lit.
468 2301 598 2358 lnde
653 2301 902 2357 homines
953 2302 1172 2356 litterati
1219 2315 1342 2355 cum
1395 2300 1462 2355 ad
1510 2301 1602 2355 Dei
1648 2300 1965 2374 religionem

356 2395 711 2463 accesserint,
754 2395 796 2449 si
826 2410 932 2450 non
966 2394 1168 2450 fuerint
1197 2394 1267 2449 ab
1303 2393 1486 2463 aliquo
1532 2393 1705 2463 perito
1743 2392 1967 2451 doctore

356 2487 595 2553 fundati,
618 2487 794 2543 minus
820 2487 1070 2542 credunt.
1101 2486 1321 2542 Assueti
1348 2486 1493 2541 enim
1518 2484 1765 2540 dulcibus
1790 2496 1844 2541 et
1872 2501 1969 2557 po-

356 2584 476 2640 litis
518 2584 633 2639 sive
680 2580 1049 2648 orationibus,
1093 2580 1208 2635 sive
1255 2578 1622 2646 carminibus,
1664 2578 1967 2635 divinarum

358 2674 670 2732 litterarum
713 2673 1012 2744 simplicem
1050 2686 1505 2742 communemque
1534 2685 1841 2728 sermonem
1873 2688 1970 2744 pro

359 2768 587 2826 sordido
611 2774 987 2841 aspernantur.
1018 2765 1077 2823 Id
1106 2766 1248 2822 enim
1277 2773 1548 2837 quaerunt,
1583 2765 1726 2838 quod
1750 2780 1970 2823 sensum

2053 458 2236 513 animo
2284 460 2534 529 penitus,
2584 461 2710 517 dum
2759 463 3010 530 delectat,
3068 465 3274 521 insidit.
3324 468 3458 524 Num
3499 470 3662 542 igitur

2061 548 2201 604 Deus
2231 558 2286 605 et
2311 553 2543 620 mentis,
2572 564 2627 609 et
2659 555 2807 610 vocis
2829 598 2844 623 ,
2886 564 2944 611 et
2986 558 3179 628 linguae
3226 559 3417 616 artifex
3464 563 3667 621 diserte

2058 640 2207 711 loqui
2227 658 2336 698 non
2360 646 2573 715 potest?
2596 645 2707 702 lmo
2730 662 2860 703 vero
2880 663 3089 704 summa
3116 653 3451 722 providentia
3472 670 3663 712 carere

2059 730 2183 787 luco
2209 734 2378 790 voluit
2404 734 2617 807 ea‘quaa
2663 738 2846 795 divina
2894 749 3042 808 sunt,
3071 750 3132 797 ut
3161 758 3352 802 omnes
3392 747 3661 820 intellige-

2060 834 2184 880 rent
2209 842 2328 897 quae
2356 829 2471 898 ipse
2500 831 2750 887 omnibus
2774 832 3141 904 loquebatur..

2137 921 2279 992 Ergo
2306 923 2398 993 qui
2437 924 2651 979 veritati
2679 926 2901 994 studet,
2929 929 3023 999 qui
3049 944 3157 986 non
3189 932 3304 988 vult
3329 947 3388 989 se
3426 934 3544 1006 ipse
3571 935 3665 993 de-

2061 1015 2281 1084 cipere,
2325 1015 2547 1086 abjiciat
2590 1017 2838 1075 inimicas
2868 1035 2932 1076 ac
2957 1023 3149 1079 noxias
3177 1025 3508 1097 voluptates,
3542 1043 3665 1099 quae

2062 1112 2299 1166 animam
2330 1112 2432 1168 sibi
2462 1112 2720 1181 vinciant,
2753 1125 2813 1170 ut
2850 1130 3047 1187 corpus
3073 1119 3178 1174 cibi
3208 1120 3394 1189 dulces
3422 1140 3435 1174 :
3466 1122 3666 1192 pracfe-

2066 1212 2255 1259 ranlur
2279 1218 2407 1260 vera
2439 1203 2610 1273 falsis,
2644 1216 2846 1262 mterna
2868 1209 3165 1276 brevibus,
3196 1213 3348 1267 utilia
3385 1213 3665 1284 jucundis.

2064 1294 2210 1357 Nihil
2259 1307 2484 1368 aspectu
2524 1308 2733 1369 gratum
2780 1300 2872 1365 sit,
2904 1301 3005 1355 nisi
3034 1302 3176 1369 quod
3222 1305 3330 1373 pie,
3358 1305 3501 1374 quod
3524 1306 3670 1375 justo

2067 1388 2179 1445 fieri
2208 1389 2425 1456 videas;
2455 1391 2586 1446 nihil
2606 1392 2793 1447 auditu
2814 1394 3280 1465 suave,nisiquod
3297 1396 3666 1463 alitanimam,

2066 1481 2451 1553 melioremque
2483 1492 2534 1538 te
2579 1483 2779 1538 reddit.
2810 1483 3146 1553 Maximeque
3192 1486 3281 1540 hic
3325 1501 3522 1543 sensus
3564 1503 3672 1544 non

2065 1582 2151 1629 est
2173 1574 2241 1629 ad
2269 1574 2455 1629 vitium
2482 1574 2910 1646 detorquendus,
2932 1579 3024 1647 qui
3048 1576 3204 1632 nobis
3234 1578 3357 1633 ideo
3386 1579 3543 1635 datus
3567 1591 3672 1648 est,

2066 1673 2126 1717 ut
2153 1663 2456 1720 doctrinam
2502 1666 2595 1721 Dei
2638 1668 2919 1738 percipere
2944 1682 3247 1737 possemus.
3277 1668 3460 1740 Itaque
3498 1673 3543 1727 si
3574 1686 3672 1726 vo-

2068 1754 2243 1825 luptas
2269 1766 2389 1822 est,
2419 1756 2606 1813 audire
2642 1770 2832 1814 cantus
2862 1769 2917 1814 et
2940 1759 3212 1824 carmina,
3248 1760 3339 1815 Dei
3376 1760 3563 1816 laudes
3588 1778 3679 1818 ca-

2070 1860 2200 1902 nere
2226 1856 2280 1901 et
2305 1847 2491 1902 audire
2522 1848 2819 1918 jucundmn
2852 1850 2943 1903 sit.
2975 1850 3101 1904 llmc
3131 1858 3218 1905 est
3249 1851 3497 1921 voluptas
3523 1867 3674 1921 vera,

2072 1952 2192 2007 qua:
2216 1952 2400 1993 comes
2439 1947 2494 1993 et
2519 1940 2664 1994 socia
2686 1941 2896 1995 virtutis
2924 1949 3026 1995 est.
3056 1940 3185 1997 Haec
3214 1950 3297 1997 est
3338 1959 3445 1997 non
3474 1944 3678 2001 caduca

2071 2040 2126 2087 e‘t
2170 2032 2352 2087 brevis
2380 2041 2439 2086 ut
2466 2032 2572 2089 illae
2601 2049 2733 2103 quas
2762 2043 3039 2105 appetunt,
3069 2035 3159 2105 qui
3205 2037 3446 2106 corpori,
3490 2046 3545 2092 ut
3587 2054 3682 2108 pe-

2070 2122 2261 2190 cudes,
2293 2125 2569 2191 serviunt;
2594 2125 2691 2181 sed
2721 2136 2977 2197 perpetua
2996 2166 3010 2190 ,
3041 2137 3095 2182 et
3122 2128 3239 2183 sine
3269 2128 3375 2183 ulla
3403 2129 3679 2186 intermis-

2070 2216 2223 2273 sione
2261 2217 2559 2273 delectans.
2602 2217 2771 2287 Cujus
2817 2220 3078 2275 terminos
3120 2220 3163 2275 si
3206 2220 3328 2291 quis
3368 2224 3681 2288 excesserit,

2073 2304 2492 2382 nihilquealiud
2541 2325 2610 2366 ex
2650 2312 2926 2382 voluptate
2967 2313 3214 2383 petierit,
3246 2315 3352 2370 nisi
3381 2316 3551 2385 ipsam
3584 2332 3681 2372 vo-

2075 2406 2369 2476 luptatem;
2397 2405 2485 2460 hic
2508 2413 2739 2461 mortem
2765 2406 3075 2473 meditatur,
3104 2408 3227 2479 quia
3252 2408 3391 2464 sicut
3415 2409 3524 2465 vita
3553 2425 3679 2481 per-

2077 2510 2235 2568 petua
2267 2499 2322 2553 in
2354 2499 2558 2554 virtute
2585 2508 2688 2565 est,
2716 2498 2788 2554 ita
2815 2514 2962 2555 mors
2990 2500 3045 2555 iu
3071 2500 3367 2571 voluptate.
3395 2500 3499 2568 Qui
3537 2502 3681 2556 enim

2078 2578 2395 2660 temporalia
2439 2590 2729 2658 maluerit,
2773 2590 2981 2646 carebit
3026 2592 3279 2659 aeternis;
3327 2596 3419 2663 qui
3466 2601 3683 2650 terrena

2080 2680 2401 2752 praetulerit,
2433 2682 2679 2739 caelestia
2705 2697 2812 2738 non
2840 2682 3077 2740 habebit.

1764 2905 2129 2967 VARIORUM
2167 2908 2399 2967 NOTIE.

444 3047 669 3105 Sisinius
694 3046 897 3118 Capito.
920 3117 927 3119 Α
959 3045 1301 3119 Heumannus
1327 3055 1480 3118 putat
1526 3047 1809 3119 legendum
1835 3048 1972 3119 ‘esse
1999 3054 2047 3119 ο

362 3121 584 3179 Asinius
611 3117 814 3190 Capito,
846 3117 999 3190 cujus
1046 3117 1344 3173 doctissimi
1389 3121 1484 3174 viri
1531 3117 1859 3175 tuentionem
1885 3118 1973 3173 fa-

365 3194 451 3249 cit
477 3192 652 3247 Aulus
690 3189 906 3246 Gellius
936 3189 1027 3243 lib.
1079 3203 1133 3255 v,
1165 3204 1282 3261 cap.
1329 3190 1422 3252 20.
1466 3191 1715 3261 idemque
1765 3189 1980 3246 Festus.

363 3263 641 3321 Eumdetn
692 3272 869 3315 tamen
915 3260 1209 3331 Sisinuium
1236 3260 1555 3331 Capitonem
1582 3260 1738 3317 vocat
1772 3264 1828 3318 S.
1859 3262 1985 3317 Hie-

367 3332 902 3407 ronymus,Qu.'est_._
922 3333 975 3385 in
1023 3330 1276 3407 Cettesirn
1302 3330 1366 3407 ad
1395 3348 1511 3403 cap.
1542 3349 1598 3407 xz

450 3402 905 3475 Cbnvenitur.Soli
921 3418 1059 3475 _mss.
1076 3403 1279 3475 autqu
1300 3403 1433 3458 Bon.
1454 3402 1511 3459 et
1530 3406 1554 3459 1
1579 3404 1711 3475 Reg.
1730 3404 1983 3459 conuenit.

452 3475 719 3530 Intimum.
753 3474 879 3528 Mss.
914 3473 947 3529 8
976 3488 1087 3546 rec.
1119 3484 1175 3529 et
1202 3474 1290 3546 ed.
1331 3476 1487 3528 Rom.
1522 3473 1679 3538 147οζ
1711 3476 1984 3546 integrum.

367 3580 452 3596 ρ-
474 3549 696 3602 Sensum
719 3546 971 3600 intimum.
1001 3544 1189 3610 Colb.,
1222 3544 1355 3600 Ven.
1386 3546 1715 3612 M71,Rost.
1744 3564 1758 3600 :
1785 3544 1991 3601 sensum

370 3625 664 3689 integrum.
703 3616 860 3689 Prius
902 3621 1112 3689 aptius,
1145 3616 1300 3689 cujus
1334 3616 1665 3689 elegantiam
1703 3627 1760 3672 et
1789 3618 1896 3671 vim
1923 3633 1991 3689 ex

368 3686 646 3750 Cicerone
689 3687 993 3743 Gronovius
1038 3687 1105 3743 ad
1150 3687 1365 3743 Minucii
1410 3686 1520 3743 Fel.
1552 3703 1673 3758 cap.
1704 3691 1757 3754 1,
1780 3703 1902 3758 pag.
1932 3686 1988 3753 4,

371 3762 596 3830 Ιῃιὶηιίε
634 3759 884 3823 sensibus,
936 3760 1185 3813 illustrat.
1229 3758 1508 3830 SicrLact.
1547 3759 1640 3815 lib.
1665 3775 1705 3825 ι,
1731 3774 1851 3830 cap.
1878 3759 1989 3814 20:

384 3826 525 3903 Quae
551 3832 778 3886 sensibus
805 3830 998 3903 intimis
1026 3830 1234 3903 horrere
1257 3829 1554 3903 debuerant.
1595 3830 1728 3885 BUN.

463 3903 597 3957 Inde
622 3903 852 3956 homines
874 3901 1104 3972 litterati.
1122 3900 1300 3968 Quare
1317 3902 1368 3955 in
1392 3903 1653 3972 prooemio
1680 3900 1843 3964 tertii,
1864 3900 1997 3956 Tul-
2043 3932 2050 3938 -

374 3978 587 4033 Iianam
632 3973 731 4028 sibi
777 3973 981 4041 optavit
1021 3971 1384 4041 eloquentiam
1417 3989 1430 4024 :
1461 3988 1568 4027 non
1599 3972 1744 4041 quod
1773 3972 1994 4038 veritas,

376 4048 548 4117 cujus
568 4058 746 4100 sermo
766 4043 993 4112 simplex
1014 4052 1114 4117 est,
1139 4043 1404 4098 lenocinio
1420 4046 1704 4099 verborum
1728 4043 1994 4117 indigeat,

379 4113 487 4177 sed
539 4126 758 4186 propter
803 4128 899 4168 eos
949 4115 1039 4184 qui
1061 4128 1300 4186 omnem
1355 4114 1799 4186 orationemnisi
1843 4113 1998 4169 dulce

380 4183 655 4261 quiddam
689 4183 1006 4261 tinnientem
1053 4183 1349 4240 fastidiunt.
1385 4186 1579 4242 Verum
1629 4185 1739 4242 illic
1783 4186 1851 4242 de
1897 4185 2000 4240 hoc

381 4256 530 4318 satis
561 4268 641 4314 est
671 4257 893 4312 dictum.
927 4256 1252 4311 BETULEIUS.

470 4329 603 4385 Cum
636 4328 704 4383 ad
735 4327 833 4382 Dei
873 4328 1171 4396 religionem
1210 4328 1528 4381 accesserint.
1562 4327 1644 4381 Ex
1676 4326 2002 4382 anteceden—

378 4405 467 4462 tis
486 4402 678 4470 capitis
693 4400 785 4462 20,
803 4398 919 4465 lin.,
934 4401 1001 4451 ad
1023 4396 1119 4452 Dei
1147 4398 1455 4470 religionem,
1474 4398 1731 4470 accedere,
1748 4399 1895 4470 idem
1919 4406 2003 4470 est

2078 3048 2513 3121 fundati:_deest
2553 3048 2598 3104 si
2641 3065 2744 3104 non
2784 3049 2996 3121 fuerint.
3038 3049 3167 3107 Mss.
3211 3051 3400 3116 Cauc.,
3431 3051 3581 3118 Jun.,
3620 3053 3690 3110 16

2085 3119 2177 3176 alii
2200 3129 2255 3174 et
2283 3119 2350 3174 M
2379 3120 2531 3192 editi,
2563 3119 2888 3186 accesserint,
2911 3122 2975 3176 ab
2995 3124 3169 3192 aliquo
3206 3125 3443 3190 imperito
3484 3125 3692 3178 doctore

2088 3192 2291 3317 [fundati
2308 3208 2328 3257 ;
2359 3192 2394 3244 2
2423 3191 2559 3262 Reg.
2600 3192 2654 3245 in
2681 3192 2854 3263 aliqua
2889 3191 3145 3276 imperito,
3296 3193 3451 3249 Cant.
3482 3204 3538 3278 et
3563 3195 3690 3250 edd.

2143 3264 2313 3317 hom..
2343 3262 2509 3317 Thvs.
2538 3271 2593 3317 et
2616 3262 2781 3317 Gall..
2806 3275 3107 3317 accesserint
3130 3306 3144 3317 .
3174 3281 3218 3317 st
3258 3282 3360 3317 non
3401 3270 3588 3317 fuerint
3627 3268 3690 3317 ab

2143 3264 2313 3337 hom._,
2343 3262 2509 3337 Thys.
2538 3271 2593 3317 et
2616 3262 2781 3329 Gall.,
2806 3262 3144 3337 accesserint,
3174 3266 3219 3337 si
3258 3282 3360 3319 non
3398 3268 3588 3337 fuerint
3627 3268 3692 3320 ab

2088 3334 2260 3403 aliquo
2286 3335 2542 3403 imperito,
2573 3345 2705 3399 etc.,
2735 3336 2957 3389 omnino
2985 3335 3145 3390 male.
3179 3336 3310 3401 Qure
3340 3334 3520 3390 omnia
3562 3352 3686 3391 cum

2090 3407 2222 3476 satis
2264 3418 2370 3459 neu
2417 3405 2523 3476 sint
2562 3405 2793 3459 enodata
2841 3410 2894 3460 in
2938 3406 3036 3461 hac
3078 3408 3232 3460 Dom.
3272 3406 3427 3461 Joan.
3457 3406 3609 3476 Bapt.
3644 3408 3696 3463 le

2092 3475 2236 3529 Brun
2264 3473 2650 3545 atmotatioue,
2695 3491 2756 3530 ea
2806 3476 2968 3545 paulo
3013 3476 3181 3530 fusius
3228 3473 3547 3545 explicanda
3570 3480 3694 3533 esse

2091 3544 2438 3615 credidimus,
2459 3557 2514 3598 ut
2538 3545 2718 3611 lectio,
2734 3544 2894 3615 quam
2914 3557 3089 3601 textus
3116 3544 3694 3615 noster’reprmsentat,

2094 3616 2286 3671 melius
2315 3630 2379 3670 ac
2401 3614 2685 3670 dilucidius
2714 3614 3081 3672 cottlirmetur.
3107 3616 3313 3672 Sensus
3330 3614 3459 3672 vero
3479 3617 3567 3673 hic
3585 3630 3691 3684 est,

2094 3698 2153 3742 ut
2176 3687 2319 3741 dicat
2338 3686 2668 3751 Lactantius,
2695 3688 2938 3743 homines
2962 3690 3228 3758 litteratos
3256 3700 3311 3742 et
3343 3689 3520 3758 politis
3547 3690 3696 3744 litte-

2095 3759 2170 3813 ris
2194 3760 2448 3822 imbutos,
2479 3772 2599 3812 cum
2628 3758 2697 3829 ad
2723 3760 3036 3829 religionem
3072 3757 3370 3823 accedunt,
3401 3761 3579 3815 minus
3607 3775 3699 3815 so-

2095 3829 2212 3884 lere
2238 3831 2480 3901 credere,
2499 3827 2641 3898 quod
2668 3827 2968 3900 despiciant
2996 3831 3397 3901 simplicitatem
3429 3832 3697 3885 sermonis

2098 3914 2371 3956 sacrarum
2400 3899 2746 3954 Litterarum.
2774 3899 2833 3955 1d
2859 3911 3034 3957 tamen
3065 3899 3171 3955 non
3201 3902 3437 3965 eveniet,
3467 3901 3514 3955 si
3543 3917 3698 3956 acce-

2100 3971 2287 4026 dentes
2315 3969 2383 4025 ad
2414 3985 2593 4025 veram
2622 3971 2937 4041 religionem
2962 4014 2976 4037 ,
3006 3972 3235 4027 habeant
3262 3974 3537 4027 doctorem
3570 3972 3699 4028 reli-

2100 4043 2274 4111 gionis
2298 4042 2649 4096 exercitatum
2679 4044 2730 4096 in
2761 4044 2922 4099 rebus
2943 4043 3113 4098 sacris
3132 4084 3146 4105 ,
3174 4044 3401 4112 peritum
3429 4053 3479 4097 et
3508 4044 3700 4099 litteris

2102 4114 2387 4167 imbutum.
2418 4112 2658 4183 Vulgaris
2688 4114 2846 4168 lectio
2870 4115 3099 4169 habebat
3124 4115 3270 4183 prius
3289 4132 3303 4167 :
3323 4113 3456 4166 Inde
3472 4114 3702 4168 homines

2104 4184 2332 4249 litterati,
2358 4198 2476 4237 cum
2519 4183 2587 4236 ad
2618 4183 2713 4255 Dei
2746 4185 3047 4255 religionem
3087 4185 3409 4255 accesserint,
3438 4184 3500 4237 ab
3529 4184 3701 4255 aliqua

2101 4255 2335 4325 imperito
2372 4257 2578 4325 doctore
2621 4253 2826 4323 fundati
2852 4253 3031 4308 minus
3059 4256 3290 4307 credunt.
3316 4254 3447 4325 Quze
3476 4253 3701 4325 quidem

2103 4323 2351 4381 eumdem
2382 4323 2493 4379 fere
2518 4339 2733 4379 sensum
2762 4333 3132 4393 repraasentat,
3150 4338 3213 4377 ac
3240 4325 3329 4378 ille
3353 4323 3443 4393 qui
3474 4324 3524 4377 in
3549 4332 3701 4378 textu

2113 4405 2299 4450 nostro
2328 4395 2521 4464 legitur
2545 4412 2558 4447 :
2592 4395 2687 4449 sed
2717 4400 2890 4449 oratio
2916 4395 3094 4449 minus
3119 4394 3334 4462 elegans
3354 4435 3368 4457 ,
3407 4407 3566 4464 atque
3602 4396 3705 4449 ob-

383 4447 1767 4548 3.15.3aesaes;satisaut;utilissima
1779 4447 2006 4548 nam;
2028 4447 2082 4507 D
2110 4447 2437 4548 testatas.
2470 4464 2581 4547 Itan
2599 4447 2739 4520 vat
2759 4447 3148 4548 γόοςε-αρςιρ..
3174 4447 3402 4546 fundati,
3418 4447 3537 4547 ...ξω
3557 4447 3704 4535 saepe

383 4538 542 4616 sient)
559 4559 613 4616 s_e
640 4543 902 4616 conferre;
929 4549 1026 4616 aut
1050 4541 1277 4616 inversis
1305 4538 1567 4616 verbisin
1599 4538 1737 4616 Epit.
1765 4538 2005 4616 cap._’65,

385 4634 488 4691 pr.
518 4609 532 4668 Ξ
562 4609 785 4691 Relectis
821 4610 1287 4691 profanisdritiblts,
1318 4610 1386 4663 ad
1412 4609 1505 4691 Dei
1526 4610 1723 4665 cultum
1748 4611 2007 4691 transite;

390 4681 506 4745 Ξιιιι
539 4701 607 4740 ex
638 4684 732 4739 lib.
765 4681 859 4749 vri,
895 4697 1015 4752 cap.
1041 4681 1151 4737 22:
1183 4681 1315 4736 Deos
1356 4682 1664 4751 relinquere,
1692 4692 1738 4736 et
1768 4681 1836 4735 ad
1860 4681 2011 4735 unius

385 4776 460 4815 se
506 4755 833 4811 Dei'cultum
869 4752 1266 4823 religionemque
1307 4765 1630 4823 conuertere;
1662 4763 1751 4807 aut
1781 4753 2013 4822 denique

607 4826 749 4898 quod
800 4825 894 4898 lib.
933 4822 1040 4898 vit,
1065 4839 1207 4898 _cap.
1260 4824 1322 4878 11
1355 4841 1368 4875 :
1399 4822 1665 4880 Caelestem
1721 4824 2014 4896 religionem

388 4830 554 4888 idem
607 4830 749 4898 quod
801 4830 894 4879 lib.
933 4840 1040 4890 vit,
1088 4839 1207 4892 cap.
1260 4830 1322 4878 11

388 4900 511 4958 Dei
536 4896 841 4969 (justitiam)
862 4897 1023 4965 sequi.
1064 4895 1342 4969 Bessum.

489 4965 688 5026 Si'non
714 4965 907 5038 fuerint
936 4968 1000 5021 ab
1026 4968 1201 5038 aliquo
1237 4967 1402 5037 perito
1441 4965 1647 5019 doctore
1681 4965 1911 5038 fundati.
1943 4966 2019 5021 De

391 5045 537 5107 his,
567 5042 658 5112 qui
706 5036 883 5112 minus
926 5036 1488 5112 solida‘fun‘damenta
1528 5037 2022 5112 posuerunt_,_rdixit

2110 4552 2218 4593 non
2250 4536 2496 4605 leguntur
2524 4535 2577 4589 itt
2606 4536 2804 4591 veteris
2831 4536 3032 4606 elaquii
3055 4535 3204 4589 latini
3231 4537 3497 4591 sermonis
3523 4551 3707 4589 anetu-

2111 4608 2283 4671 ribus,
2316 4606 2564 4678 videntur
2580 4616 2785 4678 _tatnen
2815 4608 2866 4661 in
2892 4607 3311 4676 jtlrlSt'OnSlllliS,
3339 4607 3431 4677 qui
3460 4606 3707 4678 fundatas

2112 4681 2167 4733 in
2184 4679 2308 4748 jure
2333 4676 2537 4732 dicunt.
2569 4676 2760 4732 Fundo
2799 4679 2960 4747 igitur
3004 4677 3144 4733 idem
3188 4687 3270 4732 est
3317 4676 3379 4732 ac
3412 4676 3588 4735 doceo.
3618 4678 3711 4733 Sic

2114 4750 2253 4821 apud
2279 4748 2485 4821 Livium
2508 4749 2711 4821 legitur,
2731 4748 2905 4821 leviter
2926 4750 3141 4821 fundata
3167 4748 3312 4821 fides.

2190 4820 2400 4874 Insidit.
2431 4818 2509 4874 lta
2539 4817 2715 4876 cuncti
2745 4818 2861 4875 fere
2885 4817 3015 4875 mss.
3054 4828 3110 4875 et
3153 4820 3239 4873 ed.
3273 4819 3432 4874 Rom.
3463 4819 3621 4876 M70.
3652 4817 3713 4873 In

2118 4892 2155 4946 2
2182 4906 2295 4947 rec.
2325 4901 2410 4946 est
2438 4891 2656 4958 insistit;
2684 4892 2737 4946 in
2768 4893 2792 4946 1
2823 4889 2977 4947 Colb.
3003 4900 3048 4945 et
3077 4891 3237 4957 sedit;
3261 4892 3313 4945 in
3338 4892 3373 4945 4
3403 4904 3513 4945 rec.
3544 4900 3598 4944 et
3644 4889 3707 4943 11

2120 4961 2349 5019 vulgatis
2371 4961 2574 5017 insidet.

2247 5036 2487 5106 tutentis,
2509 5042 2558 5106 et
2586 5036 2742 5106 vocis.
2770 5032 2955 5106 Neque
2974 5047 3079 5088 vox
3099 5033 3216 5087 sine
3237 5040 3418 5087 mente
3443 5039 3544 5106 est.
3576 5028 3720 5083 Dici-

391 5108 722 5184 elegantius
734 5109 855 5184 lib.‘
874 5125 927 5175 ν,
955 5123 1074 5178 cap.
1106 5110 1130 5163 1
1162 5126 1175 5161 :
1208 5109 1440 5184 Quorum
1478 5123 1592 5184 non
1622 5108 1931 5184 est-stabilis
1958 5123 2020 5184 ac

389 5176 598 5243 solidis
626 5180 888 5236 radicibus
912 5176 1129 5250 fundata
1160 5189 1208 5233 et
1241 5181 1349 5249 ﬁcta
1377 5179 1645 5250 sententia.
1668 5176 1868 5250 Natant
1886 5179 2022 5232 enim

392 5256 668 5332 plurimi,
709 5268 771 5307 ac
806 5249 1028 5306 maxime
1063 5251 1151 5321 qui
1183 5251 1469 5305 litterarum
1496 5249 1693 5375 ιιιὶᾳὲἰά
1725 5251 2022 5322 attigerunt.

1648 5336 1880 5375 UNEIAN.

1648 5336 1880 5377 UNEIAN.

502 5393 814 5451 Accesserint
836 5436 850 5460 ,
878 5394 922 5448 si
954 5410 1053 5449 non
1083 5395 1273 5464 fuerint
1305 5393 1367 5447 ab
1405 5391 1578 5460 aliqua
1618 5399 1779 5463 perito
1823 5394 2030 5447 doctore

436 5468 654 5533 ‘undati,
682 5468 852 5520 minus
875 5465 1107 5520 credunt.
1143 5465 1200 5520 Si
1223 5481 1325 5519 non
1347 5506 1361 5530 ,
1390 5474 1495 5520 etc.
1540 5464 1665 5518 Haec
1698 5466 1861 5518 verba
1889 5464 2035 5519 delet

478 5555 700 5594 cuman.
737 5536 932 5592 Verum
964 5538 1108 5591 hunc
1133 5536 1312 5591 locum
1341 5537 1413 5589 ita
1443 5533 1655 5590 restitui
1683 5550 1746 5589 ex
1777 5550 1907 5590 mss.
1941 5550 2035 5589 an-

403 5608 752 5679 tiquissimis
774 5609 797 5663 1
818 5608 1027 5679 Bonon‘.
1044 5609 1137 5662 eti
1158 5607 1314 5679 Reg.,
1329 5605 1791 5679 consentientibus
1807 5610 1834 5679 l_
1850 5605 2041 5679 R_egio-

406 5669 588 5745 Ρὺι..
614 5683 640 5735 1
670 5682 741 5736 al.
760 5669 1559 5752 Reg.,‘2Colb.,lClarotn.,_$
1586 5669 2037 5752 Lips.,_ed.AR6m.
2140 5676 2198 5732 id
2224 5683 2328 5752 est
2351 5675 2535 5752 vitiant
2566 5674 2712 5745 (nam
2757 5672 2911 5752 Rost.
2964 5669 3087 5752 fere.
3112 5685 3516 5752 semper,'e.._g.
3550 5669 3644 5722 lib.
3676 5681 3739 5752 tt,

412 5741 606 5823 1468,
634 5753 691 5810 in
720 5741 918 5822 quibus
942 5760 1026 5806 est
1049 5741 1376 5814 accesserint,
1393 5747 1457 5803 ab
1473 5741 1823 5821 aliquo'perito
1841 5750 2046 5805 doctore
2147 5745 2355 5817 cap.'2,
2386 5741 2586 5800 viciant'
2607 5758 2702 5817 pro
2732 5742 2913 5800 vitiant
2965 5741 3197 5812 scribit).
3231 5741 3348 5796 Huc
3370 5741 3530 5810 igitur
3578 5741 3745 5808 perti-

967 5843 1245 5906 Pnaon.
1293 5840 1400 5904 VI.
1796 5872 1802 5879 -
2878 5898 2885 5905 ,
3268 5833 3348 5897 23

2125 5114 2214 5160 tur
2240 5097 2588 5160 abusivevox
2629 5104 2698 5160 de
2746 5097 2997 5161 inanimis
3034 5118 3246 5173 quoque
3272 5117 3335 5155 ac
3365 5102 3546 5173 mutis,
3578 5108 3721 5173 stre-

2128 5176 2269 5245 pilus
2312 5186 2472 5244 atque
2517 5179 2758 5244 sonitus,
2789 5176 3012 5232 Latinis.
3044 5170 3375 5242 Quamquam
3403 5170 3726 5225 Aristoteles

2129 5250 2293 5303 mutis
2329 5247 2490 5301 etiam
2520 5262 2705 5303 vocem
2738 5247 2936 5302 tribuit.
2972 5246 3291 5299 Berunews.

2202 5320 2387 5390 Carere
2417 5319 2556 5387 fuco.
2583 5319 2655 5373 De
2680 5319 3020 5390 simplicitate
3048 5315 3144 5369 SS.
3173 5313 3571 5382 Scripturarum
3602 5311 3730 5370 vide

2132 5389 2323 5446 Isidor.
2357 5389 2538 5444 Polus.
2570 5390 2661 5444 lib.
2690 5387 2895 5456 ιι,Ερ.
2928 5387 2982 5441 5.

2209 5461 2337 5525 Qua:
2365 5461 2591 5514 animum
2619 5459 2714 5513 sibi
2740 5454 2981 5513 vinciant.
3020 5454 3155 5527 Mss.
3205 5455 3231 5510 1
3281 5455 3417 5511 Βοη.
3459 5457 3654 5527 antiq.,
3702 5457 3731 5510 1

2138 5532 2285 5603 Lips.
2313 5539 2369 5587 et
2399 5531 2563 5586 Brun.
2582 5530 2878 5603 subiiciunt.
2903 5526 2996 5603 Sic
3015 5526 3735 5603 legiturapud_Bunem_an.:

2141 5599 2472 5657 —'Animam
2503 5602 2598 5656 sibi
2622 5600 2919 5669 subiiciunt.
2957 5599 3178 5670 Conjec't
3221 5599 3503 5668 legendum
3530 5600 3737 5670 viciant,

3600 5922 3615 5927 ιν
3679 5917 3751 5930 ε-οδ
