4142 6200
436 297 536 357 721

436 522 562 562 men
590 515 697 569 est,
726 505 781 560 in
831 504 935 561 hae
976 520 1139 562 omne
1186 506 1464 565 delictum.
1521 508 1656 565 Nam
1688 510 1791 567 etsi
1836 525 2037 582 corpus

436 599 583 656 nulla
628 598 703 654 sit
729 597 851 654 labe
892 600 1241 666 maculatum,
1274 616 1383 656 non
1429 610 1642 658 constat
1668 612 1848 659 tamen
1878 603 2035 674 pudi-

436 694 576 751 citia:
599 693 761 758 ratio,
794 692 841 747 si
870 693 1082 748 animus
1108 694 1347 751 incestus
1372 702 1489 760 est;
1521 710 1623 752 nec
1648 695 1851 753 illibata
1873 698 2037 753 casti-

440 799 523 845 tas
552 786 726 842 videri
748 794 947 856 potest,
968 786 1061 841 ubi
1082 786 1471 844 conscientiam
1489 788 1758 859 cupiditas
1789 790 2039 860 inquina-

435 881 534 937 vit.
563 879 676 936 Nec
728 894 859 935 vero
889 879 1084 951 aliquis
1113 880 1408 944 existimet,
1436 880 1659 937 difﬁcile
1686 896 1807 938 esse
1837 883 2037 939 fraenos

434 973 717 1045 imponere
773 971 1089 1043 voluptati,
1135 988 1365 1041 eamque
1402 988 1593 1044 vagam
1656 982 1710 1029 et
1765 983 2036 1030 errantem

437 1065 700 1120 castitatis
723 1062 1098 1134 pndit-itimque
1127 1062 1387 1119 limitibus
1408 1062 1718 1131 includere;
1749 1080 1870 1120 cum
1905 1080 2037 1135 pro-

436 1157 674 1230 positum
695 1155 764 1210 sit
790 1154 1098 1210 hominibus
1114 1156 1277 1210 etiam
1303 1156 1540 1223 vincere,
1568 1171 1632 1211 ac
1658 1156 1873 1226 plurimi
1898 1158 2035 1214 bea-

439 1259 545 1304 tam
573 1258 737 1319 atque
792 1248 1160 1317 incorruptam
1204 1248 1453 1319 corporis
1509 1248 1878 1317 integritatem
1905 1250 2038 1305 reti-

435 1342 689 1405 nueriut;
723 1339 987 1410 multique
1038 1338 1148 1393 sint
1183 1340 1274 1409 qui
1309 1338 1413 1394 hac
1437 1340 1649 1398 cwIeSti
1679 1354 1883 1411 genere
1911 1340 2037 1396 vita:

440 1433 748 1489 felicissime
777 1432 1141 1502 perfruantur.
1176 1432 1334 1500 Quod
1377 1433 1596 1505 quidem
1629 1433 1771 1490 Deus
1824 1450 1933 1490 non
1964 1435 2037 1492 ita

437 1524 553 1582 ficri
584 1525 860 1596 praecepit,
886 1534 1159 1596 tamquam
1189 1526 1471 1598 astringat,
1495 1527 1618 1598 quia
1669 1530 1918 1599 generari
1939 1528 2038 1584 ha-

438 1618 619 1673 mines
644 1624 858 1688 oportet
889 1635 900 1671 :
934 1617 1030 1673 sed
1065 1626 1337 1688 tamquam
1364 1617 1526 1674 sinat.
1556 1617 1671 1674 Scit
1695 1619 1840 1674 enim
1863 1635 2038 1691 quan-

437 1720 547 1765 tam
599 1709 685 1765 his
722 1708 1002 1766 affectibus
1032 1710 1355 1781 imposuerit
1383 1711 1789 1768 necessitatem.
1823 1712 1879 1768 Si
1912 1714 2037 1783 quis

1618 301 1825 358 LIBER
1864 302 1952 360 Vl.
1994 301 2084 359 DE
2129 302 2313 370 VERO
2345 305 2593 365 CliLTU.

436 411 634 469 bidinis
664 409 896 468 fructum
919 412 1248 484 cogitatione
1267 414 1677 486 complectitur:
1706 416 1758 472 in
1789 417 1893 473 hac
1919 417 2033 473 cri-
2063 418 2115 479 A

3638 316 3743 372 729

2723 422 2951 483 CAPUT
2991 426 3182 483 XXIV.

2321 597 2399 653 De
2422 601 2741 673 paenitentia,
2771 602 2836 659 de
2857 605 3025 673 venia,
3066 606 3134 660 ac
3155 610 3419 682 praceptis
3447 610 3564 668 Dei.

2209 777 2323 834 Nec
2352 787 2530 835 tamen
2576 781 2791 837 deﬁciat
2839 784 3056 855 aliquis,
3088 795 3181 843 aut
3207 788 3276 845 de
3303 805 3362 846 se
3393 791 3509 863 ipse
3544 792 3738 864 despeo

2139 880 2243 934 ret,
2277 871 2321 925 si
2353 879 2448 925 aut
2490 873 2781 942 ettpiditate
2834 875 3025 942 victus,
3059 890 3151 933 aut
3191 879 3413 937 libidine
3448 886 3733 953 impulsus,

2139 970 2234 1017 aut
2273 976 2461 1017 errare
2515 961 2793 1033 deceptus,
2826 977 2917 1021 aut
2971 968 3024 1022 vi
3063 979 3304 1039 coactus,
3358 972 3425 1027 ad
3464 973 3740 1045 injustitize

2140 1054 2280 1109 viam
2330 1055 2512 1126 lapsus
2555 1066 2657 1112 est.
2686 1058 2872 1114 Potest
2901 1061 3046 1116 enim
3076 1062 3283 1132 reduci,
3330 1079 3394 1120 ac
3424 1065 3663 1135 liberari,
3692 1068 3740 1126 si

2139 1164 2265 1206 eum
2298 1151 2559 1220 paeniteat
2582 1161 2846 1219 actarum,
2876 1163 2932 1210 et
2956 1154 3022 1210 ad
3055 1156 3279 1212 meliora
3307 1172 3623 1224 conversus.
3651 1175 3738 1217 sa-

2143 1240 2374 1296 tisfaciat
2406 1242 2725 1310 Dem-Quod
2772 1244 2887 1300 fieri
2932 1260 3091 1315 posse
3127 1245 3321 1305 Cicero
3366 1267 3472 1306 non
3505 1254 3734 1320 putavit,

2139 1333 2295 1404 cujus
2322 1334 2438 1391 haec
2466 1335 2519 1393 in
2541 1336 2867 1393 Academico
2900 1340 3061 1393 tertia
3090 1340 3253 1395 verba
3279 1351 3404 1397 sunt
3423 1359 3436 1396 :
3458 1361 3478 1394 t
3507 1343 3660 1412 Quod
3690 1346 3738 1402 si

2140 1426 2329 1484 liceret
2382 1439 2439 1485 ttt
2484 1430 2551 1486 iis
2579 1430 2668 1502 qni
2701 1431 2763 1486 .in
2794 1430 2990 1487 itinere
3026 1431 3448 1504 deerravissent,
3480 1437 3558 1493 sic
3594 1439 3735 1494 viam

2138 1520 2351 1577 deviam
2378 1532 2595 1579 secutas
2639 1525 2911 1596 corrigere
2940 1540 3184 1582 errorem
3227 1531 3560 1599 paenitenda,
3601 1533 3733 1589 faci-

2141 1613 2246 1670 lior
2267 1625 2413 1671 esset
2441 1617 2752 1674 emendatio
2802 1622 3139 1675 temeritatis.
3178 1641 3196 1675 ι
3227 1621 3379 1679 Licet
3402 1626 3580 1695 plane.
3607 1625 3744 1684 Nam

2142 1708 2187 1763 si
2228 1707 2431 1764 liberos
2460 1720 2701 1777 nostros,
2731 1726 2856 1769 cum
2882 1712 3202 1769 delictorum
3232 1730 3450 1771 suorum
3468 1720 3744 1775 cernimus

438 1804 564 1871 hac,
595 1803 790 1874 inquit,
823 1803 1001 1860 facere
1021 1804 1278 1875 patuerit,
1306 1803 1527 1861 habebit
1551 1803 1806 1861 eximiam
1828 1805 2037 1862 incam-
2065 1812 2113 1874 Β
2143 1802 2430 1872 pmnitere,
2456 1814 2733 1859 correctos
2754 1818 2876 1861 esse
2892 1804 3239 1874 arbitramur,
3266 1816 3321 1862 et
3345 1808 3621 1865 abdicatos
3644 1811 3743 1867 ab-

437 1896 847 1967 parabilemque
898 1897 1227 1955 mercedem.
1284 1898 1438 1969 Quod
1486 1898 1836 1956 continentiae
1863 1915 2035 1972 genus

441 1988 592 2059 quasi
625 1989 892 2059 fastigium
923 1998 1028 2058 est,
1047 1990 1398 2062 omniumque
1429 1992 1830 2048 consummatio
1857 1992 2029 2048 virtu-

441 2089 576 2136 tum.
607 2081 678 2135 At
701 2095 863 2151 quam
889 2082 933 2137 si
973 2081 1092 2153 quis
1136 2082 1266 2137 eniti
1295 2090 1456 2154 atque
1514 2083 1737 2139 eluctari
1777 2084 2035 2154 patuerit,

439 2172 583 2253 hunc
633 2187 849 2227 servum
878 2172 1152 2243 dominus,
1211 2172 1356 2229 hunc
1414 2173 1738 2245 discipulum
1780 2176 2040 2247 magister

438 2264 854 2336 agnascet;ltic
908 2273 1107 2321 terram
1153 2265 1550 2338 triumphabit;
1591 2267 1681 2324 hic
1700 2269 1806 2325 erit
1857 2269 2041 2325 consi-

438 2358 581 2414 milis
612 2359 742 2425 Dca,
771 2359 863 2430 qui
901 2358 1161 2415 virtutem
1192 2360 1288 2416 Dei
1317 2361 1502 2432 coepit.
1534 2360 1665 2418 Haec
1695 2362 1911 2434 quidem
1939 2363 2045 2419 dif-

442 2452 600 2508 ficilia
615 2451 869 2508 videntur
895 2470 908 2507 :
942 2452 1039 2509 sed
1058 2452 1127 2510 de
1154 2467 1222 2508 ea
1247 2452 1540 2524 loquimur,
1563 2455 1650 2509 cui
1687 2455 1907 2512 calcatis
1926 2470 2045 2513 am-

440 2545 599 2601 nibus
652 2544 915 2611 terrenis,
960 2545 1065 2601 iter
1110 2545 1163 2601 in
1205 2545 1404 2602 ctelum
1445 2555 1684 2617 paratur.
1738 2546 1874 2603 Nam
1917 2549 2043 2620 quia

448 2640 621 2696 virtus
657 2642 709 2696 in
734 2640 829 2697 Dei
854 2640 1129 2712 agnitione
1149 2642 1417 2709 consistit,
1449 2641 1629 2697 omnia
1659 2642 1847 2713 gravia
1888 2653 2040 2714 sunt,

444 2731 572 2788 dum
602 2733 857 2804 ignores;
901 2732 993 2789 ubi
1018 2732 1359 2804 cognoveris,
1398 2733 1596 2793 facilia.
1638 2733 1743 2790 Per
1772 2735 1917 2806 ipsas
1936 2736 2043 2792 dif-

446 2824 707 2905 ﬁcultates
760 2824 917 2882 nobis
944 2823 1252 2883 exeundum
1281 2834 1386 2895 est,
1420 2826 1512 2897 qui
1538 2825 1606 2882 ad
1644 2841 1914 2884 summum
1943 2829 2039 2886 ba-

445 2934 571 2975 num
596 2918 885 2976 tendimus.

2135 1892 2424 1965 jectasque
2476 1897 2665 1952 rursus
2705 1904 2884 1952 tamen
2940 1898 3284 1969 suscipimus,
3330 1899 3598 1970 favemus,
3628 1916 3744 1959 am-

2142 1990 2464 2060 plectimur:
2493 2006 2591 2046 cnr
2646 1993 2999 2061 deSperemus
3040 1995 3384 2052 clementiam
3435 1998 3529 2054 Dei
3577 2000 3746 2069 patris

2143 2083 2458 2155 ptenitendo
2486 2100 2646 2155 posse
2697 2086 2942 2155 placari?
2983 2086 3126 2158 Erga
3183 2086 3326 2145 idem
3381 2088 3649 2147 Dominus
3676 2105 3743 2149 ac

2143 2190 2340 2247 parens
2371 2176 2869 2248 indulgentissimus
2913 2177 3265 2234 remissurum
3314 2195 3373 2236 se
3427 2182 3738 2252 paenitenti-

2151 2270 2254 2325 bus
2275 2280 2494 2341 peccata
2524 2272 2814 2342 promittit,
2860 2284 2914 2327 et
2938 2272 3371 2328 oblitteraturum
3412 2289 3602 2331 omnes
3639 2275 3746 2331 ini-

2149 2364 2382 2436 quitates
2407 2365 2548 2435 ejus.
2579 2364 2672 2436 qui
2712 2364 2974 2435 justitiam
3024 2366 3202 2422 denuo
3248 2371 3475 2439 coeperit
3510 2371 3746 2441 aperari.

2151 2456 2303 2514 Sicut
2332 2457 2476 2513 enim
2501 2457 2632 2512 nihil
2659 2456 2874 2527 prodest
2900 2458 3040 2515 male
3074 2459 3279 2515 viventi
3301 2470 3427 2516 ante
3452 2469 3587 2518 actas
3614 2463 3740 2520 vitze

2150 2549 2411 2623 probitas,
2438 2550 2564 2621 quia
2614 2549 3003 2618 superveniens
3052 2550 3292 2620 nequitia
3326 2550 3553 2621 justiti-.2
3579 2568 3748 2623 opera

2151 2642 2349 2699 delevit
2380 2659 2394 2696 :
2429 2642 2500 2697 ita
2532 2640 2668 2697 nihil
2699 2639 2947 2697 afficiunt
2986 2649 3206 2711 peccata
3258 2650 3440 2697 vetera
3472 2652 3744 2711 correcta,

2150 2739 2273 2811 quia
2304 2735 2697 2808 superveniens
2722 2733 2926 2805 iustitia
2954 2732 3129 2788 labem
3179 2732 3303 2789 vitte
3332 2734 3530 2804 prioris
3559 2734 3746 2792 abole-

2148 2831 2243 2887 vit.
2270 2829 2321 2886 ls
2363 2828 2507 2884 enim
2536 2841 2696 2897 quem
2737 2823 2863 2879 facti
2895 2825 2979 2879 sui
3008 2824 3258 2895 paenitet,
3286 2839 3530 2881 errarem
3584 2839 3746 2881 suum

2146 2923 2431 2997 pristinum
2468 2918 2749 2990 intelligit;
2777 2916 3005 2988 ideoque
3032 2915 3207 2973 Graeci
3231 2915 3424 2973 melius
3449 2925 3504 2972 et
3532 2916 3739 2989 signiﬁ-

1765 3058 2127 3119 VARlORUM
2164 3060 2396 3118 nam.
3026 3133 3030 3136 ⁴

518 3175 771 3230 Libidinis
794 3177 1019 3246 fructum
1035 3173 1344 3246 cogitatione
1360 3174 1735 3246 complectitur.
1756 3174 2041 3245 Augustin.
2070 3176 2116 3238 C
2225 3174 2380 3244 Quod
2403 3174 2448 3229 si
2473 3174 2645 3246 liceret
2679 3180 2735 3226 ut
2761 3171 2844 3239 iis,
2870 3178 2977 3227 etc.
3020 3168 3120 3225 Hic
3152 3167 3431 3227 Ciceronis
3461 3170 3612 3228 locus
3639 3187 3751 3230 non

444 3256 628 3302 contra
658 3244 891 3301 Manich.
937 3244 1197 3301 :Justitia
1241 3254 1374 3298 tenet
1418 3245 1532 3300 sola
1576 3246 1715 3298 mala
1765 3244 2043 3316 voluntate,

444 3318 674 3385 quamvis
724 3318 863 3386 quod
910 3318 1163 3372 voluerint
1195 3356 1210 3377 ,
1262 3316 1474 3384 implere
1526 3317 1859 3386 nequiverint.
1922 3318 2044 3374 Sal-

451 3391 621 3455 vian.,
654 3406 706 3443 vt
730 3408 744 3445 :
767 3388 898 3459 Ipsa
918 3390 991 3443 rei
1013 3390 1176 3459 turpis
1201 3388 1456 3459 cupiditas
1487 3404 1580 3455 pro
1606 3388 1805 3441 actione
1824 3388 2043 3441 damna.

444 3472 547 3514 tur.
578 3461 851 3525 Atnhras.,
904 3460 987 3515 l.t
1027 3460 1094 3515 de
1132 3458 1288 3513 Ofﬁc.
1325 3476 1338 3511 :
1383 3458 1705 3512 Adulterium
1732 3474 1833 3512 non
1881 3460 2048 3514 solum

443 3532 572 3603 facti
591 3532 894 3599 colluvione,
920 3533 1010 3587 sed
1039 3541 1084 3586 et
1110 3539 1343 3601 aspectus
1386 3530 1661 3654 attentgme
1693 3531 2042 3653 committitur.

1586 3615 1762 3654 RICEU
1802 3640 1813 3652 .

1569 3608 1813 3655 'RlCﬁUS.

517 3673 645 3729 Cum
700 3674 1031 3746 propositum
1069 3672 1485 3746 sitrltaminibus.
1539 3670 1737 3742 Scripti
1781 3672 1813 3726 9
1844 3686 1954 3728 rcc.
1985 3680 2044 3728 et.

445 3746 515 3803 10
547 3747 677 3801 edtt.
702 3744 840 3812 'vct.,
872 3745 1107 3799 omnibus
1136 3744 1447 3798 hominibus.

516 3815 691 3870 Etiam
722 3818 942 3871 vincere.
975 3816 1065 3871 Sic
1098 3815 1406 3886 rcpasuiiex
1456 3815 1491 3870 5
1522 3822 1630 3868 vet.
1661 3814 1961 3883 impressis,
1986 3823 2042 3869 et

444 3889 695 3943 omnibus
719 3890 833 3944 fere
862 3903 993 3942 mss.
1026 3885 1222 3958 prtetcr
1253 3890 1281 3939 1
1315 3885 1462 3953 Lips.
1496 3886 1582 3939 cui
1607 3895 1691 3941 est
1710 3894 1758 3940 et
1781 3902 1892 3939 eam
1929 3886 2039 3939 vin-

442 3976 590 4025 cere;
621 3963 642 4014 l
671 3959 824 4014 Colb.
848 3969 901 4015 et
925 3959 959 4013 8
989 3960 1144 4022 edit.,
1174 3974 1285 4012 eam
1316 3958 1536 4011 vincere.

518 4029 630 4085 Hoc
652 4031 836 4114 caelesti
867 4045 1048 4114 genere
1074 4031 1208 4083 vitae.
1246 4029 1301 4084 ld
1321 4037 1405 4083 est
1430 4027 1704 4083 caelibatu.
1730 4027 1999 4084 Fnsucws
2021 4070 2036 4095 ,

446 4101 500 4157 in
530 4118 623 4157 ora
652 4102 773 4157 libri
804 4101 906 4156 sui.
1509 4112 1521 4121 °

519 4172 624 4229 Sed
655 4183 911 4242 tamquam
951 4172 1105 4227 sinat.
1138 4170 1195 4226 In
1224 4172 1341 4226 sala
1369 4186 1499 4227 mss.
1522 4172 1690 4242 Regio
1711 4170 2036 4242 antiquiore,

444 4246 533 4298 sed
583 4239 841 4313 tamquam
885 4245 971 4315 qui
1000 4244 1282 4299 libertatem
1331 4244 1541 4298 arbitrio
1573 4239 1824 4313 largiatur
1846 4239 1863 4293 Ξ
1893 4239 2038 4312 quod

445 4325 529 4371 est
548 4318 834 4383 glossema.

519 4381 730 4441 Terram
759 4387 1109 4458 triumpltabit.
1141 4386 1197 4441 lu
1254 4395 1448 4457 quarto
1472 4456 1478 4458 Α
1502 4400 1630 4441 casu
1660 4427 1692 4458 ,ί
1712 4384 1869 4458 “sicut
1909 4381 2038 4458 alibi

2149 3256 2297 3302 extat
2322 3246 2500 3302 hodie.
2525 3244 2715 3299 lactus.

2231 3317 2378 3371 Viam
2425 3317 2643 3370 deviam.
2694 3314 2770 3368 lta
2797 3311 3081 3383 emendavi
3120 3327 3186 3367 ex
3242 3311 3488 3383 pluribus
3527 3328 3660 3369 mss.
3694 3323 3753 3371 et

2151 3389 2330 3445 editis.
2364 3387 2589 3453 Gallice,
2624 3386 2676 3440 la
2699 3382 3093 3453 mauvaisevoie
3121 3400 3140 3437 :
3169 3382 3347 3452 aptior
3373 3383 3557 3449 lectio,
3582 3400 3745 3453 quam

2149 3461 2304 3516 vitam
2335 3459 2533 3514 deviam
2563 3452 2789 3510 aliorum
2816 3454 2904 3508 10.
2936 3452 3149 3507 Etenim
3187 3463 3371 3510 nostra
3398 3453 3752 3510 confirmatur

2149 3547 2215 3587 ex
2260 3532 2379 3585 aliis
2427 3527 2690 3583 Lactantii
2738 3525 2905 3589 locis,
2935 3524 2971 3577 l.
3012 3538 3065 3577 tv
3099 3524 3214 3579 Div.
3249 3523 3408 3586 lnst.,
3440 3539 3488 3578 c.
3522 3524 3615 3591 50,
3642 3526 3750 3581 vias

2147 3603 2245 3657 sibi
2273 3602 2445 3656 devias
2475 3598 2810 3652 condiderunt
2829 3637 2844 3661 ,
2874 3603 2930 3649 et
2956 3595 2994 3648 ι.
3024 3610 3079 3657 v,
3107 3595 3244 3657 c..i,
3270 3594 3332 3647 ab
3352 3595 3442 3648 illo
3462 3596 3641 3650 itinere
3660 3596 3751 3651 de-

2142 3674 2241 3727 vio.
2266 3672 2322 3727 In
2357 3673 2422 3727 iis
2447 3670 2652 3724 scilicet
2678 3668 2991 3721 Ciceronem
3030 3664 3271 3720 imitatus
3305 3673 3407 3719 est.
3441 3665 3751 3727 —Lettilur

2141 3746 2280 3813 apud
2315 3737 2832 3813 Bunem.:‘——»Vita_t_n
2857 3738 3074 3813 deviam.
3105 3734 3365 3813 Goth_an.,
3397 3735 3575 3813 Rush,
3608 3734 3748 3813 ven.

2145 3807 2280 3871 12171
2306 3857 2321 3880 ,
2348 3813 2489 3868 1515
2508 3852 2522 3876 ,
2545 3810 2742 3873 Paris.,
2761 3808 2942 3880 ,Cral.,
2975 3807 3197 3878 Gymn.,
3223 3807 3484 3880 A'l‘furnes.,
3516 3809 3590 3880 sic
3613 3812 3751 3863 viam

2143 3877 2359 3939 deviam.
2379 3885 2470 3937 Via
2504 3883 2589 3937 hic
2618 3896 2723 3936 non
2758 3879 2917 3934 habet
2940 3880 3127 3949 locum
3145 3888 3200 3933 ct
3222 3877 3347 3933 hinc
3360 3878 3552 3949 melius
3577 3878 3748 3949 Lips.,

2143 3956 2375 4012 Reimm.
2388 3998 2401 4022 ,
2420 3954 2582 4009 Fasit.
2595 3995 2609 4018 ,
2627 3951 2858 4022 Gryplt.,
2873 3950 3072 4014 Betul.,
3090 3948 3346 4022 Thomas.
3363 3948 3576 4022 reliqui,
3592 3951 3750 4003 vitam

2143 4031 2360 4083 deviam.
2390 4019 2480 4083 Sic
2532 4025 2631 4079 vita
2679 4019 2824 4077 devia
2851 4032 2924 4076 est
2944 4022 3046 4075 vita
3074 4038 3104 4073 a
3135 4037 3253 4075 vera
3279 4019 3361 4073 via
3382 4020 3580 4074 virtutis
3605 4036 3754 4074 aver-

2140 4117 2220 4164 sa,
2244 4113 2463 4154 auctare
2493 4096 2707 4152 Grtevia
2727 4093 2793 4148 ad
2817 4093 3018 4159 Cicer.,
3042 4092 3287 4156 Amicit.,
3312 4106 3431 4160 cap.
3463 4090 3557 4146 25.
3588 4091 3750 4147 Plura

2142 4170 2209 4227 ad
2229 4170 2414 4244 Lacu,
2444 4168 2642 4244 “ibi”.
2673 4181 2791 4244 cap.
2813 4165 2911 4244 _ll.
3119 4233 3152 4244 η
3347 4187 3353 4193 -

2214 4233 2466 4295 Facilibr.
2499 4240 2590 4295 Sic
2616 4233 2826 4292 restitui
2877 4250 2941 4289 ex
2987 4233 3237 4288 omnibus
3262 4247 3396 4287 mss.
3421 4240 3476 4287 et
3500 4233 3748 4303 complu-

2142 4313 2292 4368 ribus
2317 4311 2505 4375 editis;
2542 4309 2748 4374 [elicior
2777 4315 2860 4360 est
2883 4306 2934 4358 in
2958 4305 2992 4359 9
3014 4305 3247 4358 excusis.
3524 4344 3529 4348 .
3614 4342 3619 4345 .

2214 4402 2423 4457 Liberos
2465 4408 2688 4454 nostros.
2719 4397 2853 4464 Quae
2905 4409 2995 4450 res
3025 4398 3302 4464 eleganter
3342 4393 3533 4450 ell‘ecta
3578 4402 3663 4457 est
3689 4395 3747 4451 in

445 4456 785 4547 d_ixit,hvilam
824 4454 1018 4541 vivere,
1041 4468 1252 4547 mortem
1272 4454 1864 4547 occumbereumil-itiam
1894 4454 2035 4547 milAi-
2060 4486 2113 4547 Β
2142 4454 2521 4544 ηηδρξδδίεο,
2547 4469 2707 4524 Luca,
2729 4454 2827 4522 ἓν,

446 4532 570 4583 tare.
594 4529 697 4585 Per
724 4540 910 4584 terram
954 4524 1293 4600 triumphare,
1324 4527 1579 4600 intelligit
1602 4525 1948 4600 Lactantius,
1969 4524 2037 4600 de

447 4604 679 4655 terrenis
707 4601 861 4657 bonis
889 4611 944 4656 et
974 4594 1339 4672 voluptatibus
1365 4594 1717 4670 triumphare.
1744 4595 1882 4651 Vide
1908 4594 2039 4665 Epi-

447 4681 604 4736 tam.,
635 4687 755 4739 cap.
791 4673 855 4728 51
905 4683 960 4728 et
988 4672 1080 4728 66.

518 4743 683 4812 Cepit.
713 4742 864 4809 Jun.,
901 4744 927 4797 1
953 4744 1107 4800 Colb.
1135 4752 1189 4799 et
1218 4744 1252 4801 5
1283 4742 1440 4809 edit.,
1464 4742 1674 4812 ceperit.

519 4807 679 4886 Nam;
705 4815 823 4884 quia
850 4807 1034 4870 virtus.
1070 4816 1096 4869 1
1126 4816 1261 4886 lteg.
1286 4807 1501 4886 antiq.,
1523 4807 1651 4868 nam
1679 4812 1724 4867 si
1746 4827 1766 4876 ;
1795 4811 1960 4886 Ban.,
1982 4807 2038 4875 [8

444 4883 608 4962 Begu,
640 4884 684 4939 Τ
686 4882 801 4950 ὡς..
834 4886 989 4962 Pen._,
1013 4887 1049 4941 ‘2
1078 4882 1597 4962 C9|bi,2_Claram.,
1621 4898 1836 4962 namque
1857 4882 2040 4962 virtus;

446 4950 637 5023 Brun.,
658 4974 792 5029 Anam
818 4950 1265 5029 quoniamvirtus.
1286 4957 1481 5012 thteri
1503 4971 1623 5010 cum
1648 4950 1899 5011 omnibus
1927 4950 2042 5006 edi-

447 5027 708 5106 tis,_.nt_iu
740 5027 932 5106 textu;
963 5029 1107 5100 quod
1132 5028 1342 5106 videtur
1367 5029 1567 5106 aptius.
1658 5096 1693 5106 __
1732 5095 1764 5106 Ἀ
1895 5101 1905 5106 _
1969 5092 2003 5106 υ

515 5096 683 5153 Nobis
712 5092 1004 5154 excanduit}
1034 5110 1127 5155 est.
1155 5099 1335 5165 Exire,
1364 5092 1432 5154 de
1454 5111 1618 5170 apere
1642 5095 1835 5152 dicitur
1862 5092 2041 5149 studia

444 5177 503 5225 et
531 5170 717 5242 labare
739 5172 806 5226 ad
834 5174 993 5225 linem
1017 5172 1299 5242 perducto.
1334 5170 1565 5227 CASAUB.

515 5242 629 5314 Aut
645 5240 710 5296 de
755 5258 810 5296 se
834 5244 943 5314 ipse
968 5236 1219 5314 desperet.
1249 5244 1276 5297 1
1310 5242 1441 5311 Reg.
1475 5241 1671 5314 antiq.,
1702 5255 1764 5292 ac
1793 5254 1818 5314 ;_
1842 5236 2038 5304 Brun.,

443 5312 510 5366 de
533 5311 743 5390 seipse.
780 5311 898 5390 ln_'8
928 5312 1142 5390 scriptis
1171 5330 1282 5368 rec.
1305 5323 1360 5369 et
1386 5316 1418 5367 6
1447 5311 1753 5390 edd._dees_t
1802 5311 1932 5390 ipse.
2002 5378 2014 5390 .

514 5384 597 5436 Ad
632 5382 906 5453 injustitiw
934 5382 1066 5438 viam
1090 5388 1266 5454 lapsus
1319 5394 1412 5439 est.
1448 5382 1656 5438 Ξευιιι.
1696 5382 1932 5453 justitite,
1962 5382 2045 5434 Vi-

446 5453 603 5528 tiase;
623 5456 655 5509 6
670 5470 777 5528 rec.
798 5466 852 5511 et
875 5456 962 5512 ed.
989 5455 1188 5521 Betul.,
1211 5473 1241 5509 a
1260 5455 1480 5528 justitia:
1503 5456 1584 5509 via
1614 5455 1789 5523 lapsus
1805 5460 1895 5506 est.

520 5525 823 5581 Academico
850 5529 1019 5583 tertio.
1068 5525 1354 5583 Cicera'ad
1406 5526 1644 5582 Atticum
1677 5532 1859 5578 mouet
1908 5536 2045 5588 qna-

448 5605 570 5651 tuor
621 5612 681 5653 se
707 5598 775 5652 de
815 5599 1151 5654 Academicis
1193 5598 1593 5664 Qumstionibus
1624 5595 1788 5650 libras
1816 5592 1884 5648 ad
1904 5591 2048 5664 duas

447 5662 1373 5745 cantraxisse‘dlitaturtatnen'liber
1397 5680 1619 5745 quartus
1642 5681 1674 5721 a
1702 5665 1873 5745 Nonio
1901 5662 2047 5745 Mar-

447 5738 719 5817 cella,qui
743 5741 978 5817 altera:
1007 5741 1218 5796 duobus
1245 5738 1437 5817 estqui
1467 5738 1831 5817 estanusicut
1857 5738 2048 5817 tertius

449 5824 482 5863 a
512 5807 813 5867 Lactantio.
850 5812 945 5870 Hic
973 5824 1153 5871 tamen
1181 5827 1305 5869 cum
1335 5807 1455 5868 aliis
1479 5811 1751 5882 plerisque
1781 5807 2004 5867 interiit.

2215 4566 2558 4635 Suscipimus,
2587 4563 2839 4633 fovemus,
2887 4559 3264 4629 amplectimur.
3307 4557 3532 4635 Mss._12
3552 4576 3664 4617 rec.
3690 4568 3749 4619 et

2141 4638 2272 4695 edit.
2302 4630 2550 4708 Gyntnic.
2588 4630 2930 4708 'pra‘ponttnt
2971 4631 3410 4708 sustentantusp2
3440 4630 3574 4703 Reg.
3606 4649 3749 4708 quo:

2142 4726 2260 4765 rum
2292 4702 2429 4763 unus
2458 4714 2543 4761 est
2586 4702 3012 4774 antiquissimus,
3041 4710 3303 4774 respuunt
3339 4702 3606 4773 fovemus;
3628 4702 3683 4759 iu
3712 4705 3750 4761 2

2143 4782 2263 4836 aliis
2298 4780 2428 4848 Reg.
2454 4785 2511 4833 et
2553 4773 2731 4831 Brun.
2771 4773 2965 4845 legitur
3019 4773 3398 4845 suscipiamus,
3457 4777 3745 4846 faveamus,

2144 4852 2536 4919 amplectamur.

2215 4916 2518 4978 Pwnitendo
2575 4933 2723 4989 posse
2775 4916 2991 4988 placari.
3025 4917 3052 4972 1
3106 4916 3315 4974 Βοηοη.
3358 4917 3528 4990 antiq.
3565 4959 3582 4988 ,
3638 4933 3744 4973 non

2183 5011 2314 5049 0888.

2145 5013 2661 5120 pogziitteraturum.
2713 5059 2838 5116 Haec
2880 5059 3042 5115 lectio
3096 5068 3180 5115 est
3244 5058 3745 5120 antiquissimarum

2144 5153 2275 5193 mss.
2308 5135 2577 5199 codicum,
2599 5134 2635 5187 ‘2
2652 5132 2813 5197 Ban.,
2838 5132 2869 5186 7
2888 5131 3043 5198 Begu,
3076 5133 3240 5184 Cauc.
3275 5131 3330 5190 5,
3359 5128 3538 5195 Colb.,
3571 5128 3598 5182 1
3622 5130 3748 5182 Cla-

2145 5226 2312 5274 ratn.,
2345 5206 2505 5270 Ultr.,
2526 5204 2563 5258 2
2608 5204 2783 5275 Lips.,
2811 5203 2848 5275 2
2875 5202 3040 5256 Brun.
3079 5200 3227 5275 ct_l6
3255 5199 3386 5275 edit.
3420 5199 3642 5275 ln_mss.
3669 5201 3741 5275 Δ11

2146 5296 2257 5335 rec.
2291 5268 2344 5333 et
2363 5276 2396 5329 4
2421 5268 2647 5344 vulgatis
2674 5268 3101 5344 est'obliturum.
3131 5272 3214 5324 An
3242 5271 3462 5338 respicit
3489 5268 3641 5323 Isaiae
3666 5272 3748 5326 lo-

2146 5366 2291 5414 cum,
2323 5364 2471 5413 xutt,
2496 5342 2567 5402 23
2595 5365 2609 5401 :
2643 5345 2747 5413 Qui
2774 5344 2917 5397 deleo
2943 5342 3235 5414 iniquitates
3257 5349 3372 5395 tuas
3401 5352 3613 5413 propter
3638 5358 3741 5409 me,

2148 5432 2194 5477 et
2221 5411 2543 5493 peccatorum
2565 5411 2767 5471 tuorum
2788 5431 2889 5468 non
2920 5411 3245 5467 recordabar.

2220 5515 2444 5570 Peccata
2476 5521 2642 5567 vetera
2671 5516 2918 5563 correcta.
2948 5505 2974 5559 l
3001 5505 3133 5577 Reg.
3166 5520 3277 5563 rec.
3305 5516 3550 5576 correcta,
3579 5509 3742 5565 male.

2149 5590 2176 5644 1
2210 5589 2280 5641 al.
2331 5587 2462 5655 Reg.
2490 5592 2742 5650 correpta,
2796 5578 2947 5647 pejus
2977 5592 2997 5641 ,°
3027 5577 3051 5655 1
3080 5580 3244 5655 _I>teg.,
3276 5577 3529 5655 Tarnes.,
3556 5582 3580 5634 1
3616 5577 3743 5635 Cla-

2149 5675 2287 5717 ram.
2315 5649 2513 5711 ltalrént
2541 5649 2707 5708 vetera
2728 5658 2960 5718 correpto
2975 5664 2995 5715 ;
3024 5650 3051 5704 1
3078 5649 3211 5721 licg.
3233 5653 3663 5723 antiquissimus,
3694 5660 3744 5704 et

2150 5733 2274 5789 vitia
2309 5736 2559 5783 correcta.
2968 5766 2981 5773 ι

2225 5801 2284 5857 1s
2313 5800 2448 5857 enim
2491 5812 2640 5868 quem
2669 5793 2792 5867 [acti
2827 5791 2913 5852 sui
2935 5795 3161 5867 panitet.
3185 5791 3263 5852 Ita
3293 5805 3425 5850 mss.
3472 5791 3751 5851 veterriml
