4142 6200
368 272 482 333 725

1553 260 1757 338 mnes
1795 280 1885 338 γι.
1926 254 2018 338 DE
2059 279 2245 339 veno
2279 278 2531 341 CULTU.

3579 287 3688 344 726

369 394 495 454 dem
542 396 694 467 justo
737 411 803 457 ac
851 400 937 470 ple
989 390 1243 458 vixerint.
1296 390 1482 458 Potuit
1509 413 1632 459 esse
1676 414 1839 456 verus
1887 396 1983 459 Dei
2010 414 2059 476 Α
2091 391 2290 459 mentis
2336 400 2587 457 omnibus
2636 414 2743 458 non
2791 401 2844 457 in
2876 400 3058 473 aliquo
3108 410 3167 458 ut
3215 402 3306 460 ille
3352 404 3511 473 dixit,
3538 403 3687 460 orbis

371 489 570 555 cultor,
615 490 662 545 si
707 491 829 561 quis
872 492 950 549 illi
996 503 1390 561 monstrasset;
1445 508 1509 549 ac
1558 486 1980 565 contempsisset

371 582 620 654 profecto
644 583 945 652 Zenonem,
976 587 1032 643 et
1079 586 1395 658 magistrum
1460 604 1624 643 suum
1672 587 1976 656 Sotionem,

369 675 418 731 si
460 690 607 731 verte
663 677 950 747 sapientia:
992 679 1184 735 ducem
1215 688 1404 735 nactus
1433 691 1600 736 esset.
1636 698 1657 733 ‹
1692 680 1826 737 Huic
1852 692 1973 748 nos,

368 754 566 837 inquit,
598 769 1022 838 approbemus.»
1060 771 1314 827 Caelestis
1362 786 1585 843 prorsus
1642 774 1841 839 oratio,
1871 772 1978 828 nisi

366 861 719 917 antecederet
745 861 1068 931 ignorantiae
1110 862 1384 919 confessio
1415 881 1429 930 ;
1476 863 1611 918 nihil
1640 863 1867 934 prodest
1893 864 1977 919 in-

364 944 569 1008 clusam
623 944 745 1008 esse
797 944 1227 1009 conscientiam:
1277 956 1527 1025 paternus
1580 954 1747 1009 Deo.»
1782 951 1974 1010 Nullus

373 1036 505 1114 ergo
555 1034 890 1113 mendacio,
946 1034 1126 1126 ritilius
1178 1024 1598 1102 disSimulatiOnl
1648 1024 1800 1102 iocus
1842 1057 1971 1115 est;

362 1132 488 1206 quia
541 1130 842 1206 parietibus
885 1132 1026 1192 oculi
1075 1132 1355 1193 hominum
1403 1137 1837 1193 submoventur:
1876 1139 1971 1195 Dei

369 1235 551 1282 autem
609 1219 865 1284 divinitas
915 1240 1017 1285 nec
1060 1222 1362 1286 visceribus
1412 1226 1720 1286 submoveri
1769 1238 1967 1302 potest,

369 1318 660 1391 quominus
692 1326 864 1377 totum
892 1322 1170 1379 hominem
1203 1316 1517 1395 perspiciat,
1545 1328 1601 1379 et
1627 1318 1787 1379 norit.
1823 1322 1971 1381 Idem

368 1410 426 1470 in
452 1414 693 1486 ejusdem
729 1418 912 1487 operis
959 1418 1173 1489 primo:
1210 1437 1230 1471 r
1262 1414 1401 1487 Quid
1427 1419 1564 1489 agis,
1597 1414 1815 1491 inquit?
1841 1420 1969 1491 quid

364 1504 698 1589 machinaris‘
728 1509 751 1563 ?
779 1508 906 1580 quid
937 1509 1230 1565 abscondis
1259 1510 1283 1565 il
1311 1510 1511 1589 Custos
1541 1522 1593 1567 te
1633 1520 1759 1567 tuus
1788 1514 1970 1583 sequi-

365 1586 452 1654 tur
480 1615 494 1666 ;
525 1600 691 1655 alium
736 1590 833 1657 tibi
864 1602 1231 1672 peregrinatio
1260 1586 1542 1668 Subduxit,
1572 1601 1739 1658 alium
1793 1618 1966 1672 mors,

362 1686 530 1745 alimit
554 1686 849 1747 valetudo:
876 1690 1048 1748 hmret
1078 1693 1184 1762 hic,
1211 1709 1319 1765 quo
1344 1709 1531 1751 carere
1554 1706 1844 1766 numquam
1868 1712 1967 1766 po-

363 1793 472 1839 tes.
499 1781 639 1851 Quid
672 1778 852 1841 locum
884 1780 1127 1842 abditum
1157 1781 1314 1859 legis,
1343 1790 1397 1843 'et
1423 1786 1658 1844 arbitros
1682 1786 1967 1846 reiitoves?
2000 1814 2047 1875 Β

363 1877 527 1932 Putas
551 1876 648 1932 tibi
674 1878 989 1951 contigisse,
1016 1878 1075 1935 tit
1098 1879 1288 1935 oculos
1310 1879 1551 1936 omnium
1582 1876 1842 1952 effugias?
1871 1880 1967 1938 de-

362 1978 518 2026 mens
539 1952 553 2025 i
574 1958 714 2038 Quid
738 1968 835 2027 tibi
862 1971 1085 2044 prodest
1099 1987 1206 2028 uon
1230 1968 1432 2030 habere
1448 1972 1726 2030 'c0uscium
1748 1974 1969 2031 habenti

361 2056 802 2121 conscientiam?
832 2080 853 2119 ι
1294 2126 1299 2129 Α

436 2155 557 2221 Non
587 2157 770 2213 minus
790 2157 1117 2214 mirabiliter
1145 2158 1216 2215 de
1244 2159 1573 2215 conscientia
1603 2168 1659 2215 et
1686 2159 1797 2216 Deo
1826 2160 1959 2217 Tul-

362 2248 491 2304 lius.
520 2267 539 2301 ι
561 2248 885 2314 Meminerit,
925 2248 1123 2320 inquit,
1172 2250 1345 2306 Deum
1395 2264 1455 2306 se
1484 2248 1686 2307 habere
1719 2234 1911 2308 testem
1944 2271 1958 2322 ;

360 2341 414 2398 id
440 2346 558 2410 est,
589 2338 652 2397 ut
675 2352 776 2411 ego
805 2340 1061 2411 arbitror,
1089 2339 1327 2399 mentem
1354 2354 1506 2398 suam
1525 2384 1539 2409 ,
1567 2358 1672 2415 qua
1702 2342 1837 2399 nihil
1867 2338 1966 2399 ho-

361 2432 497 2491 mini
525 2435 676 2492 dedit
698 2435 841 2507 Deus
898 2438 1017 2509 ipse
1053 2434 1314 2494 divinius.
1352 2457 1371 2490 ι
1405 2435 1539 2494 Item
1560 2453 1683 2493 cum
1717 2439 1786 2495 de
1811 2440 1963 2509 justo

359 2541 425 2584 ac
473 2528 618 2585 bono
659 2527 781 2584 viro
809 2529 1168 2601 loqueretur:
1206 2548 1225 2584 ι
1261 2531 1448 2604 Itaque
1479 2533 1602 2589 talis
1632 2535 1734 2602 vir,
1766 2535 1958 2605 inquit,

360 2632 470 2679 nun
500 2622 662 2707 modo
685 2623 888 2707 facere,
912 2624 1007 2682 sed
1037 2641 1107 2703 ne
1149 2625 1391 2699 cogitare
1417 2628 1638 2699 quidem
1664 2626 1962 2702 quidquam

364 2696 627 2782 audebit,
659 2696 803 2786 quod
852 2733 960 2774 non
1010 2696 1569 2792 audeat-praedicare.
1606 2740 1627 2774 ι
1662 2696 1965 2794 Durgemus

366 2806 531 2877 igitur
558 2808 976 2878 conscientiam,
1033 2825 1157 2881 quas
1185 2813 1361 2869 oculis
1388 2812 1486 2869 Dei
1515 2814 1699 2885 pervia
1730 2825 1813 2872 est
1842 2832 1858 2883 ;
1886 2812 1959 2884 et,

358 2907 420 2953 ut
448 2899 524 2954 ait
553 2899 720 2969 idem,
755 2910 776 2955 ι
803 2916 1022 2972 semper
1050 2903 1125 2960 ita
1153 2904 1420 2973 vivamus,
1456 2914 1514 2962 ut
1545 2902 1813 2964 rationem
1839 2908 1963 2965 red-

358 2987 595 3049 dendam
639 2992 796 3052 nobis
840 2990 1203 3067 arbitremur;
1245 3007 1661 3071 nputetnusque
1709 3016 1810 3057 nos
1837 3017 1960 3058 mo-

2087 502 2245 550 terrze
2295 492 2508 548 theatro
2561 493 2631 548 ah
2676 493 3011 562 hominibus,
3066 493 3162 550 sed
3189 493 3424 566 desuper
3450 497 3685 568 spectari

2085 586 2153 640 ab
2179 599 2267 652 eo,
2300 585 2393 656 qui
2424 594 2478 639 et
2517 583 2708 654 judex,
2741 592 2795 638 et
2827 584 2980 639 testis
3034 582 3175 639 idem
3206 582 3419 640 futurus
3445 594 3568 652 est;
3594 588 3682 641 cui

2084 678 2349 732 rationem
2371 676 2496 730 vitae
2522 676 2856 746 reposcenti,
2881 685 3036 730 actus
3058 691 3182 731 suos
3212 676 3441 732 iuliciari
3474 693 3582 732 non
3615 670 3681 733 li-

2084 770 2246 827 cebit.
2283 764 2422 840 Ergo
2462 768 2631 823 satius
2659 777 2743 823 est
2768 778 2864 824 aut
2891 769 3131 839 cll'ugere
3154 768 3568 839 conscientiam,
3593 783 3685 826 aut

2082 880 2185 919 nos
2219 863 2366 933 ipsos
2393 862 2541 917 ultro
2569 861 2781 931 aperire
2803 862 3065 928 animum,
3096 871 3147 917 et
3170 860 3463 931 perniciem
3486 860 3682 918 rescis-

2085 952 2163 1012 Sis
2189 951 2510 1011 vulneribus
2536 952 2814 1009 effundere
2848 971 2861 1007 :
2896 953 3088 1022 quibus
3135 968 3295 1008 neruo
3315 952 3453 1009 alius
3479 953 3683 1010 mederi

2082 1036 2280 1121 potest,
2323 1044 2426 1104 nisi
2476 1030 2625 1103 solus
2661 1044 2773 1115 ille,
2825 1044 2915 1119 qui
2958 1062 3200 1120 gressum
3246 1046 3475 1115 claudis,
3506 1050 3679 1105 visum

2083 1138 2242 1199 caecis
2273 1138 2535 1209 reddidit,
2568 1143 2835 1197 maculata
2859 1142 3102 1197 membra
3136 1143 3407 1214 purgavit,
3437 1150 3681 1200 mortuos

2080 1224 2368 1293 excitavit.
2422 1234 2516 1289 Ille
2562 1224 2814 1290 ardorem
2847 1233 3156 1305 cupiditatis
3186 1234 3485 1308 extinguet,
3516 1236 3681 1292 extir-

2081 1316 2229 1400 pabit
2280 1324 2555 1394 libidines,
2607 1324 2866 1382 invidiam
2904 1308 3177 1395 detrahet,
3208 1327 3341 1382 iram
3391 1320 3680 1400 mitigabit.

2079 1419 2180 1476 Ille
2210 1420 2405 1476 reddet
2433 1436 2616 1476 veram
2668 1426 2721 1475 et
2772 1425 3087 1489 perpetttam
3144 1418 3449 1473 sanitatem.
3501 1418 3679 1489 Appe-

2081 1512 2237 1569 tenda
2268 1523 2351 1568 est
2380 1511 2499 1569 haec
2540 1509 2795 1567 omnibus
2843 1508 3135 1577 medicina,
3177 1510 3433 1581 quoniam
3485 1508 3679 1580 majori

2078 1586 2321 1677 periculo
2364 1612 2591 1660 vexatur
2619 1603 2820 1669 anima,
2854 1618 3013 1673 quam
3042 1618 3271 1673 corpus;
3325 1614 3379 1659 et
3408 1601 3678 1674 quampri-

2076 1714 2222 1753 mum
2254 1697 2547 1753 latentibus
2578 1694 2781 1752 morbis
2807 1694 3111 1751 adhibenda
3140 1695 3350 1750 curatio
3376 1700 3478 1751 est.
3497 1696 3682 1768 Neque

2077 1789 2221 1845 enim
2262 1788 2307 1845 si
2343 1798 2528 1845 utatur
2555 1788 2747 1860 aliquis
2770 1787 3049 1844 oculorum
3081 1787 3197 1843 acie
3223 1786 3390 1854 clara,
3416 1788 3677 1844 membris

2076 1880 2329 1939 omnibus
2382 1880 2630 1953 integris,
2662 1880 2971 1936 firmissima
3004 1879 3168 1935 totius
3198 1880 3444 1950 corporis
3470 1880 3679 1937 valetu—

2074 1973 2236 2040 dine;
2267 1982 2448 2029 tamen
2501 1988 2625 2029 eum
2672 1973 2903 2029 dixerim
2949 1987 3165 2040 sanum,
3197 1971 3242 2026 si
3271 1971 3528 2028 elleratur
3573 1971 3676 2044 ira,

2074 2068 2324 2137 superbia
2365 2066 2606 2122 tumidus
2662 2065 2901 2131 inﬂetur,
2954 2063 3164 2119 libidini
3217 2065 3437 2131 serviat,
3467 2064 3680 2135 cupidi-

2076 2160 2280 2216 tatibus
2333 2158 2643 2215 inardescat
2674 2174 2687 2209 :
2724 2157 2818 2213 sed
2847 2173 2970 2213 eum
3002 2157 3203 2228 potius,
3228 2156 3318 2227 qui
3348 2156 3415 2211 ad
3446 2157 3679 2212 alienam

2072 2252 2388 2309 felicitatem
2422 2266 2531 2306 non
2571 2249 2783 2305 attollat
2812 2249 3020 2314 oculos,
3052 2262 3186 2318 opes
3216 2262 3324 2302 non
3355 2246 3670 2315 admiretur,

2072 2348 2304 2405 alienam
2328 2348 2609 2403 mulierem
2642 2349 2833 2401 sancte
2860 2341 3062 2410 videat,
3093 2339 3228 2397 nihil
3259 2341 3483 2396 omnino
3509 2355 3675 2412 appe-

2075 2450 2171 2508 tat,
2201 2455 2307 2497 non
2327 2439 2678 2509 concupiscat
2715 2437 2976 2503 alienum,
3006 2450 3116 2491 non
3147 2432 3387 2490 invideat
3409 2433 3528 2501 uili,
3563 2450 3672 2489 non

2072 2534 2310 2590 fastidiat
2355 2544 2681 2604 quemquam
2712 2547 2728 2596 ;
2761 2529 2833 2584 sit
2860 2527 3105 2595 hutnilis,
3136 2526 3468 2591 misericors,
3503 2525 3674 2579 bene-

2069 2626 2225 2695 ficus,
2251 2626 2422 2693 mitis,
2476 2620 2779 2690 humanus;
2814 2635 2919 2692 pax
2946 2620 3003 2676 in
3054 2617 3237 2674 animo
3261 2617 3381 2689 ejus
3411 2614 3672 2688 perpetua

2072 2725 2340 2776 versetur.
2899 2776 2905 2782 _

2138 2809 2236 2864 llle
2286 2807 2451 2864 homo
2497 2816 2687 2873 sanus,
2719 2803 2811 2859 ille
2854 2802 3058 2873 justus,
3105 2800 3202 2856 ille
3245 2798 3520 2870 perfectus
3562 2807 3668 2854 est.

2065 2904 2317 2974 Quisquis
2348 2902 2510 2973 igitur
2528 2900 2617 2956 his
2641 2897 2894 2955 omnibus
2914 2895 3202 2967 praeceptis
3220 2892 3534 2951 emicetibus
3560 2892 3664 2947 ob-

2065 2993 2469 3069 temperaverit,
2492 2991 2580 3050 hic
2604 2991 2779 3049 cultor
2803 2996 2887 3047 est
2910 3003 3073 3046 verus
3118 2985 3235 3055 Dei,
3265 2986 3420 3058 cujus
3450 2985 3662 3043 sacrifi-

1686 3130 2052 3193 VARIORUM
2089 3133 2320 3191 NOTAE.

437 3245 600 3304 Verus
627 3247 725 3305 Dei
750 3241 938 3305 cultor.
967 3249 1045 3306 lta
1094 3260 1227 3308 mss.
1250 3260 1306 3307 et
1331 3251 1456 3307 edd.
1489 3244 1755 3309 Francius
1782 3252 1953 3310 male-
1981 3254 2027 3318 C
2060 3246 2177 3309 des.
2206 3251 2403 3317 Cicer.,
2435 3248 2623 3315 0flic.,
2653 3246 2689 3303 Ι.
2723 3264 2802 3313 ιιι,
2831 3244 2982 3320 §M,
3010 3262 3055 3320 a
3065 3247 3320 3320 Lactant.
3348 3234 3549 3320 laudat.
3578 3246 3666 3303 ln-

354 3317 629 3461 “fimi;
654 3391 736 3446 illi
758 3402 1105 3448 monstrasset.
1132 3393 1333 3448 Verum
1363 3394 1554 3448 Deum.

425 3459 704 3517 Zenonem.
729 3463 778 3519 ls
806 3472 928 3520 erat
955 3464 1152 3521 Stoica:
1178 3464 1426 3520 factionis
1452 3465 1724 3536 princeps.

424 3548 851 3629 Et_m'ag_istrum
880 3570 1030 3611 suum
1063 3546 1365 3629 sationem.
1388 3544 1749 3629 Hieronymus
1780 3546 1953 3614 Chro-

355 3622 479 3703 nico
506 3618 811 3703 Eusébiano
834 3634 1081 3703 extremo
1102 3626 1323 3703 Augusti
1357 3618 1622 3703 imperio}
1660 3628 1951 3703 Sotiophi-

353 3696 657 3771 ζοερρΙιιιδζ
680 3690 1101 3771 Alexandrinus,
1159 3690 1725 3771 p‘rwceptori_Serrecte,
1778 3690 1951 3756 clarus

352 3765 588 3821 habetur.
619 3768 684 3823 Et
731 3766 845 3837 ipse
876 3770 1081 3825 Seneca
1109 3765 1198 3837 ep.
1225 3765 1347 3824 xui
1383 3789 1395 3822 :
1424 3766 1581 3825 Modo
1608 3773 1749 3839 apud
1776 3771 1951 3827 Sotio-

351 3854 469 3915 r_zem
509 3840 870 3915 philosophum
901 3842 1196 3915 puer‘sedi,
1230 3841 1381 3915 modo
1406 3858 1589 3915 causas
1618 3859 1769 3912 agere
1792 3845 1944 3915 coepi.

352 3904 566 3986 Busan.
601 3940 666 3951 —
697 3904 978 3986 Sotionem.
1028 3904 1417 3983 Philosophum
1470 3904 1807 3984 Hispanum,
1854 3904 1948 3986 qui

349 3978 579 4052 Senecae
608 3983 861 4052 magister
890 3983 1009 4038 fuit.

422 4042 745 4124 Ignorantiae
773 4056 1045 4126 confessio.
1080 4042 1203 4109 Em.
1228 4052 1512 4125 ignorantis
1541 4056 1818 4125 confessio.

421 4138 575 4196 Nihil
604 4146 811 4215 prodest
831 4144 1080 4199 inclusam
1099 4161 1206 4200 esse
1231 4144 1610 4199 conscientiam.
1635 4146 1708 4200 lla
1732 4147 1946 4203 restitui

349 4228 415 4268 ex
447 4216 697 4269 omnibus
750 4215 919 4271 ferme
947 4232 1077 4271 mss.
1106 4226 1160 4272 et
1197 4216 1328 4272 edit.
1349 4217 1419 4272 ls.
1452 4217 1507 4271 lu
1541 4232 1669 4272 mss.
1700 4216 1887 4283 Cauc.,
1908 4218 1945 4271 2

349 4285 483 4357 Reg.
517 4301 652 4351 rcc.,
686 4286 829 4351 Em.,
867 4286 1047 4355 Cant.,
1080 4298 1134 4342 et
1170 4288 1239 4342 15
1266 4288 1546 4357 impressis
1580 4297 1661 4343 est
1691 4287 1943 4344 inclusam

348 4356 536 4410 habere
557 4359 936 4412 conscientiam.

424 4426 523 4480 Dei
550 4440 715 4483 autem
747 4429 986 4483 divinitas
1014 4445 1105 4483 nec
1143 4428 1418 4483 visceribus
1446 4429 1726 4484 submoveri
1756 4441 1936 4499 potest.

349 4497 449 4552 Est
498 4500 639 4553 enim
689 4510 923 4554 scrutans
969 4501 1126 4555 corda
1170 4508 1216 4553 et
1262 4516 1405 4554 renes
1436 4500 1609 4565 Deus,
1658 4497 1794 4568 psal.
1828 4516 1936 4569 vu,

347 4571 438 4624 10.
465 4569 730 4625 Minucius
756 4573 806 4625 in
835 4568 1077 4640 Octavio,
1106 4570 1321 4626 tenebris
1350 4571 1579 4639 interest,
1616 4573 1826 4627 interest
1848 4568 1939 4627 co?

345 4641 677 4712 gitationibus
703 4644 910 4698 nostris.
962 4708 965 4709 ν
1201 4710 1203 4712 ι
1741 4661 1745 4665 ~

423 4708 721 4784 Numquam
745 4725 906 4784 potes.
930 4708 1055 4769 Mss.
1078 4715 1148 4769 lt)
1170 4710 1330 4783 Reg.,
1350 4713 1384 4767 2
1412 4712 1593 4781 Colb.,
1616 4713 1701 4769 ed.
1736 4714 1938 4782 Betul.,

346 4791 530 4853 potest,
564 4785 719 4839 male.

424 4854 583 4929 Puta,
615 4857 702 4910 tibi
730 4857 1013 4929 contigisse,
1046 4865 1103 4929 ut
1132 4856 1307 4929 oculos
1324 4857 1559 4929 omnium,
1583 4857 1844 4929 hominum
1865 4860 1943 4929 ef-

346 4927 522 4996 fugias
552 4928 773 4983 demens.
806 4924 1034 4991 Seneca,
1058 4924 1093 4982 i.
1142 4944 1193 4993 ις
1226 4928 1423 4991 Clem.,
1446 4944 1496 4983 c.
1540 4927 1613 4983 26
1644 4945 1657 4977 :
1685 4928 1790 4982 Sed
1815 4924 1939 4994 puta

344 5006 510 5051 tutam
554 5014 664 5053 esse
693 5000 1067 5053 crudelitatem.
1115 4999 1179 5054 L.
1230 5015 1287 5061 ιιι
1315 4998 1526 5066 Benef.,
1571 5015 1621 5051 c.
1654 5001 1761 5053 50:
1802 5000 1939 5054 Puta

345 5085 438 5142 nte,
462 5069 621 5142 uitam
668 5088 761 5141 pro
786 5073 889 5125 vita
914 5070 1216 5126 reddidisse.
1248 5071 1349 5142 Ep.
1374 5086 1502 5125 LXIV
1536 5070 1730 5138 :Puta,
1760 5072 1940 5126 relicta

343 5141 497 5194 nobis
522 5142 910 5196 medicamenta.
936 5142 1066 5196 Bon.

424 5209 547 5266 Non
598 5212 781 5268 habere
804 5220 1064 5267 consciunt
1090 5213 1295 5267 habenti
1319 5213 1702 5267 conscientiam.
1734 5211 1938 5268 [labere

342 5285 610 5337 conscium
665 5284 871 5353 abesta
901 5285 1172 5339 nonnullis
1216 5284 1396 5351 editis,
1422 5285 1474 5338 in
1506 5284 1699 5353 quibus
1737 5296 1818 5339 est
1843 5286 1941 5338 Ita-

343 5354 486 5427 benti
513 5356 799 5427 scientiam.
818 5352 943 5427 llzec
972 5355 1280 5412 emendatio
1303 5354 1602 5409 estNicolai
1635 5354 1683 5409 ie
1707 5353 1939 5427 Nourry,

342 5426 407 5481 in
430 5440 529 5495 suo
553 5426 897 5482 Bibliotheca:
928 5424 1143 5481 Patrum
1170 5429 1462 5495 Apparatu.
1491 5436 1637 5481 torno
1666 5442 1723 5480 ιι.

420 5490 646 5554 Tullius.
669 5497 882 5563 Cicero,
908 5498 945 5552 i.
970 5512 1027 5553 ιιι
1054 5498 1120 5553 de
1149 5490 1330 5565 Ollio,
1355 5499 1487 5564 0.,5.

424 5587 647 5643 Mentem
678 5607 846 5653 suam,
870 5599 976 5645 etc.
1008 5586 1332 5660 Antoninus,
1363 5589 1401 5644 1.
1431 5606 1526 5652 XII,
1558 5587 1585 5660 ς
1612 5588 1704 5653 26,
1739 5589 1764 5644 ὁ
1793 5589 1945 5646 έκάσο

352 5681 445 5718 ιου
474 5666 591 5722 νοῦς
614 5662 740 5723 θεὸς.
770 5662 992 5715 llermes
1020 5654 1419 5732 Pimantl..cap.
1470 5654 1621 5732 1⁷2ξὸ
1647 5668 1761 5732 seu);
1782 5662 1830 5715 ἐν
1862 5664 1947 5717 ἀν-

344 5735 575 5809 θρώποις
602 5734 704 5793 θεὸς
723 5734 883 5809 iaetu.
931 5732 1266 5809 _Atqt‘te_inde
1296 5730 1515 5803 Sy'ttesu
1544 5731 1597 5809 in
1647 5730 1828 5809 Calvit.
1858 5750 1946 5805 en-

348 5802 488 5862 c'om.
521 5803 589 5864 de
617 5805 814 5877 capite,
842 5804 940 5862 Dei
972 5807 1216 5877 templum
1256 5802 1430 5877 caput,
1470 5804 1597 5877 quia
1622 5802 1820 5862 mentis
1860 5802 1949 5862 Se-

2059 3326 2258 3388 stitut.,
2299 3322 2335 3376 l.
2362 3338 2457 3387 vn,
2480 3331 2534 3377 et
2564 3320 2811 3391 Euripid.
2839 3318 2983 3390 apud
3015 3318 3223 3374 Theon.
3256 3318 3426 3390 Soph.
3455 3319 3509 3376 in
3531 3318 3664 3376 Pro-

2058 3411 2219 3467 gyrnn
2231 3434 2243 3447 .
2273 3393 2555 3467 Car/men.

2136 3464 2205 3520 Ut
2230 3464 2478 3519 rationem
2502 3462 2840 3517 reddendam.
2863 3462 3092 3526 Seneca,
3123 3476 3210 3532 ep.
3246 3475 3321 3515 xtt
3347 3479 3359 3515 :
3381 3459 3525 3515 Mors
3550 3470 3655 3516 lant

2049 3537 2229 3608 juveni
2283 3546 2400 3608 ante
2451 3532 2627 3608 oculos
2661 3550 2804 3608 esse
2831 3534 3003 3608 debet,
3054 3548 3209 3608 quam
3262 3533 3391 3608 seni.
3421 3532 3654 3608 Epictet.

2060 3600 2364 3671 Enchirid.,
2393 3620 2443 3661 c.
2497 3604 2590 3671 28,
2621 3602 2744 3658 vide
2772 3600 2841 3658 ibi
2877 3600 3074 3658 totum.
3103 3603 3415 3673 AuguStin.,
3449 3600 3646 3656 Homii.

2057 3681 2126 3735 15
2157 3697 2170 3732 :
2207 3676 2455 3732 Ultimum
2486 3678 2618 3730 diem
2643 3677 2803 3730 latere
2824 3676 3002 3738 uoluit,
3035 3683 3090 3728 ut
3120 3672 3295 3729 omnes
3323 3672 3654 3728 observarem

2055 3760 2158 3804 tur.
2188 3748 2417 3817 Gregor.
2447 3747 2604 3803 Rom.
2644 3747 2699 3801 in
2750 3744 2896 3810 ⁴σου..
2922 3746 2959 3800 l.
2994 3762 3104 3801 xxu
3137 3763 3150 3798 :
3180 3742 3303 3799 Dies
3337 3745 3548 3817 ultimus
3572 3762 3657 3798 sa-

2055 3821 2269 3875 lubriter
2290 3815 2580 3892 ignoratur,
2611 3828 2667 3892 ut
2712 3835 2908 3892 semper
2938 3818 3203 3892 prosimus
3235 3833 3348 3892 kesse
3390 3815 3652 3872 credatur.

2057 3878 2335 3958 Quomodd
2357 3892 2491 3968 enim
2522 3878 2586 3945 de
2610 3890 2696 3943 die
2723 3890 2776 3968 in
2815 3878 2950 3968 diem
2989 3878 3276 3968 dilferendo
3307 3904 3653 3968 peccas_,“cunt

2052 3956 2336 4018 erctremum
2384 3964 2558 4031 diem,
2612 3970 2682 4016 an
2723 3962 2818 4016 iste
2852 3962 2918 4016 sit
2956 3959 3191 4015 nescias?
3221 3956 3436 4027 liorat.,
3486 3956 3580 4014 ιιι).
3612 3974 3650 4021 t,

2051 4036 2207 4105 epist.
2227 4050 2278 4090 tv
2309 4052 2321 4088 ;

2180 4167 2391 4219 Omnem
2410 4164 2561 4219 crede
2586 4164 2721 4216 diem
2745 4164 2836 4216 tibi
2857 4163 3098 4215 diluxisse
3120 4174 3423 4225 supremum.

2049 4297 2119 4353 Et
2147 4297 2458 4359 Hieronym.
2486 4296 2539 4350 in
2571 4292 2761 4348 Matth.
2786 4307 2979 4348 αιδην
3004 4308 3017 4343 :
3037 4288 3128 4344 Sic
3150 4288 3377 4343 vivamus
3397 4287 3643 4358 quotidie,

2047 4370 2194 4438 quasi
2224 4368 2306 4421 die
2326 4368 2421 4422 illa
2433 4364 2715 4438 iudicandi
2741 4364 2921 4438 simus.
2950 4361 3233 4418 GATAKEB.

2119 4439 2286 4493 Dixit.
2312 4433 2541 4493 Actione
2569 4436 2666 4490 ult.
2701 4436 2757 4489 in
2788 4433 2945 4490 Verr.

2122 4508 2285 4564 Testis
2330 4507 2484 4562 idem.
2536 4505 2663 4563 Mss.
2699 4504 2767 4561 16
2793 4519 2903 4561 rec.
2951 4501 3063 4559 et6
3108 4501 3238 4558 edit.
3274 4500 3459 4573 legunt
3507 4503 3647 4559 testis

2049 4582 2178 4652 ipse.

1967 4655 2024 4716 D
2071 4640 2081 4652 ’
2120 4650 2378 4705 Invidiam
2433 4648 2683 4705 detrahet.
2730 4646 2807 4702 Ita
2853 4644 3200 4718 vetustissimi
3223 4654 3370 4718 jnss.
3415 4640 3641 4718 2mg,

2048 4723 2073 4778 l
2104 4722 2339 4788 Bonum,
2370 4720 2521 4787 Jun.,
2553 4722 2693 4786 Em.,
2719 4720 2873 4775 Cant.
2906 4732 3026 4772 cum
3059 4714 3191 4772 edit.
3221 4708 3397 4772 Betui.
3419 4717 3476 4773 lu
3507 4708 3637 4773 mss.

2047 4790 2116 4850 18
2148 4796 2278 4865 llcg.
2309 4804 2364 4848 ct
2394 4792 2462 4848 17
2483 4793 2823 4865 vulgatisest
2847 4789 3111 4865 distrahet.

2118 4856 2373 4934 Sup‘in'bia
2400 4856 2624 4918 tumidus
2643 4856 2913 4933 infleturJ
2940 4858 3074 4916 Bon.
3098 4858 3292 4931 antiq.,
3314 4856 3642 4927 Em.,Cant.,

2043 4939 2282 5007 superbia
2310 4947 2508 4990 tumore
2532 4935 2761 5005 infletur.
2918 5000 2927 5007 μ
2957 5003 2967 5007 _
3113 5002 3156 5007 __
3268 5002 3273 5007 η

2118 5000 2350 5062 Alienum
2384 5000 2646 5061 mulierem
2671 5013 2842 5061 sancte
2880 5000 3069 5058 videat.
3113 5002 3299 5057 Horat.
3319 5001 3468 5055 oculo
3495 5002 3639 5055 irre-

2045 5090 2197 5134 torto.
2232 5075 2889 5141 Funacms.—Curtius,l.
2912 5086 2991 5139 ιιι,
3015 5090 3064 5130 e.
3095 5072 3180 5139 12,
3199 5073 3268 5127 de
3289 5071 3635 5126 Alexandro:

2053 5150 2289 5221 Virgines
2335 5150 2600 5204 excellenti
2640 5152 2939 5221 formatam
2978 5155 3151 5221 sancte
3175 5143 3370 5212 habuit,
3416 5157 3567 5213 quam
3592 5145 3639 5197 si

2046 5219 2218 5292 eodem
2252 5237 2350 5292 quo
2375 5223 2485 5290 ipse
2514 5219 2720 5289 parente
2750 5219 2931 5290 genita:
2959 5220 3144 5292 forent.

2119 5290 2244 5348 Non
2264 5284 2274 5292 ⁷
2294 5284 2622 5359 concupiscat
2648 5284 2910 5361 raliénutn.
2929 5286 3053 5361 “Sic
3106 5287 3258 5361 iego_
3274 5284 3637 5361 cungegiox-

2043 5347 2193 5435 Put.,
2212 5367 2246 5422 5
2270 5363 2340 5435 ai.
2380 5347 2601 5435 Re_g.,_§
2626 5360 2802 5435 Colb.,
2844 5358 2872 5413 1
2920 5347 3365 5435 (ξξιιοιιιᾷβιιιη
3395 5347 3552 5412 Cant.
3582 5354 3640 5413 ei.

2044 5438 2078 5493 4
2108 5425 2213 5492 vei.
2242 5433 2422 5492 editis.
2445 5425 2504 5489 ΙῙι
2525 5425 2592 5488 ii
2623 5428 2834 5501 scriptis
2861 5436 2916 5483 et
2942 5428 3007 5485 i5
3027 5425 3259 5495 excusis,
3282 5438 3384 5499 pro
3408 5436 3532 5499 non,
3555 5442 3640 5486 est

2046 5508 2227 5633 Mluliic
2266 5576 2430 5631 cultor
2457 5583 2711 5643 estverus
2766 5568 2887 5643 Dei.
2932 5571 3009 5627 Ita
3051 5566 3230 5643 ferunt
3276 5572 3636 5643 antiquissimi

2054 5664 2189 5707 mss.
2224 5650 2249 5705 1
2286 5648 2446 5715 Βυη.,
2480 5649 2501 5700 1
2539 5638 2700 5713 lleg.,
2747 5645 2783 5700 ’5
2808 5642 2909 5715 alii
2938 5654 2992 5715 et
3021 5640 3152 5699 edit.
3180 5641 3248 5699 1s.
3275 5634 3423 5715 Vide
3456 5658 3639 5715 supra,

2072 5724 2213 5779 iotuit
2242 5735 2347 5775 esse
2376 5713 2521 5773 uerus
2550 5715 2872 5789 Dei'cultor:
2892 5714 2951 5789 In
2977 5714 3043 5772 21
3092 5730 3222 5773 mss.
3248 5722 3304 5772 et
3330 5713 3397 5771 18
3418 5713 3647 5780 vulgatis

2078 5794 2272 5865 egitur,
2294 5791 2376 5847 hic
2408 5792 2573 5846 cultor
2602 5787 2673 5845 est
2699 5790 2805 5851 veri
2833 5787 2948 5844 Dei.
