4142 6200
505 231 608 290 79.7

1597 241 1782 298 FIMI.
1826 242 2191 309 LAC’I‘ANTII
2232 245 2434 304 DIVIN.
2478 244 2719 309 INSTIT.

3704 258 3811 318 728

501 351 585 405 cia
631 360 780 417 sunt,
838 352 1193 408 mansuetudo
1240 354 1427 419 animi,
1470 364 1526 411 et
1581 357 1687 411 vita
1735 357 2016 425 innocens,
2043 368 2098 414 et
2126 371 2179 430 Α
2202 363 2384 418 omnia
2414 366 2899 436 comprehendere,
2925 384 2994 425 ex
3024 368 3176 428 fonte
3200 370 3322 444 ipso
3362 382 3531 444 petat,
3567 374 3712 433 unde
3743 375 3809 433 ad

509 454 661 507 actus
687 442 834 497 boni.
863 443 993 508 Quae
1023 447 1203 499 omnia
1226 447 1315 516 qui
1347 446 1591 511 exhibet,
1620 448 1777 504 toties
1815 449 2102 520 sacriﬁcat,

508 534 727 604 quoties
769 534 971 590 bonum
1003 537 1204 607 aliquid
1251 554 1314 593 ac
1347 540 1491 609 pium
1531 539 1741 596 fecerit.
1789 542 1931 597 Deus
1958 543 2104 598 enim

507 641 616 680 non
635 625 907 681 desiderat
936 629 1231 697 victimam,
1257 646 1430 701 neque
1459 632 1593 686 muti
1625 633 1895 700 animalis,
1930 649 2108 705 neque

506 719 702 773 mortis
726 733 791 774 ac
819 720 1099 791 sanguinis
1131 763 1146 787 ,
1180 722 1276 778 scd
1315 724 1546 778 hominis
1577 734 1632 779 et
1662 725 1804 779 vitae.
1851 724 1933 781 Ad
1963 726 2107 796 quod

508 812 838 867 sacrilicium
868 829 1043 883 neque
1069 815 1322 869 verbenis
1352 830 1490 886 opus
1519 827 1624 882 eSt,
1659 831 1832 885 neque
1879 816 2102 885 lehruis,

504 921 685 977 neque
710 907 1026 977 ceSpitibus,
1057 924 1178 978 quae
1233 921 1359 964 sunt
1414 913 1595 980 utique
1643 912 1933 967 vanissima
1967 929 1979 965 :
2014 912 2109 969 sed

508 1001 578 1055 iis
609 1017 730 1071 quae
779 1001 848 1057 de
905 1003 1095 1058 intimo
1143 1011 1363 1073 pectore
1416 1006 1780 1073 proteruntur.
1831 1003 2018 1075 Itaque
2056 1006 2110 1061 in

482 1086 652 1147 'aram
709 1093 821 1158 Dei,
853 1109 971 1163 quae
1021 1110 1149 1150 vere
1195 1096 1427 1150 maxima
1477 1106 1581 1163 est,
1604 1107 1659 1153 et
1709 1113 1828 1167 qua:
1860 1099 1911 1151 in
1939 1098 2109 1154 corde

510 1185 747 1240 hominis
776 1186 1063 1254 collocata,
1112 1188 1448 1258 coinquinari
1481 1205 1586 1245 non
1625 1199 1805 1261 potest
1829 1192 2109 1262 sanguine,

502 1275 709 1345 justitia
741 1277 1059 1347 imponitur,
1077 1279 1361 1348 patientia,
1392 1279 1547 1344 ﬁdes.
1573 1282 1908 1352 innocentia,
1946 1286 2112 1339 casti-

508 1377 615 1432 tas,
648 1367 996 1423 abstinentia.
1044 1370 1142 1425 Hic
1179 1382 1265 1426 est
1314 1373 1632 1429 verissimus
1658 1375 1798 1432 ritus
1830 1394 1842 1430 :
1875 1376 1992 1432 hmc
2019 1377 2112 1432 illa

518 1458 605 1512 lex
633 1457 748 1525 Dei,
766 1468 876 1513 uta
899 1459 1164 1515 Cicerone
1188 1461 1391 1516 dictum
1415 1474 1519 1530 est,
1546 1467 1800 1536 praeclara
1823 1479 1877 1523 et
1903 1470 2110 1533 divina,

514 1565 729 1621 semper
755 1567 875 1621 quae
928 1561 1075 1607 recta
1122 1563 1177 1608 et
1214 1554 1440 1611 honesta
1468 1557 1643 1625 jubet,
1676 1568 1820 1615 vetat
1851 1577 2017 1629 prava
2057 1573 2112 1618 et

510 1645 687 1712 turpia
717 1661 731 1710 ;
760 1644 845 1698 cui
867 1655 1141 1714 parentem
1167 1650 1526 1705 sanctissima:
1552 1666 1615 1705 ac
1634 1654 1953 1709 certissimae
1982 1655 2110 1726 legi,

504 1737 651 1806 juste
702 1752 765 1791 ac
810 1738 1049 1809 legitime
1088 1755 1314 1796 necesse
1363 1752 1447 1797 est
1494 1743 1696 1799 vivere.
1747 1744 1914 1815 Cujus
1975 1746 2110 1818 legis

512 1844 684 1899 pauca
715 1830 966 1900 equidem
991 1832 1163 1902 capita
1193 1834 1365 1902 posui,
1426 1836 1568 1904 quod
1599 1851 1716 1891 sum
1747 1839 2017 1907 pollicitus
2046 1856 2109 1896 ea
2141 1809 2189 1868 Β

508 1922 886 1977 tantummodo
910 1938 1032 1977 esse
1061 1923 1350 1991 dicturum,
1395 1942 1515 1996 qua:
1536 1942 1807 1985 summum
1838 1929 2109 2002 faSIigium

509 2015 693 2071 virtuti
721 2025 779 2072 et
827 2016 1049 2086 iustitiae
1081 2018 1443 2090 imponerent.
1489 2020 1545 2077 Si
1574 2022 1693 2092 quis
1741 2023 2112 2080 voletcrctera

2209 470 2308 512 nos
2329 456 2477 513 rivus
2502 459 2606 516 iste
2632 447 2903 518 manavit.

2783 580 3013 639 CAPUT
3043 581 3215 639 XXV.

2212 684 2291 742 De
2339 690 2616 759 sacriﬁcio,
2649 702 2696 747 et
2726 693 2790 747 de
2813 693 2949 750 dono
2996 694 3093 751 Dei
3116 697 3274 768 digno
3297 714 3317 764 ;
3348 707 3501 770 atque
3548 699 3615 755 de
3642 699 3814 771 [arma

2787 788 3043 843 laudandi
3069 787 3262 845 Deum.

2284 912 2439 971 Nunc
2469 915 2537 972 de
2591 916 2860 976 sacriﬁcio
2910 920 3028 992 ipso
3075 937 3246 992 pauca
3282 922 3546 980 dicemus.
3585 943 3604 977 ι
3639 924 3809 993 Ebur,

2213 1003 2388 1074 inquit
2417 1005 2596 1074 Plato,
2622 1023 2730 1065 non
2771 1020 2980 1067 castum
3010 1012 3212 1069 donum
3256 1014 3388 1070 Deo.
3424 1033 3443 1068 ›
3474 1014 3615 1083 Quid
3640 1018 3812 1088 ergo!

2213 1098 2364 1155 Picta
2414 1102 2625 1159 scilicet
2664 1114 2720 1160 et
2746 1114 2889 1162 texta
2919 1109 3197 1178 pretiosa?
3223 1108 3394 1165 Immo
3423 1125 3555 1165 vero
3583 1124 3690 1166 non
3718 1125 3815 1166 ca-

2214 1201 2356 1246 stum
2406 1192 2608 1249 donum
2639 1195 2772 1263 Deo,
2807 1197 3066 1269 quidquid
3118 1200 3341 1270 surripi,
3388 1199 3652 1271 quidquid
3677 1214 3815 1257 cor-

2212 1289 2388 1357 rumpi
2430 1298 2623 1358 potest.
2656 1290 2763 1347 Sed
2801 1292 2941 1347 sicut
2994 1293 3097 1349 hoc
3128 1294 3282 1361 vidit,
3312 1310 3419 1349 non
3447 1304 3702 1366 oportere
3719 1296 3804 1350 vi-

2216 1381 2364 1435 venti
2408 1381 2608 1439 oﬁ‘erre
2661 1384 2885 1455 aliquid,
2918 1386 3065 1455 quod
3093 1387 3165 1441 sit
3203 1402 3270 1443 ex
3300 1397 3516 1442 mortuo
3542 1402 3813 1458 corpore;

2214 1489 2311 1528 cur
2335 1474 2465 1529 illud
2511 1490 2618 1531 non
2662 1477 2817 1545 vidit,
2868 1493 2975 1534 non
3022 1481 3224 1536 debere
3265 1480 3589 1550 incorporali
3616 1494 3819 1549 corpo-

2216 1568 2329 1621 rale
2352 1582 2548 1622 munus
2565 1567 2749 1625 oﬁ‘erri
2767 1570 2791 1624 ‘!
2807 1570 3022 1639 Quanto
3048 1573 3242 1627 melius
3266 1571 3497 1639 Seneca,
3526 1581 3581 1627 et
3606 1572 3812 1627 verius?

2224 1657 2501 1715 «Voltisne
2552 1676 2668 1729 vos,
2728 1662 2920 1733 inquit,
2957 1663 3125 1718 Deum
3178 1666 3420 1734 cogitare
3480 1680 3735 1735 magnum
3767 1675 3824 1721 et

2217 1751 2489 1821 placidum
2511 1794 2527 1820 ,
2555 1765 2611 1810 et
2660 1755 2946 1825 majestate
2994 1757 3103 1812 leni
3133 1758 3429 1813 verendum
3479 1760 3736 1825 amicum,
3763 1769 3821 1816 et

2219 1858 2437 1915 semper
2489 1845 2543 1900 in
2602 1848 3033 1917 proximo?Non
3089 1850 3555 1907 immolationibus
3591 1862 3647 1907 et
3692 1867 3823 1908 san-

2219 1937 2383 2007 guine
2431 1939 2602 1994 multo
2658 1942 2944 1998 colendum
2977 1949 3120 2015 (quae
3168 1944 3312 2000 enim
3359 1961 3427 2001 ex
3457 1947 3822 2005 trucidatione

2221 2028 2619 2088 immerentium
2650 2033 2900 2106 voluptas
2926 2046 3010 2091 est
3033 2036 3082 2108 ?)
3113 2055 3123 2091 :
3154 2036 3250 2093 sed
3280 2047 3463 2095 mente
3489 2053 3648 2111 pura,
3679 2039 3826 2100 bono

1804 2216 1807 2223 ,
1865 2160 2228 2221 νΑιιιοιιιιιί
2257 2165 2488 2225 ΝΟΤΑΞ.

506 2291 513 2299 ’
587 2296 722 2350 Deus
749 2296 883 2349 enim
936 2312 1036 2350 non
1087 2296 1343 2351 desiderat
1368 2297 1646 2351 uictimam.
1673 2297 1925 2352 Pluribus
1954 2298 2115 2354 editis

512 2367 666 2419 deest
713 2382 834 2434 non,
877 2368 1019 2437 quod
1065 2369 1285 2435 reposui
1314 2384 1379 2423 ex
1405 2370 1656 2424 omnibus
1686 2383 1817 2423 mss.
1844 2380 1899 2425 et
1930 2370 2114 2426 multis

515 2437 695 2490 editis.

587 2507 767 2577 Neque
793 2510 1021 2583 verbenis
1046 2527 1176 2580 opus
1206 2520 1302 2571 est,
1337 2526 1498 2583 neque
1526 2511 1739 2583 (obruis,
1774 2528 1933 2583 neque
1954 2514 2119 2581 cespi-

515 2580 670 2652 tibus,
696 2591 802 2652 etc.
831 2578 1051 2634 Februis
1081 2578 1164 2635 ait
1196 2596 1293 2650 pro
1340 2578 1609 2637 intestinis
1630 2625 1644 2648 ,
1678 2597 1802 2652 pars
1847 2578 1955 2652 'pro
1983 2578 2117 2637 toto.

513 2651 677 2706 Sacra
720 2650 912 2705 facturi
966 2668 1129 2720 super
1176 2667 1298 2706 aras
1327 2653 1587 2722 cespitem
1637 2650 1702 2708 es
1732 2650 1997 2722 gramine,
2024 2668 2119 2708 seu

514 2723 779 2776 verbenas
821 2725 1182 2790 apponebant.
1245 2723 1489 2777 Vcrbena
1519 2725 1645 2779 item
1677 2735 1731 2779 et
1757 2725 1940 2779 laurus
1968 2723 2129 2780 sum-

517 2792 754 2847 tionibus
785 2792 1095 2863 frequentes
1120 2803 1293 2848 erant.
1323 2793 1497 2865 Virg.,
1528 2795 1705 2865 eelog.
1729 2810 1823 2850 vtn
1863 2812 1875 2848 :

773 2884 907 2935 Molli
932 2888 1078 2949 cinge
1096 2887 1202 2949 haec
1220 2886 1394 2936 altaria
1411 2889 1556 2949 vitta;

641 2946 1005 3012 Verbenasque
1017 2946 1174 3000 'adole
1201 2951 1434 3013 pingues,
1463 2946 1561 3000 etc.
1701 2950 1873 3001 Imus.

519 3051 826 3125 Yerbenam
863 3053 1097 3107 Donatus
1131 3054 1182 3106 in
1218 3052 1420 3107 Andria
1467 3053 1665 3107 dictam
1693 3055 1788 3119 ait,
1815 3055 1968 3125 quasi
2001 3053 2125 3110 her-
2149 3053 2195 3117 C

516 3122 711 3194 bertam
738 3140 753 3188 ;
785 3125 1161 3193 verbenasque
1187 3138 1309 3178 esse
1336 3140 1523 3179 omnes
1556 3125 1756 3179 herbas
1778 3122 1941 3194 athuc
1969 3125 2121 3179 fron-

517 3192 615 3265 des
639 3193 823 3265 festas,
845 3194 910 3246 ad
940 3192 1086 3247 aras’
1111 3194 1473 3250 coronandas.
1503 3194 1656 3249 Nulla
1691 3192 1863 3249 herba
1883 3196 2002 3265 plus
2023 3211 2122 3252 no-

518 3263 743 3317 bilitatis
774 3263 959 3318 Romae
989 3265 1197 3330 habuit,
1232 3274 1366 3320 teste
1394 3265 1590 3330 Plinio,
1618 3267 1654 3318 Ι.
1682 3283 1806 3329 xxv,
1844 3263 1897 3321 c.—
1926 3267 1979 3321 9.
2011 3267 2123 3323 Hae

520 3334 741 3404 (inquit)
790 3334 939 3389 .lnvis
969 3350 1152 3389 mensa
1183 3336 1435 3402 verritur,
1468 3338 1662 3391 dOIIIIIS
1693 3349 1974 3406 purgatur,
2013 3339 2123 3393 lus-

519 3413 817 3483 tratnrque.
842 3406 978 3483 Hine
1004 3406 1367 3483 Dioscorides.
1390 3412 1427 3461 ι.
1442 3423 1528 3483 ιν,
1560 3409 1906 3483 ἱεροϐοτᾲινη-ν,
1937 3409 1987 3483 id
2009 3418 2119 3483 est,

521 3492 725 3529 sacram
779 3478 985 3530 herbam
1043 3477 1241 3531 dictam
1294 3478 1387 3531 ait.
1442 3477 1648 3532 BETUL.
1680 3478 2005 3534 —Februis.
2032 3480 2125 3535 Sic

521 3547 722 3620 legocx
746 3548 1125 3619 antiquissimo
1141 3563 1253 3620 gms.
1284 3549 1808 3620 Itegio,suti'ragante
1826 3549 1997 3606 altero
2020 3550 2127 3604 Re-

517 3618 897 3690 gio-l’ntcano,
920 3621 1109 3673 codice
1137 3619 1264 3673 item
1296 3618 1671 3675 vetustissimo
1690 3632 1743 3676 et
1771 3620 1998 3690 optimo,
2033 3622 2122 3676 cui

519 3696 603 3743 est
629 3688 785 3756 febris
825 3705 922 3756 pro
960 3690 1168 3757 februis.
1207 3690 1310 3744 Alii
1342 3690 1517 3745 ferunt
1545 3692 1708 3757 ﬁbris.
1741 3688 2124 3753 At’legendum

522 3774 644 3813 esse
678 3760 892 3830 februis.
918 3760 1148 3829 probant
1182 3762 1278 3814 ista
1312 3760 1574 3815 Varronis
1620 3764 1781 3816 verba
1815 3780 1826 3813 :
1864 3761 2126 3817 Februum

472 3834 477 3839 ’
520 3829 708 3885 Sabini
724 3841 1135 3899 purgamentum,
1155 3842 1201 3884 et
1227 3832 1283 3884 id
1303 3833 1366 3884 iis
1392 3834 1553 3886 sacris
1571 3834 1758 3886 nostris
1772 3833 2118 3888 verbum.Nee

520 3901 703 3955 minus
728 3902 935 3974 diserte
967 3901 1157 3974 Festus
1182 3919 1194 3953 ;
1228 3902 1577 3971 Quacumque
1602 3906 1923 3974 purgamenti
1967 3921 2125 3958 causa

528 3971 851 4044 (inquiebat)
881 3972 934 4044 in
957 3972 1539 4044 quibusquesucriﬁciis
1589 3971 1912 4039 adhibentur,
1946 3975 2126 4044 februa

523 4043 884 4111 appellantur:
909 4042 964 4095 id
994 4059 1110 4096 vero
1138 4043 1269 4110 quod
1300 4052 1567 4113 purgatur,
1592 4044 1781 4096 dicitur
1801 4042 2127 4112 februatum;

523 4114 749 4237 sgcuset
781 4114 1111 4183 Augustinus
1132 4156 1146 4182 ,
1179 4113 1211 4166 l.
1250 4130 1323 4167 vn
1351 4114 1417 4168 de
1438 4113 1602 4169 Civit.
1637 4114 1730 4169 Dei
1754 4156 1768 4181 ,
1800 4130 1848 4170 c.
1880 4116 1934 4183 7,
1962 4125 2128 4187 atque

582 4197 625 4237 Vl
672 4200 773 4237 ius.

582 4183 773 4238 vidius.

601 4254 679 4309 De
708 4256 889 4309 intimo
938 4264 1159 4322 pectore.
1191 4255 1280 4310 Sic
1328 4257 1539 4311 restitui
1589 4275 1654 4312 ex
1705 4256 1954 4313 omnibus
1992 4274 2127 4313 mss.

525 4336 726 4397 praeter
755 4327 789 4381 4
816 4341 927 4383 rec.
951 4337 1005 4382 et
1036 4327 1193 4393 edit.,
1220 4327 1417 4397 quibus
1439 4338 1521 4384 est
1551 4329 1702 4384 corde
1725 4328 1855 4385 :scd
1885 4346 2008 4385 mox
2036 4346 2128 4385 se-

480 4416 486 4421 '
525 4400 727 4452 auitur.

566 4414 727 4452 lllllll'.

525 4414 559 4468 q
600 4469 667 4523 In
697 4487 842 4524 aram
876 4468 988 4535 Dei,
1017 4486 1131 4539 qua:
1155 4486 1268 4524 uere
1295 4471 1522 4524 maxima
1541 4480 1632 4525 est.
1654 4472 1857 4527 Alludit
1883 4474 1948 4527 ad
1979 4488 2127 4527 aram

536 4540 787 4595 Herenniis
814 4542 1124 4595 maximam.
1146 4540 1319 4609 Virg,
1338 4558 1431 4596 vtu
1448 4541 1693 4607 1Eneid.,
1712 4543 1768 4608 2,
1789 4544 1889 4598 271
1921 4554 1977 4599 et
2000 4543 2128 4598 272.

530 4611 735 4676 -ριιω
756 4628 869 4665 vere
892 4612 1139 4665 maxima.
1171 4611 1339 4666 Recte
1371 4615 1578 4666 monuit
1609 4614 1982 4676 Heumannus,
2014 4630 2129 4669 no-

531 4692 704 4754 strum
750 4684 1056 4754 respexisse
1095 4682 1162 4754 ad
1190 4699 1335 4736 arant
1364 4684 1662 4747 maximam,
1692 4685 1760 4740 de
1784 4702 1888 4754 qua
1916 4685 2126 4753 Livius,

527 4751 570 4807 ι.
602 4768 653 4816 ι,
680 4768 730 4807 c.
766 4752 819 4813 7,
851 4751 906 4806 et
932 4752 1109 4821 νινε..
1141 4753 1178 4806 Ι.
1210 4769 1300 4809 νιιι
1331 4754 1484 4821 Ᾱιῖιιη
1517 4771 1572 4809 v.
1594 4756 1720 4810 27!.
1746 4751 1902 4811 conf.
1937 4757 2007 4814 de
2038 4751 2130 4813 ea?-

529 4823 653 4879 dem
701 4823 963 4889 Macrob.,
1022 4824 1117 4878 lib.
1174 4839 1233 4879 ιιι
1293 4824 1536 4892 Saturn.,
1594 4826 1681 4881 12.
1714 4826 1976 4883 Romanae
2020 4843 2130 4883 ara:

526 4898 801 4968 mammas
813 4894 952 4949 hanc
977 4897 1393 4968 vereqmamimam
1418 4898 1570 4968 quasi
1601 4899 1842 4968 opponit.

608 4913 781 4949 ΙΧΙΠΙὶΒ
814 4913 952 4949 nunc
977 4913 1091 4949 uere
1119 4913 1393 4950 maximam
1458 4913 1570 4951 uasr
1601 4913 1842 4968 oppontt.

608 4965 678 5021 Ut
701 4984 733 5021 a
763 4965 1004 5021 Cicerone
1056 4966 1249 5021 dictant
1302 4978 1395 5023 est.
1418 4913 1619 5023 [Addidi
1659 4979 1754 5036 est,
1784 4984 1849 5024 ex
1880 4971 2131 5027 omnibus

530 5053 664 5093 mss.
698 5038 987 5109 multisque
1010 5038 1190 5095 editis.
1216 5038 1332 5095 Hoc
1347 5039 1624 5096 Ciceronis
1648 5049 1731 5095 est
1759 5041 1813 5096 in
1848 5058 1864 5097 ι
1894 5042 2035 5099 libro
2055 5041 2125 5099 de

529 5108 783 5176 Legibus.

607 5180 766 5235 Nune
795 5182 859 5236 de
904 5181 1158 5249 sacriﬁcio
1187 5183 1299 5251 ipso
1348 5199 1515 5251 pauca
1555 5184 1800 5240 dicemus.
1849 5183 1968 5239 Non
1999 5184 2131 5240 satis

529 5252 750 5307 cordate
779 5253 1016 5321 disputat
1044 5252 1146 5308 hoc
1200 5254 1376 5317 capite
1424 5253 1734 5310 Lactantius
1783 5256 1850 5312 de
1898 5265 2126 5311 externo

531 5323 632 5379 Dei
657 5324 826 5389 enltn,
853 5324 1068 5393 templis
1096 5339 1393 5394 eorumque
1419 5337 1632 5389 ornatu,
1664 5326 1927 5391 donariis,
1958 5327 2131 5381 sacri-

531 5394 678 5449 ﬁcio.
709 5394 933 5451 Videtur
951 5396 1095 5450 enim
1122 5411 1341 5451 omnem
1363 5405 1647 5452 externum
1683 5399 1774 5453 Dei
1802 5398 2003 5452 cultum
2027 5398 2130 5452 im-

536 5467 796 5537 probare.
830 5466 1089 5537 Equidcm
1139 5468 1468 5536 praecipuum
1503 5468 1758 5525 Ecclesia:
1804 5468 2131 5525 sacriﬁcium

531 5535 876 5592 eucharistiae
897 5535 1210 5610 ‘Aexternutn
1260 5535 1476 5610 quoque
1505 5555 1694 5610 magna
1724 5556 1788 5595 ex
1839 5549 1991 5610 parte
2020 5551 2126 5607 est,

534 5617 590 5663 et
621 5617 847 5664 externo
874 5606 979 5681 ritu
1006 5606 1291 5663 mactatur.
1315 5606 1539 5681 Insuper
1558 5606 1660 5667 etsi
1682 5606 1859 5666 cultus
1885 5606 2133 5668 internus

533 5681 735 5754 mentis
766 5690 820 5735 et
864 5680 1088 5748 spiritus
1135 5680 1205 5734 sit
1228 5680 1551 5754 praecipuus,
1579 5694 1635 5738 et
1678 5698 1837 5754 quem
1870 5683 2041 5754 magis
2064 5683 2132 5740 ab

535 5753 864 5823 unoquoque
892 5757 1137 5810 nostrum
1184 5753 1411 5823 requirit
1464 5754 1647 5823 Deus;
1679 5753 1803 5815 nam
1831 5754 1923 5816 ille
1952 5753 2131 5817 exter-

2219 2320 2321 2360 nus
2372 2308 2490 2364 sine
2522 2311 2734 2368 interno
2782 2330 2887 2369 non
2938 2316 3096 2372 allert
3138 2318 3370 2374 salutem
3401 2319 3744 2378 christiano:
3779 2333 3834 2380 at

2221 2388 2408 2434 noster
2431 2390 2706 2461 externus
2738 2385 2832 2440 Dei
2862 2388 3041 2441 cultus
3067 2404 3134 2443 ex
3187 2405 3247 2443 se
3273 2390 3418 2461 pius,
3452 2404 3700 2460 sanctus,
3725 2394 3825 2450 bo-

2220 2464 2342 2532 nus,
2391 2459 2553 2532 atque
2600 2455 2711 2508 Deo
2736 2468 2924 2532 gratus
2972 2455 3452 2532 estpexterinaque
3498 2455 3830 2521 ornamenta

2224 2521 2966 2604 ecclesiarum~_,_quze'partim
3008 2531 3063 2584 in
3083 2521 3343 2604 '{abricis,
3368 2521 3569 2604 partim
3599 2535 3659 2591 in
3686 2538 3839 2593 vasis

2226 2597 2428 2658 aureis,
2460 2597 2699 2675 vestibus
2742 2600 2953 2675 sericis,
2986 2609 3094 2655 ete.
3142 2597 3465 2670 consistunt,
3494 2621 3561 2660 ex
3591 2607 3716 2675 ipso
3750 2609 3833 2663 sui

2226 2676 2427 2730 genere
2451 2664 2745 2742 conferunt
2762 2670 2826 2723 ad
2847 2664 2992 2742 pium
3025 2681 3080 2726 et
3099 2684 3346 2728 sanctum
3369 2664 3463 2730 Dei
3491 2664 3700 2733 cultum
3734 2696 3755 2742 ;
3787 2688 3841 2735 et

2225 2736 2556 2814 cannarum]
2611 2736 3091 2814 sentirc,:htcresis
3120 2754 3204 2799 est
3253 2736 3835 2814 Petrobrusianoriim,

2228 2802 2678 2887 yiclelistarum,
2703 2826 2767 2866 ac
2819 2802 3146 2887 Novatornm
3182 2818 3352 2870 nostri
3385 2802 3843 2887 temporisiVide

2224 2874 2638 2946 Bellarminnm,
2665 2881 2705 2936 l.
2735 2899 2796 2954 ιιι
2831 2882 2900 2938 de
2925 2885 3083 2938 Cultu
3113 2885 3459 2950 Sanctorum,
3489 2874 3542 2943 ὁ.
3572 2889 3629 2954 6,
3652 2902 3707 2945 et
3726 2874 3842 2946 Ba;

2226 2958 2527 3023 ron.,tom.
2573 2966 2592 3004 ι
2635 2953 2827 3007 Annal.
2872 2970 3016 3009 anno
3062 2956 3152 3011 57.
3182 2958 3337 3023 Quod
3385 2973 3518 3013 vero
3544 2953 3751 3017 attinet
3776 2964 3840 3018 ad

2228 3027 2468 3094 mentem
2496 3022 2759 3094 Lactantii
2792 3025 2893 3079 hoc
2921 3027 3117 3094 capite,
3146 3022 3266 3082 eam
3299 3029 3350 3083 in
3378 3029 3579 3084 bonum
3603 3046 3835 3088 sensum

2229 3098 2378 3144 recte
2407 3090 2501 3145 sic.
2524 3093 2731 3148 reducit
2761 3090 3111 3161 Thomasius,
3138 3098 3398 3155 adversus
3429 3116 3525 3155 eos
3565 3104 3715 3158 enim
3755 3105 3840 3160 lo-

2225 3161 2411 3241 quitur
2436 3162 2526 3230 qui
2554 3164 2872 3241 religionem
2924 3168 2975 3221 in
3014 3168 3131 3223 solo
3160 3170 3308 3225 cultu
3336 3183 3565 3227 externo
3595 3176 3837 3241 positam

2226 3230 2514 3315 putabant.
2542 3230 2795 3315 Attamen
2821 3237 3135 3294 Lactantius
3173 3242 3353 3315 minus
3378 3252 3537 3315 caute
3562 3230 3705 3315 loqui
3724 3259 3840 3302 tur.

2299 3299 2465 3385 Ebur,
2496 3306 2682 3385 inquit,
2714 3305 2890 3385 Plato,
2934 3326 3034 3363 non
3063 3322 3262 3385 castum
3286 3312 3477 3385 donum
3499 3299 3845 3385 Deo.1Plaito,

2227 3371 2375 3453 luxu
2415 3374 2484 3453 de
2532 3375 2766 3453 Legibus
2806 3371 2959 3453 circa
3006 3383 3264 3437 medimn.
3298 3383 3596 3451 Plinius,l.
3627 3371 3838 3453 vute:

2230 3442 2320 3516 I_0,
2351 3445 2550 3501 iudicat
2589 3442 2769 3503 eboris
2821 3451 3111 3506 maximum
3142 3453 3195 3507 in
3228 3455 3399 3509 sacris
3430 3442 3585 3510 nstin)
3640 3442 3846 3516 fuisse.

2228 3513 2504 3592 Dentibus,
2538 3518 2729 3592 inquit,
2761 3522 2939 3590 ingens
2981 3525 3224 3592 pretium,
3266 3539 3313 3579 et
3363 3527 3574 3581 deorum
3612 3513 3848 3585 simula-

2228 3585 2329 3639 cris
2375 3585 2732 3644 laudatissima
2758 3585 2909 3647 ex'iis
2952 3585 3187 3651 materia.
3212 3585 3434 3650 'Invenit
3461 3598 3682 3653 luxuria
3705 3618 3849 3656 com-

2230 3659 2610 3733 mendationem
2656 3672 2702 3733 et
2732 3663 2889 3717 aliaat
2917 3682 2935 3730 ,°
2963 3670 3149 3733 expetit
3179 3668 3233 3719 in
3262 3667 3395 3721 collo
3413 3685 3596 3723 manus
3619 3672 3732 3725 vim
3757 3690 3845 3727 sa-

2230 3730 2369 3814 poris
2393 3731 2575 3814 :uhaud
2619 3731 2725 3814 alio
2755 3734 2819 3814 de
2849 3730 3252 3814 _causa,__cretl_o,
3296 3754 3457 3814 quam
3506 3741 3635 3807 quia
3669 3744 3846 3814 ipsum

2229 3798 2354 3852 ebur
2381 3800 2477 3878 sibi
2507 3804 2746 3878 mandere
2774 3806 2993 3878 videtur.
3031 3798 3393 3878 Magnitudino
3421 3798 3662 3866 dentium
3693 3798 3847 3868 rtride-

2229 3879 2311 3924 tur
2331 3871 2536 3948 quidem
2566 3875 2633 3948 in
2650 3877 2849 3945 templis
2881 3871 3162 3947 praecipua,
3198 3891 3303 3935 etc.
3333 3879 3502 3945 Idem,
3537 3882 3716 3948 Plin.,
3751 3886 3845 3940 lib.

2228 3956 2327 4005 xu,
2359 3957 2409 3995 c.
2444 3944 2517 4021 I_:
2543 3944 3048 4021 Arboregsulc'amus’
3073 3952 3257 4021 maria,
3292 3961 3555 4021 terrasque
3594 3944 3845 4009 adritove—

2230 4029 2344 4065 mus
2362 4029 2380 4065 :
2413 4015 2593 4069 arbore
2622 4017 2940 4085 azdiﬁcamus
2966 4029 3115 4074 tecta.
3151 4020 3231 4075 Ex
3260 4021 3441 4077 arbore
3469 4015 3521 4076 et
3549 4026 3848 4081 simulacra

2231 4085 2497 4162 numinum
2541 4086 2700 4155 fuere,
2731 4090 2959 4143 nondum
3005 4093 3167 4158 pretio
3210 4094 3499 4162 excogitato
3546 4095 3850 4150 bellicarum

2231 4155 2489 4234 cadaveri.
2525 4167 2792 4234 antequam
2819 4170 2874 4213 ut
2914 4178 2945 4214 a
2972 4155 3071 4215 diis
3096 4172 3215 4216 nato
3233 4155 3361 4234 jure
3383 4165 3632 4232 luxuriae,
3665 4169 3849 4222 eodem

2231 4226 2377 4281 ebore
2407 4226 2672 4283 numinum
2721 4246 2813 4285 ora
2840 4242 3209 4303 spectarentur,
3233 4226 3283 4288 ct
3329 4226 3630 4309 mensarum
3660 4241 3846 4309 pedes.

2306 4368 2659 4435 Incorporali.
2695 4372 2909 4437 Cicero,
2945 4374 2983 4427 l.
3016 4392 3055 4441 ι,
3084 4374 3152 4431 de
3180 4375 3297 4430 Nat.
3334 4306 3614 4432 dciiﬁru.

2155 4435 2207 4493 D
2292 4441 2527 4519 _Seneca_.
2561 4443 2722 4498 Libro
2742 4445 2817 4519 tle
2842 4435 3356 4519 _Superstitionilnis,
3388 4451 3478 4519 qui
3503 4450 3643 4507 liber
3674 4452 3848 4509 etiam

2182 4528 2187 4533 ’
2234 4526 2263 4565 a
2292 4511 2631 4586 'Ijertulliano
2661 4526 2715 4570 et
2738 4516 2794 4572 S.
2825 4511 3126 4586 Augustino
3148 4511 3416 4573 laudator:

2308 4584 2374 4640 In
2400 4586 2651 4661 proauita.
2701 4586 2758 4641 Id
2802 4584 3276 4661 est—proximum.
3318 4591 3601 4661 Cyprian.,
3645 4593 3753 4650 lib.
3795 4610 3853 4650 ιιι

2232 4653 2410 4711 Τθειζ
2434 4658 2501 4733 a_d
2531 4656 2707 4733 ραις..
2736 4673 2785 4713 e.
2812 4658 2909 4733 25,
2941 4653 3057 4733 jam
3106 4669 3303 4733 tempus
3349 4653 3413 4715 iii
3449 4653 3701 4733 proximo
3729 4675 3807 4722 est
3836 4685 3853 4729 ;

2232 4736 2421 4812 ant,_nt
2445 4727 2807 4810 Elmenhorst.
2826 4730 2877 4785 in
2896 4727 3073 4786 indice
3092 4731 3159 4785 ad
3178 4727 3483 4802 Apuleium,
3507 4737 3559 4789 in
3572 4727 3852 4821 proximo,

2344 4816 2355 4851 Ι
2415 4816 2480 4852 ΙΙΙ.
2506 4837 2519 4851 .

2229 4813 2283 4852 m
2306 4814 2603 4926 triente
2625 4887 2774 4942 pura,
2799 4883 2904 4929 etc.
2934 4873 3210 4943 Paulinus,
3236 4889 3322 4948 ep.
3355 4890 3503 4932 xxxii
3531 4896 3544 4930 :

2357 5005 2599 5079 Corpore,
2615 5015 2803 5079 mente,
2812 5009 2936 5079 ﬁde,
2958 5014 3258 5079 castissimus
3273 5014 3432 5065 incola
3452 5015 3660 5079 Christi,

2521 5072 2678 5122 ndidit
2700 5075 2791 5124 ista
2812 5072 2923 5123 Deo
2941 5082 3072 5125 tecta
3095 5077 3315 5127 Severus
3337 5091 3508 5128 ovans.

2357 5133 2510 5207 Totus
2533 5141 2588 5207 ut
2611 5137 2721 5207 ipse
2734 5136 2829 5185 Dei
2846 5137 3084 5207 templum
3110 5140 3266 5207 viget,
3283 5140 3477 5207 hospite
3498 5140 3727 5207 Christo,

2450 5196 2861 5263 Gaudentemque
2885 5196 3017 5262 gerit
3032 5196 3186 5252 corde
3205 5196 3386 5253 humili
3396 5202 3699 5255 Dominum.

2234 5323 2341 5398 sed
2371 5327 2551 5382 matris
2597 5328 2651 5383 in
2675 5337 2876 5396 pectore
2908 5330 3027 5398 jam
3064 5330 3393 5385 inchoaverat
3442 5330 3690 5386 Christus
3719 5342 3857 5387 tem-

2235 5396 2567 5472 plum_suu_m,
2583 5409 2629 5454 et
2644 5396 2919 5472 exordium
2938 5411 3130 5472 sancta:
3150 5401 3496 5472 habitationis.
3516 5403 3854 5472 Aug-istim,

2230 5466 2268 5542 l_.
2295 5482 2330 5521 ιι
2359 5466 2632 5542 Confess.,
2664 5485 2713 5524 c.
2739 5471 2794 5526 ‘5.
2813 5500 2883 5516 -η
2906 5471 3076 5526 Mente
3106 5489 3255 5542 pura.
3285 5470 3399 5529 Cic.
3423 5516 3440 5540 ,
3469 5474 3506 5529 I.
3541 5490 3574 5528 ιι
3599 5466 3686 5529 ae
3719 5466 3851 5529 Nat.

2232 5538 2385 5595 deor.
2415 5558 2427 5594 :
2452 5540 2632 5596 Cultus
2653 5542 2863 5597 deorum
2889 5554 2959 5597 est
2985 5538 3205 5610 optimus
3230 5538 3461 5614 idemque
3490 5546 3854 5608 castissimus,

2231 5621 2383 5681 atque
2407 5614 2777 5681 sanctissimus,
2800 5615 3222 5687 plenissimusque
3247 5617 3473 5687 pietatis,
3502 5627 3553 5671 ut
3573 5632 3673 5671 eos
3704 5635 3853 5672 sem-

2234 5699 2325 5753 per
2373 5700 2542 5756 pura,
2594 5687 2816 5759 integra,
2854 5687 3151 5757 incorrupta
3217 5698 3385 5746 mente
3431 5697 3479 5745 et
3519 5704 3645 5744 voce
3699 5705 3855 5746 vene-

2233 5769 2406 5812 remur
2417 5793 2431 5814 ο
