  <div class='ocr_page' id='page_1' title='image "/cluster/home/n/w/nwhite01/storage/ocr_20150623/6/hvd.32044096580345/370.png"; bbox 0 0 4142 6200; ppageno 0'>
   <div class='ocr_carea' id='block_1_1' title="bbox 332 268 440 328">
    <p class='ocr_par' dir='ltr' id='par_1_1' title="bbox 332 268 440 328">
     <span class='ocr_line' id='line_1_1' title="bbox 332 268 440 328; baseline 0.019 -2"><span class='ocrx_word' id='word_1_1' title='bbox 332 268 440 328; x_wconf 75' lang='lat'><strong>7‘29</strong></span> 
     </span>
    </p>
   </div>
   <div class='ocr_carea' id='block_1_2' title="bbox 1484 269 2457 330">
    <p class='ocr_par' dir='ltr' id='par_1_2' title="bbox 1484 269 2457 330">
     <span class='ocr_line' id='line_1_2' title="bbox 1484 269 2457 330; baseline -0.002 -3"><span class='ocrx_word' id='word_1_2' title='bbox 1484 269 1682 327; x_wconf 83' lang='lat' dir='ltr'><strong>LIBER</strong></span> <span class='ocrx_word' id='word_1_3' title='bbox 1725 270 1811 325; x_wconf 70' lang='lat' dir='ltr'><strong>VII</strong></span> <span class='ocrx_word' id='word_1_4' title='bbox 1854 270 1944 327; x_wconf 87' lang='lat' dir='ltr'><strong>DE</strong></span> <span class='ocrx_word' id='word_1_5' title='bbox 1981 270 2171 329; x_wconf 81' lang='lat' dir='ltr'><strong>VERO</strong></span> <span class='ocrx_word' id='word_1_6' title='bbox 2207 270 2457 330; x_wconf 86' lang='lat' dir='ltr'><strong>CULTU.</strong></span> 
     </span>
    </p>
   </div>
   <div class='ocr_carea' id='block_1_3' title="bbox 3531 270 3638 332">
    <p class='ocr_par' dir='ltr' id='par_1_3' title="bbox 3531 270 3638 332">
     <span class='ocr_line' id='line_1_3' title="bbox 3531 270 3638 332; baseline 0 0"><span class='ocrx_word' id='word_1_7' title='bbox 3531 270 3638 332; x_wconf 75' lang='lat'><strong>730</strong></span> 
     </span>
    </p>
   </div>
   <div class='ocr_carea' id='block_1_4' title="bbox 333 388 3633 461">
    <p class='ocr_par' dir='ltr' id='par_1_4' title="bbox 333 388 3633 461">
     <span class='ocr_line' id='line_1_4' title="bbox 333 388 3633 461; baseline 0.001 -16"><span class='ocrx_word' id='word_1_8' title='bbox 333 389 673 461; x_wconf 76' lang='lat' dir='ltr'><strong>honestoque</strong></span> <span class='ocrx_word' id='word_1_9' title='bbox 701 390 997 461; x_wconf 87' lang='lat' dir='ltr'><strong>proposito.</strong></span> <span class='ocrx_word' id='word_1_10' title='bbox 1050 389 1169 447; x_wconf 89' lang='lat' dir='ltr'><strong>Non</strong></span> <span class='ocrx_word' id='word_1_11' title='bbox 1223 389 1424 461; x_wconf 91' lang='lat' dir='ltr'><strong>templa</strong></span> <span class='ocrx_word' id='word_1_12' title='bbox 1466 388 1545 444; x_wconf 86' lang='lat' dir='ltr'><strong>illi</strong></span> <span class='ocrx_word' id='word_1_13' title='bbox 1572 389 1843 460; x_wconf 75' lang='lat' dir='ltr'><strong>congestis</strong></span> <span class='ocrx_word' id='word_1_14' title='bbox 1866 388 1922 444; x_wconf 92' lang='lat' dir='ltr'><strong>in</strong></span> <span class='ocrx_word' id='word_1_15' title='bbox 1948 393 2003 452; x_wconf 82' lang='grc' dir='ltr'><strong>Α</strong></span> <span class='ocrx_word' id='word_1_16' title='bbox 2027 389 2307 446; x_wconf 85' lang='lat' dir='ltr'><strong>hominum</strong></span> <span class='ocrx_word' id='word_1_17' title='bbox 2336 388 2624 444; x_wconf 88' lang='lat' dir='ltr'><strong>doctorum</strong></span> <span class='ocrx_word' id='word_1_18' title='bbox 2652 388 3018 460; x_wconf 88' lang='lat' dir='ltr'><strong>disputatione</strong></span> <span class='ocrx_word' id='word_1_19' title='bbox 3043 401 3354 461; x_wconf 79' lang='lat' dir='ltr'><strong>versantur,</strong></span> <span class='ocrx_word' id='word_1_20' title='bbox 3384 392 3520 450; x_wconf 87' lang='lat' dir='ltr'><strong>nihil</strong></span> <span class='ocrx_word' id='word_1_21' title='bbox 3548 399 3633 448; x_wconf 87' lang='lat' dir='ltr'><strong>est</strong></span> 
     </span>
    </p>
   </div>
   <div class='ocr_carea' id='block_1_5' title="bbox 331 480 1925 549">
    <p class='ocr_par' dir='ltr' id='par_1_5' title="bbox 331 480 1925 549">
     <span class='ocr_line' id='line_1_5' title="bbox 331 480 1925 549; baseline -0.001 -11"><span class='ocrx_word' id='word_1_22' title='bbox 331 481 667 539; x_wconf 75' lang='lat' dir='ltr'><strong>altitudinem</strong></span> <span class='ocrx_word' id='word_1_23' title='bbox 688 483 833 539; x_wconf 90' lang='lat' dir='ltr'><strong>saxis</strong></span> <span class='ocrx_word' id='word_1_24' title='bbox 858 483 1156 538; x_wconf 89' lang='lat' dir='ltr'><strong>extruenda</strong></span> <span class='ocrx_word' id='word_1_25' title='bbox 1177 490 1305 536; x_wconf 91' lang='lat' dir='ltr'><strong>sunt</strong></span> <span class='ocrx_word' id='word_1_26' title='bbox 1333 500 1346 535; x_wconf 89' lang='lat'><strong>:</strong></span> <span class='ocrx_word' id='word_1_27' title='bbox 1372 482 1423 536; x_wconf 92' lang='lat' dir='ltr'><strong>in</strong></span> <span class='ocrx_word' id='word_1_28' title='bbox 1450 496 1550 535; x_wconf 92' lang='lat' dir='ltr'><strong>suo</strong></span> <span class='ocrx_word' id='word_1_29' title='bbox 1571 480 1767 549; x_wconf 79' lang='lat' dir='ltr'><strong>cuique</strong></span> <span class='ocrx_word' id='word_1_30' title='bbox 1795 495 1925 536; x_wconf 91' lang='lat' dir='ltr'><strong>cou-</strong></span> 
     </span>
    </p>
   </div>
   <div class='ocr_carea' id='block_1_6' title="bbox 331 576 1927 647">
    <p class='ocr_par' dir='ltr' id='par_1_6' title="bbox 331 576 1927 647">
     <span class='ocr_line' id='line_1_6' title="bbox 331 576 1927 647; baseline -0.003 -13"><span class='ocrx_word' id='word_1_31' title='bbox 331 576 625 634; x_wconf 88' lang='lat' dir='ltr'><strong>secrandus</strong></span> <span class='ocrx_word' id='word_1_32' title='bbox 671 585 754 633; x_wconf 88' lang='lat' dir='ltr'><strong>est</strong></span> <span class='ocrx_word' id='word_1_33' title='bbox 805 585 1044 647; x_wconf 85' lang='lat' dir='ltr'><strong>pectore.</strong></span> <span class='ocrx_word' id='word_1_34' title='bbox 1078 595 1099 630; x_wconf 84' lang='grc'><strong>›</strong></span> <span class='ocrx_word' id='word_1_35' title='bbox 1135 576 1327 632; x_wconf 85' lang='lat' dir='ltr'><strong>Vestes</strong></span> <span class='ocrx_word' id='word_1_36' title='bbox 1367 576 1546 646; x_wconf 82' lang='lat' dir='ltr'><strong>igitur,</strong></span> <span class='ocrx_word' id='word_1_37' title='bbox 1576 589 1841 646; x_wconf 89' lang='lat' dir='ltr'><strong>gemmas,</strong></span> <span class='ocrx_word' id='word_1_38' title='bbox 1871 581 1927 630; x_wconf 91' lang='lat' dir='ltr'><strong>et</strong></span> 
     </span>
    </p>
   </div>
   <div class='ocr_carea' id='block_1_7' title="bbox 330 666 1926 740">
    <p class='ocr_par' dir='ltr' id='par_1_7' title="bbox 330 666 1926 740">
     <span class='ocr_line' id='line_1_7' title="bbox 330 666 1926 740; baseline -0.002 -15"><span class='ocrx_word' id='word_1_39' title='bbox 330 680 697 740; x_wconf 69' lang='lat' dir='ltr'><strong>caetera,.qu:e</strong></span> <span class='ocrx_word' id='word_1_40' title='bbox 748 668 1016 724; x_wconf 85' lang='lat' dir='ltr'><strong>habentur</strong></span> <span class='ocrx_word' id='word_1_41' title='bbox 1060 669 1113 723; x_wconf 91' lang='lat' dir='ltr'><strong>iu</strong></span> <span class='ocrx_word' id='word_1_42' title='bbox 1148 668 1359 738; x_wconf 80' lang='lat' dir='ltr'><strong>praetio,</strong></span> <span class='ocrx_word' id='word_1_43' title='bbox 1390 668 1437 723; x_wconf 88' lang='lat' dir='ltr'><strong>si</strong></span> <span class='ocrx_word' id='word_1_44' title='bbox 1468 668 1588 737; x_wconf 84' lang='lat' dir='ltr'><strong>quis</strong></span> <span class='ocrx_word' id='word_1_45' title='bbox 1630 675 1785 738; x_wconf 89' lang='lat' dir='ltr'><strong>putet</strong></span> <span class='ocrx_word' id='word_1_46' title='bbox 1812 666 1926 723; x_wconf 91' lang='lat' dir='ltr'><strong>Deo</strong></span> 
     </span>
    </p>
   </div>
   <div class='ocr_carea' id='block_1_8' title="bbox 334 759 1927 834">
    <p class='ocr_par' dir='ltr' id='par_1_8' title="bbox 334 759 1927 834">
     <span class='ocr_line' id='line_1_8' title="bbox 334 759 1927 834; baseline -0.004 -14"><span class='ocrx_word' id='word_1_47' title='bbox 334 763 522 830; x_wconf 87' lang='lat' dir='ltr'><strong>chara,</strong></span> <span class='ocrx_word' id='word_1_48' title='bbox 550 763 596 818; x_wconf 88' lang='lat' dir='ltr'><strong>is</strong></span> <span class='ocrx_word' id='word_1_49' title='bbox 624 762 804 833; x_wconf 82' lang='lat' dir='ltr'><strong>plane,</strong></span> <span class='ocrx_word' id='word_1_50' title='bbox 824 761 953 834; x_wconf 88' lang='lat' dir='ltr'><strong>qttid</strong></span> <span class='ocrx_word' id='word_1_51' title='bbox 976 762 1046 816; x_wconf 87' lang='lat' dir='ltr'><strong>sit</strong></span> <span class='ocrx_word' id='word_1_52' title='bbox 1070 763 1232 829; x_wconf 88' lang='lat' dir='ltr'><strong>Deus,</strong></span> <span class='ocrx_word' id='word_1_53' title='bbox 1263 760 1457 828; x_wconf 87' lang='lat' dir='ltr'><strong>nescit,</strong></span> <span class='ocrx_word' id='word_1_54' title='bbox 1487 761 1571 816; x_wconf 91' lang='lat' dir='ltr'><strong>cui</strong></span> <span class='ocrx_word' id='word_1_55' title='bbox 1600 768 1752 830; x_wconf 86' lang='lat' dir='ltr'><strong>putat</strong></span> <span class='ocrx_word' id='word_1_56' title='bbox 1776 759 1927 815; x_wconf 90' lang='lat' dir='ltr'><strong>volu-</strong></span> 
     </span>
    </p>
   </div>
   <div class='ocr_carea' id='block_1_9' title="bbox 330 835 1925 927">
    <p class='ocr_par' dir='ltr' id='par_1_9' title="bbox 330 835 1925 927">
     <span class='ocr_line' id='line_1_9' title="bbox 330 835 1925 927; baseline -0.002 -17"><span class='ocrx_word' id='word_1_57' title='bbox 330 854 465 927; x_wconf 87' lang='lat' dir='ltr'><strong>ptati</strong></span> <span class='ocrx_word' id='word_1_58' title='bbox 493 868 615 910; x_wconf 90' lang='lat' dir='ltr'><strong>esse</strong></span> <span class='ocrx_word' id='word_1_59' title='bbox 643 868 740 910; x_wconf 90' lang='lat' dir='ltr'><strong>eas</strong></span> <span class='ocrx_word' id='word_1_60' title='bbox 771 868 882 921; x_wconf 90' lang='lat' dir='ltr'><strong>res,</strong></span> <span class='ocrx_word' id='word_1_61' title='bbox 906 835 1040 924; x_wconf 76' lang='lat' dir='ltr'><strong>quas</strong></span> <span class='ocrx_word' id='word_1_62' title='bbox 1084 853 1246 908; x_wconf 87' lang='lat' dir='ltr'><strong>etiam</strong></span> <span class='ocrx_word' id='word_1_63' title='bbox 1299 852 1463 907; x_wconf 89' lang='lat' dir='ltr'><strong>homo</strong></span> <span class='ocrx_word' id='word_1_64' title='bbox 1491 852 1537 907; x_wconf 88' lang='lat' dir='ltr'><strong>si</strong></span> <span class='ocrx_word' id='word_1_65' title='bbox 1580 861 1925 921; x_wconf 90' lang='lat' dir='ltr'><strong>contempse-</strong></span> 
     </span>
    </p>
   </div>
   <div class='ocr_carea' id='block_1_10' title="bbox 327 944 1925 1020">
    <p class='ocr_par' dir='ltr' id='par_1_10' title="bbox 327 944 1925 1020">
     <span class='ocr_line' id='line_1_10' title="bbox 327 944 1925 1020; baseline -0.004 -15"><span class='ocrx_word' id='word_1_66' title='bbox 327 950 419 1016; x_wconf 86' lang='lat' dir='ltr'><strong>rit,</strong></span> <span class='ocrx_word' id='word_1_67' title='bbox 461 950 583 1020; x_wconf 91' lang='lat' dir='ltr'><strong>jure</strong></span> <span class='ocrx_word' id='word_1_68' title='bbox 621 947 946 1004; x_wconf 80' lang='lat' dir='ltr'><strong>laudabitur.</strong></span> <span class='ocrx_word' id='word_1_69' title='bbox 978 946 1118 1014; x_wconf 85' lang='lat' dir='ltr'><strong>Quid</strong></span> <span class='ocrx_word' id='word_1_70' title='bbox 1167 962 1299 1017; x_wconf 91' lang='lat' dir='ltr'><strong>ergo</strong></span> <span class='ocrx_word' id='word_1_71' title='bbox 1362 950 1593 1011; x_wconf 83' lang='lat' dir='ltr'><strong>castum,</strong></span> <span class='ocrx_word' id='word_1_72' title='bbox 1625 944 1753 1014; x_wconf 89' lang='lat' dir='ltr'><strong>quid</strong></span> <span class='ocrx_word' id='word_1_73' title='bbox 1814 945 1925 1000; x_wconf 94' lang='lat' dir='ltr'><strong>Deo</strong></span> 
     </span>
    </p>
   </div>
   <div class='ocr_carea' id='block_1_11' title="bbox 328 1036 1922 1111">
    <p class='ocr_par' dir='ltr' id='par_1_11' title="bbox 328 1036 1922 1111">
     <span class='ocr_line' id='line_1_11' title="bbox 328 1036 1922 1111; baseline -0.003 -15"><span class='ocrx_word' id='word_1_74' title='bbox 328 1040 572 1111; x_wconf 87' lang='lat' dir='ltr'><strong>dignum,</strong></span> <span class='ocrx_word' id='word_1_75' title='bbox 602 1040 708 1096; x_wconf 89' lang='lat' dir='ltr'><strong>nisi</strong></span> <span class='ocrx_word' id='word_1_76' title='bbox 737 1039 879 1110; x_wconf 89' lang='lat' dir='ltr'><strong>quod</strong></span> <span class='ocrx_word' id='word_1_77' title='bbox 930 1038 1126 1111; x_wconf 90' lang='lat' dir='ltr'><strong>ipsein</strong></span> <span class='ocrx_word' id='word_1_78' title='bbox 1156 1038 1250 1094; x_wconf 91' lang='lat' dir='ltr'><strong>illa</strong></span> <span class='ocrx_word' id='word_1_79' title='bbox 1299 1036 1480 1094; x_wconf 91' lang='lat' dir='ltr'><strong>divina</strong></span> <span class='ocrx_word' id='word_1_80' title='bbox 1530 1037 1650 1108; x_wconf 91' lang='lat' dir='ltr'><strong>lege</strong></span> <span class='ocrx_word' id='word_1_81' title='bbox 1695 1050 1793 1092; x_wconf 92' lang='lat' dir='ltr'><strong>sua</strong></span> <span class='ocrx_word' id='word_1_82' title='bbox 1820 1049 1922 1107; x_wconf 87' lang='lat' dir='ltr'><strong>po-</strong></span> 
     </span>
    </p>
   </div>
   <div class='ocr_carea' id='block_1_12' title="bbox 328 1134 547 1205">
    <p class='ocr_par' dir='ltr' id='par_1_12' title="bbox 328 1134 547 1205">
     <span class='ocr_line' id='line_1_12' title="bbox 328 1134 547 1205; baseline -0.014 -14"><span class='ocrx_word' id='word_1_83' title='bbox 328 1134 505 1205; x_wconf 83' lang='lat' dir='ltr'><strong>poscit</strong></span> <span class='ocrx_word' id='word_1_84' title='bbox 523 1134 547 1188; x_wconf 78' lang='lat' dir='ltr'><strong>t</strong></span> 
     </span>
    </p>
   </div>
   <div class='ocr_carea' id='block_1_13' title="bbox 400 1222 1929 1297">
    <p class='ocr_par' dir='ltr' id='par_1_13' title="bbox 400 1222 1929 1297">
     <span class='ocr_line' id='line_1_13' title="bbox 400 1222 1929 1297; baseline -0.003 -14"><span class='ocrx_word' id='word_1_85' title='bbox 400 1228 520 1283; x_wconf 91' lang='lat' dir='ltr'><strong>Duo</strong></span> <span class='ocrx_word' id='word_1_86' title='bbox 548 1235 692 1293; x_wconf 87' lang='lat' dir='ltr'><strong>sunt,</strong></span> <span class='ocrx_word' id='word_1_87' title='bbox 726 1242 845 1297; x_wconf 75' lang='lat' dir='ltr'><strong>qua:</strong></span> <span class='ocrx_word' id='word_1_88' title='bbox 883 1225 1067 1282; x_wconf 82' lang='lat' dir='ltr'><strong>oﬁ&#39;erri</strong></span> <span class='ocrx_word' id='word_1_89' title='bbox 1109 1225 1363 1292; x_wconf 89' lang='lat' dir='ltr'><strong>debeant,</strong></span> <span class='ocrx_word' id='word_1_90' title='bbox 1390 1224 1616 1290; x_wconf 90' lang='lat' dir='ltr'><strong>donum,</strong></span> <span class='ocrx_word' id='word_1_91' title='bbox 1648 1231 1704 1279; x_wconf 90' lang='lat' dir='ltr'><strong>et</strong></span> <span class='ocrx_word' id='word_1_92' title='bbox 1757 1222 1929 1278; x_wconf 84' lang='lat' dir='ltr'><strong>sacri-</strong></span> 
     </span>
    </p>
   </div>
   <div class='ocr_carea' id='block_1_14' title="bbox 330 1316 1930 1390">
    <p class='ocr_par' dir='ltr' id='par_1_14' title="bbox 330 1316 1930 1390">
     <span class='ocr_line' id='line_1_14' title="bbox 330 1316 1930 1390; baseline -0.001 -16"><span class='ocrx_word' id='word_1_93' title='bbox 330 1320 554 1377; x_wconf 90' lang='lat' dir='ltr'><strong>ﬁcium:</strong></span> <span class='ocrx_word' id='word_1_94' title='bbox 585 1320 785 1375; x_wconf 90' lang='lat' dir='ltr'><strong>donum</strong></span> <span class='ocrx_word' id='word_1_95' title='bbox 838 1319 892 1374; x_wconf 90' lang='lat' dir='ltr'><strong>in</strong></span> <span class='ocrx_word' id='word_1_96' title='bbox 945 1329 1285 1390; x_wconf 90' lang='lat' dir='ltr'><strong>perpetuum,</strong></span> <span class='ocrx_word' id='word_1_97' title='bbox 1318 1318 1641 1374; x_wconf 90' lang='lat' dir='ltr'><strong>sacriﬁcium</strong></span> <span class='ocrx_word' id='word_1_98' title='bbox 1672 1316 1740 1372; x_wconf 91' lang='lat' dir='ltr'><strong>ad</strong></span> <span class='ocrx_word' id='word_1_99' title='bbox 1789 1326 1930 1372; x_wconf 86' lang='lat' dir='ltr'><strong>tem-</strong></span> 
     </span>
    </p>
   </div>
   <div class='ocr_carea' id='block_1_15' title="bbox 329 1408 1932 1483">
    <p class='ocr_par' dir='ltr' id='par_1_15' title="bbox 329 1408 1932 1483">
     <span class='ocr_line' id='line_1_15' title="bbox 329 1408 1932 1483; baseline -0.002 -15"><span class='ocrx_word' id='word_1_100' title='bbox 329 1412 663 1483; x_wconf 84' lang='lat' dir='ltr'><strong>pus.Verum</strong></span> <span class='ocrx_word' id='word_1_101' title='bbox 681 1411 823 1482; x_wconf 90' lang='lat' dir='ltr'><strong>apud</strong></span> <span class='ocrx_word' id='word_1_102' title='bbox 852 1412 1005 1478; x_wconf 91' lang='lat' dir='ltr'><strong>istos,</strong></span> <span class='ocrx_word' id='word_1_103' title='bbox 1024 1413 1115 1482; x_wconf 89' lang='lat' dir='ltr'><strong>qui</strong></span> <span class='ocrx_word' id='word_1_104' title='bbox 1144 1411 1291 1466; x_wconf 91' lang='lat' dir='ltr'><strong>nullo</strong></span> <span class='ocrx_word' id='word_1_105' title='bbox 1318 1410 1481 1466; x_wconf 92' lang='lat' dir='ltr'><strong>modo</strong></span> <span class='ocrx_word' id='word_1_106' title='bbox 1505 1411 1770 1467; x_wconf 89' lang='lat' dir='ltr'><strong>rationem</strong></span> <span class='ocrx_word' id='word_1_107' title='bbox 1793 1408 1932 1465; x_wconf 90' lang='lat' dir='ltr'><strong>divi-</strong></span> 
     </span>
    </p>
   </div>
   <div class='ocr_carea' id='block_1_16' title="bbox 335 1500 1932 1576">
    <p class='ocr_par' dir='ltr' id='par_1_16' title="bbox 335 1500 1932 1576">
     <span class='ocr_line' id='line_1_16' title="bbox 335 1500 1932 1576; baseline -0.003 -13"><span class='ocrx_word' id='word_1_108' title='bbox 335 1508 523 1563; x_wconf 84' lang='lat' dir='ltr'><strong>nitatis</strong></span> <span class='ocrx_word' id='word_1_109' title='bbox 560 1500 879 1576; x_wconf 88' lang='lat' dir='ltr'><strong>intelligunt,</strong></span> <span class='ocrx_word' id='word_1_110' title='bbox 902 1505 1102 1560; x_wconf 90' lang='lat' dir='ltr'><strong>donum</strong></span> <span class='ocrx_word' id='word_1_111' title='bbox 1144 1515 1248 1571; x_wconf 89' lang='lat' dir='ltr'><strong>est,</strong></span> <span class='ocrx_word' id='word_1_112' title='bbox 1276 1504 1533 1576; x_wconf 89' lang='lat' dir='ltr'><strong>quidquid</strong></span> <span class='ocrx_word' id='word_1_113' title='bbox 1563 1520 1697 1560; x_wconf 91' lang='lat' dir='ltr'><strong>auro</strong></span> <span class='ocrx_word' id='word_1_114' title='bbox 1739 1518 1932 1574; x_wconf 88' lang='lat' dir='ltr'><strong>argen-</strong></span> 
     </span>
    </p>
   </div>
   <div class='ocr_carea' id='block_1_17' title="bbox 342 1588 1934 1669">
    <p class='ocr_par' dir='ltr' id='par_1_17' title="bbox 342 1588 1934 1669">
     <span class='ocr_line' id='line_1_17' title="bbox 342 1588 1934 1669; baseline 0 -16"><span class='ocrx_word' id='word_1_115' title='bbox 342 1588 508 1668; x_wconf 83' lang='lat' dir='ltr'><strong>toque</strong></span> <span class='ocrx_word' id='word_1_116' title='bbox 563 1598 899 1663; x_wconf 77' lang='lat' dir='ltr'><strong>fabricatur;</strong></span> <span class='ocrx_word' id='word_1_117' title='bbox 953 1599 1079 1653; x_wconf 88' lang='lat' dir='ltr'><strong>item</strong></span> <span class='ocrx_word' id='word_1_118' title='bbox 1129 1597 1383 1669; x_wconf 84' lang='lat' dir='ltr'><strong>quidquid</strong></span> <span class='ocrx_word' id='word_1_119' title='bbox 1412 1612 1650 1669; x_wconf 76' lang='lat' dir='ltr'><strong>purpura</strong></span> <span class='ocrx_word' id='word_1_120' title='bbox 1677 1606 1734 1653; x_wconf 91' lang='lat' dir='ltr'><strong>et</strong></span> <span class='ocrx_word' id='word_1_121' title='bbox 1760 1597 1934 1654; x_wconf 91' lang='lat' dir='ltr'><strong>serico</strong></span> 
     </span>
    </p>
   </div>
   <div class='ocr_carea' id='block_1_18' title="bbox 331 1690 1933 1761">
    <p class='ocr_par' dir='ltr' id='par_1_18' title="bbox 331 1690 1933 1761">
     <span class='ocr_line' id='line_1_18' title="bbox 331 1690 1933 1761; baseline -0.002 -13"><span class='ocrx_word' id='word_1_122' title='bbox 331 1692 558 1748; x_wconf 82' lang='lat' dir='ltr'><strong>texitur.</strong></span> <span class='ocrx_word' id='word_1_123' title='bbox 609 1690 949 1747; x_wconf 90' lang='lat' dir='ltr'><strong>Sacriﬁcium</strong></span> <span class='ocrx_word' id='word_1_124' title='bbox 991 1700 1076 1748; x_wconf 92' lang='lat' dir='ltr'><strong>est</strong></span> <span class='ocrx_word' id='word_1_125' title='bbox 1116 1692 1355 1758; x_wconf 80' lang='lat' dir='ltr'><strong>victima,</strong></span> <span class='ocrx_word' id='word_1_126' title='bbox 1388 1700 1443 1746; x_wconf 90' lang='lat' dir='ltr'><strong>et</strong></span> <span class='ocrx_word' id='word_1_127' title='bbox 1494 1706 1850 1761; x_wconf 78' lang='lat' dir='ltr'><strong>quaecumque</strong></span> <span class='ocrx_word' id='word_1_128' title='bbox 1878 1691 1933 1745; x_wconf 93' lang='lat' dir='ltr'><strong>in</strong></span> 
     </span>
    </p>
   </div>
   <div class='ocr_carea' id='block_1_19' title="bbox 2027 480 3628 557">
    <p class='ocr_par' dir='ltr' id='par_1_19' title="bbox 2027 480 3628 557">
     <span class='ocr_line' id='line_1_19' title="bbox 2027 480 3628 557; baseline 0.003 -20"><span class='ocrx_word' id='word_1_129' title='bbox 2027 480 2275 555; x_wconf 82' lang='lat' dir='ltr'><strong>profecto</strong></span> <span class='ocrx_word' id='word_1_130' title='bbox 2313 481 2694 553; x_wconf 66' lang='lat' dir='ltr'><strong>praestabilius,</strong></span> <span class='ocrx_word' id='word_1_131' title='bbox 2725 497 2888 554; x_wconf 89' lang='lat' dir='ltr'><strong>quam</strong></span> <span class='ocrx_word' id='word_1_132' title='bbox 2940 483 3103 554; x_wconf 90' lang='lat' dir='ltr'><strong>plane</strong></span> <span class='ocrx_word' id='word_1_133' title='bbox 3150 484 3379 557; x_wconf 91' lang='lat' dir='ltr'><strong>intelligi</strong></span> <span class='ocrx_word' id='word_1_134' title='bbox 3424 499 3525 540; x_wconf 93' lang='lat' dir='ltr'><strong>nos</strong></span> <span class='ocrx_word' id='word_1_135' title='bbox 3554 484 3628 543; x_wconf 86' lang='lat' dir='ltr'><strong>ad</strong></span> 
     </span>
    </p>
   </div>
   <div class='ocr_carea' id='block_1_20' title="bbox 2022 573 3623 647">
    <p class='ocr_par' dir='ltr' id='par_1_20' title="bbox 2022 573 3623 647">
     <span class='ocr_line' id='line_1_20' title="bbox 2022 573 3623 647; baseline 0.004 -18"><span class='ocrx_word' id='word_1_136' title='bbox 2022 574 2284 646; x_wconf 85' lang='lat' dir='ltr'><strong>justitiam</strong></span> <span class='ocrx_word' id='word_1_137' title='bbox 2325 589 2447 630; x_wconf 90' lang='lat' dir='ltr'><strong>esse</strong></span> <span class='ocrx_word' id='word_1_138' title='bbox 2490 583 2665 629; x_wconf 90' lang='lat' dir='ltr'><strong>natos.</strong></span> <span class='ocrx_word' id='word_1_139' title='bbox 2696 591 2717 626; x_wconf 75' lang='grc' dir='ltr'><strong><em>ι</em></strong></span> <span class='ocrx_word' id='word_1_140' title='bbox 2752 573 2811 630; x_wconf 89' lang='lat' dir='ltr'><strong>ld</strong></span> <span class='ocrx_word' id='word_1_141' title='bbox 2857 589 2988 647; x_wconf 90' lang='lat' dir='ltr'><strong>ergo</strong></span> <span class='ocrx_word' id='word_1_142' title='bbox 3015 576 3191 633; x_wconf 92' lang='lat' dir='ltr'><strong>solum</strong></span> <span class='ocrx_word' id='word_1_143' title='bbox 3214 577 3329 634; x_wconf 90' lang='lat' dir='ltr'><strong>Deo</strong></span> <span class='ocrx_word' id='word_1_144' title='bbox 3358 576 3623 635; x_wconf 84' lang='lat' dir='ltr'><strong>exhibere</strong></span> 
     </span>
    </p>
   </div>
   <div class='ocr_carea' id='block_1_21' title="bbox 2028 666 3624 740">
    <p class='ocr_par' dir='ltr' id='par_1_21' title="bbox 2028 666 3624 740">
     <span class='ocr_line' id='line_1_21' title="bbox 2028 666 3624 740; baseline 0.001 -17"><span class='ocrx_word' id='word_1_145' title='bbox 2028 675 2190 738; x_wconf 85' lang='lat' dir='ltr'><strong>atque</strong></span> <span class='ocrx_word' id='word_1_146' title='bbox 2231 666 2429 724; x_wconf 86' lang='lat' dir='ltr'><strong>oﬁ&#39;erre</strong></span> <span class='ocrx_word' id='word_1_147' title='bbox 2483 666 2747 723; x_wconf 88' lang='lat' dir='ltr'><strong>debemus</strong></span> <span class='ocrx_word' id='word_1_148' title='bbox 2789 708 2805 734; x_wconf 91' lang='lat'><strong>,</strong></span> <span class='ocrx_word' id='word_1_149' title='bbox 2848 667 2915 723; x_wconf 92' lang='lat' dir='ltr'><strong>ad</strong></span> <span class='ocrx_word' id='word_1_150' title='bbox 2945 669 3091 739; x_wconf 91' lang='lat' dir='ltr'><strong>quod</strong></span> <span class='ocrx_word' id='word_1_151' title='bbox 3146 668 3467 740; x_wconf 90' lang='lat' dir='ltr'><strong>capiendum</strong></span> <span class='ocrx_word' id='word_1_152' title='bbox 3520 682 3624 726; x_wconf 86' lang='lat' dir='ltr'><strong>nos</strong></span> 
     </span>
    </p>
   </div>
   <div class='ocr_carea' id='block_1_22' title="bbox 2028 758 3620 833">
    <p class='ocr_par' dir='ltr' id='par_1_22' title="bbox 2028 758 3620 833">
     <span class='ocr_line' id='line_1_22' title="bbox 2028 758 3620 833; baseline 0.002 -18"><span class='ocrx_word' id='word_1_153' title='bbox 2028 758 2145 831; x_wconf 92' lang='lat' dir='ltr'><strong>ipse</strong></span> <span class='ocrx_word' id='word_1_154' title='bbox 2196 760 2494 832; x_wconf 83' lang='lat' dir='ltr'><strong>generavit.</strong></span> <span class='ocrx_word' id='word_1_155' title='bbox 2535 759 2649 817; x_wconf 81' lang='lat' dir='ltr'><strong>Hoc</strong></span> <span class='ocrx_word' id='word_1_156' title='bbox 2696 772 2876 816; x_wconf 91' lang='lat' dir='ltr'><strong>autem</strong></span> <span class='ocrx_word' id='word_1_157' title='bbox 2931 760 3129 833; x_wconf 81' lang='lat' dir='ltr'><strong>duplex</strong></span> <span class='ocrx_word' id='word_1_158' title='bbox 3160 761 3410 817; x_wconf 92' lang='lat' dir='ltr'><strong>sacriﬁcii</strong></span> <span class='ocrx_word' id='word_1_159' title='bbox 3445 775 3620 832; x_wconf 90' lang='lat' dir='ltr'><strong>genus</strong></span> 
     </span>
    </p>
   </div>
   <div class='ocr_carea' id='block_1_23' title="bbox 2029 849 3631 924">
    <p class='ocr_par' dir='ltr' id='par_1_23' title="bbox 2029 849 3631 924">
     <span class='ocr_line' id='line_1_23' title="bbox 2029 849 3631 924; baseline 0.001 -16"><span class='ocrx_word' id='word_1_160' title='bbox 2029 868 2193 924; x_wconf 91' lang='lat' dir='ltr'><strong>quam</strong></span> <span class='ocrx_word' id='word_1_161' title='bbox 2224 854 2296 909; x_wconf 90' lang='lat' dir='ltr'><strong>sit</strong></span> <span class='ocrx_word' id='word_1_162' title='bbox 2325 849 2691 922; x_wconf 84' lang='lat' dir='ltr'><strong>verissimum,</strong></span> <span class='ocrx_word' id='word_1_163' title='bbox 2719 852 3108 924; x_wconf 89' lang='lat' dir='ltr'><strong>Trismegistus</strong></span> <span class='ocrx_word' id='word_1_164' title='bbox 3134 853 3362 910; x_wconf 81' lang='lat' dir='ltr'><strong>Hermes</strong></span> <span class='ocrx_word' id='word_1_165' title='bbox 3399 853 3631 910; x_wconf 87' lang='lat' dir='ltr'><strong>idoneus</strong></span> 
     </span>
    </p>
   </div>
   <div class='ocr_carea' id='block_1_24' title="bbox 2027 946 3627 1019">
    <p class='ocr_par' dir='ltr' id='par_1_24' title="bbox 2027 946 3627 1019">
     <span class='ocr_line' id='line_1_24' title="bbox 2027 946 3627 1019; baseline 0.001 -17"><span class='ocrx_word' id='word_1_166' title='bbox 2027 946 2181 1002; x_wconf 82' lang='lat' dir='ltr'><strong>testis</strong></span> <span class='ocrx_word' id='word_1_167' title='bbox 2203 954 2317 1013; x_wconf 89' lang='lat' dir='ltr'><strong>est;</strong></span> <span class='ocrx_word' id='word_1_168' title='bbox 2348 946 2440 1017; x_wconf 86' lang='lat' dir='ltr'><strong>qui</strong></span> <span class='ocrx_word' id='word_1_169' title='bbox 2461 946 2763 1013; x_wconf 91' lang='lat' dir='ltr'><strong>nobiscum,</strong></span> <span class='ocrx_word' id='word_1_170' title='bbox 2792 946 2844 1002; x_wconf 92' lang='lat' dir='ltr'><strong>id</strong></span> <span class='ocrx_word' id='word_1_171' title='bbox 2869 956 2974 1014; x_wconf 90' lang='lat' dir='ltr'><strong>est,</strong></span> <span class='ocrx_word' id='word_1_172' title='bbox 3003 961 3127 1002; x_wconf 92' lang='lat' dir='ltr'><strong>cum</strong></span> <span class='ocrx_word' id='word_1_173' title='bbox 3161 947 3461 1018; x_wconf 83' lang='lat' dir='ltr'><strong>prophetis,</strong></span> <span class='ocrx_word' id='word_1_174' title='bbox 3487 961 3627 1019; x_wconf 86' lang='lat' dir='ltr'><strong>quos</strong></span> 
     </span>
    </p>
   </div>
   <div class='ocr_carea' id='block_1_25' title="bbox 2035 1040 3633 1114">
    <p class='ocr_par' dir='ltr' id='par_1_25' title="bbox 2035 1040 3633 1114">
     <span class='ocr_line' id='line_1_25' title="bbox 2035 1040 3633 1114; baseline 0.002 -20"><span class='ocrx_word' id='word_1_175' title='bbox 2035 1040 2336 1110; x_wconf 86' lang='lat' dir='ltr'><strong>sequimur,</strong></span> <span class='ocrx_word' id='word_1_176' title='bbox 2358 1048 2466 1096; x_wconf 89' lang='lat' dir='ltr'><strong>tam</strong></span> <span class='ocrx_word' id='word_1_177' title='bbox 2483 1040 2663 1096; x_wconf 84' lang='lat' dir='ltr'><strong>verbis</strong></span> <span class='ocrx_word' id='word_1_178' title='bbox 2677 1055 2835 1111; x_wconf 89' lang='lat' dir='ltr'><strong>quam</strong></span> <span class='ocrx_word' id='word_1_179' title='bbox 2859 1055 2919 1097; x_wconf 90' lang='lat' dir='ltr'><strong>re</strong></span> <span class='ocrx_word' id='word_1_180' title='bbox 2940 1041 3185 1112; x_wconf 79' lang='lat' dir='ltr'><strong>congruit</strong></span> <span class='ocrx_word' id='word_1_181' title='bbox 3208 1060 3224 1110; x_wconf 91' lang='lat'><strong>;</strong></span> <span class='ocrx_word' id='word_1_182' title='bbox 3248 1041 3434 1113; x_wconf 87' lang='lat' dir='ltr'><strong>sicque</strong></span> <span class='ocrx_word' id='word_1_183' title='bbox 3456 1041 3526 1097; x_wconf 89' lang='lat' dir='ltr'><strong>de</strong></span> <span class='ocrx_word' id='word_1_184' title='bbox 3544 1041 3633 1114; x_wconf 89' lang='lat' dir='ltr'><strong>ju-</strong></span> 
     </span>
    </p>
   </div>
   <div class='ocr_carea' id='block_1_26' title="bbox 2030 1132 3622 1201">
    <p class='ocr_par' dir='ltr' id='par_1_26' title="bbox 2030 1132 3622 1201">
     <span class='ocr_line' id='line_1_26' title="bbox 2030 1132 3622 1201; baseline 0.001 -13"><span class='ocrx_word' id='word_1_185' title='bbox 2030 1132 2173 1188; x_wconf 91' lang='lat' dir='ltr'><strong>stitia</strong></span> <span class='ocrx_word' id='word_1_186' title='bbox 2196 1134 2405 1189; x_wconf 91' lang='lat' dir='ltr'><strong>locutus</strong></span> <span class='ocrx_word' id='word_1_187' title='bbox 2432 1143 2548 1188; x_wconf 89' lang='lat' dir='ltr'><strong>est:</strong></span> <span class='ocrx_word' id='word_1_188' title='bbox 2575 1132 2718 1189; x_wconf 67' lang='lat' dir='ltr'><strong>«Hoc</strong></span> <span class='ocrx_word' id='word_1_189' title='bbox 2739 1134 2984 1199; x_wconf 89' lang='lat' dir='ltr'><strong>verbum,</strong></span> <span class='ocrx_word' id='word_1_190' title='bbox 3012 1148 3046 1189; x_wconf 95' lang='lat' dir='ltr'><strong>o</strong></span> <span class='ocrx_word' id='word_1_191' title='bbox 3068 1134 3166 1201; x_wconf 90' lang='lat' dir='ltr'><strong>ﬁli,</strong></span> <span class='ocrx_word' id='word_1_192' title='bbox 3192 1133 3356 1191; x_wconf 89' lang='lat' dir='ltr'><strong>adora</strong></span> <span class='ocrx_word' id='word_1_193' title='bbox 3377 1144 3433 1191; x_wconf 92' lang='lat' dir='ltr'><strong>et</strong></span> <span class='ocrx_word' id='word_1_194' title='bbox 3448 1134 3622 1192; x_wconf 63' lang='lat' dir='ltr'><strong>cole.»</strong></span> 
     </span>
    </p>
   </div>
   <div class='ocr_carea' id='block_1_27' title="bbox 2031 1223 3630 1292">
    <p class='ocr_par' dir='ltr' id='par_1_27' title="bbox 2031 1223 3630 1292">
     <span class='ocr_line' id='line_1_27' title="bbox 2031 1223 3630 1292; baseline 0.003 -12"><span class='ocrx_word' id='word_1_195' title='bbox 2031 1223 2218 1280; x_wconf 88' lang='lat' dir='ltr'><strong>Cultus</strong></span> <span class='ocrx_word' id='word_1_196' title='bbox 2231 1235 2407 1280; x_wconf 91' lang='lat' dir='ltr'><strong>autem</strong></span> <span class='ocrx_word' id='word_1_197' title='bbox 2433 1225 2525 1281; x_wconf 91' lang='lat' dir='ltr'><strong>Dei</strong></span> <span class='ocrx_word' id='word_1_198' title='bbox 2549 1240 2687 1280; x_wconf 90' lang='lat' dir='ltr'><strong>unus</strong></span> <span class='ocrx_word' id='word_1_199' title='bbox 2702 1234 2802 1292; x_wconf 89' lang='lat' dir='ltr'><strong>est,</strong></span> <span class='ocrx_word' id='word_1_200' title='bbox 2820 1227 3019 1281; x_wconf 89' lang='lat' dir='ltr'><strong>malum</strong></span> <span class='ocrx_word' id='word_1_201' title='bbox 3038 1241 3141 1282; x_wconf 90' lang='lat' dir='ltr'><strong>non</strong></span> <span class='ocrx_word' id='word_1_202' title='bbox 3159 1242 3298 1283; x_wconf 88' lang='lat' dir='ltr'><strong>esse.</strong></span> <span class='ocrx_word' id='word_1_203' title='bbox 3316 1227 3448 1282; x_wconf 89' lang='lat' dir='ltr'><strong>Item</strong></span> <span class='ocrx_word' id='word_1_204' title='bbox 3463 1227 3517 1283; x_wconf 90' lang='lat' dir='ltr'><strong>in</strong></span> <span class='ocrx_word' id='word_1_205' title='bbox 3535 1227 3630 1285; x_wconf 89' lang='lat' dir='ltr'><strong>illo</strong></span> 
     </span>
    </p>
   </div>
   <div class='ocr_carea' id='block_1_28' title="bbox 2031 1316 3631 1391">
    <p class='ocr_par' dir='ltr' id='par_1_28' title="bbox 2031 1316 3631 1391">
     <span class='ocr_line' id='line_1_28' title="bbox 2031 1316 3631 1391; baseline 0.003 -19"><span class='ocrx_word' id='word_1_206' title='bbox 2031 1331 2285 1372; x_wconf 89' lang='lat' dir='ltr'><strong>sermone</strong></span> <span class='ocrx_word' id='word_1_207' title='bbox 2307 1316 2565 1387; x_wconf 82' lang='lat' dir='ltr'><strong>perfecto,</strong></span> <span class='ocrx_word' id='word_1_208' title='bbox 2587 1334 2709 1372; x_wconf 89' lang='lat' dir='ltr'><strong>cum</strong></span> <span class='ocrx_word' id='word_1_209' title='bbox 2731 1318 3040 1373; x_wconf 81' lang='lat' dir='ltr'><strong>exaudisset</strong></span> <span class='ocrx_word' id='word_1_210' title='bbox 3054 1319 3360 1389; x_wconf 89' lang='lat' dir='ltr'><strong>Asclepium</strong></span> <span class='ocrx_word' id='word_1_211' title='bbox 3379 1335 3631 1391; x_wconf 72' lang='lat' dir='ltr'><strong>qurreu-</strong></span> 
     </span>
    </p>
   </div>
   <div class='ocr_carea' id='block_1_29' title="bbox 2031 1408 3629 1481">
    <p class='ocr_par' dir='ltr' id='par_1_29' title="bbox 2031 1408 3629 1481">
     <span class='ocr_line' id='line_1_29' title="bbox 2031 1408 3629 1481; baseline 0.004 -18"><span class='ocrx_word' id='word_1_212' title='bbox 2031 1416 2139 1463; x_wconf 89' lang='lat' dir='ltr'><strong>tem</strong></span> <span class='ocrx_word' id='word_1_213' title='bbox 2166 1423 2196 1462; x_wconf 90' lang='lat' dir='ltr'><strong>a</strong></span> <span class='ocrx_word' id='word_1_214' title='bbox 2229 1408 2339 1464; x_wconf 89' lang='lat' dir='ltr'><strong>ﬁlio</strong></span> <span class='ocrx_word' id='word_1_215' title='bbox 2370 1425 2490 1476; x_wconf 89' lang='lat' dir='ltr'><strong>suo,</strong></span> <span class='ocrx_word' id='word_1_216' title='bbox 2507 1419 2683 1464; x_wconf 90' lang='lat' dir='ltr'><strong>utrum</strong></span> <span class='ocrx_word' id='word_1_217' title='bbox 2710 1410 2947 1478; x_wconf 89' lang='lat' dir='ltr'><strong>placeret</strong></span> <span class='ocrx_word' id='word_1_218' title='bbox 2972 1412 3111 1479; x_wconf 88' lang='lat' dir='ltr'><strong>patri</strong></span> <span class='ocrx_word' id='word_1_219' title='bbox 3132 1411 3252 1480; x_wconf 87' lang='lat' dir='ltr'><strong>ejus</strong></span> <span class='ocrx_word' id='word_1_220' title='bbox 3280 1410 3461 1467; x_wconf 84' lang='lat' dir='ltr'><strong>oﬁ&#39;erri</strong></span> <span class='ocrx_word' id='word_1_221' title='bbox 3486 1411 3629 1481; x_wconf 88' lang='lat' dir='ltr'><strong>thus,</strong></span> 
     </span>
    </p>
   </div>
   <div class='ocr_carea' id='block_1_30' title="bbox 2032 1500 3628 1577">
    <p class='ocr_par' dir='ltr' id='par_1_30' title="bbox 2032 1500 3628 1577">
     <span class='ocr_line' id='line_1_30' title="bbox 2032 1500 3628 1577; baseline 0.005 -21"><span class='ocrx_word' id='word_1_222' title='bbox 2032 1510 2089 1556; x_wconf 92' lang='lat' dir='ltr'><strong>et</strong></span> <span class='ocrx_word' id='word_1_223' title='bbox 2116 1501 2254 1556; x_wconf 85' lang='lat' dir='ltr'><strong>alios</strong></span> <span class='ocrx_word' id='word_1_224' title='bbox 2273 1500 2471 1557; x_wconf 90' lang='lat' dir='ltr'><strong>odores</strong></span> <span class='ocrx_word' id='word_1_225' title='bbox 2490 1502 2556 1557; x_wconf 90' lang='lat' dir='ltr'><strong>ad</strong></span> <span class='ocrx_word' id='word_1_226' title='bbox 2580 1502 2902 1559; x_wconf 90' lang='lat' dir='ltr'><strong>sacriﬁcium</strong></span> <span class='ocrx_word' id='word_1_227' title='bbox 2925 1503 3038 1571; x_wconf 88' lang='lat' dir='ltr'><strong>Dei,</strong></span> <span class='ocrx_word' id='word_1_228' title='bbox 3057 1504 3381 1559; x_wconf 79' lang='lat' dir='ltr'><strong>exclamavit</strong></span> <span class='ocrx_word' id='word_1_229' title='bbox 3404 1505 3628 1577; x_wconf 77' lang='lat' dir='ltr'><strong>:rBene,</strong></span> 
     </span>
    </p>
   </div>
   <div class='ocr_carea' id='block_1_31' title="bbox 2036 1593 3633 1669">
    <p class='ocr_par' dir='ltr' id='par_1_31' title="bbox 2036 1593 3633 1669">
     <span class='ocr_line' id='line_1_31' title="bbox 2036 1593 3633 1669; baseline 0.004 -21"><span class='ocrx_word' id='word_1_230' title='bbox 2036 1593 2174 1649; x_wconf 89' lang='lat' dir='ltr'><strong>bene</strong></span> <span class='ocrx_word' id='word_1_231' title='bbox 2199 1594 2514 1660; x_wconf 89' lang='lat' dir='ltr'><strong>omiuare,o</strong></span> <span class='ocrx_word' id='word_1_232' title='bbox 2543 1594 2780 1665; x_wconf 86' lang='lat' dir='ltr'><strong>Asclepi.</strong></span> <span class='ocrx_word' id='word_1_233' title='bbox 2801 1594 2898 1650; x_wconf 85' lang='lat' dir='ltr'><strong>Est</strong></span> <span class='ocrx_word' id='word_1_234' title='bbox 2923 1596 3068 1650; x_wconf 89' lang='lat' dir='ltr'><strong>enim</strong></span> <span class='ocrx_word' id='word_1_235' title='bbox 3097 1597 3330 1651; x_wconf 85' lang='lat' dir='ltr'><strong>maxima</strong></span> <span class='ocrx_word' id='word_1_236' title='bbox 3362 1598 3633 1669; x_wconf 85' lang='lat' dir='ltr'><strong>impietas,</strong></span> 
     </span>
    </p>
   </div>
   <div class='ocr_carea' id='block_1_32' title="bbox 2036 1685 3633 1758">
    <p class='ocr_par' dir='ltr' id='par_1_32' title="bbox 2036 1685 3633 1758">
     <span class='ocr_line' id='line_1_32' title="bbox 2036 1685 3633 1758; baseline 0.005 -19"><span class='ocrx_word' id='word_1_237' title='bbox 2036 1685 2147 1742; x_wconf 89' lang='lat' dir='ltr'><strong>tale</strong></span> <span class='ocrx_word' id='word_1_238' title='bbox 2172 1687 2299 1756; x_wconf 89' lang='lat' dir='ltr'><strong>quid</strong></span> <span class='ocrx_word' id='word_1_239' title='bbox 2326 1686 2395 1742; x_wconf 90' lang='lat' dir='ltr'><strong>de</strong></span> <span class='ocrx_word' id='word_1_240' title='bbox 2444 1702 2554 1742; x_wconf 91' lang='lat' dir='ltr'><strong>uno</strong></span> <span class='ocrx_word' id='word_1_241' title='bbox 2581 1687 2673 1742; x_wconf 90' lang='lat' dir='ltr'><strong>illo</strong></span> <span class='ocrx_word' id='word_1_242' title='bbox 2704 1703 2768 1743; x_wconf 90' lang='lat' dir='ltr'><strong>ac</strong></span> <span class='ocrx_word' id='word_1_243' title='bbox 2814 1687 3071 1758; x_wconf 79' lang='lat' dir='ltr'><strong>singulari</strong></span> <span class='ocrx_word' id='word_1_244' title='bbox 3120 1687 3263 1743; x_wconf 88' lang='lat' dir='ltr'><strong>bono</strong></span> <span class='ocrx_word' id='word_1_245' title='bbox 3302 1689 3356 1743; x_wconf 91' lang='lat' dir='ltr'><strong>in</strong></span> <span class='ocrx_word' id='word_1_246' title='bbox 3387 1689 3633 1747; x_wconf 89' lang='lat' dir='ltr'><strong>animum</strong></span> 
     </span>
    </p>
   </div>
   <div class='ocr_carea' id='block_1_33' title="bbox 330 1779 3630 1855">
    <p class='ocr_par' dir='ltr' id='par_1_33' title="bbox 330 1779 3630 1855">
     <span class='ocr_line' id='line_1_33' title="bbox 330 1779 3630 1855; baseline -0 -15"><span class='ocrx_word' id='word_1_247' title='bbox 330 1801 425 1841; x_wconf 89' lang='lat' dir='ltr'><strong>ara</strong></span> <span class='ocrx_word' id='word_1_248' title='bbox 448 1795 774 1841; x_wconf 84' lang='lat' dir='ltr'><strong>cremantur.</strong></span> <span class='ocrx_word' id='word_1_249' title='bbox 797 1784 904 1842; x_wconf 88' lang='lat' dir='ltr'><strong>Sed</strong></span> <span class='ocrx_word' id='word_1_250' title='bbox 930 1794 1163 1855; x_wconf 91' lang='lat' dir='ltr'><strong>utroque</strong></span> <span class='ocrx_word' id='word_1_251' title='bbox 1192 1799 1301 1840; x_wconf 91' lang='lat' dir='ltr'><strong>non</strong></span> <span class='ocrx_word' id='word_1_252' title='bbox 1325 1784 1492 1839; x_wconf 88' lang='lat' dir='ltr'><strong>utitur</strong></span> <span class='ocrx_word' id='word_1_253' title='bbox 1512 1783 1660 1838; x_wconf 92' lang='lat' dir='ltr'><strong>Deus</strong></span> <span class='ocrx_word' id='word_1_254' title='bbox 1688 1802 1703 1847; x_wconf 83' lang='lat'><strong>;</strong></span> <span class='ocrx_word' id='word_1_255' title='bbox 1726 1784 1851 1852; x_wconf 90' lang='lat' dir='ltr'><strong>quia</strong></span> <span class='ocrx_word' id='word_1_256' title='bbox 1877 1791 1933 1839; x_wconf 86' lang='lat' dir='ltr'><strong>et</strong></span> <span class='ocrx_word' id='word_1_257' title='bbox 1960 1783 2009 1845; x_wconf 88' lang='lat' dir='ltr'><strong>B</strong></span> <span class='ocrx_word' id='word_1_258' title='bbox 2036 1779 2314 1835; x_wconf 86' lang='lat' dir='ltr'><strong>inducere.</strong></span> <span class='ocrx_word' id='word_1_259' title='bbox 2350 1781 2478 1836; x_wconf 65' lang='lat' dir='ltr'><strong>llaec</strong></span> <span class='ocrx_word' id='word_1_260' title='bbox 2502 1793 2558 1836; x_wconf 93' lang='lat' dir='ltr'><strong>et</strong></span> <span class='ocrx_word' id='word_1_261' title='bbox 2600 1780 2683 1835; x_wconf 90' lang='lat' dir='ltr'><strong>his</strong></span> <span class='ocrx_word' id='word_1_262' title='bbox 2728 1780 2920 1835; x_wconf 86' lang='lat' dir='ltr'><strong>similia</strong></span> <span class='ocrx_word' id='word_1_263' title='bbox 2974 1780 3099 1837; x_wconf 91' lang='lat' dir='ltr'><strong>huic</strong></span> <span class='ocrx_word' id='word_1_264' title='bbox 3143 1796 3251 1836; x_wconf 92' lang='lat' dir='ltr'><strong>non</strong></span> <span class='ocrx_word' id='word_1_265' title='bbox 3278 1783 3630 1839; x_wconf 90' lang='lat' dir='ltr'><strong>conveniunt.</strong></span> 
     </span>
    </p>
   </div>
   <div class='ocr_carea' id='block_1_34' title="bbox 330 1875 1928 1949">
    <p class='ocr_par' dir='ltr' id='par_1_34' title="bbox 330 1875 1928 1949">
     <span class='ocr_line' id='line_1_34' title="bbox 330 1875 1928 1949; baseline -0.001 -16"><span class='ocrx_word' id='word_1_266' title='bbox 330 1878 450 1949; x_wconf 90' lang='lat' dir='ltr'><strong>ipse</strong></span> <span class='ocrx_word' id='word_1_267' title='bbox 476 1877 825 1949; x_wconf 88' lang='lat' dir='ltr'><strong>incorruptus</strong></span> <span class='ocrx_word' id='word_1_268' title='bbox 846 1886 948 1943; x_wconf 92' lang='lat' dir='ltr'><strong>est,</strong></span> <span class='ocrx_word' id='word_1_269' title='bbox 976 1886 1030 1932; x_wconf 92' lang='lat' dir='ltr'><strong>et</strong></span> <span class='ocrx_word' id='word_1_270' title='bbox 1056 1876 1188 1932; x_wconf 90' lang='lat' dir='ltr'><strong>illud</strong></span> <span class='ocrx_word' id='word_1_271' title='bbox 1215 1886 1385 1931; x_wconf 91' lang='lat' dir='ltr'><strong>totum</strong></span> <span class='ocrx_word' id='word_1_272' title='bbox 1413 1875 1793 1947; x_wconf 90' lang='lat' dir='ltr'><strong>corruptibile.</strong></span> <span class='ocrx_word' id='word_1_273' title='bbox 1822 1875 1928 1931; x_wconf 89' lang='lat' dir='ltr'><strong>ita-</strong></span> 
     </span>
    </p>
   </div>
   <div class='ocr_carea' id='block_1_35' title="bbox 331 1968 1929 2041">
    <p class='ocr_par' dir='ltr' id='par_1_35' title="bbox 331 1968 1929 2041">
     <span class='ocr_line' id='line_1_35' title="bbox 331 1968 1929 2041; baseline -0.002 -15"><span class='ocrx_word' id='word_1_274' title='bbox 331 1986 439 2041; x_wconf 91' lang='lat' dir='ltr'><strong>que</strong></span> <span class='ocrx_word' id='word_1_275' title='bbox 465 1970 579 2026; x_wconf 91' lang='lat' dir='ltr'><strong>Deo</strong></span> <span class='ocrx_word' id='word_1_276' title='bbox 606 1982 913 2041; x_wconf 78' lang='lat' dir='ltr'><strong>utrumque.</strong></span> <span class='ocrx_word' id='word_1_277' title='bbox 933 1969 1273 2041; x_wconf 89' lang='lat' dir='ltr'><strong>incorporale</strong></span> <span class='ocrx_word' id='word_1_278' title='bbox 1325 1968 1664 2025; x_wconf 83' lang='lat' dir='ltr'><strong>oﬁ‘erendum</strong></span> <span class='ocrx_word' id='word_1_279' title='bbox 1690 1978 1792 2037; x_wconf 88' lang='lat' dir='ltr'><strong>est,</strong></span> <span class='ocrx_word' id='word_1_280' title='bbox 1822 1984 1929 2039; x_wconf 92' lang='lat' dir='ltr'><strong>quo</strong></span> 
     </span>
    </p>
   </div>
   <div class='ocr_carea' id='block_1_36' title="bbox 332 2062 1924 2135">
    <p class='ocr_par' dir='ltr' id='par_1_36' title="bbox 332 2062 1924 2135">
     <span class='ocr_line' id='line_1_36' title="bbox 332 2062 1924 2135; baseline -0.003 -14"><span class='ocrx_word' id='word_1_281' title='bbox 332 2065 526 2121; x_wconf 88' lang='lat' dir='ltr'><strong>utitur.</strong></span> <span class='ocrx_word' id='word_1_282' title='bbox 579 2064 788 2120; x_wconf 91' lang='lat' dir='ltr'><strong>Donum</strong></span> <span class='ocrx_word' id='word_1_283' title='bbox 843 2075 929 2120; x_wconf 89' lang='lat' dir='ltr'><strong>est</strong></span> <span class='ocrx_word' id='word_1_284' title='bbox 981 2064 1262 2135; x_wconf 84' lang='lat' dir='ltr'><strong>integritas</strong></span> <span class='ocrx_word' id='word_1_285' title='bbox 1310 2063 1519 2130; x_wconf 90' lang='lat' dir='ltr'><strong>animi;</strong></span> <span class='ocrx_word' id='word_1_286' title='bbox 1579 2062 1924 2127; x_wconf 89' lang='lat' dir='ltr'><strong>sacriﬁcium,</strong></span> 
     </span>
    </p>
   </div>
   <div class='ocr_carea' id='block_1_37' title="bbox 330 2142 1930 2232">
    <p class='ocr_par' dir='ltr' id='par_1_37' title="bbox 330 2142 1930 2232">
     <span class='ocr_line' id='line_1_37' title="bbox 330 2142 1930 2232; baseline -0.002 -18"><span class='ocrx_word' id='word_1_287' title='bbox 330 2159 472 2225; x_wconf 90' lang='lat' dir='ltr'><strong>laus,</strong></span> <span class='ocrx_word' id='word_1_288' title='bbox 512 2167 569 2215; x_wconf 87' lang='lat' dir='ltr'><strong>et</strong></span> <span class='ocrx_word' id='word_1_289' title='bbox 602 2158 857 2232; x_wconf 87' lang='lat' dir='ltr'><strong>hymnus.</strong></span> <span class='ocrx_word' id='word_1_290' title='bbox 906 2142 970 2215; x_wconf 83' lang='lat' dir='ltr'><strong>Si</strong></span> <span class='ocrx_word' id='word_1_291' title='bbox 1014 2158 1157 2214; x_wconf 91' lang='lat' dir='ltr'><strong>enim</strong></span> <span class='ocrx_word' id='word_1_292' title='bbox 1190 2158 1331 2214; x_wconf 88' lang='lat' dir='ltr'><strong>Deus</strong></span> <span class='ocrx_word' id='word_1_293' title='bbox 1381 2173 1486 2212; x_wconf 92' lang='lat' dir='ltr'><strong>nou</strong></span> <span class='ocrx_word' id='word_1_294' title='bbox 1515 2156 1752 2221; x_wconf 88' lang='lat' dir='ltr'><strong>videtur,</strong></span> <span class='ocrx_word' id='word_1_295' title='bbox 1799 2170 1930 2227; x_wconf 85' lang='lat' dir='ltr'><strong>ergo</strong></span> 
     </span>
    </p>
   </div>
   <div class='ocr_carea' id='block_1_38' title="bbox 332 2248 1929 2322">
    <p class='ocr_par' dir='ltr' id='par_1_38' title="bbox 332 2248 1929 2322">
     <span class='ocr_line' id='line_1_38' title="bbox 332 2248 1929 2322; baseline -0.002 -16"><span class='ocrx_word' id='word_1_296' title='bbox 332 2250 419 2306; x_wconf 90' lang='lat' dir='ltr'><strong>his</strong></span> <span class='ocrx_word' id='word_1_297' title='bbox 460 2251 622 2307; x_wconf 88' lang='lat' dir='ltr'><strong>rebus</strong></span> <span class='ocrx_word' id='word_1_298' title='bbox 646 2252 750 2308; x_wconf 90' lang='lat' dir='ltr'><strong>coli</strong></span> <span class='ocrx_word' id='word_1_299' title='bbox 779 2251 964 2319; x_wconf 88' lang='lat' dir='ltr'><strong>debet,</strong></span> <span class='ocrx_word' id='word_1_300' title='bbox 991 2266 1111 2322; x_wconf 67' lang='lat' dir='ltr'><strong>quae</strong></span> <span class='ocrx_word' id='word_1_301' title='bbox 1152 2266 1258 2306; x_wconf 94' lang='lat' dir='ltr'><strong>non</strong></span> <span class='ocrx_word' id='word_1_302' title='bbox 1286 2250 1559 2306; x_wconf 91' lang='lat' dir='ltr'><strong>videntur.</strong></span> <span class='ocrx_word' id='word_1_303' title='bbox 1588 2248 1741 2305; x_wconf 86' lang='lat' dir='ltr'><strong>Nulla</strong></span> <span class='ocrx_word' id='word_1_304' title='bbox 1767 2249 1929 2320; x_wconf 83' lang='lat' dir='ltr'><strong>igitur</strong></span> 
     </span>
    </p>
   </div>
   <div class='ocr_carea' id='block_1_39' title="bbox 332 2342 1927 2414">
    <p class='ocr_par' dir='ltr' id='par_1_39' title="bbox 332 2342 1927 2414">
     <span class='ocr_line' id='line_1_39' title="bbox 332 2342 1927 2414; baseline 0 -17"><span class='ocrx_word' id='word_1_305' title='bbox 332 2342 434 2397; x_wconf 88' lang='lat' dir='ltr'><strong>alia</strong></span> <span class='ocrx_word' id='word_1_306' title='bbox 467 2343 658 2413; x_wconf 88' lang='lat' dir='ltr'><strong>religio</strong></span> <span class='ocrx_word' id='word_1_307' title='bbox 685 2352 769 2400; x_wconf 89' lang='lat' dir='ltr'><strong>est</strong></span> <span class='ocrx_word' id='word_1_308' title='bbox 802 2358 951 2408; x_wconf 90' lang='lat' dir='ltr'><strong>vera,</strong></span> <span class='ocrx_word' id='word_1_309' title='bbox 978 2343 1080 2398; x_wconf 84' lang='lat' dir='ltr'><strong>nisi</strong></span> <span class='ocrx_word' id='word_1_310' title='bbox 1107 2358 1228 2414; x_wconf 66' lang='lat' dir='ltr'><strong>quae</strong></span> <span class='ocrx_word' id='word_1_311' title='bbox 1258 2343 1458 2398; x_wconf 90' lang='lat' dir='ltr'><strong>virtute</strong></span> <span class='ocrx_word' id='word_1_312' title='bbox 1483 2356 1546 2397; x_wconf 88' lang='lat' dir='ltr'><strong>ac</strong></span> <span class='ocrx_word' id='word_1_313' title='bbox 1563 2342 1771 2411; x_wconf 90' lang='lat' dir='ltr'><strong>justitia</strong></span> <span class='ocrx_word' id='word_1_314' title='bbox 1797 2356 1927 2397; x_wconf 91' lang='lat' dir='ltr'><strong>cou-</strong></span> 
     </span>
    </p>
   </div>
   <div class='ocr_carea' id='block_1_40' title="bbox 335 2433 1925 2504">
    <p class='ocr_par' dir='ltr' id='par_1_40' title="bbox 335 2433 1925 2504">
     <span class='ocr_line' id='line_1_40' title="bbox 335 2433 1925 2504; baseline -0.001 -14"><span class='ocrx_word' id='word_1_315' title='bbox 335 2443 461 2490; x_wconf 86' lang='lat' dir='ltr'><strong>stat.</strong></span> <span class='ocrx_word' id='word_1_316' title='bbox 491 2434 772 2501; x_wconf 86' lang='lat' dir='ltr'><strong>Quomodo</strong></span> <span class='ocrx_word' id='word_1_317' title='bbox 809 2443 987 2491; x_wconf 88' lang='lat' dir='ltr'><strong>autem</strong></span> <span class='ocrx_word' id='word_1_318' title='bbox 1044 2435 1183 2490; x_wconf 84' lang='lat' dir='ltr'><strong>Deus</strong></span> <span class='ocrx_word' id='word_1_319' title='bbox 1207 2434 1415 2504; x_wconf 88' lang='lat' dir='ltr'><strong>justitia</strong></span> <span class='ocrx_word' id='word_1_320' title='bbox 1459 2433 1694 2490; x_wconf 89' lang='lat' dir='ltr'><strong>hominis</strong></span> <span class='ocrx_word' id='word_1_321' title='bbox 1726 2442 1925 2499; x_wconf 85' lang='lat' dir='ltr'><strong>utatur,</strong></span> 
     </span>
    </p>
   </div>
   <div class='ocr_carea' id='block_1_41' title="bbox 334 2527 1920 2597">
    <p class='ocr_par' dir='ltr' id='par_1_41' title="bbox 334 2527 1920 2597">
     <span class='ocr_line' id='line_1_41' title="bbox 334 2527 1920 2597; baseline -0.001 -13"><span class='ocrx_word' id='word_1_322' title='bbox 334 2527 611 2585; x_wconf 90' lang='lat' dir='ltr'><strong>intellectu</strong></span> <span class='ocrx_word' id='word_1_323' title='bbox 643 2527 799 2583; x_wconf 87' lang='lat' dir='ltr'><strong>facile</strong></span> <span class='ocrx_word' id='word_1_324' title='bbox 825 2538 928 2584; x_wconf 90' lang='lat' dir='ltr'><strong>est.</strong></span> <span class='ocrx_word' id='word_1_325' title='bbox 959 2528 1016 2585; x_wconf 89' lang='lat' dir='ltr'><strong>Si</strong></span> <span class='ocrx_word' id='word_1_326' title='bbox 1048 2529 1195 2583; x_wconf 91' lang='lat' dir='ltr'><strong>enim</strong></span> <span class='ocrx_word' id='word_1_327' title='bbox 1216 2528 1396 2597; x_wconf 90' lang='lat' dir='ltr'><strong>justus</strong></span> <span class='ocrx_word' id='word_1_328' title='bbox 1423 2527 1584 2585; x_wconf 83' lang='lat' dir='ltr'><strong>fuerit</strong></span> <span class='ocrx_word' id='word_1_329' title='bbox 1613 2528 1798 2592; x_wconf 88' lang='lat' dir='ltr'><strong>homo,</strong></span> <span class='ocrx_word' id='word_1_330' title='bbox 1828 2542 1920 2583; x_wconf 90' lang='lat' dir='ltr'><strong>ac—</strong></span> 
     </span>
    </p>
   </div>
   <div class='ocr_carea' id='block_1_42' title="bbox 336 2620 1928 2691">
    <p class='ocr_par' dir='ltr' id='par_1_42' title="bbox 336 2620 1928 2691">
     <span class='ocr_line' id='line_1_42' title="bbox 336 2620 1928 2691; baseline 0 -15"><span class='ocrx_word' id='word_1_331' title='bbox 336 2630 496 2691; x_wconf 89' lang='lat' dir='ltr'><strong>cepta</strong></span> <span class='ocrx_word' id='word_1_332' title='bbox 528 2621 956 2687; x_wconf 89' lang='lat' dir='ltr'><strong>immortalitate,</strong></span> <span class='ocrx_word' id='word_1_333' title='bbox 990 2621 1044 2675; x_wconf 90' lang='lat' dir='ltr'><strong>in</strong></span> <span class='ocrx_word' id='word_1_334' title='bbox 1095 2630 1357 2676; x_wconf 84' lang='lat' dir='ltr'><strong>aeternum</strong></span> <span class='ocrx_word' id='word_1_335' title='bbox 1404 2621 1517 2678; x_wconf 94' lang='lat' dir='ltr'><strong>Deo</strong></span> <span class='ocrx_word' id='word_1_336' title='bbox 1568 2621 1790 2676; x_wconf 88' lang='lat' dir='ltr'><strong>serviet.</strong></span> <span class='ocrx_word' id='word_1_337' title='bbox 1814 2620 1928 2676; x_wconf 80' lang='lat' dir='ltr'><strong>Ilo-</strong></span> 
     </span>
    </p>
   </div>
   <div class='ocr_carea' id='block_1_43' title="bbox 332 2713 1930 2784">
    <p class='ocr_par' dir='ltr' id='par_1_43' title="bbox 332 2713 1930 2784">
     <span class='ocr_line' id='line_1_43' title="bbox 332 2713 1930 2784; baseline 0 -16"><span class='ocrx_word' id='word_1_338' title='bbox 332 2715 512 2769; x_wconf 90' lang='lat' dir='ltr'><strong>mines</strong></span> <span class='ocrx_word' id='word_1_339' title='bbox 538 2722 718 2769; x_wconf 91' lang='lat' dir='ltr'><strong>autem</strong></span> <span class='ocrx_word' id='word_1_340' title='bbox 751 2729 859 2769; x_wconf 93' lang='lat' dir='ltr'><strong>non</strong></span> <span class='ocrx_word' id='word_1_341' title='bbox 888 2714 992 2768; x_wconf 89' lang='lat' dir='ltr'><strong>nisi</strong></span> <span class='ocrx_word' id='word_1_342' title='bbox 1016 2713 1082 2768; x_wconf 90' lang='lat' dir='ltr'><strong>ad</strong></span> <span class='ocrx_word' id='word_1_343' title='bbox 1104 2713 1367 2784; x_wconf 88' lang='lat' dir='ltr'><strong>justitiam</strong></span> <span class='ocrx_word' id='word_1_344' title='bbox 1399 2713 1569 2780; x_wconf 87' lang='lat' dir='ltr'><strong>nasci,</strong></span> <span class='ocrx_word' id='word_1_345' title='bbox 1601 2728 1723 2769; x_wconf 92' lang='lat' dir='ltr'><strong>cum</strong></span> <span class='ocrx_word' id='word_1_346' title='bbox 1753 2714 1930 2783; x_wconf 85' lang='lat' dir='ltr'><strong>philo-</strong></span> 
     </span>
    </p>
   </div>
   <div class='ocr_carea' id='block_1_44' title="bbox 329 2805 1930 2877">
    <p class='ocr_par' dir='ltr' id='par_1_44' title="bbox 329 2805 1930 2877">
     <span class='ocr_line' id='line_1_44' title="bbox 329 2805 1930 2877; baseline 0.001 -15"><span class='ocrx_word' id='word_1_347' title='bbox 329 2807 491 2877; x_wconf 76' lang='lat' dir='ltr'><strong>SOphi</strong></span> <span class='ocrx_word' id='word_1_348' title='bbox 519 2817 752 2872; x_wconf 87' lang='lat' dir='ltr'><strong>veteres,</strong></span> <span class='ocrx_word' id='word_1_349' title='bbox 807 2815 916 2861; x_wconf 91' lang='lat' dir='ltr'><strong>tum</strong></span> <span class='ocrx_word' id='word_1_350' title='bbox 956 2809 1119 2862; x_wconf 90' lang='lat' dir='ltr'><strong>etiam</strong></span> <span class='ocrx_word' id='word_1_351' title='bbox 1149 2805 1341 2862; x_wconf 91' lang='lat' dir='ltr'><strong>Cicero</strong></span> <span class='ocrx_word' id='word_1_352' title='bbox 1388 2809 1714 2875; x_wconf 85' lang='lat' dir='ltr'><strong>suspicatur.</strong></span> <span class='ocrx_word' id='word_1_353' title='bbox 1747 2807 1930 2863; x_wconf 83' lang='lat' dir='ltr'><strong>Disse-</strong></span> 
     </span>
    </p>
   </div>
   <div class='ocr_carea' id='block_1_45' title="bbox 332 2900 1933 2973">
    <p class='ocr_par' dir='ltr' id='par_1_45' title="bbox 332 2900 1933 2973">
     <span class='ocr_line' id='line_1_45' title="bbox 332 2900 1933 2973; baseline 0.001 -17"><span class='ocrx_word' id='word_1_354' title='bbox 332 2917 463 2957; x_wconf 89' lang='lat' dir='ltr'><strong>rens</strong></span> <span class='ocrx_word' id='word_1_355' title='bbox 488 2901 632 2957; x_wconf 90' lang='lat' dir='ltr'><strong>enim</strong></span> <span class='ocrx_word' id='word_1_356' title='bbox 657 2900 726 2957; x_wconf 91' lang='lat' dir='ltr'><strong>de</strong></span> <span class='ocrx_word' id='word_1_357' title='bbox 748 2900 956 2973; x_wconf 89' lang='lat' dir='ltr'><strong>legibus</strong></span> <span class='ocrx_word' id='word_1_358' title='bbox 990 2918 1004 2956; x_wconf 87' lang='lat'><strong>:</strong></span> <span class='ocrx_word' id='word_1_359' title='bbox 1036 2920 1053 2951; x_wconf 77' lang='grc' dir='ltr'>ι</span> <span class='ocrx_word' id='word_1_360' title='bbox 1093 2900 1201 2957; x_wconf 89' lang='lat' dir='ltr'><strong>Sed</strong></span> <span class='ocrx_word' id='word_1_361' title='bbox 1232 2900 1493 2969; x_wconf 89' lang='lat' dir='ltr'><strong>omnium,</strong></span> <span class='ocrx_word' id='word_1_362' title='bbox 1524 2901 1715 2972; x_wconf 91' lang='lat' dir='ltr'><strong>inquit,</strong></span> <span class='ocrx_word' id='word_1_363' title='bbox 1734 2917 1853 2972; x_wconf 85' lang='lat' dir='ltr'><strong>quae</strong></span> <span class='ocrx_word' id='word_1_364' title='bbox 1879 2902 1933 2957; x_wconf 89' lang='lat' dir='ltr'><strong>in</strong></span> 
     </span>
    </p>
   </div>
   <div class='ocr_carea' id='block_1_46' title="bbox 2037 1871 3635 1944">
    <p class='ocr_par' dir='ltr' id='par_1_46' title="bbox 2037 1871 3635 1944">
     <span class='ocr_line' id='line_1_46' title="bbox 2037 1871 3635 1944; baseline 0.003 -17"><span class='ocrx_word' id='word_1_365' title='bbox 2037 1871 2288 1928; x_wconf 91' lang='lat' dir='ltr'><strong>Omnium</strong></span> <span class='ocrx_word' id='word_1_366' title='bbox 2319 1873 2463 1927; x_wconf 91' lang='lat' dir='ltr'><strong>enim</strong></span> <span class='ocrx_word' id='word_1_367' title='bbox 2509 1882 3035 1943; x_wconf 72' lang='lat' dir='ltr'><strong>qtnecumquesunt,</strong></span> <span class='ocrx_word' id='word_1_368' title='bbox 3068 1873 3258 1944; x_wconf 89' lang='lat' dir='ltr'><strong>plenus</strong></span> <span class='ocrx_word' id='word_1_369' title='bbox 3288 1882 3393 1942; x_wconf 88' lang='lat' dir='ltr'><strong>est,</strong></span> <span class='ocrx_word' id='word_1_370' title='bbox 3422 1882 3476 1930; x_wconf 85' lang='lat' dir='ltr'><strong>et</strong></span> <span class='ocrx_word' id='word_1_371' title='bbox 3514 1889 3635 1931; x_wconf 84' lang='lat' dir='ltr'><strong>om-</strong></span> 
     </span>
    </p>
   </div>
   <div class='ocr_carea' id='block_1_47' title="bbox 2037 1964 3636 2039">
    <p class='ocr_par' dir='ltr' id='par_1_47' title="bbox 2037 1964 3636 2039">
     <span class='ocr_line' id='line_1_47' title="bbox 2037 1964 3636 2039; baseline 0.004 -20"><span class='ocrx_word' id='word_1_372' title='bbox 2037 1964 2186 2020; x_wconf 90' lang='lat' dir='ltr'><strong>nium</strong></span> <span class='ocrx_word' id='word_1_373' title='bbox 2219 1966 2440 2020; x_wconf 91' lang='lat' dir='ltr'><strong>minime</strong></span> <span class='ocrx_word' id='word_1_374' title='bbox 2467 1965 2733 2037; x_wconf 90' lang='lat' dir='ltr'><strong>indigens.</strong></span> <span class='ocrx_word' id='word_1_375' title='bbox 2757 1966 2865 2021; x_wconf 85' lang='lat' dir='ltr'><strong>Nos</strong></span> <span class='ocrx_word' id='word_1_376' title='bbox 2880 1981 3010 2025; x_wconf 90' lang='lat' dir='ltr'><strong>vero</strong></span> <span class='ocrx_word' id='word_1_377' title='bbox 3037 1968 3239 2039; x_wconf 87' lang='lat' dir='ltr'><strong>gratias</strong></span> <span class='ocrx_word' id='word_1_378' title='bbox 3259 1978 3483 2039; x_wconf 87' lang='lat' dir='ltr'><strong>agentes</strong></span> <span class='ocrx_word' id='word_1_379' title='bbox 3503 1968 3636 2026; x_wconf 84' lang='lat' dir='ltr'><strong>ado-</strong></span> 
     </span>
    </p>
   </div>
   <div class='ocr_carea' id='block_1_48' title="bbox 2038 2056 3635 2129">
    <p class='ocr_par' dir='ltr' id='par_1_48' title="bbox 2038 2056 3635 2129">
     <span class='ocr_line' id='line_1_48' title="bbox 2038 2056 3635 2129; baseline 0.006 -18"><span class='ocrx_word' id='word_1_380' title='bbox 2038 2072 2241 2113; x_wconf 87' lang='lat' dir='ltr'><strong>remus.</strong></span> <span class='ocrx_word' id='word_1_381' title='bbox 2274 2056 2443 2129; x_wconf 89' lang='lat' dir='ltr'><strong>Hujus</strong></span> <span class='ocrx_word' id='word_1_382' title='bbox 2470 2058 2614 2115; x_wconf 91' lang='lat' dir='ltr'><strong>enim</strong></span> <span class='ocrx_word' id='word_1_383' title='bbox 2642 2059 2987 2127; x_wconf 86' lang='lat' dir='ltr'><strong>sacriﬁcium,</strong></span> <span class='ocrx_word' id='word_1_384' title='bbox 3014 2059 3130 2121; x_wconf 88' lang='lat' dir='ltr'><strong>sola</strong></span> <span class='ocrx_word' id='word_1_385' title='bbox 3153 2060 3482 2118; x_wconf 87' lang='lat' dir='ltr'><strong>benedictio.</strong></span> <span class='ocrx_word' id='word_1_386' title='bbox 3509 2081 3530 2116; x_wconf 76' lang='grc' dir='ltr'><strong><em>ι</em></strong></span> <span class='ocrx_word' id='word_1_387' title='bbox 3563 2062 3635 2120; x_wconf 86' lang='lat' dir='ltr'><strong>Et</strong></span> 
     </span>
    </p>
   </div>
   <div class='ocr_carea' id='block_1_49' title="bbox 2038 2162 2206 2210">
    <p class='ocr_par' dir='ltr' id='par_1_49' title="bbox 2038 2162 2206 2210">
     <span class='ocr_line' id='line_1_49' title="bbox 2038 2162 2206 2210; baseline -0.018 0"><span class='ocrx_word' id='word_1_388' title='bbox 2038 2162 2206 2210; x_wconf 89' lang='lat' dir='ltr'><strong>recte.</strong></span> 
     </span>
    </p>
   </div>
   <div class='ocr_carea' id='block_1_50' title="bbox 2110 2248 3633 2323">
    <p class='ocr_par' dir='ltr' id='par_1_50' title="bbox 2110 2248 3633 2323">
     <span class='ocr_line' id='line_1_50' title="bbox 2110 2248 3633 2323; baseline 0.005 -19"><span class='ocrx_word' id='word_1_389' title='bbox 2110 2248 2290 2304; x_wconf 80' lang='lat' dir='ltr'><strong>Verbo</strong></span> <span class='ocrx_word' id='word_1_390' title='bbox 2310 2248 2455 2306; x_wconf 91' lang='lat' dir='ltr'><strong>enim</strong></span> <span class='ocrx_word' id='word_1_391' title='bbox 2486 2250 2779 2306; x_wconf 88' lang='lat' dir='ltr'><strong>sacriﬁcari</strong></span> <span class='ocrx_word' id='word_1_392' title='bbox 2802 2250 3172 2323; x_wconf 82' lang='lat' dir='ltr'><strong>oportetDeo:</strong></span> <span class='ocrx_word' id='word_1_393' title='bbox 3192 2251 3457 2323; x_wconf 88' lang='lat' dir='ltr'><strong>siquidem</strong></span> <span class='ocrx_word' id='word_1_394' title='bbox 3494 2254 3633 2311; x_wconf 89' lang='lat' dir='ltr'><strong>Deus</strong></span> 
     </span>
    </p>
   </div>
   <div class='ocr_carea' id='block_1_51' title="bbox 2035 2327 3637 2419">
    <p class='ocr_par' dir='ltr' id='par_1_51' title="bbox 2035 2327 3637 2419">
     <span class='ocr_line' id='line_1_51' title="bbox 2035 2327 3637 2419; baseline 0.006 -23"><span class='ocrx_word' id='word_1_395' title='bbox 2035 2344 2260 2399; x_wconf 89' lang='lat' dir='ltr'><strong>verbum</strong></span> <span class='ocrx_word' id='word_1_396' title='bbox 2292 2352 2395 2410; x_wconf 89' lang='lat' dir='ltr'><strong>est,</strong></span> <span class='ocrx_word' id='word_1_397' title='bbox 2421 2352 2479 2398; x_wconf 93' lang='lat' dir='ltr'><strong>ut</strong></span> <span class='ocrx_word' id='word_1_398' title='bbox 2507 2344 2621 2414; x_wconf 92' lang='lat' dir='ltr'><strong>ipse</strong></span> <span class='ocrx_word' id='word_1_399' title='bbox 2650 2327 2932 2399; x_wconf 76' lang='lat' dir='ltr'><strong>confessus</strong></span> <span class='ocrx_word' id='word_1_400' title='bbox 2956 2354 3060 2400; x_wconf 87' lang='lat' dir='ltr'><strong>est.</strong></span> <span class='ocrx_word' id='word_1_401' title='bbox 3085 2346 3342 2402; x_wconf 90' lang='lat' dir='ltr'><strong>Summus</strong></span> <span class='ocrx_word' id='word_1_402' title='bbox 3368 2348 3529 2419; x_wconf 89' lang='lat' dir='ltr'><strong>igitur</strong></span> <span class='ocrx_word' id='word_1_403' title='bbox 3543 2363 3637 2406; x_wconf 85' lang='lat' dir='ltr'><strong>co-</strong></span> 
     </span>
    </p>
   </div>
   <div class='ocr_carea' id='block_1_52' title="bbox 2034 2435 3633 2509">
    <p class='ocr_par' dir='ltr' id='par_1_52' title="bbox 2034 2435 3633 2509">
     <span class='ocr_line' id='line_1_52' title="bbox 2034 2435 3633 2509; baseline 0.004 -18"><span class='ocrx_word' id='word_1_404' title='bbox 2034 2436 2183 2492; x_wconf 91' lang='lat' dir='ltr'><strong>leudi</strong></span> <span class='ocrx_word' id='word_1_405' title='bbox 2217 2435 2309 2491; x_wconf 92' lang='lat' dir='ltr'><strong>Dei</strong></span> <span class='ocrx_word' id='word_1_406' title='bbox 2342 2437 2478 2491; x_wconf 92' lang='lat' dir='ltr'><strong>ritus</strong></span> <span class='ocrx_word' id='word_1_407' title='bbox 2503 2446 2691 2503; x_wconf 85' lang='lat' dir='ltr'><strong>est,ex</strong></span> <span class='ocrx_word' id='word_1_408' title='bbox 2722 2436 2969 2509; x_wconf 89' lang='lat' dir='ltr'><strong>orejusti</strong></span> <span class='ocrx_word' id='word_1_409' title='bbox 2997 2437 3237 2494; x_wconf 89' lang='lat' dir='ltr'><strong>hominis</strong></span> <span class='ocrx_word' id='word_1_410' title='bbox 3268 2439 3333 2494; x_wconf 92' lang='lat' dir='ltr'><strong>ad</strong></span> <span class='ocrx_word' id='word_1_411' title='bbox 3353 2440 3520 2496; x_wconf 92' lang='lat' dir='ltr'><strong>Deum</strong></span> <span class='ocrx_word' id='word_1_412' title='bbox 3546 2440 3633 2498; x_wconf 90' lang='lat' dir='ltr'><strong>di-</strong></span> 
     </span>
    </p>
   </div>
   <div class='ocr_carea' id='block_1_53' title="bbox 2036 2530 3639 2607">
    <p class='ocr_par' dir='ltr' id='par_1_53' title="bbox 2036 2530 3639 2607">
     <span class='ocr_line' id='line_1_53' title="bbox 2036 2530 3639 2607; baseline 0.004 -20"><span class='ocrx_word' id='word_1_413' title='bbox 2036 2541 2182 2587; x_wconf 90' lang='lat' dir='ltr'><strong>recta</strong></span> <span class='ocrx_word' id='word_1_414' title='bbox 2204 2530 2489 2607; x_wconf 87' lang='lat' dir='ltr'><strong>laudatio:</strong></span> <span class='ocrx_word' id='word_1_415' title='bbox 2517 2547 2636 2601; x_wconf 74' lang='lat' dir='ltr'><strong>qua:</strong></span> <span class='ocrx_word' id='word_1_416' title='bbox 2666 2540 2847 2588; x_wconf 91' lang='lat' dir='ltr'><strong>tamen</strong></span> <span class='ocrx_word' id='word_1_417' title='bbox 2873 2532 2987 2599; x_wconf 90' lang='lat' dir='ltr'><strong>ipsa</strong></span> <span class='ocrx_word' id='word_1_418' title='bbox 3007 2540 3065 2587; x_wconf 93' lang='lat' dir='ltr'><strong>ut</strong></span> <span class='ocrx_word' id='word_1_419' title='bbox 3087 2532 3197 2588; x_wconf 91' lang='lat' dir='ltr'><strong>Deo</strong></span> <span class='ocrx_word' id='word_1_420' title='bbox 3222 2534 3292 2589; x_wconf 88' lang='lat' dir='ltr'><strong>sit</strong></span> <span class='ocrx_word' id='word_1_421' title='bbox 3321 2546 3561 2606; x_wconf 90' lang='lat' dir='ltr'><strong>accepta.</strong></span> <span class='ocrx_word' id='word_1_422' title='bbox 3582 2546 3639 2594; x_wconf 89' lang='lat' dir='ltr'><strong>et</strong></span> 
     </span>
    </p>
   </div>
   <div class='ocr_carea' id='block_1_54' title="bbox 2038 2623 3634 2699">
    <p class='ocr_par' dir='ltr' id='par_1_54' title="bbox 2038 2623 3634 2699">
     <span class='ocr_line' id='line_1_54' title="bbox 2038 2623 3634 2699; baseline 0.004 -21"><span class='ocrx_word' id='word_1_423' title='bbox 2038 2623 2362 2691; x_wconf 89' lang='lat' dir='ltr'><strong>humilitate,</strong></span> <span class='ocrx_word' id='word_1_424' title='bbox 2392 2634 2446 2679; x_wconf 91' lang='lat' dir='ltr'><strong>et</strong></span> <span class='ocrx_word' id='word_1_425' title='bbox 2474 2625 2689 2692; x_wconf 91' lang='lat' dir='ltr'><strong>timore,</strong></span> <span class='ocrx_word' id='word_1_426' title='bbox 2705 2633 2761 2680; x_wconf 88' lang='lat' dir='ltr'><strong>et</strong></span> <span class='ocrx_word' id='word_1_427' title='bbox 2786 2625 3074 2682; x_wconf 89' lang='lat' dir='ltr'><strong>devotione</strong></span> <span class='ocrx_word' id='word_1_428' title='bbox 3096 2627 3328 2681; x_wconf 84' lang='lat' dir='ltr'><strong>maxima</strong></span> <span class='ocrx_word' id='word_1_429' title='bbox 3350 2642 3488 2698; x_wconf 91' lang='lat' dir='ltr'><strong>opus</strong></span> <span class='ocrx_word' id='word_1_430' title='bbox 3515 2636 3634 2699; x_wconf 89' lang='lat' dir='ltr'><strong>est;</strong></span> 
     </span>
    </p>
   </div>
   <div class='ocr_carea' id='block_1_55' title="bbox 2040 2706 3636 2792">
    <p class='ocr_par' dir='ltr' id='par_1_55' title="bbox 2040 2706 3636 2792">
     <span class='ocr_line' id='line_1_55' title="bbox 2040 2706 3636 2792; baseline 0.004 -21"><span class='ocrx_word' id='word_1_431' title='bbox 2040 2732 2111 2773; x_wconf 91' lang='lat' dir='ltr'><strong>ne</strong></span> <span class='ocrx_word' id='word_1_432' title='bbox 2136 2717 2259 2789; x_wconf 89' lang='lat' dir='ltr'><strong>quis</strong></span> <span class='ocrx_word' id='word_1_433' title='bbox 2299 2717 2441 2773; x_wconf 81' lang='lat' dir='ltr'><strong>forte</strong></span> <span class='ocrx_word' id='word_1_434' title='bbox 2466 2715 2793 2788; x_wconf 86' lang='lat' dir='ltr'><strong>integritatis</strong></span> <span class='ocrx_word' id='word_1_435' title='bbox 2822 2727 2877 2773; x_wconf 92' lang='lat' dir='ltr'><strong>et</strong></span> <span class='ocrx_word' id='word_1_436' title='bbox 2906 2706 3228 2774; x_wconf 82' lang='lat' dir='ltr'><strong>innocentiae</strong></span> <span class='ocrx_word' id='word_1_437' title='bbox 3259 2717 3510 2775; x_wconf 87' lang='lat' dir='ltr'><strong>ﬁduciam</strong></span> <span class='ocrx_word' id='word_1_438' title='bbox 3537 2735 3636 2792; x_wconf 87' lang='lat' dir='ltr'><strong>ge-</strong></span> 
     </span>
    </p>
   </div>
   <div class='ocr_carea' id='block_1_56' title="bbox 2041 2809 3639 2882">
    <p class='ocr_par' dir='ltr' id='par_1_56' title="bbox 2041 2809 3639 2882">
     <span class='ocr_line' id='line_1_56' title="bbox 2041 2809 3639 2882; baseline 0.003 -17"><span class='ocrx_word' id='word_1_439' title='bbox 2041 2823 2191 2877; x_wconf 88' lang='lat' dir='ltr'><strong>rens,</strong></span> <span class='ocrx_word' id='word_1_440' title='bbox 2224 2810 2450 2866; x_wconf 90' lang='lat' dir='ltr'><strong>tumoris</strong></span> <span class='ocrx_word' id='word_1_441' title='bbox 2499 2818 2553 2865; x_wconf 93' lang='lat' dir='ltr'><strong>et</strong></span> <span class='ocrx_word' id='word_1_442' title='bbox 2588 2809 2912 2881; x_wconf 84' lang='lat' dir='ltr'><strong>arrogantiae</strong></span> <span class='ocrx_word' id='word_1_443' title='bbox 2938 2812 3143 2865; x_wconf 90' lang='lat' dir='ltr'><strong>crimen</strong></span> <span class='ocrx_word' id='word_1_444' title='bbox 3171 2809 3431 2878; x_wconf 88' lang='lat' dir='ltr'><strong>incurrat,</strong></span> <span class='ocrx_word' id='word_1_445' title='bbox 3463 2826 3639 2882; x_wconf 88' lang='lat' dir='ltr'><strong>eoque</strong></span> 
     </span>
    </p>
   </div>
   <div class='ocr_carea' id='block_1_57' title="bbox 2043 2900 3636 2974">
    <p class='ocr_par' dir='ltr' id='par_1_57' title="bbox 2043 2900 3636 2974">
     <span class='ocr_line' id='line_1_57' title="bbox 2043 2900 3636 2974; baseline 0.003 -18"><span class='ocrx_word' id='word_1_446' title='bbox 2043 2903 2186 2957; x_wconf 87' lang='lat' dir='ltr'><strong>laeto</strong></span> <span class='ocrx_word' id='word_1_447' title='bbox 2214 2902 2439 2974; x_wconf 87' lang='lat' dir='ltr'><strong>gratiam</strong></span> <span class='ocrx_word' id='word_1_448' title='bbox 2484 2901 2698 2957; x_wconf 87' lang='lat' dir='ltr'><strong>virtutis</strong></span> <span class='ocrx_word' id='word_1_449' title='bbox 2742 2901 2972 2956; x_wconf 85' lang='lat' dir='ltr'><strong>amittat.</strong></span> <span class='ocrx_word' id='word_1_450' title='bbox 2999 2900 3109 2958; x_wconf 88' lang='lat' dir='ltr'><strong>Sed</strong></span> <span class='ocrx_word' id='word_1_451' title='bbox 3135 2911 3194 2958; x_wconf 92' lang='lat' dir='ltr'><strong>ut</strong></span> <span class='ocrx_word' id='word_1_452' title='bbox 3218 2901 3288 2958; x_wconf 88' lang='lat' dir='ltr'><strong>sit</strong></span> <span class='ocrx_word' id='word_1_453' title='bbox 3316 2902 3429 2959; x_wconf 90' lang='lat' dir='ltr'><strong>Deo</strong></span> <span class='ocrx_word' id='word_1_454' title='bbox 3452 2917 3636 2974; x_wconf 87' lang='lat' dir='ltr'><strong>carus,</strong></span> 
     </span>
    </p>
   </div>
   <div class='ocr_carea' id='block_1_58' title="bbox 1674 3018 2308 3076">
    <p class='ocr_par' dir='ltr' id='par_1_58' title="bbox 1674 3018 2308 3076">
     <span class='ocr_line' id='line_1_58' title="bbox 1674 3018 2308 3076; baseline 0.002 -2"><span class='ocrx_word' id='word_1_455' title='bbox 1674 3018 2036 3076; x_wconf 80' lang='lat' dir='ltr'><strong>VARIORUM</strong></span> <span class='ocrx_word' id='word_1_456' title='bbox 2075 3019 2308 3075; x_wconf 69' lang='lat' dir='ltr'><strong>NOTAE.</strong></span> 
     </span>
    </p>
   </div>
   <div class='ocr_carea' id='block_1_59' title="bbox 407 3110 3635 3186">
    <p class='ocr_par' dir='ltr' id='par_1_59' title="bbox 407 3110 3635 3186">
     <span class='ocr_line' id='line_1_59' title="bbox 407 3110 3635 3186; baseline 0.002 -20"><span class='ocrx_word' id='word_1_457' title='bbox 407 3110 794 3186; x_wconf 85' lang='lat' dir='ltr'><strong>Consecrandus</strong></span> <span class='ocrx_word' id='word_1_458' title='bbox 813 3120 886 3165; x_wconf 86' lang='lat' dir='ltr'><strong>est</strong></span> <span class='ocrx_word' id='word_1_459' title='bbox 902 3110 1221 3186; x_wconf 80' lang='lat' dir='ltr'><strong>pect_0_re.__ita</strong></span> <span class='ocrx_word' id='word_1_460' title='bbox 1249 3110 1528 3186; x_wconf 82' lang='lat' dir='ltr'><strong>Minucius,</strong></span> <span class='ocrx_word' id='word_1_461' title='bbox 1551 3125 1740 3165; x_wconf 89' lang='lat' dir='ltr'><strong>omnes</strong></span> <span class='ocrx_word' id='word_1_462' title='bbox 1767 3111 1918 3186; x_wconf 78' lang='lat' dir='ltr'><strong>editi,</strong></span> <span class='ocrx_word' id='word_1_463' title='bbox 1950 3112 1995 3174; x_wconf 88' lang='lat' dir='ltr'><strong>C</strong></span> <span class='ocrx_word' id='word_1_464' title='bbox 2027 3113 2116 3186; x_wconf 78' lang='lat' dir='ltr'><strong>qui</strong></span> <span class='ocrx_word' id='word_1_465' title='bbox 2140 3113 2253 3186; x_wconf 81' lang='lat' dir='ltr'><strong>ipse</strong></span> <span class='ocrx_word' id='word_1_466' title='bbox 2275 3124 2350 3168; x_wconf 89' lang='lat' dir='ltr'><strong>est</strong></span> <span class='ocrx_word' id='word_1_467' title='bbox 2384 3114 2576 3167; x_wconf 81' lang='lat' dir='ltr'><strong>omnia.</strong></span> <span class='ocrx_word' id='word_1_468' title='bbox 2599 3114 2705 3169; x_wconf 88' lang='lat' dir='ltr'><strong>Sed</strong></span> <span class='ocrx_word' id='word_1_469' title='bbox 2733 3131 2826 3169; x_wconf 86' lang='lat' dir='ltr'><strong>nos</strong></span> <span class='ocrx_word' id='word_1_470' title='bbox 2846 3126 3053 3185; x_wconf 81' lang='lat' dir='ltr'><strong>agentes</strong></span> <span class='ocrx_word' id='word_1_471' title='bbox 3095 3117 3310 3186; x_wconf 80' lang='lat' dir='ltr'><strong>gratias,</strong></span> <span class='ocrx_word' id='word_1_472' title='bbox 3343 3118 3635 3174; x_wconf 78' lang='lat' dir='ltr'><strong>adoremus.</strong></span> 
     </span>
    </p>
   </div>
   <div class='ocr_carea' id='block_1_60' title="bbox 332 3181 1920 3251">
    <p class='ocr_par' dir='ltr' id='par_1_60' title="bbox 332 3181 1920 3251">
     <span class='ocr_line' id='line_1_60' title="bbox 332 3181 1920 3251; baseline -0.001 -14"><span class='ocrx_word' id='word_1_473' title='bbox 332 3193 390 3237; x_wconf 89' lang='lat' dir='ltr'><strong>et</strong></span> <span class='ocrx_word' id='word_1_474' title='bbox 423 3185 599 3237; x_wconf 87' lang='lat' dir='ltr'><strong>cuncti</strong></span> <span class='ocrx_word' id='word_1_475' title='bbox 627 3198 767 3251; x_wconf 90' lang='lat' dir='ltr'><strong>pene</strong></span> <span class='ocrx_word' id='word_1_476' title='bbox 812 3197 940 3236; x_wconf 89' lang='lat' dir='ltr'><strong>mss.</strong></span> <span class='ocrx_word' id='word_1_477' title='bbox 997 3182 1170 3236; x_wconf 88' lang='lat' dir='ltr'><strong>Simili</strong></span> <span class='ocrx_word' id='word_1_478' title='bbox 1214 3183 1483 3236; x_wconf 88' lang='lat' dir='ltr'><strong>locutione</strong></span> <span class='ocrx_word' id='word_1_479' title='bbox 1527 3196 1654 3235; x_wconf 72' lang='lat' dir='ltr'><strong>“Stis</strong></span> <span class='ocrx_word' id='word_1_480' title='bbox 1694 3192 1775 3237; x_wconf 89' lang='lat' dir='ltr'><strong>est</strong></span> <span class='ocrx_word' id='word_1_481' title='bbox 1802 3181 1920 3236; x_wconf 91' lang='lat' dir='ltr'><strong>La-</strong></span> 
     </span>
    </p>
   </div>
   <div class='ocr_carea' id='block_1_61' title="bbox 332 3252 1924 3322">
    <p class='ocr_par' dir='ltr' id='par_1_61' title="bbox 332 3252 1924 3322">
     <span class='ocr_line' id='line_1_61' title="bbox 332 3252 1924 3322; baseline -0.001 -14"><span class='ocrx_word' id='word_1_482' title='bbox 332 3254 568 3308; x_wconf 88' lang='lat' dir='ltr'><strong>ctaulius</strong></span> <span class='ocrx_word' id='word_1_483' title='bbox 590 3257 657 3308; x_wconf 88' lang='lat' dir='ltr'><strong>ad</strong></span> <span class='ocrx_word' id='word_1_484' title='bbox 688 3255 908 3322; x_wconf 77' lang='lat' dir='ltr'><strong>hujusce</strong></span> <span class='ocrx_word' id='word_1_485' title='bbox 941 3253 1132 3321; x_wconf 80' lang='lat' dir='ltr'><strong>capitis</strong></span> <span class='ocrx_word' id='word_1_486' title='bbox 1177 3252 1359 3315; x_wconf 86' lang='lat' dir='ltr'><strong>ﬁnem,</strong></span> <span class='ocrx_word' id='word_1_487' title='bbox 1388 3252 1570 3306; x_wconf 74' lang='lat' dir='ltr'><strong>habeat</strong></span> <span class='ocrx_word' id='word_1_488' title='bbox 1601 3252 1764 3307; x_wconf 89' lang='lat' dir='ltr'><strong>Deum</strong></span> <span class='ocrx_word' id='word_1_489' title='bbox 1790 3269 1924 3307; x_wconf 84' lang='lat' dir='ltr'><strong>sent-</strong></span> 
     </span>
    </p>
   </div>
   <div class='ocr_carea' id='block_1_62' title="bbox 335 3324 1923 3393">
    <p class='ocr_par' dir='ltr' id='par_1_62' title="bbox 335 3324 1923 3393">
     <span class='ocr_line' id='line_1_62' title="bbox 335 3324 1923 3393; baseline -0.001 -14"><span class='ocrx_word' id='word_1_490' title='bbox 335 3342 427 3393; x_wconf 84' lang='lat' dir='ltr'><strong>per</strong></span> <span class='ocrx_word' id='word_1_491' title='bbox 458 3326 511 3378; x_wconf 87' lang='lat' dir='ltr'><strong>in</strong></span> <span class='ocrx_word' id='word_1_492' title='bbox 549 3327 700 3379; x_wconf 86' lang='lat' dir='ltr'><strong>corde</strong></span> <span class='ocrx_word' id='word_1_493' title='bbox 747 3341 839 3379; x_wconf 90' lang='lat' dir='ltr'><strong>suo</strong></span> <span class='ocrx_word' id='word_1_494' title='bbox 885 3334 1254 3378; x_wconf 86' lang='lat' dir='ltr'><strong>consecratum.</strong></span> <span class='ocrx_word' id='word_1_495' title='bbox 1294 3324 1419 3379; x_wconf 85' lang='lat' dir='ltr'><strong>Mss.</strong></span> <span class='ocrx_word' id='word_1_496' title='bbox 1452 3324 1487 3376; x_wconf 74' lang='lat'>2</span> <span class='ocrx_word' id='word_1_497' title='bbox 1516 3324 1747 3390; x_wconf 84' lang='lat' dir='ltr'><strong>Bonon.,</strong></span> <span class='ocrx_word' id='word_1_498' title='bbox 1771 3324 1923 3392; x_wconf 81' lang='lat' dir='ltr'><strong>Jun.,</strong></span> 
     </span>
    </p>
   </div>
   <div class='ocr_carea' id='block_1_63' title="bbox 305 3394 1701 3462">
    <p class='ocr_par' dir='ltr' id='par_1_63' title="bbox 305 3394 1701 3462">
     <span class='ocr_line' id='line_1_63' title="bbox 305 3394 1701 3462; baseline 0.001 -17"><span class='ocrx_word' id='word_1_499' title='bbox 305 3397 370 3451; x_wconf 77' lang='lat'><strong>.5</strong></span> <span class='ocrx_word' id='word_1_500' title='bbox 400 3394 533 3462; x_wconf 75' lang='lat' dir='ltr'><strong>Reg.</strong></span> <span class='ocrx_word' id='word_1_501' title='bbox 564 3411 701 3458; x_wconf 81' lang='lat' dir='ltr'><strong>rec.,</strong></span> <span class='ocrx_word' id='word_1_502' title='bbox 736 3397 761 3450; x_wconf 76' lang='lat' dir='ltr'><strong>l</strong></span> <span class='ocrx_word' id='word_1_503' title='bbox 796 3395 975 3461; x_wconf 85' lang='lat' dir='ltr'><strong>Colh.,</strong></span> <span class='ocrx_word' id='word_1_504' title='bbox 1000 3394 1159 3460; x_wconf 56' lang='lat' dir='ltr'><strong>Tuan,</strong></span> <span class='ocrx_word' id='word_1_505' title='bbox 1185 3395 1581 3450; x_wconf 79' lang='lat' dir='ltr'><strong>consecrandum</strong></span> <span class='ocrx_word' id='word_1_506' title='bbox 1608 3408 1701 3450; x_wconf 87' lang='lat' dir='ltr'><strong>est.</strong></span> 
     </span>
    </p>
   </div>
   <div class='ocr_carea' id='block_1_64' title="bbox 413 3466 1926 3538">
    <p class='ocr_par' dir='ltr' id='par_1_64' title="bbox 413 3466 1926 3538">
     <span class='ocr_line' id='line_1_64' title="bbox 413 3466 1926 3538; baseline 0.002 -20"><span class='ocrx_word' id='word_1_507' title='bbox 413 3467 549 3531; x_wconf 81' lang='lat' dir='ltr'><strong>Quid</strong></span> <span class='ocrx_word' id='word_1_508' title='bbox 583 3471 648 3522; x_wconf 82' lang='lat' dir='ltr'><strong>sit</strong></span> <span class='ocrx_word' id='word_1_509' title='bbox 678 3466 836 3522; x_wconf 84' lang='lat' dir='ltr'><strong>Deus.</strong></span> <span class='ocrx_word' id='word_1_510' title='bbox 868 3466 1106 3533; x_wconf 89' lang='lat' dir='ltr'><strong>Bonou.,</strong></span> <span class='ocrx_word' id='word_1_511' title='bbox 1138 3471 1165 3521; x_wconf 87' lang='grc'><strong>1</strong></span> <span class='ocrx_word' id='word_1_512' title='bbox 1191 3467 1321 3538; x_wconf 85' lang='lat' dir='ltr'><strong>Reg.</strong></span> <span class='ocrx_word' id='word_1_513' title='bbox 1351 3483 1464 3523; x_wconf 87' lang='lat' dir='ltr'><strong>rec.</strong></span> <span class='ocrx_word' id='word_1_514' title='bbox 1492 3477 1543 3522; x_wconf 89' lang='lat' dir='ltr'><strong>et</strong></span> <span class='ocrx_word' id='word_1_515' title='bbox 1574 3466 1739 3533; x_wconf 87' lang='lat' dir='ltr'><strong>Tax.,</strong></span> <span class='ocrx_word' id='word_1_516' title='bbox 1768 3468 1882 3536; x_wconf 87' lang='lat' dir='ltr'><strong>quis</strong></span> <span class='ocrx_word' id='word_1_517' title='bbox 1905 3484 1926 3535; x_wconf 90' lang='lat'><strong><em>;</em></strong></span> 
     </span>
    </p>
   </div>
   <div class='ocr_carea' id='block_1_65' title="bbox 332 3538 805 3615">
    <p class='ocr_par' dir='ltr' id='par_1_65' title="bbox 332 3538 805 3615">
     <span class='ocr_line' id='line_1_65' title="bbox 332 3538 805 3615; baseline -0.002 -21"><span class='ocrx_word' id='word_1_518' title='bbox 332 3540 363 3594; x_wconf 98' lang='grc'><strong>1</strong></span> <span class='ocrx_word' id='word_1_519' title='bbox 400 3538 530 3609; x_wconf 82' lang='lat' dir='ltr'><strong>Reg.</strong></span> <span class='ocrx_word' id='word_1_520' title='bbox 564 3540 669 3610; x_wconf 84' lang='lat' dir='ltr'><strong>qui.</strong></span> <span class='ocrx_word' id='word_1_521' title='bbox 798 3608 805 3615; x_wconf 20' lang='grc' dir='ltr'>δ</span> 
     </span>
    </p>
   </div>
   <div class='ocr_carea' id='block_1_66' title="bbox 411 3631 1936 3701">
    <p class='ocr_par' dir='ltr' id='par_1_66' title="bbox 411 3631 1936 3701">
     <span class='ocr_line' id='line_1_66' title="bbox 411 3631 1936 3701; baseline -0.001 -16"><span class='ocrx_word' id='word_1_522' title='bbox 411 3632 552 3698; x_wconf 82' lang='lat' dir='ltr'><strong>Quas</strong></span> <span class='ocrx_word' id='word_1_523' title='bbox 578 3632 728 3686; x_wconf 88' lang='lat' dir='ltr'><strong>etiam</strong></span> <span class='ocrx_word' id='word_1_524' title='bbox 759 3633 907 3686; x_wconf 82' lang='lat' dir='ltr'><strong>homo</strong></span> <span class='ocrx_word' id='word_1_525' title='bbox 936 3634 979 3685; x_wconf 97' lang='lat' dir='ltr'><strong>si</strong></span> <span class='ocrx_word' id='word_1_526' title='bbox 1004 3633 1381 3701; x_wconf 81' lang='lat' dir='ltr'><strong>contempserit.</strong></span> <span class='ocrx_word' id='word_1_527' title='bbox 1411 3631 1611 3687; x_wconf 90' lang='lat' dir='ltr'><strong>Omnes</strong></span> <span class='ocrx_word' id='word_1_528' title='bbox 1640 3631 1767 3685; x_wconf 87' lang='lat' dir='ltr'><strong>edit.</strong></span> <span class='ocrx_word' id='word_1_529' title='bbox 1802 3647 1936 3699; x_wconf 75' lang='lat' dir='ltr'><strong>prm-</strong></span> 
     </span>
    </p>
   </div>
   <div class='ocr_carea' id='block_1_67' title="bbox 334 3703 1936 3775">
    <p class='ocr_par' dir='ltr' id='par_1_67' title="bbox 334 3703 1936 3775">
     <span class='ocr_line' id='line_1_67' title="bbox 334 3703 1936 3775; baseline 0.001 -19"><span class='ocrx_word' id='word_1_530' title='bbox 334 3713 423 3757; x_wconf 88' lang='lat' dir='ltr'><strong>ter</strong></span> <span class='ocrx_word' id='word_1_531' title='bbox 452 3714 561 3758; x_wconf 86' lang='lat' dir='ltr'><strong>vet.</strong></span> <span class='ocrx_word' id='word_1_532' title='bbox 590 3703 746 3758; x_wconf 91' lang='lat' dir='ltr'><strong>Rom.</strong></span> <span class='ocrx_word' id='word_1_533' title='bbox 783 3714 903 3773; x_wconf 91' lang='lat' dir='ltr'><strong>post</strong></span> <span class='ocrx_word' id='word_1_534' title='bbox 935 3704 981 3758; x_wconf 90' lang='lat' dir='ltr'><strong>si</strong></span> <span class='ocrx_word' id='word_1_535' title='bbox 1030 3704 1233 3758; x_wconf 90' lang='lat' dir='ltr'><strong>addunt</strong></span> <span class='ocrx_word' id='word_1_536' title='bbox 1272 3705 1406 3774; x_wconf 84' lang='lat' dir='ltr'><strong>quis,</strong></span> <span class='ocrx_word' id='word_1_537' title='bbox 1433 3704 1573 3775; x_wconf 87' lang='lat' dir='ltr'><strong>quod</strong></span> <span class='ocrx_word' id='word_1_538' title='bbox 1598 3703 1858 3771; x_wconf 87' lang='lat' dir='ltr'><strong>expunxi,</strong></span> <span class='ocrx_word' id='word_1_539' title='bbox 1883 3712 1936 3758; x_wconf 92' lang='lat' dir='ltr'><strong>et</strong></span> 
     </span>
    </p>
   </div>
   <div class='ocr_carea' id='block_1_68' title="bbox 333 3775 1278 3832">
    <p class='ocr_par' dir='ltr' id='par_1_68' title="bbox 333 3775 1278 3832">
     <span class='ocr_line' id='line_1_68' title="bbox 333 3775 1278 3832; baseline -0.001 -4"><span class='ocrx_word' id='word_1_540' title='bbox 333 3784 598 3832; x_wconf 74' lang='lat' dir='ltr'><strong>respuunt</strong></span> <span class='ocrx_word' id='word_1_541' title='bbox 624 3790 782 3829; x_wconf 85' lang='lat' dir='ltr'><strong>manu</strong></span> <span class='ocrx_word' id='word_1_542' title='bbox 813 3777 1015 3829; x_wconf 83' lang='lat' dir='ltr'><strong>exarati</strong></span> <span class='ocrx_word' id='word_1_543' title='bbox 1041 3775 1278 3829; x_wconf 84' lang='lat' dir='ltr'><strong>codices.</strong></span> 
     </span>
    </p>
   </div>
   <div class='ocr_carea' id='block_1_69' title="bbox 410 3843 1935 3916">
    <p class='ocr_par' dir='ltr' id='par_1_69' title="bbox 410 3843 1935 3916">
     <span class='ocr_line' id='line_1_69' title="bbox 410 3843 1935 3916; baseline 0.002 -18"><span class='ocrx_word' id='word_1_544' title='bbox 410 3843 600 3899; x_wconf 82' lang='lat' dir='ltr'><strong>Divina</strong></span> <span class='ocrx_word' id='word_1_545' title='bbox 624 3849 748 3916; x_wconf 85' lang='lat' dir='ltr'><strong>lege.</strong></span> <span class='ocrx_word' id='word_1_546' title='bbox 784 3847 858 3900; x_wconf 77' lang='lat' dir='ltr'><strong>De</strong></span> <span class='ocrx_word' id='word_1_547' title='bbox 883 3846 1173 3900; x_wconf 83' lang='lat' dir='ltr'><strong>Sacriliciis</strong></span> <span class='ocrx_word' id='word_1_548' title='bbox 1200 3847 1250 3899; x_wconf 90' lang='lat' dir='ltr'><strong>in</strong></span> <span class='ocrx_word' id='word_1_549' title='bbox 1278 3845 1516 3901; x_wconf 91' lang='lat' dir='ltr'><strong>Levitieo</strong></span> <span class='ocrx_word' id='word_1_550' title='bbox 1537 3845 1712 3915; x_wconf 77' lang='lat' dir='ltr'><strong>agitur</strong></span> <span class='ocrx_word' id='word_1_551' title='bbox 1735 3863 1748 3911; x_wconf 91' lang='lat'>;</span> <span class='ocrx_word' id='word_1_552' title='bbox 1782 3859 1845 3900; x_wconf 90' lang='lat' dir='ltr'><strong>ac</strong></span> <span class='ocrx_word' id='word_1_553' title='bbox 1866 3844 1935 3901; x_wconf 88' lang='lat' dir='ltr'><strong>de</strong></span> 
     </span>
    </p>
   </div>
   <div class='ocr_carea' id='block_1_70' title="bbox 333 3916 1648 3983">
    <p class='ocr_par' dir='ltr' id='par_1_70' title="bbox 333 3916 1648 3983">
     <span class='ocr_line' id='line_1_70' title="bbox 333 3916 1648 3983; baseline -0.001 -12"><span class='ocrx_word' id='word_1_554' title='bbox 333 3916 577 3971; x_wconf 86' lang='lat' dir='ltr'><strong>donariis</strong></span> <span class='ocrx_word' id='word_1_555' title='bbox 603 3918 653 3971; x_wconf 92' lang='lat' dir='ltr'><strong>in</strong></span> <span class='ocrx_word' id='word_1_556' title='bbox 686 3917 890 3983; x_wconf 84' lang='lat' dir='ltr'><strong>Exodo,</strong></span> <span class='ocrx_word' id='word_1_557' title='bbox 924 3934 972 3971; x_wconf 88' lang='lat' dir='ltr'><strong>c.</strong></span> <span class='ocrx_word' id='word_1_558' title='bbox 1004 3933 1126 3979; x_wconf 89' lang='lat' dir='ltr'><strong>xxv,</strong></span> <span class='ocrx_word' id='word_1_559' title='bbox 1179 3926 1284 3971; x_wconf 90' lang='lat' dir='ltr'><strong>etc.</strong></span> <span class='ocrx_word' id='word_1_560' title='bbox 1636 3969 1648 3981; x_wconf 78' lang='grc'><strong>,</strong></span> 
     </span>
    </p>
   </div>
   <div class='ocr_carea' id='block_1_71' title="bbox 418 3986 1931 4058">
    <p class='ocr_par' dir='ltr' id='par_1_71' title="bbox 418 3986 1931 4058">
     <span class='ocr_line' id='line_1_71' title="bbox 418 3986 1931 4058; baseline 0.001 -18"><span class='ocrx_word' id='word_1_561' title='bbox 418 3986 605 4041; x_wconf 82' lang='lat' dir='ltr'><strong>Verum</strong></span> <span class='ocrx_word' id='word_1_562' title='bbox 632 3989 772 4058; x_wconf 86' lang='lat' dir='ltr'><strong>apud</strong></span> <span class='ocrx_word' id='word_1_563' title='bbox 800 3989 991 4043; x_wconf 87' lang='lat' dir='ltr'><strong>istos...</strong></span> <span class='ocrx_word' id='word_1_564' title='bbox 1025 3989 1217 4042; x_wconf 89' lang='lat' dir='ltr'><strong>donum</strong></span> <span class='ocrx_word' id='word_1_565' title='bbox 1244 3998 1339 4054; x_wconf 88' lang='lat' dir='ltr'><strong>est,</strong></span> <span class='ocrx_word' id='word_1_566' title='bbox 1371 3998 1476 4042; x_wconf 88' lang='lat' dir='ltr'><strong>etc.</strong></span> <span class='ocrx_word' id='word_1_567' title='bbox 1509 3988 1669 4041; x_wconf 90' lang='lat' dir='ltr'><strong>Errat</strong></span> <span class='ocrx_word' id='word_1_568' title='bbox 1700 3986 1931 4042; x_wconf 88' lang='lat' dir='ltr'><strong>Lactan-</strong></span> 
     </span>
    </p>
   </div>
   <div class='ocr_carea' id='block_1_72' title="bbox 335 4059 1925 4129">
    <p class='ocr_par' dir='ltr' id='par_1_72' title="bbox 335 4059 1925 4129">
     <span class='ocr_line' id='line_1_72' title="bbox 335 4059 1925 4129; baseline -0.001 -15"><span class='ocrx_word' id='word_1_569' title='bbox 335 4059 444 4129; x_wconf 86' lang='lat' dir='ltr'><strong>tius</strong></span> <span class='ocrx_word' id='word_1_570' title='bbox 468 4060 667 4128; x_wconf 53' lang='lat' dir='ltr'><strong>;&#39;quam</strong></span> <span class='ocrx_word' id='word_1_571' title='bbox 690 4062 831 4114; x_wconf 89' lang='lat' dir='ltr'><strong>enim</strong></span> <span class='ocrx_word' id='word_1_572' title='bbox 858 4060 948 4114; x_wconf 89' lang='lat' dir='ltr'><strong>ille</strong></span> <span class='ocrx_word' id='word_1_573' title='bbox 996 4061 1213 4126; x_wconf 81' lang='lat' dir='ltr'><strong>rclotat,</strong></span> <span class='ocrx_word' id='word_1_574' title='bbox 1246 4061 1361 4129; x_wconf 89' lang='lat' dir='ltr'><strong>ipsa</strong></span> <span class='ocrx_word' id='word_1_575' title='bbox 1382 4069 1464 4112; x_wconf 90' lang='lat' dir='ltr'><strong>est</strong></span> <span class='ocrx_word' id='word_1_576' title='bbox 1493 4075 1618 4113; x_wconf 88' lang='lat' dir='ltr'><strong>vera</strong></span> <span class='ocrx_word' id='word_1_577' title='bbox 1640 4068 1695 4113; x_wconf 86' lang='lat' dir='ltr'><strong>et</strong></span> <span class='ocrx_word' id='word_1_578' title='bbox 1716 4060 1925 4129; x_wconf 89' lang='lat' dir='ltr'><strong>propria</strong></span> 
     </span>
    </p>
   </div>
   <div class='ocr_carea' id='block_1_73' title="bbox 337 4128 1931 4197">
    <p class='ocr_par' dir='ltr' id='par_1_73' title="bbox 337 4128 1931 4197">
     <span class='ocr_line' id='line_1_73' title="bbox 337 4128 1931 4197; baseline 0.001 -15"><span class='ocrx_word' id='word_1_579' title='bbox 337 4128 639 4185; x_wconf 75' lang='lat' dir='ltr'><strong>differentia</strong></span> <span class='ocrx_word' id='word_1_580' title='bbox 696 4132 836 4185; x_wconf 83' lang='lat' dir='ltr'><strong>inter</strong></span> <span class='ocrx_word' id='word_1_581' title='bbox 889 4132 1087 4185; x_wconf 88' lang='lat' dir='ltr'><strong>doumn</strong></span> <span class='ocrx_word' id='word_1_582' title='bbox 1136 4140 1188 4185; x_wconf 91' lang='lat' dir='ltr'><strong>et</strong></span> <span class='ocrx_word' id='word_1_583' title='bbox 1233 4128 1595 4195; x_wconf 81' lang='lat' dir='ltr'><strong>sacriﬁcium,</strong></span> <span class='ocrx_word' id='word_1_584' title='bbox 1625 4139 1684 4183; x_wconf 90' lang='lat' dir='ltr'><strong>ut</strong></span> <span class='ocrx_word' id='word_1_585' title='bbox 1720 4128 1931 4197; x_wconf 83' lang='lat' dir='ltr'><strong>docent</strong></span> 
     </span>
    </p>
   </div>
   <div class='ocr_carea' id='block_1_74' title="bbox 336 4200 1864 4272">
    <p class='ocr_par' dir='ltr' id='par_1_74' title="bbox 336 4200 1864 4272">
     <span class='ocr_line' id='line_1_74' title="bbox 336 4200 1864 4272; baseline -0.001 -17"><span class='ocrx_word' id='word_1_586' title='bbox 336 4200 644 4272; x_wconf 86' lang='lat' dir='ltr'><strong>Chrysost.,</strong></span> <span class='ocrx_word' id='word_1_587' title='bbox 670 4201 859 4257; x_wconf 89' lang='lat' dir='ltr'><strong>homil.</strong></span> <span class='ocrx_word' id='word_1_588' title='bbox 890 4202 978 4268; x_wconf 88' lang='grc'>18,</span> <span class='ocrx_word' id='word_1_589' title='bbox 1005 4202 1056 4255; x_wconf 92' lang='lat' dir='ltr'><strong>iu</strong></span> <span class='ocrx_word' id='word_1_590' title='bbox 1087 4202 1185 4270; x_wconf 88' lang='lat' dir='ltr'><strong>Ep.</strong></span> <span class='ocrx_word' id='word_1_591' title='bbox 1221 4202 1285 4255; x_wconf 89' lang='lat' dir='ltr'><strong>ad</strong></span> <span class='ocrx_word' id='word_1_592' title='bbox 1317 4202 1606 4263; x_wconf 75' lang='lat' dir='ltr'><strong>Hehrmos;</strong></span> <span class='ocrx_word' id='word_1_593' title='bbox 1641 4200 1864 4269; x_wconf 78' lang='lat' dir='ltr'><strong>&#39;l‘lieoph</strong></span> 
     </span>
    </p>
   </div>
   <div class='ocr_carea' id='block_1_75' title="bbox 335 4216 2010 4412">
    <p class='ocr_par' dir='ltr' id='par_1_75' title="bbox 335 4216 2010 4412">
     <span class='ocr_line' id='line_1_75' title="bbox 336 4216 1930 4326; baseline -0.001 -71"><span class='ocrx_word' id='word_1_594' title='bbox 336 4216 644 4272; x_wconf 74' lang='lat' dir='ltr'><strong>unry505t.,</strong></span> <span class='ocrx_word' id='word_1_595' title='bbox 672 4216 859 4257; x_wconf 89' lang='lat' dir='ltr'><strong>nomtt.</strong></span> <span class='ocrx_word' id='word_1_596' title='bbox 890 4216 978 4268; x_wconf 77' lang='grc' dir='ltr'><strong>ιδ,</strong></span> <span class='ocrx_word' id='word_1_597' title='bbox 1006 4219 1056 4255; x_wconf 84' lang='lat' dir='ltr'><strong>to</strong></span> <span class='ocrx_word' id='word_1_598' title='bbox 1087 4216 1185 4270; x_wconf 69' lang='lat' dir='ltr'><strong>Ep.</strong></span> <span class='ocrx_word' id='word_1_599' title='bbox 1221 4216 1285 4255; x_wconf 87' lang='lat' dir='ltr'><strong>au</strong></span> <span class='ocrx_word' id='word_1_600' title='bbox 1317 4216 1606 4263; x_wconf 76' lang='lat' dir='ltr'><strong>neurmos;</strong></span> <span class='ocrx_word' id='word_1_601' title='bbox 1642 4216 1930 4326; x_wconf 46' lang='lat' dir='ltr'><strong>‘lltenpng-</strong></span> 
     </span>
     <span class='ocr_line' id='line_1_76' title="bbox 335 4272 1925 4343; baseline -0.001 -16"><span class='ocrx_word' id='word_1_602' title='bbox 335 4272 490 4337; x_wconf 79' lang='lat' dir='ltr'><strong>lacL,</strong></span> <span class='ocrx_word' id='word_1_603' title='bbox 510 4272 576 4327; x_wconf 93' lang='lat' dir='ltr'><strong>ad</strong></span> <span class='ocrx_word' id='word_1_604' title='bbox 617 4289 736 4341; x_wconf 85' lang='lat' dir='ltr'><strong>cap.</strong></span> <span class='ocrx_word' id='word_1_605' title='bbox 759 4288 853 4329; x_wconf 87' lang='lat' dir='ltr'><strong>vttt</strong></span> <span class='ocrx_word' id='word_1_606' title='bbox 876 4273 1117 4335; x_wconf 88' lang='lat' dir='ltr'><strong>eiusdem</strong></span> <span class='ocrx_word' id='word_1_607' title='bbox 1150 4272 1436 4343; x_wconf 64' lang='lat' dir='ltr'><strong>Epistolar;</strong></span> <span class='ocrx_word' id='word_1_608' title='bbox 1470 4274 1525 4328; x_wconf 85' lang='lat' dir='ltr'><strong>S.</strong></span> <span class='ocrx_word' id='word_1_609' title='bbox 1552 4273 1786 4327; x_wconf 79' lang='lat' dir='ltr'><strong>Thomas</strong></span> <span class='ocrx_word' id='word_1_610' title='bbox 1806 4272 1869 4326; x_wconf 71' lang='grc'><strong>2-</strong></span> <span class='ocrx_word' id='word_1_611' title='bbox 1912 4315 1925 4338; x_wconf 91' lang='grc'><strong>,</strong></span> 
     </span>
     <span class='ocr_line' id='line_1_77' title="bbox 336 4343 2010 4412; baseline 0.001 -15"><span class='ocrx_word' id='word_1_612' title='bbox 336 4354 533 4412; x_wconf 75' lang='lat' dir='ltr'><strong>quzrst.</strong></span> <span class='ocrx_word' id='word_1_613' title='bbox 561 4344 662 4407; x_wconf 75' lang='lat'><strong>85,</strong></span> <span class='ocrx_word' id='word_1_614' title='bbox 692 4355 795 4398; x_wconf 92' lang='lat' dir='ltr'><strong>art.</strong></span> <span class='ocrx_word' id='word_1_615' title='bbox 821 4345 875 4399; x_wconf 83' lang='grc'><strong>5.</strong></span> <span class='ocrx_word' id='word_1_616' title='bbox 898 4343 1084 4399; x_wconf 67' lang='lat' dir='ltr'><strong>lsaaus.</strong></span> <span class='ocrx_word' id='word_1_617' title='bbox 1956 4352 2010 4412; x_wconf 84' lang='grc' dir='ltr'><strong>Ι)</strong></span> 
     </span>
    </p>
   </div>
   <div class='ocr_carea' id='block_1_76' title="bbox 336 4343 1084 4414">
    <p class='ocr_par' dir='ltr' id='par_1_76' title="bbox 336 4343 1084 4414">
     <span class='ocr_line' id='line_1_78' title="bbox 336 4343 1084 4414; baseline 0.001 -17"><span class='ocrx_word' id='word_1_618' title='bbox 336 4354 533 4414; x_wconf 62' lang='lat' dir='ltr'><strong>quzrst.</strong></span> <span class='ocrx_word' id='word_1_619' title='bbox 561 4344 662 4407; x_wconf 75' lang='lat'><strong>85,</strong></span> <span class='ocrx_word' id='word_1_620' title='bbox 692 4355 795 4398; x_wconf 92' lang='lat' dir='ltr'><strong>art.</strong></span> <span class='ocrx_word' id='word_1_621' title='bbox 821 4345 875 4399; x_wconf 83' lang='grc'><strong>5.</strong></span> <span class='ocrx_word' id='word_1_622' title='bbox 898 4343 1084 4399; x_wconf 67' lang='lat' dir='ltr'><strong>lsaaus.</strong></span> 
     </span>
    </p>
   </div>
   <div class='ocr_carea' id='block_1_77' title="bbox 413 4413 1640 4485">
    <p class='ocr_par' dir='ltr' id='par_1_77' title="bbox 413 4413 1640 4485">
     <span class='ocr_line' id='line_1_79' title="bbox 413 4413 1640 4485; baseline 0.002 -19"><span class='ocrx_word' id='word_1_623' title='bbox 413 4413 1070 4485; x_wconf 80' lang='lat' dir='ltr'><strong>Trismegistus.&#39;l‘rismeg.</strong></span> <span class='ocrx_word' id='word_1_624' title='bbox 1099 4417 1151 4470; x_wconf 90' lang='lat' dir='ltr'><strong>in</strong></span> <span class='ocrx_word' id='word_1_625' title='bbox 1173 4414 1443 4477; x_wconf 86' lang='lat' dir='ltr'><strong>Pimand.,</strong></span> <span class='ocrx_word' id='word_1_626' title='bbox 1476 4430 1525 4468; x_wconf 95' lang='lat' dir='ltr'><strong>c.</strong></span> <span class='ocrx_word' id='word_1_627' title='bbox 1554 4414 1640 4468; x_wconf 72' lang='lat'><strong>12.</strong></span> 
     </span>
    </p>
   </div>
   <div class='ocr_carea' id='block_1_78' title="bbox 410 4483 1927 4546">
    <p class='ocr_par' dir='ltr' id='par_1_78' title="bbox 410 4483 1927 4546">
     <span class='ocr_line' id='line_1_80' title="bbox 410 4483 1927 4546; baseline 0.002 -8"><span class='ocrx_word' id='word_1_628' title='bbox 410 4483 593 4541; x_wconf 87' lang='lat' dir='ltr'><strong>Cultus</strong></span> <span class='ocrx_word' id='word_1_629' title='bbox 611 4483 785 4540; x_wconf 75' lang='lat' dir='ltr'><strong>autem</strong></span> <span class='ocrx_word' id='word_1_630' title='bbox 811 4486 902 4541; x_wconf 89' lang='lat' dir='ltr'><strong>l)ei</strong></span> <span class='ocrx_word' id='word_1_631' title='bbox 920 4483 1047 4539; x_wconf 82' lang='lat' dir='ltr'><strong>unus</strong></span> <span class='ocrx_word' id='word_1_632' title='bbox 1075 4499 1166 4546; x_wconf 87' lang='lat' dir='ltr'><strong>est,</strong></span> <span class='ocrx_word' id='word_1_633' title='bbox 1193 4486 1386 4539; x_wconf 89' lang='lat' dir='ltr'><strong>malum</strong></span> <span class='ocrx_word' id='word_1_634' title='bbox 1413 4502 1514 4539; x_wconf 84' lang='lat' dir='ltr'><strong>non</strong></span> <span class='ocrx_word' id='word_1_635' title='bbox 1540 4501 1662 4539; x_wconf 82' lang='lat' dir='ltr'><strong>esse.</strong></span> <span class='ocrx_word' id='word_1_636' title='bbox 1690 4485 1805 4539; x_wconf 88' lang='lat' dir='ltr'><strong>Non</strong></span> <span class='ocrx_word' id='word_1_637' title='bbox 1836 4501 1927 4541; x_wconf 88' lang='lat' dir='ltr'><strong>so-</strong></span> 
     </span>
    </p>
   </div>
   <div class='ocr_carea' id='block_1_79' title="bbox 339 4556 1932 4624">
    <p class='ocr_par' dir='ltr' id='par_1_79' title="bbox 339 4556 1932 4624">
     <span class='ocr_line' id='line_1_81' title="bbox 339 4556 1932 4624; baseline 0.001 -15"><span class='ocrx_word' id='word_1_638' title='bbox 339 4557 452 4610; x_wconf 90' lang='lat' dir='ltr'><strong>lum</strong></span> <span class='ocrx_word' id='word_1_639' title='bbox 489 4574 517 4611; x_wconf 88' lang='lat' dir='ltr'><strong>a</strong></span> <span class='ocrx_word' id='word_1_640' title='bbox 553 4561 693 4611; x_wconf 76' lang='lat' dir='ltr'><strong>maio</strong></span> <span class='ocrx_word' id='word_1_641' title='bbox 732 4559 1004 4611; x_wconf 86' lang='lat' dir='ltr'><strong>abstinere</strong></span> <span class='ocrx_word' id='word_1_642' title='bbox 1054 4558 1255 4612; x_wconf 88' lang='lat' dir='ltr'><strong>debent</strong></span> <span class='ocrx_word' id='word_1_643' title='bbox 1280 4556 1579 4618; x_wconf 84' lang='lat' dir='ltr'><strong>christiani,</strong></span> <span class='ocrx_word' id='word_1_644' title='bbox 1604 4558 1695 4610; x_wconf 86' lang='lat' dir='ltr'><strong>sed</strong></span> <span class='ocrx_word' id='word_1_645' title='bbox 1719 4559 1932 4624; x_wconf 86' lang='lat' dir='ltr'><strong>operari</strong></span> 
     </span>
    </p>
   </div>
   <div class='ocr_carea' id='block_1_80' title="bbox 340 4625 1924 4699">
    <p class='ocr_par' dir='ltr' id='par_1_80' title="bbox 340 4625 1924 4699">
     <span class='ocr_line' id='line_1_82' title="bbox 340 4625 1924 4699; baseline 0.001 -18"><span class='ocrx_word' id='word_1_646' title='bbox 340 4628 564 4688; x_wconf 85' lang='lat' dir='ltr'><strong>bonum,</strong></span> <span class='ocrx_word' id='word_1_647' title='bbox 600 4640 654 4682; x_wconf 90' lang='lat' dir='ltr'><strong>ut</strong></span> <span class='ocrx_word' id='word_1_648' title='bbox 677 4638 939 4699; x_wconf 58' lang='lat' dir='ltr'><strong>testantur</strong></span> <span class='ocrx_word' id='word_1_649' title='bbox 967 4640 1019 4681; x_wconf 91' lang='lat' dir='ltr'><strong>et</strong></span> <span class='ocrx_word' id='word_1_650' title='bbox 1058 4632 1280 4691; x_wconf 75' lang='lat' dir='ltr'><strong>exigunt</strong></span> <span class='ocrx_word' id='word_1_651' title='bbox 1318 4625 1589 4694; x_wconf 88' lang='lat' dir='ltr'><strong>Christus,</strong></span> <span class='ocrx_word' id='word_1_652' title='bbox 1621 4629 1924 4699; x_wconf 70' lang='lat' dir='ltr'><strong>l’rOphetw,</strong></span> 
     </span>
    </p>
   </div>
   <div class='ocr_carea' id='block_1_81' title="bbox 337 4698 1359 4769">
    <p class='ocr_par' dir='ltr' id='par_1_81' title="bbox 337 4698 1359 4769">
     <span class='ocr_line' id='line_1_83' title="bbox 337 4698 1359 4769; baseline -0.003 -15"><span class='ocrx_word' id='word_1_653' title='bbox 337 4698 611 4769; x_wconf 79' lang='lat' dir='ltr'><strong>Apostoli,</strong></span> <span class='ocrx_word' id='word_1_654' title='bbox 645 4710 700 4755; x_wconf 91' lang='lat' dir='ltr'><strong>et</strong></span> <span class='ocrx_word' id='word_1_655' title='bbox 732 4698 830 4755; x_wconf 84' lang='lat' dir='ltr'><strong>SS.</strong></span> <span class='ocrx_word' id='word_1_656' title='bbox 863 4700 1119 4754; x_wconf 69' lang='lat' dir='ltr'><strong>Ecclesia:</strong></span> <span class='ocrx_word' id='word_1_657' title='bbox 1146 4701 1359 4754; x_wconf 86' lang='lat' dir='ltr'><strong>Patres.</strong></span> 
     </span>
    </p>
   </div>
   <div class='ocr_carea' id='block_1_82' title="bbox 415 4769 1931 4845">
    <p class='ocr_par' dir='ltr' id='par_1_82' title="bbox 415 4769 1931 4845">
     <span class='ocr_line' id='line_1_84' title="bbox 415 4769 1931 4845; baseline 0.001 -21"><span class='ocrx_word' id='word_1_658' title='bbox 415 4770 483 4824; x_wconf 81' lang='lat' dir='ltr'><strong>In</strong></span> <span class='ocrx_word' id='word_1_659' title='bbox 536 4772 627 4825; x_wconf 90' lang='lat' dir='ltr'><strong>illo</strong></span> <span class='ocrx_word' id='word_1_660' title='bbox 665 4788 894 4845; x_wconf 81' lang='lat' dir='ltr'><strong>sermone</strong></span> <span class='ocrx_word' id='word_1_661' title='bbox 949 4773 1194 4845; x_wconf 73' lang='lat' dir='ltr'><strong>perfecto,</strong></span> <span class='ocrx_word' id='word_1_662' title='bbox 1219 4781 1322 4825; x_wconf 91' lang='lat' dir='ltr'><strong>etc.</strong></span> <span class='ocrx_word' id='word_1_663' title='bbox 1352 4769 1427 4824; x_wconf 82' lang='grc' dir='ltr'><strong>Ἐν</strong></span> <span class='ocrx_word' id='word_1_664' title='bbox 1469 4771 1599 4845; x_wconf 49' lang='lat'><strong>13&quot;,?)</strong></span> <span class='ocrx_word' id='word_1_665' title='bbox 1625 4771 1931 4845; x_wconf 38' lang='lat' dir='ltr'><strong>falsiququi</strong></span> 
     </span>
    </p>
   </div>
   <div class='ocr_carea' id='block_1_83' title="bbox 338 4842 1934 4911">
    <p class='ocr_par' dir='ltr' id='par_1_83' title="bbox 338 4842 1934 4911">
     <span class='ocr_line' id='line_1_85' title="bbox 338 4842 1934 4911; baseline 0 -13"><span class='ocrx_word' id='word_1_666' title='bbox 338 4844 504 4898; x_wconf 86' lang='lat' dir='ltr'><strong>etiam</strong></span> <span class='ocrx_word' id='word_1_667' title='bbox 552 4858 734 4911; x_wconf 86' lang='lat' dir='ltr'><strong>supra,</strong></span> <span class='ocrx_word' id='word_1_668' title='bbox 774 4843 810 4897; x_wconf 90' lang='grc' dir='ltr'><strong>Ι.</strong></span> <span class='ocrx_word' id='word_1_669' title='bbox 846 4858 919 4905; x_wconf 90' lang='lat' dir='ltr'><strong>tv,</strong></span> <span class='ocrx_word' id='word_1_670' title='bbox 944 4858 993 4895; x_wconf 91' lang='lat' dir='ltr'><strong>c.</strong></span> <span class='ocrx_word' id='word_1_671' title='bbox 1044 4842 1099 4905; x_wconf 83' lang='grc'>6,</span> <span class='ocrx_word' id='word_1_672' title='bbox 1127 4842 1319 4896; x_wconf 87' lang='lat' dir='ltr'><strong>citatus</strong></span> <span class='ocrx_word' id='word_1_673' title='bbox 1346 4852 1448 4896; x_wconf 88' lang='lat' dir='ltr'><strong>est.</strong></span> <span class='ocrx_word' id='word_1_674' title='bbox 1478 4842 1579 4896; x_wconf 64' lang='lat' dir='ltr'><strong>Eat</strong></span> <span class='ocrx_word' id='word_1_675' title='bbox 1620 4842 1796 4897; x_wconf 87' lang='lat' dir='ltr'><strong>autem</strong></span> <span class='ocrx_word' id='word_1_676' title='bbox 1833 4844 1934 4898; x_wconf 89' lang='lat' dir='ltr'><strong>hoc</strong></span> 
     </span>
    </p>
   </div>
   <div class='ocr_carea' id='block_1_84' title="bbox 338 4912 1932 4985">
    <p class='ocr_par' dir='ltr' id='par_1_84' title="bbox 338 4912 1932 4985">
     <span class='ocr_line' id='line_1_86' title="bbox 338 4912 1932 4985; baseline -0.001 -16"><span class='ocrx_word' id='word_1_677' title='bbox 338 4914 707 4985; x_wconf 88' lang='lat' dir='ltr'><strong>testimonium</strong></span> <span class='ocrx_word' id='word_1_678' title='bbox 803 4914 856 4966; x_wconf 91' lang='lat' dir='ltr'><strong>iu</strong></span> <span class='ocrx_word' id='word_1_679' title='bbox 888 4915 1019 4985; x_wconf 81' lang='lat' dir='ltr'><strong>ﬁne</strong></span> <span class='ocrx_word' id='word_1_680' title='bbox 1067 4913 1320 4985; x_wconf 81' lang='lat' dir='ltr'><strong>Asclepii.</strong></span> <span class='ocrx_word' id='word_1_681' title='bbox 1372 4912 1527 4985; x_wconf 83' lang='lat' dir='ltr'><strong>Unde</strong></span> <span class='ocrx_word' id='word_1_682' title='bbox 1594 4929 1695 4985; x_wconf 85' lang='lat' dir='ltr'><strong>ego</strong></span> <span class='ocrx_word' id='word_1_683' title='bbox 1742 4916 1932 4982; x_wconf 86' lang='lat' dir='ltr'><strong>Apulei</strong></span> 
     </span>
    </p>
   </div>
   <div class='ocr_carea' id='block_1_85' title="bbox 340 4983 1931 5051">
    <p class='ocr_par' dir='ltr' id='par_1_85' title="bbox 340 4983 1931 5051">
     <span class='ocr_line' id='line_1_87' title="bbox 340 4983 1931 5051; baseline -0.001 -11"><span class='ocrx_word' id='word_1_684' title='bbox 340 4984 764 5050; x_wconf 82' lang='lat' dir='ltr'><strong>translatiOuem,</strong></span> <span class='ocrx_word' id='word_1_685' title='bbox 810 4983 928 5051; x_wconf 82' lang='lat' dir='ltr'><strong>quia</strong></span> <span class='ocrx_word' id='word_1_686' title='bbox 960 4983 1146 5040; x_wconf 69' lang='lat' dir='ltr'><strong>Grmca</strong></span> <span class='ocrx_word' id='word_1_687' title='bbox 1190 4984 1341 5038; x_wconf 73' lang='lat' dir='ltr'><strong>nobis</strong></span> <span class='ocrx_word' id='word_1_688' title='bbox 1386 4984 1603 5045; x_wconf 81' lang='lat' dir='ltr'><strong>desunt,</strong></span> <span class='ocrx_word' id='word_1_689' title='bbox 1631 4983 1931 5040; x_wconf 78' lang='lat' dir='ltr'><strong>adscribam</strong></span> 
     </span>
    </p>
   </div>
   <div class='ocr_carea' id='block_1_86' title="bbox 337 5054 1935 5126">
    <p class='ocr_par' dir='ltr' id='par_1_86' title="bbox 337 5054 1935 5126">
     <span class='ocr_line' id='line_1_88' title="bbox 337 5054 1935 5126; baseline -0.001 -16"><span class='ocrx_word' id='word_1_690' title='bbox 337 5057 537 5126; x_wconf 78' lang='lat' dir='ltr'><strong>verbis</strong></span> <span class='ocrx_word' id='word_1_691' title='bbox 574 5055 733 5123; x_wconf 81' lang='lat' dir='ltr'><strong>paulo</strong></span> <span class='ocrx_word' id='word_1_692' title='bbox 785 5056 944 5109; x_wconf 89' lang='lat' dir='ltr'><strong>altius</strong></span> <span class='ocrx_word' id='word_1_693' title='bbox 988 5056 1229 5119; x_wconf 72' lang='lat' dir='ltr'><strong>repetitis</strong></span> <span class='ocrx_word' id='word_1_694' title='bbox 1273 5054 1391 5109; x_wconf 90' lang='lat' dir='ltr'><strong>:De</strong></span> <span class='ocrx_word' id='word_1_695' title='bbox 1431 5059 1587 5125; x_wconf 79' lang='lat' dir='ltr'><strong>adyto</strong></span> <span class='ocrx_word' id='word_1_696' title='bbox 1612 5072 1727 5108; x_wconf 85' lang='lat' dir='ltr'><strong>vero</strong></span> <span class='ocrx_word' id='word_1_697' title='bbox 1750 5058 1935 5126; x_wconf 83' lang='lat' dir='ltr'><strong>egressi</strong></span> 
     </span>
    </p>
   </div>
   <div class='ocr_carea' id='block_1_87' title="bbox 340 5125 1935 5197">
    <p class='ocr_par' dir='ltr' id='par_1_87' title="bbox 340 5125 1935 5197">
     <span class='ocr_line' id='line_1_89' title="bbox 340 5125 1935 5197; baseline -0.001 -16"><span class='ocrx_word' id='word_1_698' title='bbox 340 5144 457 5181; x_wconf 79' lang='lat' dir='ltr'><strong>cum</strong></span> <span class='ocrx_word' id='word_1_699' title='bbox 511 5125 675 5180; x_wconf 87' lang='lat' dir='ltr'><strong>Deum</strong></span> <span class='ocrx_word' id='word_1_700' title='bbox 729 5142 875 5180; x_wconf 88' lang='lat' dir='ltr'><strong>orare</strong></span> <span class='ocrx_word' id='word_1_701' title='bbox 931 5127 1197 5197; x_wconf 61' lang='lat' dir='ltr'><strong>erupissent</strong></span> <span class='ocrx_word' id='word_1_702' title='bbox 1231 5167 1244 5191; x_wconf 91' lang='lat'><strong>,</strong></span> <span class='ocrx_word' id='word_1_703' title='bbox 1300 5131 1353 5180; x_wconf 88' lang='lat' dir='ltr'><strong>in</strong></span> <span class='ocrx_word' id='word_1_704' title='bbox 1390 5137 1621 5179; x_wconf 77' lang='lat' dir='ltr'><strong>austrum</strong></span> <span class='ocrx_word' id='word_1_705' title='bbox 1660 5125 1935 5197; x_wconf 80' lang='lat' dir='ltr'><strong>respicien-</strong></span> 
     </span>
    </p>
   </div>
   <div class='ocr_carea' id='block_1_88' title="bbox 341 5196 1935 5266">
    <p class='ocr_par' dir='ltr' id='par_1_88' title="bbox 341 5196 1935 5266">
     <span class='ocr_line' id='line_1_90' title="bbox 341 5196 1935 5266; baseline -0.001 -13"><span class='ocrx_word' id='word_1_706' title='bbox 341 5211 416 5253; x_wconf 87' lang='lat' dir='ltr'><strong>tes</strong></span> <span class='ocrx_word' id='word_1_707' title='bbox 468 5207 632 5252; x_wconf 87' lang='lat' dir='ltr'><strong>erant.</strong></span> <span class='ocrx_word' id='word_1_708' title='bbox 693 5196 817 5252; x_wconf 89' lang='lat' dir='ltr'><strong>Sole</strong></span> <span class='ocrx_word' id='word_1_709' title='bbox 868 5199 1005 5250; x_wconf 87' lang='lat' dir='ltr'><strong>enim</strong></span> <span class='ocrx_word' id='word_1_710' title='bbox 1048 5198 1309 5252; x_wconf 85' lang='lat' dir='ltr'><strong>occidente</strong></span> <span class='ocrx_word' id='word_1_711' title='bbox 1342 5239 1355 5261; x_wconf 89' lang='lat'><strong>,</strong></span> <span class='ocrx_word' id='word_1_712' title='bbox 1419 5214 1535 5250; x_wconf 89' lang='lat' dir='ltr'><strong>cum</strong></span> <span class='ocrx_word' id='word_1_713' title='bbox 1589 5199 1700 5266; x_wconf 85' lang='lat' dir='ltr'><strong>quis</strong></span> <span class='ocrx_word' id='word_1_714' title='bbox 1768 5196 1935 5251; x_wconf 86' lang='lat' dir='ltr'><strong>Deum</strong></span> 
     </span>
    </p>
   </div>
   <div class='ocr_carea' id='block_1_89' title="bbox 341 5269 1937 5339">
    <p class='ocr_par' dir='ltr' id='par_1_89' title="bbox 341 5269 1937 5339">
     <span class='ocr_line' id='line_1_91' title="bbox 341 5269 1937 5339; baseline -0.001 -15"><span class='ocrx_word' id='word_1_715' title='bbox 341 5286 496 5324; x_wconf 87' lang='lat' dir='ltr'><strong>orare</strong></span> <span class='ocrx_word' id='word_1_716' title='bbox 558 5270 774 5323; x_wconf 75' lang='lat' dir='ltr'><strong>voluerit</strong></span> <span class='ocrx_word' id='word_1_717' title='bbox 807 5311 820 5333; x_wconf 91' lang='lat'><strong>,</strong></span> <span class='ocrx_word' id='word_1_718' title='bbox 868 5270 988 5322; x_wconf 89' lang='lat' dir='ltr'><strong>illuc</strong></span> <span class='ocrx_word' id='word_1_719' title='bbox 1028 5269 1171 5322; x_wconf 80' lang='lat' dir='ltr'><strong>debet</strong></span> <span class='ocrx_word' id='word_1_720' title='bbox 1210 5270 1459 5339; x_wconf 72' lang='lat' dir='ltr'><strong>respicere</strong></span> <span class='ocrx_word' id='word_1_721' title='bbox 1510 5284 1528 5320; x_wconf 89' lang='lat'><strong><em>:</em></strong></span> <span class='ocrx_word' id='word_1_722' title='bbox 1560 5269 1691 5339; x_wconf 71' lang='lat' dir='ltr'><strong>sicut</strong></span> <span class='ocrx_word' id='word_1_723' title='bbox 1737 5277 1782 5322; x_wconf 87' lang='lat' dir='ltr'><strong>et</strong></span> <span class='ocrx_word' id='word_1_724' title='bbox 1829 5271 1937 5323; x_wconf 87' lang='lat' dir='ltr'><strong>sole</strong></span> 
     </span>
    </p>
   </div>
   <div class='ocr_carea' id='block_1_90' title="bbox 341 5337 1938 5411">
    <p class='ocr_par' dir='ltr' id='par_1_90' title="bbox 341 5337 1938 5411">
     <span class='ocr_line' id='line_1_92' title="bbox 341 5337 1938 5411; baseline -0.002 -16"><span class='ocrx_word' id='word_1_725' title='bbox 341 5344 557 5406; x_wconf 82' lang='lat' dir='ltr'><strong>oriente,</strong></span> <span class='ocrx_word' id='word_1_726' title='bbox 615 5342 667 5393; x_wconf 84' lang='lat' dir='ltr'><strong>in</strong></span> <span class='ocrx_word' id='word_1_727' title='bbox 705 5357 818 5396; x_wconf 89' lang='lat' dir='ltr'><strong>eum</strong></span> <span class='ocrx_word' id='word_1_728' title='bbox 847 5341 933 5406; x_wconf 89' lang='lat' dir='ltr'><strong>qui</strong></span> <span class='ocrx_word' id='word_1_729' title='bbox 960 5341 1263 5395; x_wconf 80' lang='lat' dir='ltr'><strong>subsolanus</strong></span> <span class='ocrx_word' id='word_1_730' title='bbox 1296 5337 1664 5411; x_wconf 12' lang='lat' dir='ltr'><strong>dicitur-.71am</strong></span> <span class='ocrx_word' id='word_1_731' title='bbox 1719 5357 1837 5411; x_wconf 86' lang='lat' dir='ltr'><strong>ergo</strong></span> <span class='ocrx_word' id='word_1_732' title='bbox 1864 5342 1938 5393; x_wconf 83' lang='lat' dir='ltr'><strong>di-</strong></span> 
     </span>
    </p>
   </div>
   <div class='ocr_carea' id='block_1_91' title="bbox 340 5410 1937 5479">
    <p class='ocr_par' dir='ltr' id='par_1_91' title="bbox 340 5410 1937 5479">
     <span class='ocr_line' id='line_1_93' title="bbox 340 5410 1937 5479; baseline -0.001 -12"><span class='ocrx_word' id='word_1_733' title='bbox 340 5412 571 5467; x_wconf 87' lang='lat' dir='ltr'><strong>centibus</strong></span> <span class='ocrx_word' id='word_1_734' title='bbox 612 5412 988 5478; x_wconf 86' lang='lat' dir='ltr'><strong>precationem,</strong></span> <span class='ocrx_word' id='word_1_735' title='bbox 1044 5412 1309 5479; x_wconf 81' lang='lat' dir='ltr'><strong>Asclepius</strong></span> <span class='ocrx_word' id='word_1_736' title='bbox 1352 5413 1423 5465; x_wconf 87' lang='lat' dir='ltr'><strong>ait</strong></span> <span class='ocrx_word' id='word_1_737' title='bbox 1453 5426 1470 5464; x_wconf 89' lang='lat'><strong><em>:</em></strong></span> <span class='ocrx_word' id='word_1_738' title='bbox 1501 5410 1783 5465; x_wconf 84' lang='lat' dir='ltr'><strong>Submissa</strong></span> <span class='ocrx_word' id='word_1_739' title='bbox 1820 5426 1937 5466; x_wconf 86' lang='lat' dir='ltr'><strong>voce</strong></span> 
     </span>
    </p>
   </div>
   <div class='ocr_carea' id='block_1_92' title="bbox 342 5481 1936 5554">
    <p class='ocr_par' dir='ltr' id='par_1_92' title="bbox 342 5481 1936 5554">
     <span class='ocr_line' id='line_1_94' title="bbox 342 5481 1936 5554; baseline -0.001 -16"><span class='ocrx_word' id='word_1_740' title='bbox 342 5485 515 5539; x_wconf 86' lang='lat' dir='ltr'><strong>oranti</strong></span> <span class='ocrx_word' id='word_1_741' title='bbox 541 5499 870 5554; x_wconf 87' lang='lat' dir='ltr'><strong>suggeramus</strong></span> <span class='ocrx_word' id='word_1_742' title='bbox 902 5481 1069 5545; x_wconf 86' lang='lat' dir='ltr'><strong>Patri,</strong></span> <span class='ocrx_word' id='word_1_743' title='bbox 1093 5484 1228 5551; x_wconf 85' lang='lat' dir='ltr'><strong>quod</strong></span> <span class='ocrx_word' id='word_1_744' title='bbox 1242 5484 1488 5554; x_wconf 71' lang='lat' dir='ltr'><strong>jusserit,</strong></span> <span class='ocrx_word' id='word_1_745' title='bbox 1514 5484 1736 5554; x_wconf 52' lang='lat' dir='ltr'><strong>utr/mre</strong></span> <span class='ocrx_word' id='word_1_746' title='bbox 1760 5483 1936 5536; x_wconf 81' lang='lat' dir='ltr'><strong>addito</strong></span> 
     </span>
    </p>
   </div>
   <div class='ocr_carea' id='block_1_93' title="bbox 342 5552 1940 5625">
    <p class='ocr_par' dir='ltr' id='par_1_93' title="bbox 342 5552 1940 5625">
     <span class='ocr_line' id='line_1_95' title="bbox 342 5552 1940 5625; baseline 0 -16"><span class='ocrx_word' id='word_1_747' title='bbox 342 5565 392 5609; x_wconf 90' lang='lat' dir='ltr'><strong>et</strong></span> <span class='ocrx_word' id='word_1_748' title='bbox 423 5552 711 5625; x_wconf 78' lang='lat' dir='ltr'><strong>pigmentis,</strong></span> <span class='ocrx_word' id='word_1_749' title='bbox 744 5570 939 5623; x_wconf 86' lang='lat' dir='ltr'><strong>precem</strong></span> <span class='ocrx_word' id='word_1_750' title='bbox 967 5554 1195 5609; x_wconf 78' lang='lat' dir='ltr'><strong>dicamus</strong></span> <span class='ocrx_word' id='word_1_751' title='bbox 1226 5553 1354 5625; x_wconf 82' lang='lat' dir='ltr'><strong>Deo.</strong></span> <span class='ocrx_word' id='word_1_752' title='bbox 1385 5554 1546 5620; x_wconf 85' lang='lat' dir='ltr'><strong>Quem</strong></span> <span class='ocrx_word' id='word_1_753' title='bbox 1573 5552 1940 5624; x_wconf 78' lang='lat' dir='ltr'><strong>&#39;l&#39;rismegistns</strong></span> 
     </span>
    </p>
   </div>
   <div class='ocr_carea' id='block_1_94' title="bbox 343 5624 1934 5696">
    <p class='ocr_par' dir='ltr' id='par_1_94' title="bbox 343 5624 1934 5696">
     <span class='ocr_line' id='line_1_96' title="bbox 343 5624 1934 5696; baseline 0 -17"><span class='ocrx_word' id='word_1_754' title='bbox 343 5624 582 5690; x_wconf 83' lang='lat' dir='ltr'><strong>audiens,</strong></span> <span class='ocrx_word' id='word_1_755' title='bbox 608 5636 757 5696; x_wconf 88' lang='lat' dir='ltr'><strong>atque</strong></span> <span class='ocrx_word' id='word_1_756' title='bbox 795 5634 1077 5679; x_wconf 84' lang='lat' dir='ltr'><strong>commotus</strong></span> <span class='ocrx_word' id='word_1_757' title='bbox 1099 5626 1170 5678; x_wconf 88' lang='lat' dir='ltr'><strong>ait</strong></span> <span class='ocrx_word' id='word_1_758' title='bbox 1200 5641 1219 5678; x_wconf 93' lang='lat'><strong><em>:</em></strong></span> <span class='ocrx_word' id='word_1_759' title='bbox 1240 5624 1450 5688; x_wconf 80' lang='lat' dir='ltr'><strong>Melius,</strong></span> <span class='ocrx_word' id='word_1_760' title='bbox 1483 5624 1662 5678; x_wconf 83' lang='lat' dir='ltr'><strong>melius</strong></span> <span class='ocrx_word' id='word_1_761' title='bbox 1686 5626 1934 5691; x_wconf 86' lang='lat' dir='ltr'><strong>ominare,</strong></span> 
     </span>
    </p>
   </div>
   <div class='ocr_carea' id='block_1_95' title="bbox 344 5696 1936 5768">
    <p class='ocr_par' dir='ltr' id='par_1_95' title="bbox 344 5696 1936 5768">
     <span class='ocr_line' id='line_1_97' title="bbox 344 5696 1936 5768; baseline -0.001 -17"><span class='ocrx_word' id='word_1_762' title='bbox 344 5715 376 5751; x_wconf 90' lang='grc' dir='ltr'><strong>ο</strong></span> <span class='ocrx_word' id='word_1_763' title='bbox 405 5697 625 5768; x_wconf 79' lang='lat' dir='ltr'><strong>Asclepi.</strong></span> <span class='ocrx_word' id='word_1_764' title='bbox 665 5696 775 5751; x_wconf 76' lang='lat' dir='ltr'><strong>Hoc</strong></span> <span class='ocrx_word' id='word_1_765' title='bbox 800 5698 934 5750; x_wconf 85' lang='lat' dir='ltr'><strong>enim</strong></span> <span class='ocrx_word' id='word_1_766' title='bbox 977 5696 1257 5765; x_wconf 81' lang='lat' dir='ltr'><strong>sacrilegiis</strong></span> <span class='ocrx_word' id='word_1_767' title='bbox 1296 5696 1461 5751; x_wconf 84' lang='lat' dir='ltr'><strong>simile</strong></span> <span class='ocrx_word' id='word_1_768' title='bbox 1486 5707 1597 5768; x_wconf 86' lang='lat' dir='ltr'><strong>est,</strong></span> <span class='ocrx_word' id='word_1_769' title='bbox 1626 5711 1742 5768; x_wconf 85' lang='lat' dir='ltr'><strong>cum</strong></span> <span class='ocrx_word' id='word_1_770' title='bbox 1775 5696 1936 5750; x_wconf 84' lang='lat' dir='ltr'><strong>Deum</strong></span> 
     </span>
    </p>
   </div>
   <div class='ocr_carea' id='block_1_96' title="bbox 340 5767 1932 5839">
    <p class='ocr_par' dir='ltr' id='par_1_96' title="bbox 340 5767 1932 5839">
     <span class='ocr_line' id='line_1_98' title="bbox 340 5767 1932 5839; baseline 0.001 -18"><span class='ocrx_word' id='word_1_771' title='bbox 340 5785 517 5839; x_wconf 81' lang='lat' dir='ltr'><strong>roges,</strong></span> <span class='ocrx_word' id='word_1_772' title='bbox 541 5767 655 5825; x_wconf 80' lang='lat' dir='ltr'><strong>titus</strong></span> <span class='ocrx_word' id='word_1_773' title='bbox 675 5780 823 5839; x_wconf 84' lang='lat' dir='ltr'><strong>atque</strong></span> <span class='ocrx_word' id='word_1_774' title='bbox 853 5777 1035 5824; x_wconf 69' lang='lat' dir='ltr'><strong>(cetera</strong></span> <span class='ocrx_word' id='word_1_775' title='bbox 1067 5768 1334 5823; x_wconf 81' lang='lat' dir='ltr'><strong>incendere</strong></span> <span class='ocrx_word' id='word_1_776' title='bbox 1351 5767 1513 5834; x_wconf 79' lang='lat' dir='ltr'><strong>;niltil</strong></span> <span class='ocrx_word' id='word_1_777' title='bbox 1543 5768 1674 5822; x_wconf 88' lang='lat' dir='ltr'><strong>enim</strong></span> <span class='ocrx_word' id='word_1_778' title='bbox 1705 5767 1840 5825; x_wconf 83' lang='lat' dir='ltr'><strong>deest</strong></span> <span class='ocrx_word' id='word_1_779' title='bbox 1862 5769 1932 5837; x_wconf 76' lang='lat' dir='ltr'><strong>ei,</strong></span> 
     </span>
    </p>
   </div>
   <div class='ocr_carea' id='block_1_97' title="bbox 2033 3182 3640 3261">
    <p class='ocr_par' dir='ltr' id='par_1_97' title="bbox 2033 3182 3640 3261">
     <span class='ocr_line' id='line_1_99' title="bbox 2033 3182 3640 3261; baseline 0.004 -24"><span class='ocrx_word' id='word_1_780' title='bbox 2033 3182 2160 3237; x_wconf 80' lang='lat' dir='ltr'><strong>Htec</strong></span> <span class='ocrx_word' id='word_1_781' title='bbox 2177 3185 2445 3261; x_wconf 75' lang='lat' dir='ltr'><strong>enimsunt</strong></span> <span class='ocrx_word' id='word_1_782' title='bbox 2464 3182 3000 3261; x_wconf 72' lang='lat' dir='ltr'><strong>suntnueincensiones</strong></span> <span class='ocrx_word' id='word_1_783' title='bbox 3019 3182 3133 3261; x_wconf 77' lang='lat' dir='ltr'><strong>Dei,</strong></span> <span class='ocrx_word' id='word_1_784' title='bbox 3153 3205 3266 3241; x_wconf 88' lang='lat' dir='ltr'><strong>cum</strong></span> <span class='ocrx_word' id='word_1_785' title='bbox 3278 3200 3500 3259; x_wconf 83' lang='lat' dir='ltr'><strong>aguntur</strong></span> <span class='ocrx_word' id='word_1_786' title='bbox 3518 3207 3640 3261; x_wconf 88' lang='lat' dir='ltr'><strong>gra-</strong></span> 
     </span>
    </p>
   </div>
   <div class='ocr_carea' id='block_1_98' title="bbox 2032 3256 3633 3329">
    <p class='ocr_par' dir='ltr' id='par_1_98' title="bbox 2032 3256 3633 3329">
     <span class='ocr_line' id='line_1_100' title="bbox 2032 3256 3633 3329; baseline 0.005 -20"><span class='ocrx_word' id='word_1_787' title='bbox 2032 3265 2147 3329; x_wconf 84' lang='lat' dir='ltr'><strong>tesa</strong></span> <span class='ocrx_word' id='word_1_788' title='bbox 2166 3256 2482 3329; x_wconf 80' lang='lat' dir='ltr'><strong>mortalibus.</strong></span> <span class='ocrx_word' id='word_1_789' title='bbox 2495 3256 2688 3311; x_wconf 85' lang='lat' dir='ltr'><strong>Deinde</strong></span> <span class='ocrx_word' id='word_1_790' title='bbox 2712 3259 2939 3327; x_wconf 80' lang='lat' dir='ltr'><strong>sequitur</strong></span> <span class='ocrx_word' id='word_1_791' title='bbox 2955 3260 3240 3329; x_wconf 82' lang='lat' dir='ltr'><strong>gratiarum</strong></span> <span class='ocrx_word' id='word_1_792' title='bbox 3264 3256 3633 3317; x_wconf 68' lang='lat' dir='ltr'><strong>actio.Be&#39;rUL.</strong></span> 
     </span>
    </p>
   </div>
   <div class='ocr_carea' id='block_1_99' title="bbox 2103 3328 3639 3397">
    <p class='ocr_par' dir='ltr' id='par_1_99' title="bbox 2103 3328 3639 3397">
     <span class='ocr_line' id='line_1_101' title="bbox 2103 3328 3639 3397; baseline 0.005 -18"><span class='ocrx_word' id='word_1_793' title='bbox 2103 3328 2393 3395; x_wconf 84' lang='lat' dir='ltr'><strong>Asclepium</strong></span> <span class='ocrx_word' id='word_1_794' title='bbox 2420 3339 2725 3397; x_wconf 62' lang='lat' dir='ltr'><strong>quaerentem</strong></span> <span class='ocrx_word' id='word_1_795' title='bbox 2755 3345 2786 3382; x_wconf 94' lang='lat' dir='ltr'><strong>a</strong></span> <span class='ocrx_word' id='word_1_796' title='bbox 2816 3330 2926 3395; x_wconf 80' lang='lat' dir='ltr'><strong>ﬁlio</strong></span> <span class='ocrx_word' id='word_1_797' title='bbox 2957 3328 3072 3385; x_wconf 84' lang='lat' dir='ltr'><strong>sua.</strong></span> <span class='ocrx_word' id='word_1_798' title='bbox 3094 3330 3174 3384; x_wconf 86' lang='lat' dir='ltr'><strong>Ex</strong></span> <span class='ocrx_word' id='word_1_799' title='bbox 3207 3346 3338 3386; x_wconf 87' lang='lat' dir='ltr'><strong>mss.</strong></span> <span class='ocrx_word' id='word_1_800' title='bbox 3373 3340 3429 3385; x_wconf 78' lang='lat' dir='ltr'><strong>et</strong></span> <span class='ocrx_word' id='word_1_801' title='bbox 3458 3334 3639 3387; x_wconf 87' lang='lat' dir='ltr'><strong>omni-</strong></span> 
     </span>
    </p>
   </div>
   <div class='ocr_carea' id='block_1_100' title="bbox 2032 3395 3627 3474">
    <p class='ocr_par' dir='ltr' id='par_1_100' title="bbox 2032 3395 3627 3474">
     <span class='ocr_line' id='line_1_102' title="bbox 2032 3395 3627 3474; baseline 0.004 -23"><span class='ocrx_word' id='word_1_802' title='bbox 2032 3395 2272 3474; x_wconf 23' lang='lat' dir='ltr'><strong>bus‘fere</strong></span> <span class='ocrx_word' id='word_1_803' title='bbox 2302 3395 2470 3474; x_wconf 80' lang='lat' dir='ltr'><strong>editis</strong></span> <span class='ocrx_word' id='word_1_804' title='bbox 2490 3400 2700 3454; x_wconf 87' lang='lat' dir='ltr'><strong>restitui</strong></span> <span class='ocrx_word' id='word_1_805' title='bbox 2745 3410 3072 3469; x_wconf 66' lang='lat' dir='ltr'><strong>qurerentem.</strong></span> <span class='ocrx_word' id='word_1_806' title='bbox 3099 3401 3155 3456; x_wconf 92' lang='lat' dir='ltr'><strong>lu</strong></span> <span class='ocrx_word' id='word_1_807' title='bbox 3184 3402 3343 3458; x_wconf 89' lang='lat' dir='ltr'><strong>editis</strong></span> <span class='ocrx_word' id='word_1_808' title='bbox 3370 3401 3542 3474; x_wconf 86' lang='lat' dir='ltr'><strong>Thys.</strong></span> <span class='ocrx_word' id='word_1_809' title='bbox 3571 3411 3627 3459; x_wconf 90' lang='lat' dir='ltr'><strong>et</strong></span> 
     </span>
    </p>
   </div>
   <div class='ocr_carea' id='block_1_101' title="bbox 2034 3467 2532 3536">
    <p class='ocr_par' dir='ltr' id='par_1_101' title="bbox 2034 3467 2532 3536">
     <span class='ocr_line' id='line_1_103' title="bbox 2034 3467 2532 3536; baseline 0.004 -14"><span class='ocrx_word' id='word_1_810' title='bbox 2034 3467 2174 3522; x_wconf 83' lang='lat' dir='ltr'><strong>Gali.</strong></span> <span class='ocrx_word' id='word_1_811' title='bbox 2206 3485 2341 3536; x_wconf 80' lang='lat' dir='ltr'><strong>quw,</strong></span> <span class='ocrx_word' id='word_1_812' title='bbox 2369 3470 2532 3524; x_wconf 89' lang='lat' dir='ltr'><strong>male.</strong></span> 
     </span>
    </p>
   </div>
   <div class='ocr_carea' id='block_1_102' title="bbox 2113 3538 3637 3616">
    <p class='ocr_par' dir='ltr' id='par_1_102' title="bbox 2113 3538 3637 3616">
     <span class='ocr_line' id='line_1_104' title="bbox 2113 3538 3637 3616; baseline 0.005 -24"><span class='ocrx_word' id='word_1_813' title='bbox 2113 3538 2270 3604; x_wconf 87' lang='lat' dir='ltr'><strong>Bene,</strong></span> <span class='ocrx_word' id='word_1_814' title='bbox 2306 3541 2427 3593; x_wconf 87' lang='lat' dir='ltr'><strong>bene</strong></span> <span class='ocrx_word' id='word_1_815' title='bbox 2452 3542 2717 3616; x_wconf 73' lang='lat' dir='ltr'><strong>ominare,</strong></span> <span class='ocrx_word' id='word_1_816' title='bbox 2738 3541 3020 3616; x_wconf 81' lang='lat' dir='ltr'><strong>o_Asclepi.</strong></span> <span class='ocrx_word' id='word_1_817' title='bbox 3048 3542 3159 3616; x_wconf 83' lang='lat' dir='ltr'><strong>Sic_</strong></span> <span class='ocrx_word' id='word_1_818' title='bbox 3182 3543 3424 3612; x_wconf 81' lang='lat' dir='ltr'><strong>profecto</strong></span> <span class='ocrx_word' id='word_1_819' title='bbox 3452 3545 3637 3616; x_wconf 85' lang='lat' dir='ltr'><strong>legen-</strong></span> 
     </span>
    </p>
   </div>
   <div class='ocr_carea' id='block_1_103' title="bbox 2041 3609 3635 3681">
    <p class='ocr_par' dir='ltr' id='par_1_103' title="bbox 2041 3609 3635 3681">
     <span class='ocr_line' id='line_1_105' title="bbox 2041 3609 3635 3681; baseline 0.005 -19"><span class='ocrx_word' id='word_1_820' title='bbox 2041 3609 2168 3664; x_wconf 85' lang='lat' dir='ltr'><strong>dum</strong></span> <span class='ocrx_word' id='word_1_821' title='bbox 2219 3620 2393 3664; x_wconf 82' lang='lat' dir='ltr'><strong>estex</strong></span> <span class='ocrx_word' id='word_1_822' title='bbox 2445 3626 2573 3664; x_wconf 87' lang='lat' dir='ltr'><strong>mss.</strong></span> <span class='ocrx_word' id='word_1_823' title='bbox 2598 3612 2878 3667; x_wconf 86' lang='lat' dir='ltr'><strong>codicibus</strong></span> <span class='ocrx_word' id='word_1_824' title='bbox 2930 3609 3635 3681; x_wconf 68' lang='lat' dir='ltr'><strong>liegio-Put.,Bononiensi</strong></span> 
     </span>
    </p>
   </div>
   <div class='ocr_carea' id='block_1_104' title="bbox 2040 3682 3634 3755">
    <p class='ocr_par' dir='ltr' id='par_1_104' title="bbox 2040 3682 3634 3755">
     <span class='ocr_line' id='line_1_106' title="bbox 2040 3682 3634 3755; baseline 0.004 -21"><span class='ocrx_word' id='word_1_825' title='bbox 2040 3683 2364 3755; x_wconf 80' lang='lat' dir='ltr'><strong>antiquo,ac</strong></span> <span class='ocrx_word' id='word_1_826' title='bbox 2387 3682 2619 3755; x_wconf 80' lang='lat' dir='ltr'><strong>ipsumet</strong></span> <span class='ocrx_word' id='word_1_827' title='bbox 2642 3682 2911 3738; x_wconf 84' lang='lat' dir='ltr'><strong>Hermetis</strong></span> <span class='ocrx_word' id='word_1_828' title='bbox 2933 3684 2975 3737; x_wconf 84' lang='grc' dir='ltr'><strong>Τ</strong></span> <span class='ocrx_word' id='word_1_829' title='bbox 2981 3686 3269 3755; x_wconf 86' lang='lat' dir='ltr'><strong>rismegisti</strong></span> <span class='ocrx_word' id='word_1_830' title='bbox 3300 3684 3552 3755; x_wconf 83' lang='lat' dir='ltr'><strong>Asclepio</strong></span> <span class='ocrx_word' id='word_1_831' title='bbox 3581 3687 3634 3741; x_wconf 89' lang='lat' dir='ltr'><strong>in</strong></span> 
     </span>
    </p>
   </div>
   <div class='ocr_carea' id='block_1_105' title="bbox 2043 3752 3636 3827">
    <p class='ocr_par' dir='ltr' id='par_1_105' title="bbox 2043 3752 3636 3827">
     <span class='ocr_line' id='line_1_107' title="bbox 2043 3752 3636 3827; baseline 0.006 -25"><span class='ocrx_word' id='word_1_832' title='bbox 2043 3752 2365 3827; x_wconf 55' lang='lat' dir='ltr'><strong>praecedenti</strong></span> <span class='ocrx_word' id='word_1_833' title='bbox 2392 3752 2772 3827; x_wconf 67' lang='lat' dir='ltr'><strong>observatione</strong></span> <span class='ocrx_word' id='word_1_834' title='bbox 2803 3752 3223 3827; x_wconf 80' lang='lat' dir='ltr'><strong>relato,necnon</strong></span> <span class='ocrx_word' id='word_1_835' title='bbox 3247 3772 3311 3810; x_wconf 82' lang='lat' dir='ltr'><strong>ex</strong></span> <span class='ocrx_word' id='word_1_836' title='bbox 3334 3752 3636 3827; x_wconf 80' lang='lat' dir='ltr'><strong>Apuleiana</strong></span> 
     </span>
    </p>
   </div>
   <div class='ocr_carea' id='block_1_106' title="bbox 2040 3824 3633 3896">
    <p class='ocr_par' dir='ltr' id='par_1_106' title="bbox 2040 3824 3633 3896">
     <span class='ocr_line' id='line_1_108' title="bbox 2040 3824 3633 3896; baseline 0.003 -18"><span class='ocrx_word' id='word_1_837' title='bbox 2040 3825 2311 3896; x_wconf 83' lang='lat' dir='ltr'><strong>versione.</strong></span> <span class='ocrx_word' id='word_1_838' title='bbox 2329 3824 2495 3896; x_wconf 80' lang='lat' dir='ltr'><strong>Regio</strong></span> <span class='ocrx_word' id='word_1_839' title='bbox 2517 3825 2924 3896; x_wconf 12' lang='lat' dir='ltr'><strong>etiBononiensi</strong></span> <span class='ocrx_word' id='word_1_840' title='bbox 2951 3841 3082 3880; x_wconf 86' lang='lat' dir='ltr'><strong>mss.</strong></span> <span class='ocrx_word' id='word_1_841' title='bbox 3105 3824 3441 3881; x_wconf 73' lang='lat' dir='ltr'><strong>concordant</strong></span> <span class='ocrx_word' id='word_1_842' title='bbox 3458 3827 3633 3896; x_wconf 84' lang='lat' dir='ltr'><strong>Lips..</strong></span> 
     </span>
    </p>
   </div>
   <div class='ocr_carea' id='block_1_107' title="bbox 2040 3894 3636 3966">
    <p class='ocr_par' dir='ltr' id='par_1_107' title="bbox 2040 3894 3636 3966">
     <span class='ocr_line' id='line_1_109' title="bbox 2040 3894 3636 3966; baseline 0.003 -17"><span class='ocrx_word' id='word_1_843' title='bbox 2040 3894 2155 3949; x_wconf 73' lang='lat' dir='ltr'><strong>Pal.</strong></span> <span class='ocrx_word' id='word_1_844' title='bbox 2190 3906 2243 3950; x_wconf 92' lang='lat' dir='ltr'><strong>et</strong></span> <span class='ocrx_word' id='word_1_845' title='bbox 2261 3896 2387 3949; x_wconf 84' lang='lat' dir='ltr'><strong>editi</strong></span> <span class='ocrx_word' id='word_1_846' title='bbox 2437 3895 2658 3963; x_wconf 82' lang='lat' dir='ltr'><strong>Spark.,</strong></span> <span class='ocrx_word' id='word_1_847' title='bbox 2687 3896 2902 3951; x_wconf 83' lang='lat' dir='ltr'><strong>Walclt.</strong></span> <span class='ocrx_word' id='word_1_848' title='bbox 2938 3898 3132 3966; x_wconf 85' lang='lat' dir='ltr'><strong>legitur</strong></span> <span class='ocrx_word' id='word_1_849' title='bbox 3159 3914 3189 3951; x_wconf 91' lang='grc' dir='ltr'><strong><em>ο</em></strong></span> <span class='ocrx_word' id='word_1_850' title='bbox 3218 3899 3447 3959; x_wconf 82' lang='lat' dir='ltr'><strong>minute,</strong></span> <span class='ocrx_word' id='word_1_851' title='bbox 3481 3894 3536 3953; x_wconf 82' lang='lat' dir='ltr'><strong>in</strong></span> <span class='ocrx_word' id='word_1_852' title='bbox 3564 3898 3636 3954; x_wconf 73' lang='grc'><strong>95</strong></span> 
     </span>
    </p>
   </div>
   <div class='ocr_carea' id='block_1_108' title="bbox 2040 3967 3636 4036">
    <p class='ocr_par' dir='ltr' id='par_1_108' title="bbox 2040 3967 3636 4036">
     <span class='ocr_line' id='line_1_110' title="bbox 2040 3967 3636 4036; baseline 0.003 -16"><span class='ocrx_word' id='word_1_853' title='bbox 2040 3967 2258 4033; x_wconf 88' lang='lat' dir='ltr'><strong>scriptis</strong></span> <span class='ocrx_word' id='word_1_854' title='bbox 2286 3977 2340 4021; x_wconf 88' lang='lat' dir='ltr'><strong>et</strong></span> <span class='ocrx_word' id='word_1_855' title='bbox 2372 3967 2437 4021; x_wconf 89' lang='grc'><strong>18</strong></span> <span class='ocrx_word' id='word_1_856' title='bbox 2464 3969 2698 4022; x_wconf 85' lang='lat' dir='ltr'><strong>excusis.</strong></span> <span class='ocrx_word' id='word_1_857' title='bbox 2736 3967 3063 4023; x_wconf 91' lang='lat' dir='ltr'><strong>Litterarum</strong></span> <span class='ocrx_word' id='word_1_858' title='bbox 3089 3985 3115 4022; x_wconf 88' lang='lat' dir='ltr'><strong>r</strong></span> <span class='ocrx_word' id='word_1_859' title='bbox 3136 3979 3190 4022; x_wconf 93' lang='lat' dir='ltr'><strong>et</strong></span> <span class='ocrx_word' id='word_1_860' title='bbox 3221 3979 3260 4036; x_wconf 89' lang='lat' dir='ltr'><strong>t,</strong></span> <span class='ocrx_word' id='word_1_861' title='bbox 3286 3971 3472 4024; x_wconf 91' lang='lat' dir='ltr'><strong>eadem</strong></span> <span class='ocrx_word' id='word_1_862' title='bbox 3521 3970 3636 4025; x_wconf 85' lang='lat' dir='ltr'><strong>fere</strong></span> 
     </span>
    </p>
   </div>
   <div class='ocr_carea' id='block_1_109' title="bbox 2040 4038 3634 4110">
    <p class='ocr_par' dir='ltr' id='par_1_109' title="bbox 2040 4038 3634 4110">
     <span class='ocr_line' id='line_1_111' title="bbox 2040 4038 3634 4110; baseline 0.004 -20"><span class='ocrx_word' id='word_1_863' title='bbox 2040 4038 2204 4106; x_wconf 79' lang='lat' dir='ltr'><strong>ﬁgura</strong></span> <span class='ocrx_word' id='word_1_864' title='bbox 2246 4048 2329 4092; x_wconf 89' lang='lat' dir='ltr'><strong>est</strong></span> <span class='ocrx_word' id='word_1_865' title='bbox 2356 4038 2407 4091; x_wconf 89' lang='lat' dir='ltr'><strong>in</strong></span> <span class='ocrx_word' id='word_1_866' title='bbox 2465 4054 2594 4093; x_wconf 89' lang='lat' dir='ltr'><strong>mss.</strong></span> <span class='ocrx_word' id='word_1_867' title='bbox 2625 4038 2892 4107; x_wconf 85' lang='lat' dir='ltr'><strong>Corrupto</strong></span> <span class='ocrx_word' id='word_1_868' title='bbox 2932 4039 3129 4110; x_wconf 64' lang='lat' dir='ltr'><strong>legitur</strong></span> <span class='ocrx_word' id='word_1_869' title='bbox 3176 4041 3227 4093; x_wconf 89' lang='lat' dir='ltr'><strong>in</strong></span> <span class='ocrx_word' id='word_1_870' title='bbox 3285 4055 3417 4095; x_wconf 90' lang='lat' dir='ltr'><strong>mss.</strong></span> <span class='ocrx_word' id='word_1_871' title='bbox 3452 4041 3634 4096; x_wconf 88' lang='lat' dir='ltr'><strong>Bono-</strong></span> 
     </span>
    </p>
   </div>
   <div class='ocr_carea' id='block_1_110' title="bbox 2036 4108 3630 4232">
    <p class='ocr_par' dir='ltr' id='par_1_110' title="bbox 2036 4108 3630 4232">
     <span class='ocr_line' id='line_1_112' title="bbox 2036 4108 3630 4232; baseline 0.002 -70"><span class='ocrx_word' id='word_1_872' title='bbox 2036 4110 2210 4232; x_wconf 64' lang='lat' dir='ltr'><strong>nliensi</strong></span> <span class='ocrx_word' id='word_1_873' title='bbox 2271 4110 2493 4180; x_wconf 78' lang='lat' dir='ltr'><strong>antiquo</strong></span> <span class='ocrx_word' id='word_1_874' title='bbox 2523 4152 2537 4175; x_wconf 92' lang='lat'><strong>,</strong></span> <span class='ocrx_word' id='word_1_875' title='bbox 2587 4126 2616 4164; x_wconf 91' lang='grc' dir='ltr'><strong><em>ο</em></strong></span> <span class='ocrx_word' id='word_1_876' title='bbox 2647 4108 3007 4181; x_wconf 57' lang='lat' dir='ltr'><strong>Asclepiades.</strong></span> <span class='ocrx_word' id='word_1_877' title='bbox 3050 4108 3108 4165; x_wconf 90' lang='lat' dir='ltr'><strong>lu</strong></span> <span class='ocrx_word' id='word_1_878' title='bbox 3149 4111 3402 4181; x_wconf 83' lang='lat' dir='ltr'><strong>Asclepio</strong></span> <span class='ocrx_word' id='word_1_879' title='bbox 3435 4154 3448 4178; x_wconf 94' lang='lat'><strong>,</strong></span> <span class='ocrx_word' id='word_1_880' title='bbox 3506 4126 3630 4180; x_wconf 89' lang='lat' dir='ltr'><strong>cap.</strong></span> 
     </span>
     <span class='ocr_line' id='line_1_113' title="bbox 2039 4190 2245 4232; baseline 0 0"><span class='ocrx_word' id='word_1_881' title='bbox 2039 4196 2071 4232; x_wconf 93' lang='lat' dir='ltr'><strong>u</strong></span> <span class='ocrx_word' id='word_1_882' title='bbox 2098 4190 2245 4232; x_wconf 76' lang='lat' dir='ltr'><strong>timo.</strong></span> 
     </span>
    </p>
   </div>
   <div class='ocr_carea' id='block_1_111' title="bbox 2039 4182 2245 4236">
    <p class='ocr_par' dir='ltr' id='par_1_111' title="bbox 2039 4182 2245 4236">
     <span class='ocr_line' id='line_1_114' title="bbox 2039 4182 2245 4236; baseline -0.005 -2"><span class='ocrx_word' id='word_1_883' title='bbox 2039 4182 2245 4236; x_wconf 90' lang='lat' dir='ltr'><strong>ultimo.</strong></span> 
     </span>
    </p>
   </div>
   <div class='ocr_carea' id='block_1_112' title="bbox 2109 4251 3631 4320">
    <p class='ocr_par' dir='ltr' id='par_1_112' title="bbox 2109 4251 3631 4320">
     <span class='ocr_line' id='line_1_115' title="bbox 2109 4251 3631 4320; baseline 0.001 -15"><span class='ocrx_word' id='word_1_884' title='bbox 2109 4251 2580 4320; x_wconf 86' lang='lat' dir='ltr'><strong>Impietas.Verum</strong></span> <span class='ocrx_word' id='word_1_885' title='bbox 2604 4251 2843 4319; x_wconf 90' lang='lat' dir='ltr'><strong>quidem,</strong></span> <span class='ocrx_word' id='word_1_886' title='bbox 2860 4253 2903 4305; x_wconf 91' lang='lat' dir='ltr'><strong>si</strong></span> <span class='ocrx_word' id='word_1_887' title='bbox 2933 4253 3048 4307; x_wconf 91' lang='lat' dir='ltr'><strong>solo</strong></span> <span class='ocrx_word' id='word_1_888' title='bbox 3067 4253 3224 4307; x_wconf 91' lang='lat' dir='ltr'><strong>thure</strong></span> <span class='ocrx_word' id='word_1_889' title='bbox 3245 4261 3300 4307; x_wconf 91' lang='lat' dir='ltr'><strong>et</strong></span> <span class='ocrx_word' id='word_1_890' title='bbox 3328 4252 3460 4305; x_wconf 89' lang='lat' dir='ltr'><strong>solis</strong></span> <span class='ocrx_word' id='word_1_891' title='bbox 3491 4251 3631 4306; x_wconf 89' lang='lat' dir='ltr'><strong>odo-</strong></span> 
     </span>
    </p>
   </div>
   <div class='ocr_carea' id='block_1_113' title="bbox 2037 4320 3629 4447">
    <p class='ocr_par' dir='ltr' id='par_1_113' title="bbox 2037 4320 3629 4447">
     <span class='ocr_line' id='line_1_116' title="bbox 2037 4320 3629 4447; baseline 0.001 -72"><span class='ocrx_word' id='word_1_892' title='bbox 2037 4322 2186 4447; x_wconf 68' lang='grc' dir='ltr'><strong>τη)ιὲ</strong></span> <span class='ocrx_word' id='word_1_893' title='bbox 2218 4324 2444 4378; x_wconf 87' lang='lat' dir='ltr'><strong>velimus</strong></span> <span class='ocrx_word' id='word_1_894' title='bbox 2472 4338 2596 4378; x_wconf 91' lang='lat' dir='ltr'><strong>eum</strong></span> <span class='ocrx_word' id='word_1_895' title='bbox 2616 4322 2834 4389; x_wconf 89' lang='lat' dir='ltr'><strong>colere;</strong></span> <span class='ocrx_word' id='word_1_896' title='bbox 2861 4323 3007 4393; x_wconf 86' lang='lat' dir='ltr'><strong>quod</strong></span> <span class='ocrx_word' id='word_1_897' title='bbox 3030 4324 3240 4378; x_wconf 88' lang='lat' dir='ltr'><strong>videtur</strong></span> <span class='ocrx_word' id='word_1_898' title='bbox 3268 4320 3629 4393; x_wconf 76' lang='lat' dir='ltr'><strong>sequentibus</strong></span> 
     </span>
     <span class='ocr_line' id='line_1_117' title="bbox 2037 4409 2235 4447; baseline -0.005 0"><span class='ocrx_word' id='word_1_899' title='bbox 2037 4409 2130 4447; x_wconf 76' lang='lat' dir='ltr'><strong>VCI‘</strong></span> <span class='ocrx_word' id='word_1_900' title='bbox 2172 4411 2235 4447; x_wconf 83' lang='lat' dir='ltr'><strong>IS.</strong></span> 
     </span>
    </p>
   </div>
   <div class='ocr_carea' id='block_1_114' title="bbox 2037 4409 2235 4449">
    <p class='ocr_par' dir='ltr' id='par_1_114' title="bbox 2037 4409 2235 4449">
     <span class='ocr_line' id='line_1_118' title="bbox 2037 4409 2235 4449; baseline 0 -2"><span class='ocrx_word' id='word_1_901' title='bbox 2037 4409 2235 4449; x_wconf 75' lang='lat' dir='ltr'><strong>VCI‘DIS.</strong></span> 
     </span>
    </p>
   </div>
   <div class='ocr_carea' id='block_1_115' title="bbox 2109 4464 3066 4535">
    <p class='ocr_par' dir='ltr' id='par_1_115' title="bbox 2109 4464 3066 4535">
     <span class='ocr_line' id='line_1_119' title="bbox 2109 4464 3066 4535; baseline 0.002 -18"><span class='ocrx_word' id='word_1_902' title='bbox 2109 4464 2375 4535; x_wconf 86' lang='lat' dir='ltr'><strong>lndigens.</strong></span> <span class='ocrx_word' id='word_1_903' title='bbox 2406 4466 2431 4519; x_wconf 88' lang='grc'><strong>1</strong></span> <span class='ocrx_word' id='word_1_904' title='bbox 2468 4464 2602 4519; x_wconf 89' lang='lat' dir='ltr'><strong>Bon.</strong></span> <span class='ocrx_word' id='word_1_905' title='bbox 2626 4466 2819 4535; x_wconf 90' lang='lat' dir='ltr'><strong>antiq.,</strong></span> <span class='ocrx_word' id='word_1_906' title='bbox 2851 4465 3066 4535; x_wconf 87' lang='lat' dir='ltr'><strong>indiget.</strong></span> 
     </span>
    </p>
   </div>
   <div class='ocr_carea' id='block_1_116' title="bbox 2111 4557 3631 4628">
    <p class='ocr_par' dir='ltr' id='par_1_116' title="bbox 2111 4557 3631 4628">
     <span class='ocr_line' id='line_1_120' title="bbox 2111 4557 3631 4628; baseline 0.003 -18"><span class='ocrx_word' id='word_1_907' title='bbox 2111 4557 2282 4628; x_wconf 80' lang='lat' dir='ltr'><strong>Hujus</strong></span> <span class='ocrx_word' id='word_1_908' title='bbox 2295 4562 2428 4611; x_wconf 81' lang='lat' dir='ltr'><strong>enim</strong></span> <span class='ocrx_word' id='word_1_909' title='bbox 2445 4558 2889 4625; x_wconf 82' lang='lat' dir='ltr'><strong>sacriﬁcium,sola</strong></span> <span class='ocrx_word' id='word_1_910' title='bbox 2907 4559 3207 4615; x_wconf 88' lang='lat' dir='ltr'><strong>benedictio.</strong></span> <span class='ocrx_word' id='word_1_911' title='bbox 3221 4559 3285 4614; x_wconf 82' lang='lat' dir='ltr'><strong>Et</strong></span> <span class='ocrx_word' id='word_1_912' title='bbox 3300 4570 3450 4614; x_wconf 88' lang='lat' dir='ltr'><strong>recte.</strong></span> <span class='ocrx_word' id='word_1_913' title='bbox 3465 4557 3631 4615; x_wconf 86' lang='lat' dir='ltr'><strong>Verbo</strong></span> 
     </span>
    </p>
   </div>
   <div class='ocr_carea' id='block_1_117' title="bbox 2036 4629 3635 4701">
    <p class='ocr_par' dir='ltr' id='par_1_117' title="bbox 2036 4629 3635 4701">
     <span class='ocr_line' id='line_1_121' title="bbox 2036 4629 3635 4701; baseline 0.001 -19"><span class='ocrx_word' id='word_1_914' title='bbox 2036 4630 2168 4683; x_wconf 88' lang='lat' dir='ltr'><strong>enim</strong></span> <span class='ocrx_word' id='word_1_915' title='bbox 2212 4629 2513 4701; x_wconf 81' lang='lat' dir='ltr'><strong>sacriﬁcari.</strong></span> <span class='ocrx_word' id='word_1_916' title='bbox 2548 4630 2673 4684; x_wconf 78' lang='lat' dir='ltr'><strong>Mss.</strong></span> <span class='ocrx_word' id='word_1_917' title='bbox 2720 4629 2884 4684; x_wconf 89' lang='lat' dir='ltr'><strong>Bruu.</strong></span> <span class='ocrx_word' id='word_1_918' title='bbox 2916 4630 3119 4685; x_wconf 90' lang='lat' dir='ltr'><strong>addunt</strong></span> <span class='ocrx_word' id='word_1_919' title='bbox 3166 4641 3260 4697; x_wconf 88' lang='lat' dir='ltr'><strong>est,</strong></span> <span class='ocrx_word' id='word_1_920' title='bbox 3284 4641 3407 4701; x_wconf 88' lang='lat' dir='ltr'><strong>post</strong></span> <span class='ocrx_word' id='word_1_921' title='bbox 3430 4631 3635 4685; x_wconf 90' lang='lat' dir='ltr'><strong>benedi-</strong></span> 
     </span>
    </p>
   </div>
   <div class='ocr_carea' id='block_1_118' title="bbox 2034 4700 3633 4769">
    <p class='ocr_par' dir='ltr' id='par_1_118' title="bbox 2034 4700 3633 4769">
     <span class='ocr_line' id='line_1_122' title="bbox 2034 4700 3633 4769; baseline 0.001 -15"><span class='ocrx_word' id='word_1_922' title='bbox 2034 4702 2133 4754; x_wconf 87' lang='lat' dir='ltr'><strong>ctio</strong></span> <span class='ocrx_word' id='word_1_923' title='bbox 2152 4715 2171 4762; x_wconf 87' lang='lat'><strong><em>;</em></strong></span> <span class='ocrx_word' id='word_1_924' title='bbox 2189 4715 2318 4754; x_wconf 90' lang='lat' dir='ltr'><strong>mss.</strong></span> <span class='ocrx_word' id='word_1_925' title='bbox 2342 4700 2678 4755; x_wconf 85' lang='lat' dir='ltr'><strong>Oxouienses</strong></span> <span class='ocrx_word' id='word_1_926' title='bbox 2709 4710 2831 4769; x_wconf 89' lang='lat' dir='ltr'><strong>post</strong></span> <span class='ocrx_word' id='word_1_927' title='bbox 2856 4702 2919 4756; x_wconf 86' lang='lat' dir='ltr'><strong>Et</strong></span> <span class='ocrx_word' id='word_1_928' title='bbox 2944 4713 3095 4756; x_wconf 87' lang='lat' dir='ltr'><strong>recte.</strong></span> <span class='ocrx_word' id='word_1_929' title='bbox 3122 4702 3176 4756; x_wconf 89' lang='lat' dir='ltr'><strong>in</strong></span> <span class='ocrx_word' id='word_1_930' title='bbox 3203 4703 3236 4757; x_wconf 80' lang='grc'><strong>5</strong></span> <span class='ocrx_word' id='word_1_931' title='bbox 3261 4700 3443 4768; x_wconf 84' lang='lat' dir='ltr'><strong>editis,</strong></span> <span class='ocrx_word' id='word_1_932' title='bbox 3477 4702 3633 4769; x_wconf 79' lang='lat' dir='ltr'><strong>hujus</strong></span> 
     </span>
    </p>
   </div>
   <div class='ocr_carea' id='block_1_119' title="bbox 2036 4771 3635 4845">
    <p class='ocr_par' dir='ltr' id='par_1_119' title="bbox 2036 4771 3635 4845">
     <span class='ocr_line' id='line_1_123' title="bbox 2036 4771 3635 4845; baseline 0.002 -21"><span class='ocrx_word' id='word_1_933' title='bbox 2036 4772 2346 4845; x_wconf 77' lang='lat' dir='ltr'><strong>sacriﬁcium</strong></span> <span class='ocrx_word' id='word_1_934' title='bbox 2364 4772 2475 4845; x_wconf 84' lang='lat' dir='ltr'><strong>so_lu</strong></span> <span class='ocrx_word' id='word_1_935' title='bbox 2503 4771 2818 4837; x_wconf 86' lang='lat' dir='ltr'><strong>benedictio;</strong></span> <span class='ocrx_word' id='word_1_936' title='bbox 2846 4783 2977 4827; x_wconf 88' lang='lat' dir='ltr'><strong>recte</strong></span> <span class='ocrx_word' id='word_1_937' title='bbox 2997 4783 3087 4829; x_wconf 87' lang='lat' dir='ltr'><strong>est.</strong></span> <span class='ocrx_word' id='word_1_938' title='bbox 3109 4772 3268 4828; x_wconf 84' lang='lat' dir='ltr'><strong>Verbo</strong></span> <span class='ocrx_word' id='word_1_939' title='bbox 3294 4791 3412 4845; x_wconf 85' lang='lat' dir='ltr'><strong>ergo</strong></span> <span class='ocrx_word' id='word_1_940' title='bbox 3435 4774 3635 4845; x_wconf 82' lang='lat' dir='ltr'><strong>sacriﬁ-</strong></span> 
     </span>
    </p>
   </div>
   <div class='ocr_carea' id='block_1_120' title="bbox 2036 4842 3635 4914">
    <p class='ocr_par' dir='ltr' id='par_1_120' title="bbox 2036 4842 3635 4914">
     <span class='ocr_line' id='line_1_124' title="bbox 2036 4842 3635 4914; baseline 0.001 -19"><span class='ocrx_word' id='word_1_941' title='bbox 2036 4844 2163 4896; x_wconf 88' lang='lat' dir='ltr'><strong>cari.</strong></span> <span class='ocrx_word' id='word_1_942' title='bbox 2213 4843 2309 4897; x_wconf 62' lang='grc' dir='ltr'><strong>ΜΒ.</strong></span> <span class='ocrx_word' id='word_1_943' title='bbox 2347 4845 2369 4896; x_wconf 83' lang='grc'><strong>1</strong></span> <span class='ocrx_word' id='word_1_944' title='bbox 2409 4842 2541 4897; x_wconf 89' lang='lat' dir='ltr'><strong>Bon.</strong></span> <span class='ocrx_word' id='word_1_945' title='bbox 2575 4845 2769 4911; x_wconf 86' lang='lat' dir='ltr'><strong>antiq.,</strong></span> <span class='ocrx_word' id='word_1_946' title='bbox 2799 4846 2947 4914; x_wconf 86' lang='lat' dir='ltr'><strong>cujus</strong></span> <span class='ocrx_word' id='word_1_947' title='bbox 2976 4846 3284 4902; x_wconf 80' lang='lat' dir='ltr'><strong>sacriﬁcium</strong></span> <span class='ocrx_word' id='word_1_948' title='bbox 3315 4842 3386 4899; x_wconf 80' lang='lat' dir='ltr'><strong>est</strong></span> <span class='ocrx_word' id='word_1_949' title='bbox 3415 4846 3524 4898; x_wconf 86' lang='lat' dir='ltr'><strong>sola</strong></span> <span class='ocrx_word' id='word_1_950' title='bbox 3550 4844 3635 4896; x_wconf 87' lang='lat' dir='ltr'><strong>be-</strong></span> 
     </span>
    </p>
   </div>
   <div class='ocr_carea' id='block_1_121' title="bbox 2036 4914 3633 4971">
    <p class='ocr_par' dir='ltr' id='par_1_121' title="bbox 2036 4914 3633 4971">
     <span class='ocr_line' id='line_1_125' title="bbox 2036 4914 3633 4971; baseline 0 -4"><span class='ocrx_word' id='word_1_951' title='bbox 2036 4915 2275 4968; x_wconf 79' lang='lat' dir='ltr'><strong>nedictio.</strong></span> <span class='ocrx_word' id='word_1_952' title='bbox 2309 4914 2465 4969; x_wconf 83' lang='lat' dir='ltr'><strong>Recte</strong></span> <span class='ocrx_word' id='word_1_953' title='bbox 2491 4931 2631 4971; x_wconf 88' lang='lat' dir='ltr'><strong>erao.</strong></span> <span class='ocrx_word' id='word_1_954' title='bbox 2666 4915 2747 4969; x_wconf 89' lang='lat' dir='ltr'><strong>Eo</strong></span> <span class='ocrx_word' id='word_1_955' title='bbox 2798 4916 2900 4969; x_wconf 91' lang='lat' dir='ltr'><strong>loci</strong></span> <span class='ocrx_word' id='word_1_956' title='bbox 2929 4916 3174 4971; x_wconf 87' lang='lat' dir='ltr'><strong>doctrina</strong></span> <span class='ocrx_word' id='word_1_957' title='bbox 3223 4916 3483 4970; x_wconf 85' lang='lat' dir='ltr'><strong>Lactantii</strong></span> <span class='ocrx_word' id='word_1_958' title='bbox 3509 4928 3633 4968; x_wconf 88' lang='lat' dir='ltr'><strong>vera</strong></span> 
     </span>
    </p>
   </div>
   <div class='ocr_carea' id='block_1_122' title="bbox 2036 4985 3634 5057">
    <p class='ocr_par' dir='ltr' id='par_1_122' title="bbox 2036 4985 3634 5057">
     <span class='ocr_line' id='line_1_126' title="bbox 2036 4985 3634 5057; baseline -0.002 -19"><span class='ocrx_word' id='word_1_959' title='bbox 2036 4997 2139 5050; x_wconf 73' lang='grc' dir='ltr'>εει,</span> <span class='ocrx_word' id='word_1_960' title='bbox 2169 4985 2291 5055; x_wconf 81' lang='lat' dir='ltr'><strong>quia</strong></span> <span class='ocrx_word' id='word_1_961' title='bbox 2322 4997 2509 5039; x_wconf 89' lang='lat' dir='ltr'><strong>contra</strong></span> <span class='ocrx_word' id='word_1_962' title='bbox 2541 4985 2781 5041; x_wconf 89' lang='lat' dir='ltr'><strong>Gentiles</strong></span> <span class='ocrx_word' id='word_1_963' title='bbox 2806 4987 3062 5057; x_wconf 79' lang='lat' dir='ltr'><strong>disputat,</strong></span> <span class='ocrx_word' id='word_1_964' title='bbox 3084 5002 3313 5057; x_wconf 88' lang='lat' dir='ltr'><strong>quorum</strong></span> <span class='ocrx_word' id='word_1_965' title='bbox 3340 4995 3507 5057; x_wconf 86' lang='lat' dir='ltr'><strong>totum</strong></span> <span class='ocrx_word' id='word_1_966' title='bbox 3542 4999 3634 5057; x_wconf 84' lang='lat' dir='ltr'><strong>sa-</strong></span> 
     </span>
    </p>
   </div>
   <div class='ocr_carea' id='block_1_123' title="bbox 2036 5055 3633 5126">
    <p class='ocr_par' dir='ltr' id='par_1_123' title="bbox 2036 5055 3633 5126">
     <span class='ocr_line' id='line_1_127' title="bbox 2036 5055 3633 5126; baseline -0.001 -17"><span class='ocrx_word' id='word_1_967' title='bbox 2036 5058 2296 5111; x_wconf 89' lang='lat' dir='ltr'><strong>criﬁcimn</strong></span> <span class='ocrx_word' id='word_1_968' title='bbox 2321 5059 2511 5110; x_wconf 82' lang='lat' dir='ltr'><strong>eratin</strong></span> <span class='ocrx_word' id='word_1_969' title='bbox 2539 5058 2698 5111; x_wconf 89' lang='lat' dir='ltr'><strong>donis</strong></span> <span class='ocrx_word' id='word_1_970' title='bbox 2732 5055 3002 5126; x_wconf 86' lang='lat' dir='ltr'><strong>pretiosis,</strong></span> <span class='ocrx_word' id='word_1_971' title='bbox 3033 5055 3177 5113; x_wconf 87' lang='lat' dir='ltr'><strong>nulla</strong></span> <span class='ocrx_word' id='word_1_972' title='bbox 3211 5058 3416 5112; x_wconf 83' lang='lat' dir='ltr'><strong>ratione</strong></span> <span class='ocrx_word' id='word_1_973' title='bbox 3451 5055 3633 5126; x_wconf 85' lang='lat' dir='ltr'><strong>habita</strong></span> 
     </span>
    </p>
   </div>
   <div class='ocr_carea' id='block_1_124' title="bbox 2038 5125 3635 5194">
    <p class='ocr_par' dir='ltr' id='par_1_124' title="bbox 2038 5125 3635 5194">
     <span class='ocr_line' id='line_1_128' title="bbox 2038 5125 3635 5194; baseline -0.003 -13"><span class='ocrx_word' id='word_1_974' title='bbox 2038 5127 2232 5182; x_wconf 87' lang='lat' dir='ltr'><strong>interni</strong></span> <span class='ocrx_word' id='word_1_975' title='bbox 2257 5127 2525 5193; x_wconf 89' lang='lat' dir='ltr'><strong>sacriﬁcii,</strong></span> <span class='ocrx_word' id='word_1_976' title='bbox 2569 5125 2776 5183; x_wconf 87' lang='lat' dir='ltr'><strong>scilicet</strong></span> <span class='ocrx_word' id='word_1_977' title='bbox 2801 5129 3144 5193; x_wconf 75' lang='lat' dir='ltr'><strong>innocentize,</strong></span> <span class='ocrx_word' id='word_1_978' title='bbox 3179 5130 3419 5181; x_wconf 84' lang='lat' dir='ltr'><strong>honestae</strong></span> <span class='ocrx_word' id='word_1_979' title='bbox 3446 5140 3509 5178; x_wconf 91' lang='lat' dir='ltr'><strong>ac</strong></span> <span class='ocrx_word' id='word_1_980' title='bbox 3532 5125 3635 5194; x_wconf 71' lang='lat' dir='ltr'><strong>pia:</strong></span> 
     </span>
    </p>
   </div>
   <div class='ocr_carea' id='block_1_125' title="bbox 2039 5195 3635 5268">
    <p class='ocr_par' dir='ltr' id='par_1_125' title="bbox 2039 5195 3635 5268">
     <span class='ocr_line' id='line_1_129' title="bbox 2039 5195 3635 5268; baseline -0.001 -16"><span class='ocrx_word' id='word_1_981' title='bbox 2039 5202 2187 5263; x_wconf 71' lang='lat' dir='ltr'><strong>vitm,</strong></span> <span class='ocrx_word' id='word_1_982' title='bbox 2223 5198 2537 5253; x_wconf 89' lang='lat' dir='ltr'><strong>humilitatis</strong></span> <span class='ocrx_word' id='word_1_983' title='bbox 2564 5241 2579 5264; x_wconf 90' lang='lat'><strong>,</strong></span> <span class='ocrx_word' id='word_1_984' title='bbox 2612 5200 2820 5255; x_wconf 90' lang='lat' dir='ltr'><strong>timoris</strong></span> <span class='ocrx_word' id='word_1_985' title='bbox 2848 5210 2899 5253; x_wconf 88' lang='lat' dir='ltr'><strong>et</strong></span> <span class='ocrx_word' id='word_1_986' title='bbox 2950 5199 3315 5268; x_wconf 42' lang='lat' dir='ltr'><strong>integritatis,</strong></span> <span class='ocrx_word' id='word_1_987' title='bbox 3344 5195 3635 5268; x_wconf 83' lang='lat' dir='ltr'><strong>Atquehic</strong></span> 
     </span>
    </p>
   </div>
   <div class='ocr_carea' id='block_1_126' title="bbox 2037 5267 3631 5339">
    <p class='ocr_par' dir='ltr' id='par_1_126' title="bbox 2037 5267 3631 5339">
     <span class='ocr_line' id='line_1_130' title="bbox 2037 5267 3631 5339; baseline -0.003 -15"><span class='ocrx_word' id='word_1_988' title='bbox 2037 5280 2121 5325; x_wconf 90' lang='lat' dir='ltr'><strong>est</strong></span> <span class='ocrx_word' id='word_1_989' title='bbox 2151 5285 2345 5334; x_wconf 81' lang='lat' dir='ltr'><strong>scopas</strong></span> <span class='ocrx_word' id='word_1_990' title='bbox 2365 5269 2889 5339; x_wconf 85' lang='lat' dir='ltr'><strong>Trismegisti,cujus</strong></span> <span class='ocrx_word' id='word_1_991' title='bbox 2918 5267 3081 5324; x_wconf 75' lang='lat' dir='ltr'><strong>verba</strong></span> <span class='ocrx_word' id='word_1_992' title='bbox 3108 5268 3274 5323; x_wconf 74' lang='lat' dir='ltr'><strong>refert</strong></span> <span class='ocrx_word' id='word_1_993' title='bbox 3292 5267 3631 5339; x_wconf 56' lang='lat' dir='ltr'><strong>hactantius.</strong></span> 
     </span>
    </p>
   </div>
   <div class='ocr_carea' id='block_1_127' title="bbox 2039 5337 3634 5410">
    <p class='ocr_par' dir='ltr' id='par_1_127' title="bbox 2039 5337 3634 5410">
     <span class='ocr_line' id='line_1_131' title="bbox 2039 5337 3634 5410; baseline -0.003 -14"><span class='ocrx_word' id='word_1_994' title='bbox 2039 5342 2128 5396; x_wconf 90' lang='lat' dir='ltr'><strong>Sic</strong></span> <span class='ocrx_word' id='word_1_995' title='bbox 2159 5351 2211 5394; x_wconf 92' lang='lat' dir='ltr'><strong>et</strong></span> <span class='ocrx_word' id='word_1_996' title='bbox 2235 5341 2294 5396; x_wconf 92' lang='lat' dir='ltr'><strong>S.</strong></span> <span class='ocrx_word' id='word_1_997' title='bbox 2335 5337 2613 5405; x_wconf 80' lang='lat' dir='ltr'><strong>Paulinus,</strong></span> <span class='ocrx_word' id='word_1_998' title='bbox 2645 5357 2731 5410; x_wconf 91' lang='lat' dir='ltr'><strong>ep.</strong></span> <span class='ocrx_word' id='word_1_999' title='bbox 2767 5356 2863 5395; x_wconf 85' lang='lat' dir='ltr'><strong>xu.</strong></span> <span class='ocrx_word' id='word_1_1000' title='bbox 2890 5339 2965 5394; x_wconf 88' lang='lat' dir='ltr'><strong>lta</strong></span> <span class='ocrx_word' id='word_1_1001' title='bbox 2993 5341 3161 5393; x_wconf 86' lang='lat' dir='ltr'><strong>sensit</strong></span> <span class='ocrx_word' id='word_1_1002' title='bbox 3189 5348 3243 5392; x_wconf 90' lang='lat' dir='ltr'><strong>et</strong></span> <span class='ocrx_word' id='word_1_1003' title='bbox 3286 5337 3634 5410; x_wconf 83' lang='lat' dir='ltr'><strong>Thomasius.</strong></span> 
     </span>
    </p>
   </div>
   <div class='ocr_carea' id='block_1_128' title="bbox 2037 5409 3640 5480">
    <p class='ocr_par' dir='ltr' id='par_1_128' title="bbox 2037 5409 3640 5480">
     <span class='ocr_line' id='line_1_132' title="bbox 2037 5409 3640 5480; baseline 0 -16"><span class='ocrx_word' id='word_1_1004' title='bbox 2037 5411 2425 5465; x_wconf 84' lang='lat' dir='ltr'><strong>-—Benedictio.</strong></span> <span class='ocrx_word' id='word_1_1005' title='bbox 2458 5410 2525 5465; x_wconf 85' lang='lat' dir='ltr'><strong>Et</strong></span> <span class='ocrx_word' id='word_1_1006' title='bbox 2567 5409 2716 5465; x_wconf 86' lang='lat' dir='ltr'><strong>recte.</strong></span> <span class='ocrx_word' id='word_1_1007' title='bbox 2757 5412 2988 5480; x_wconf 68' lang='lat' dir='ltr'><strong>Epitom.</strong></span> <span class='ocrx_word' id='word_1_1008' title='bbox 3046 5426 3094 5461; x_wconf 85' lang='lat' dir='ltr'><strong>c.</strong></span> <span class='ocrx_word' id='word_1_1009' title='bbox 3127 5411 3199 5465; x_wconf 73' lang='lat'><strong>68</strong></span> <span class='ocrx_word' id='word_1_1010' title='bbox 3232 5427 3243 5461; x_wconf 88' lang='lat'><strong>:</strong></span> <span class='ocrx_word' id='word_1_1011' title='bbox 3275 5409 3437 5464; x_wconf 83' lang='lat' dir='ltr'><strong>Stoici</strong></span> <span class='ocrx_word' id='word_1_1012' title='bbox 3491 5409 3640 5464; x_wconf 88' lang='lat' dir='ltr'><strong>aiunt</strong></span> 
     </span>
    </p>
   </div>
   <div class='ocr_carea' id='block_1_129' title="bbox 2042 5478 3640 5553">
    <p class='ocr_par' dir='ltr' id='par_1_129' title="bbox 2042 5478 3640 5553">
     <span class='ocr_line' id='line_1_133' title="bbox 2042 5478 3640 5553; baseline -0.001 -16"><span class='ocrx_word' id='word_1_1013' title='bbox 2042 5483 2306 5538; x_wconf 83' lang='lat' dir='ltr'><strong>hominum</strong></span> <span class='ocrx_word' id='word_1_1014' title='bbox 2335 5500 2488 5536; x_wconf 89' lang='lat' dir='ltr'><strong>causa</strong></span> <span class='ocrx_word' id='word_1_1015' title='bbox 2528 5487 2719 5553; x_wconf 77' lang='lat' dir='ltr'><strong>factum</strong></span> <span class='ocrx_word' id='word_1_1016' title='bbox 2767 5478 2890 5553; x_wconf 81' lang='lat' dir='ltr'><strong>esse.</strong></span> <span class='ocrx_word' id='word_1_1017' title='bbox 2942 5478 3012 5535; x_wconf 86' lang='lat' dir='ltr'><strong>Et</strong></span> <span class='ocrx_word' id='word_1_1018' title='bbox 3036 5491 3192 5553; x_wconf 87' lang='lat' dir='ltr'><strong>recte.</strong></span> <span class='ocrx_word' id='word_1_1019' title='bbox 3221 5481 3341 5551; x_wconf 84' lang='lat' dir='ltr'><strong>Ipse</strong></span> <span class='ocrx_word' id='word_1_1020' title='bbox 3368 5480 3559 5536; x_wconf 85' lang='lat' dir='ltr'><strong>Cicero</strong></span> <span class='ocrx_word' id='word_1_1021' title='bbox 3587 5482 3640 5535; x_wconf 90' lang='lat' dir='ltr'><strong>in</strong></span> 
     </span>
    </p>
   </div>
   <div class='ocr_carea' id='block_1_130' title="bbox 2038 5552 3641 5622">
    <p class='ocr_par' dir='ltr' id='par_1_130' title="bbox 2038 5552 3641 5622">
     <span class='ocr_line' id='line_1_134' title="bbox 2038 5552 3641 5622; baseline -0.001 -13"><span class='ocrx_word' id='word_1_1022' title='bbox 2038 5554 2224 5619; x_wconf 86' lang='lat' dir='ltr'><strong>Bruto,</strong></span> <span class='ocrx_word' id='word_1_1023' title='bbox 2243 5569 2291 5609; x_wconf 91' lang='lat' dir='ltr'><strong>c.</strong></span> <span class='ocrx_word' id='word_1_1024' title='bbox 2321 5553 2383 5608; x_wconf 80' lang='grc'><strong>51</strong></span> <span class='ocrx_word' id='word_1_1025' title='bbox 2416 5552 2626 5617; x_wconf 85' lang='lat' dir='ltr'><strong>:Plato,</strong></span> <span class='ocrx_word' id='word_1_1026' title='bbox 2654 5552 2818 5622; x_wconf 84' lang='lat' dir='ltr'><strong>inquit</strong></span> <span class='ocrx_word' id='word_1_1027' title='bbox 2850 5552 3224 5619; x_wconf 86' lang='lat' dir='ltr'><strong>Antimachus,</strong></span> <span class='ocrx_word' id='word_1_1028' title='bbox 3248 5554 3372 5608; x_wconf 81' lang='lat' dir='ltr'><strong>nti/ti</strong></span> <span class='ocrx_word' id='word_1_1029' title='bbox 3401 5570 3532 5608; x_wconf 85' lang='lat' dir='ltr'><strong>unus</strong></span> <span class='ocrx_word' id='word_1_1030' title='bbox 3562 5554 3641 5607; x_wconf 79' lang='lat' dir='ltr'><strong>in-</strong></span> 
     </span>
    </p>
   </div>
   <div class='ocr_carea' id='block_1_131' title="bbox 2035 5623 3229 5682">
    <p class='ocr_par' dir='ltr' id='par_1_131' title="bbox 2035 5623 3229 5682">
     <span class='ocr_line' id='line_1_135' title="bbox 2035 5623 3229 5682; baseline -0.003 0"><span class='ocrx_word' id='word_1_1031' title='bbox 2035 5637 2145 5682; x_wconf 89' lang='lat' dir='ltr'><strong>star</strong></span> <span class='ocrx_word' id='word_1_1032' title='bbox 2175 5637 2247 5680; x_wconf 76' lang='lat' dir='ltr'><strong>est</strong></span> <span class='ocrx_word' id='word_1_1033' title='bbox 2274 5627 2497 5679; x_wconf 87' lang='lat' dir='ltr'><strong>omnium</strong></span> <span class='ocrx_word' id='word_1_1034' title='bbox 2523 5624 2759 5679; x_wconf 89' lang='lat' dir='ltr'><strong>millium.</strong></span> <span class='ocrx_word' id='word_1_1035' title='bbox 2798 5623 2862 5679; x_wconf 83' lang='lat' dir='ltr'><strong>Et</strong></span> <span class='ocrx_word' id='word_1_1036' title='bbox 2892 5634 3041 5680; x_wconf 89' lang='lat' dir='ltr'><strong>recte.</strong></span> <span class='ocrx_word' id='word_1_1037' title='bbox 3098 5624 3229 5681; x_wconf 79' lang='lat' dir='ltr'><strong>BDN.</strong></span> 
     </span>
    </p>
   </div>
   <div class='ocr_carea' id='block_1_132' title="bbox 2034 5696 3643 5769">
    <p class='ocr_par' dir='ltr' id='par_1_132' title="bbox 2034 5696 3643 5769">
     <span class='ocr_line' id='line_1_136' title="bbox 2034 5696 3643 5769; baseline -0.002 -18"><span class='ocrx_word' id='word_1_1038' title='bbox 2034 5714 2039 5721; x_wconf 82' lang='lat'><em>‘</em></span> <span class='ocrx_word' id='word_1_1039' title='bbox 2114 5697 2179 5751; x_wconf 77' lang='lat' dir='ltr'><strong>Et</strong></span> <span class='ocrx_word' id='word_1_1040' title='bbox 2238 5698 2545 5751; x_wconf 78' lang='lat' dir='ltr'><strong>humilitate.</strong></span> <span class='ocrx_word' id='word_1_1041' title='bbox 2594 5696 2868 5769; x_wconf 66' lang='lat' dir='ltr'><strong>Prmposui</strong></span> <span class='ocrx_word' id='word_1_1042' title='bbox 2925 5707 2974 5752; x_wconf 87' lang='lat' dir='ltr'><strong>et</strong></span> <span class='ocrx_word' id='word_1_1043' title='bbox 2996 5712 3071 5769; x_wconf 12' lang='lat' dir='ltr'><strong>ex,</strong></span> <span class='ocrx_word' id='word_1_1044' title='bbox 3097 5696 3132 5752; x_wconf 86' lang='lat'><strong>9</strong></span> <span class='ocrx_word' id='word_1_1045' title='bbox 3160 5706 3269 5753; x_wconf 86' lang='lat' dir='ltr'><strong>vet.</strong></span> <span class='ocrx_word' id='word_1_1046' title='bbox 3301 5696 3479 5763; x_wconf 82' lang='lat' dir='ltr'><strong>editis,</strong></span> <span class='ocrx_word' id='word_1_1047' title='bbox 3510 5707 3643 5748; x_wconf 84' lang='lat' dir='ltr'><strong>etm-</strong></span> 
     </span>
    </p>
   </div>
   <div class='ocr_carea' id='block_1_133' title="bbox 2045 5767 3321 5855">
    <p class='ocr_par' dir='ltr' id='par_1_133' title="bbox 2045 5767 3321 5855">
     <span class='ocr_line' id='line_1_137' title="bbox 2045 5767 3321 5855; baseline -0.004 -29"><span class='ocrx_word' id='word_1_1048' title='bbox 2045 5770 2218 5839; x_wconf 90' lang='lat' dir='ltr'><strong>tisque</strong></span> <span class='ocrx_word' id='word_1_1049' title='bbox 2258 5783 2388 5826; x_wconf 82' lang='lat' dir='ltr'><strong>mss.</strong></span> <span class='ocrx_word' id='word_1_1050' title='bbox 2427 5776 2626 5855; x_wconf 60' lang='lat' dir='ltr'><strong>praeter</strong></span> <span class='ocrx_word' id='word_1_1051' title='bbox 2662 5767 2867 5836; x_wconf 68' lang='lat'><strong>2130&quot;.</strong></span> <span class='ocrx_word' id='word_1_1052' title='bbox 2900 5780 2954 5828; x_wconf 81' lang='lat' dir='ltr'><strong>et</strong></span> <span class='ocrx_word' id='word_1_1053' title='bbox 2982 5768 3017 5823; x_wconf 66' lang='grc'><strong>2</strong></span> <span class='ocrx_word' id='word_1_1054' title='bbox 3045 5767 3179 5841; x_wconf 80' lang='lat' dir='ltr'><strong>Reg.</strong></span> <span class='ocrx_word' id='word_1_1055' title='bbox 3212 5780 3321 5828; x_wconf 87' lang='lat' dir='ltr'><strong>rec,</strong></span> 
     </span>
    </p>
   </div>
  </div>
