4142 6200
573 234 683 299 755

1648 244 1833 303 FIRM.
1875 243 2243 305 LACTANTII
2281 244 2487 303 DIVIN.
2530 245 2769 305 INSTI'I‘.

3714 257 3799 316 736

570 360 851 433 praemium
883 358 1225 416 beatitudinis
1252 368 1511 433 perpetuo
1540 361 1919 434 subsequatur.
1955 364 2032 419 De
2053 377 2159 435 qua
2186 363 2242 425 Α
2265 362 2522 435 eﬂ'ugere,
2550 376 2765 433 semper
2787 361 2864 417 ait
2890 358 3057 416 fuisse
3082 359 3360 425 mundum,
3390 376 3449 418 ac
3474 380 3665 437 semper
3688 369 3803 426 futu-

577 453 736 509 nobis
763 462 845 508 est
869 452 924 507 in
950 452 1054 509 hoc
1073 453 1216 509 libro
1243 453 1618 517 disserendum
1642 473 1657 523 ;
1692 472 1760 511 ne
1783 460 1964 525 priora
1989 457 2170 513 omnia
2204 450 2217 458 ’

570 544 724 600 irrita
751 552 807 599 ut
828 543 1154 601 infructuosa
1178 545 1480 611 videantur,
1504 547 1552 603 si
1573 546 1696 611 hoc,
1715 547 1871 618 cujus
1896 562 2055 603 causa
2080 546 2170 602 illa

575 650 825 708 suscepta
848 648 995 705 sunt,
1017 638 1073 693 in
1093 639 1355 695 incertum
1374 640 1774 711 relinquamus;
1807 656 1875 696 ne
1892 640 2011 710 quis
2033 639 2174 695 forte

576 734 903 800 arbitretur,
959 742 1137 790 tantos
1182 734 1396 791 labores
1450 737 1718 793 incassum
1772 736 1996 807 suscipi,
2042 736 2171 792 dum

575 842 764 885 eorum
814 828 1021 884 caelesti
1053 828 1294 884 mercedi
1326 826 1544 894 difﬁdit,
1599 844 1758 899 quam
1818 830 1960 884 Deus
1986 829 2177 884 statuit

582 918 657 986 ei,
703 919 794 990 qui
835 919 951 975 haec
970 919 1160 975 suavia
1205 929 1361 976 terra:
1410 921 1552 975 bona
1601 936 1710 991 prae
1763 921 1878 976 sola
1932 920 2180 990 nudaque

574 1012 773 1069 virtute
812 1014 1219 1083 contempserit.
1268 1013 1413 1069 Satis
1441 1022 1496 1070 et
1526 1013 1650 1070 huic
1683 1015 1820 1085 parti
1876 1013 2176 1081 faciamus,

576 1118 698 1161 cum
748 1105 1066 1161 testimoniis
1118 1104 1420 1160 divinarum
1449 1106 1798 1171 Litterarum,
1852 1114 1964 1161 tum
2010 1106 2177 1162 etiam

571 1195 942 1267 probabilibus
962 1198 1312 1267 argumentis.
1343 1205 1399 1251 ut
1425 1212 1580 1268 mque
1616 1198 1821 1253 clarum
1862 1198 1956 1264 sit,
2004 1206 2062 1253 et
2090 1198 2172 1253 fu-

575 1296 693 1344 tura
724 1289 1080 1359 praesentibus
1107 1330 1121 1356 ,
1172 1299 1226 1344 et
1270 1289 1456 1344 divina
1503 1292 1765 1354 terrenis,
1819 1299 1875 1345 et
1908 1298 2167 1359 perpetua

576 1379 831 1436 brevibus
878 1395 1000 1437 esse
1055 1381 1473 1450 anteponenda,
1527 1383 1781 1453 quoniam
1842 1383 2161 1453 temporalia

577 1483 704 1528 sunt
729 1473 949 1545 praemia
971 1473 1249 1539 vitiorum,
1282 1476 1609 1545 sempiterna
1638 1476 1913 1532 virtutum.

652 1564 934 1635 Exponam
960 1564 1125 1635 igitur
1153 1565 1418 1621 rationem
1466 1566 1673 1630 mundi,
1710 1576 1768 1622 ut
1818 1566 1977 1625 facile
2005 1564 2177 1638 possit

2274 469 2413 510 rum.
2443 453 2675 508 Prorsus
2695 452 2829 508 nihil
2853 451 3023 519 vidit;
3070 450 3194 522 quia
3218 452 3463 524 quidquid
3486 466 3588 520 est,
3614 475 3802 520 necesse

2275 556 2357 603 est
2377 546 2660 617 aliquando
2683 545 2932 602 habuerit
2953 544 3298 616 principium,
3326 560 3421 601 nec
3448 547 3647 604 omnino
3674 552 3806 622 quid.

2276 656 2434 709 quam
2463 649 2641 711 potest
2660 654 2804 708 esse,
2847 638 2953 695 nisi
2977 636 3225 709 coeperit.
3251 635 3381 691 Nam
3409 652 3520 693 cum
3546 650 3741 710 terram,
3764 653 3807 701 et

2280 746 2499 802 aquam,
2544 740 2599 787 et
2637 730 2814 802 ignem
2866 730 3155 800 disperire,
3210 728 3467 795 consumi,
3514 731 3809 805 extinguique

2277 824 2574 888 videamus,
2605 837 2727 893 qua:
2748 831 2873 877 sunt
2894 822 3078 892 utique
3103 819 3285 875 mundi
3318 829 3509 889 partes,
3533 821 3804 896 intelligitur

2287 916 2339 971 id
2370 925 2540 970 totum
2569 930 2690 970 esse
2718 914 2944 969 mortale
2968 956 2983 982 ,
3011 912 3166 983 cujus
3192 912 3427 967 membra
3457 917 3811 973 sontmortalia.
3876 938 3879 943 ι

2278 1007 2357 1064 Ita
2387 1008 2465 1076 lit,
2496 1019 2555 1063 ut
2600 1018 2780 1062 uatum
2810 1008 2879 1062 sit
2907 1004 3166 1077 quidquid
3197 1014 3369 1075 petest
3399 1006 3623 1063 interire.
3653 1008 3746 1063 Sed
3770 1018 3812 1066 et

2278 1115 2443 1157 omne
2463 1100 2606 1171 quod
2628 1102 2728 1156 sub
2762 1101 2934 1155 visum
2961 1100 3238 1155 oculorum
3268 1098 3433 1165 venit,
3463 1107 3516 1154 et
3559 1103 3814 1170 corporale,

2281 1205 2338 1250 ut
2368 1196 2443 1249 ait
2468 1195 2643 1260 Plato,
2674 1204 2727 1248 et
2755 1193 2981 1249 solubile
3008 1192 3079 1248 sit
3124 1207 3344 1248 necesse
3397 1202 3496 1247 est.
3528 1193 3663 1249 Unus
3686 1195 3816 1265 igitur

2284 1288 2578 1359 Epicurus,
2628 1296 2849 1344 auctore
2899 1287 3227 1351 Democrito,
3282 1287 3549 1342 veridicus
3575 1288 3626 1343 in
3656 1288 3745 1345 hac
3777 1306 3825 1347 re

2275 1380 2404 1445 fuit;
2438 1381 2527 1450 qui
2552 1380 2648 1445 ait,
2677 1388 2735 1435 et
2771 1387 2948 1435 ortum
2978 1378 3291 1450 aliquando,
3340 1388 3395 1434 et
3419 1380 3686 1450 aliquando
3724 1396 3821 1438 esse

2279 1472 2596 1543 periturum.
2628 1471 2738 1527 Nec
2781 1481 2959 1527 tamen
3001 1471 3269 1527 rationem
3299 1471 3459 1527 ullam
3503 1472 3713 1531 reddere
3748 1490 3830 1547 po-

2278 1564 2400 1631 tuit,
2432 1572 2523 1617 aut
2548 1563 2739 1634 quibus
2765 1563 2832 1619 de
2853 1563 3032 1619 causis
3055 1573 3261 1618 tantum
3293 1565 3395 1620 hoc
3437 1580 3588 1635 opus,
3620 1576 3702 1622 aut
3733 1583 3820 1639 quo

579 1658 826 1727 intelligi,
871 1666 928 1713 et
976 1658 1212 1728 quando,
1258 1667 1315 1714 et.
1366 1674 1533 1729 quare
1585 1660 1658 1715 sit
1698 1659 1923 1717 ell‘ectus
1951 1677 1981 1716 a
2022 1661 2173 1718 Deo:
2205 1673 2253 1733 Β
2283 1668 2522 1730 tempore
2547 1655 2803 1713 solvatur.
2836 1657 2988 1726 Quod
3018 1658 3275 1728 quoniam
3306 1656 3460 1713 nobis
3488 1658 3622 1714 Deus
3639 1660 3826 1715 revela~

576 1751 719 1822 quod
742 1750 921 1817 Plato,
945 1750 1035 1821 qui
1058 1749 1127 1806 de
1166 1750 1350 1806 mundi
1382 1751 1736 1808 fabricatione
1761 1752 2036 1820 disseruit,
2069 1769 2173 1810 nec

577 1843 719 1899 scire
766 1851 1016 1914 poterat,
1066 1857 1166 1898 nec
1211 1842 1517 1912 explicare;
1567 1844 1765 1915 quippe
1802 1845 1893 1916 qui
1944 1845 2171 1902 caeleste

578 1935 920 2009 mysterium,
950 1936 1095 2007 quod
1125 1950 1231 1991 non
1258 1936 1359 1991 nisi
1388 1937 1668 2007 prephetis
1699 1953 1761 1992 ac
1800 1939 1911 1994 Deo
1939 1938 2172 1995 docente

578 2028 825 2095 discitur,
857 2028 1170 2099 ignorabat;
1201 2028 1432 2100 ideoque
1458 2029 1513 2083 in
1548 2039 1867 2100 perpetuum
1888 2029 2025 2085 dixit
2049 2045 2173 2087 esse

579 2118 918 2176 fabricatum.
942 2119 1096 2189 Quod
1130 2121 1287 2190 longe
1309 2135 1467 2176 secus
1489 2130 1572 2176 est
1597 2140 1608 2174 :
1633 2121 1887 2191 quoniam
1912 2120 2173 2193 quidquid

500 2206 514 2219 ’
583 2224 671 2270 est
698 2214 874 2270 solido
928 2228 994 2269 ac
1033 2216 1181 2285 gravi
1232 2229 1480 2285 corpore,
1535 2224 1593 2271 ut
1642 2216 1851 2271 initium
1894 2218 2037 2287 cepit
2073 2219 2178 2273 ali-

589 2305 825 2376 quando,
851 2306 922 2360 ita
952 2307 1113 2362 tinem
1137 2307 1317 2378 capiat
1336 2323 1557 2364 necesse
1580 2318 1684 2366 est.
1708 2308 1839 2365 Nam
1861 2310 2179 2372 Aristoteles

586 2414 709 2454 cum
736 2414 843 2454 non
867 2400 1076 2457 videret
1100 2402 1549 2472 quemadmodum
1581 2412 1762 2473 posset
1797 2413 1943 2460 tanta
1990 2420 2179 2461 rerum

581 2492 894 2565 magnitudo
939 2494 1186 2561 interire,
1223 2504 1279 2551 et
1319 2494 1459 2553 hanc
1503 2496 1970 2568 praescriptionem
2015 2499 2183 2556 vellet

2274 1751 2372 1815 vit,
2421 1764 2522 1805 nec
2574 1749 2901 1817 conjecturis
2946 1749 2998 1803 id
3050 1749 3417 1820 assequimur,
3461 1749 3554 1805 sed
3585 1750 3830 1807 traditione

2273 1843 2505 1908 caelesti,
2530 1842 2847 1899 docebimus
2871 1842 3092 1909 sedulo;
3126 1852 3182 1897 ut
3209 1841 3430 1898 tandem
3456 1841 3696 1898 studiosis
3716 1844 3834 1899 veri-

2278 1937 2401 1992 tatis
2446 1947 2724 2007 appareat,
2757 1951 2860 1991 non
2915 1934 3114 1992 vidisse
3150 1943 3345 2008 ‘neque
3392 1934 3830 2006 comprehendisse

2280 2030 2638 2102 philosoiilios
2684 2031 2988 2095 veritatem,
3035 2028 3130 2085 sed
3173 2031 3248 2085 ita
3292 2030 3486 2086 leviter
3513 2030 3764 2096 odoratos,
3790 2038 3838 2084 ut

2280 2132 2459 2181 tamen
2484 2124 2624 2179 unde
2653 2139 2747 2179 eos
2777 2123 2912 2178 odor
2937 2124 3025 2178 ille
3067 2123 3354 2193 sapientia:
3402 2132 3511 2178 tam
3541 2123 3727 2189 suavis,
3755 2131 3843 2179 tam

2280 2218 2549 2289 iucundus
2578 2215 2860 2283 afﬂaverit,
2884 2217 3028 2272 nullo
3054 2216 3219 2272 modo
3247 2217 3539 2272 senserint.

2378 2310 2593 2366 Interim
2645 2308 3005 2365 necessarium
3076 2321 3207 2380 puto
3256 2310 3553 2367 admonere
3604 2310 3844 2375 lecturos,

2281 2403 2427 2475 quod
2475 2402 2591 2458 hmc
2638 2412 2822 2457 nostra
2861 2417 2980 2473 qua:
3008 2402 3309 2468 tradimus;
3339 2417 3521 2474 prava:
3563 2401 3841 2472 vitioszeque

2286 2505 2497 2554 mentes
2519 2503 2613 2553 aut
2637 2495 2859 2552 omnino
2899 2510 3005 2551 non
3050 2494 3361 2567 intelligent
3405 2494 3701 2569 (hebetatur
3731 2493 3847 2550 enim

1913 2640 2281 2701 VARIORUM
2321 2641 2552 2699 ΝΟΤᾸΞ.

581 2775 829 2852 aliisque.
853 2775 917 2852 lu
952 2779 987 2834 5
1012 2776 1153 2852 Reg:
1183 2788 1282 2852 est
1314 2780 1578 2849 eamdem;
1608 2781 1663 2836 in
1689 2780 1728 2852 2
1774 2781 1908 2852 Reg.
1949 2796 2061 2838 rec.
2118 2792 2174 2839 et

581 2848 741 2923 editis
765 2849 863 2902 nisi
883 2865 1025 2923 eum.
1037 2848 1350 2923 _ln’3_Coib.,
1371 2852 1538 2908 Brun.
1561 2861 1617 2908 et
1635 2851 1724 2908 ed.
1747 2848 1895 2908 Crat.
1916 2854 2013 2909 nisi
2032 2870 2171 2923 cum,

582 2919 683 2991 nisi
711 2935 852 2991 eam,
881 2920 1424 2991 iulelligejustitiam.
1473 2924 1529 2978 Si
1575 2923 1721 2989 legas
1748 2924 1846 2978 nisi
1893 2941 2026 2981 eum.
2078 2919 2173 2980 su;

582 2989 746 3062 baudi
775 2993 992 3062 cultum.
1019 2989 1090 3031 -ῖ-
1118 2990 1237 3046 Nisi
1284 3010 1416 3049 eam.
1446 2995 1522 3050 Ita
1571 2994 1675 3049 edo
1709 3008 1774 3050 es
1808 2995 1970 3054 Bon..
2010 2994 2171 3062 Tam,

584 3059 733 3131 Lips.
764 3060 821 3127 2,
863 3064 897 3118 5
924 3062 1335 3131 Reimm.,eam,
1365 3065 1574 3121 scilicet
1602 3066 1877 3121 virtutem.
1908 3059 2177 3122 Observes

585 3129 924 3187 Lactantium
970 3134 1107 3187 miro
1161 3129 1392 3190 artificio
1439 3137 1680 3191 sectione
1733 3135 1834 3192 hac
1890 3138 2045 3192 tertia
2094 3139 2177 3193 in-

590 3202 909 3281 scriptiones
939 3214 1143 3274 septem
1172 3205 1431 3281 librorum
1468 3207 1639 3263 Divin.
1672 3208 1846 3264 inStit.
1866 3209 2172 3280 complecti.
2203 3193 2249 3256 C

584 3271 867 3329 Bunsusu.

621 3416 632 3427 .
657 3343 900 3427 Divinum
922 3350 1206 3427 premium.
1236 3349 1310 3405 De
1333 3365 1440 3419 quo
1462 3350 1565 3427 hoc
1581 3350 1810 3427 septimo
1842 3350 2002 3427 libro.
2029 3352 2171 3427 Pau-

586 3418 666 3470 cis
699 3418 816 3499 istis
846 3419 1029 3475 verbis
1073 3419 1225 3476 dedit
1254 3418 1443 3477 auctor
1482 3418 1965 3494 Anaceplialeosim
2014 3423 2178 3480 totius

586 3502 786 3557 operis.

662 3555 729 3636 _In
750 3561 997 3616 incertum
1023 3563 1388 3634 relinquamus.
1405 3564 1718 3636 Prmpositio
1739 3565 1793 3619 in
1820 3565 1970 3622 abest
1988 3581 2018 3621 a
2043 3581 2173 3623 mss.

556 3628 624 3684 x2
646 3629 853 3686 Bonon.
875 3643 931 3689 et
959 3636 1019 3689 11
1050 3628 1189 3691 aliis.

661 3700 918 3780 ueneat.
944 3706 1034 3780 Sic
1063 3707 1263 3764 scribo.
1295 3706 1566 3764 Suadente
1601 3726 1614 3763 :
1640 3707 1839 3775 Tullio,
1868 3709 1957 3780 qui
1984 3709 2178 3780 difﬁdit

591 3776 919 3841 perpetuitati
938 3778 1206 3833 bonorum.

664 3842 931 3922 Praisola.
961 3847 1033 3922 Ita
1054 3864 1185 3922 mss.
1213 3849 1567 3922 antiquissimi
1590 3849 1627 3903 2
1653 3850 1813 3922 Βοη..
1830 3850 2175 3922 ΒθείοοΡυιη

589 3913 723 3990 §_al.
759 3913 891 3990 Reg.
924 3920 1032 3990 ets
1059 3918 1144 3971 alii
1164 3933 1284 3990 cum
1317 3913 1415 3973 sex
1447 3920 1628 3975 editis.
1657 3913 1853 3990 Scripti
1888 3913 1954 3976 η
1979 3938 2087 3977 rec.
2123 3913 2179 3978 et

590 3983 657 4037 17
686 3983 1031 4064 typis-excusi
1077 3987 1348 4064 pro.__Prte
1375 3991 1638 4064 s_ola.7etc.
1673 3983 1874 4064 Eodem
1921 3993 2175 4064 loquendi

584 4055 752 4128 mo_do
771 4057 936 4128 utitur
950 4055 1143 4115 Cicero
1172 4061 1263 4115 lib.
1288 4075 1343 4113 tu
1376 4060 1642 4128 Ollicior.,
1670 4078 1724 4115 n.
1758 4063 1848 4118 11.

658 4124 1019 4207 Rrobabililius
1060 4132 1390 4207 argumentis,
1443 4142 1497 4185 ut
1533 4124 1672 4207 ωιιᾲε
1706 4133 1907 4207 florum
1946 4136 2179 4191 sit.Hmc

588 4195 750 4252 lectio
793 4208 874 4254 est
916 4196 986 4254 27
1031 4195 1163 4257 mss.
1202 4217 1264 4257 ac
1308 4204 1342 4258 5
1378 4195 1489 4257 vet.
1542 4195 1672 4259 edit.
1705 4203 1861 4259 Rom.
1894 4214 1950 4261 et
1978 4207 2051 4260 al.
2086 4208 2173 4261 12.

590 4268 830 4348 Deestut
857 4271 908 4325 in
937 4273 1316 4348 5_im_pressis.i
1337 4274 1439 4330 Pro
1470 4285 1522 4328 ut
1542 4315 1558 4339 ,
1594 4285 1677 4348 est
1699 4284 1751 4348 et
1782 4277 2005 4348 inrmss.
2025 4277 2172 4348 Lips.

592 4337 698 4421 Pro
725 4342 926 4421 clarum
945 4345 1031 4408 sit,
1062 4343 1185 4400 Jun.
1222 4347 1347 4414 legit
1372 4350 1513 4421 clare
1543 4337 1751 4417 patebit.
1783 4348 1810 4401 1
1841 4347 2045 4421 Bonou.
2081 4337 2178 4402 au-

591 4415 692 4488 tjq.
720 4415 1047 4481 probabimus
1095 4418 1408 4488 argumentis
1456 4415 1650 4481 vatum,
1697 4434 1813 4471 cum
1852 4420 2049 4474 clarum
2086 4421 2171 4475 sit.

2277 2782 2431 2852 Apud
2460 2783 2625 2838 Arist.
2650 2783 2766 2838 haec
2782 2782 3074 2850 disputatio
3095 2787 3176 2836 est
3194 2778 3295 2837 lib.
3321 2797 3337 2836 ι
3378 2780 3448 2837 de
3465 2779 3632 2849 leo,
3648 2794 3754 2852 cap.
3776 2779 3848 2846 l0.

2278 2869 2400 2910 cum
2428 2853 2802 2922 sequentibus.
2835 2855 3040 2910 BETUL.
3410 2854 3411 2857 “

2350 2926 2454 2980 Ait.
2485 2926 2832 2981 Heumanuus
2866 2926 2993 2996 legit
3017 2934 3181 2980 ratus.

2356 2996 2669 3068 Unusigitur
2691 2994 2966 3065 Epicurus.
3000 2996 3192 3068 Philo:
3224 2994 3297 3050 Et
3318 2996 3646 3051 Democritus
3661 2994 3854 3068 quidem,

2285 3066 2635 3138 Epicurusque
2660 3110 2674 3133 ,
2703 3085 2763 3121 ac
2784 3070 3023 3139 pleraque
3054 3066 3367 3124 Stoicorum
3403 3068 3705 3131 multitudo,
3730 3066 3853 3139 geni-

2282 3150 2448 3193 turam
2475 3139 2669 3206 mundi,
2696 3138 3051 3208 interitumque
3081 3138 3455 3206 prodiderunt,
3477 3139 3672 3192 tametsi
3698 3138 3857 3190 nausi-

2282 3212 2487 3265 militer.
2525 3209 2716 3263 Eorum
2757 3212 2886 3264 cnim
2924 3211 3109 3280 partim
3138 3213 3447 3280 complures
3495 3210 3705 3280 niitndos
3728 3208 3861 3280 decli-

2284 3291 2485 3342 nantes.
2500 3283 2727 3349 ipsorum
2750 3279 3231 3336 ortumattribuunt
3262 3279 3590 3352 eorpttsculis
3615 3279 3860 3352 individuis

2282 3353 2498 3407 invicem
2524 3348 2918 3424 offensantibus,
2951 3353 3004 3405 in
3031 3348 3369 3422 occursuque
3398 3353 3661 3418 implicitis
3680 3348 3859 3424 :interi-

2283 3433 2389 3477 tum
2442 3420 2611 3478 autem
2656 3434 2759 3477 tum
2806 3434 3034 3477 statuunt
3059 3465 3071 3483 ,
3106 3438 3228 3475 cum
3271 3420 3461 3479 mundi
3487 3424 3721 3485 concreti,
3747 3432 3789 3474 et
3808 3420 3864 3473 sic

2282 3497 2414 3549 enati
2440 3537 2455 3559 ,
2484 3495 2650 3549 collisi
2676 3496 2808 3548 inter
2847 3511 2900 3548 se
2937 3494 3127 3563 fuerint
3152 3508 3387 3549 occursu
3421 3506 3469 3548 et
3507 3493 3785 3563 conﬂictati.
3812 3492 3863 3563 At

2282 3565 2445 3621 Stoici
2475 3568 2720 3619 mundum
2749 3582 2905 3619 unum
2929 3561 3194 3632 ponentes,
3228 3575 3383 3621 ortus
3403 3568 3520 3636 ejus
3540 3561 3781 3636 auctorem
3802 3561 3865 3630 [a-

2282 3639 2422 3692 ciunt
2472 3637 2633 3692 Deum
2666 3647 2816 3707 atque
2857 3652 3099 3697 causam,
3140 3652 3253 3690 non
3285 3632 3697 3691 itcm'interitus.
3725 3632 3869 3689 Caete-

2284 3724 2403 3763 rum
2455 3709 2521 3765 de
2552 3707 2993 3778 philosophorum
3024 3708 3165 3760 circa
3207 3707 3357 3762 hanc
3386 3709 3865 3778 qurestionemgsen-

2283 3780 2472 3844 tentia,
2504 3775 2624 3833 viile
2646 3796 2708 3834 ex
2744 3775 3020 3833 catholicis
3049 3778 3255 3833 linseh.
3289 3775 3443 3834 lib.‘t
3463 3823 3478 3842 ,
3504 3795 3627 3846 cap.
3653 3779 3686 3832 4
3706 3818 3720 3842 ,
3746 3775 3869 3830 Prae-

2284 3861 2453 3918 parat.
2485 3850 2739 3919 Evangel.
2761 3894 2774 3917 ,
2804 3865 2868 3906 ex
2897 3848 3192 3920 gentilibus
3228 3850 3593 3907 Plutarchum
3624 3849 3709 3903 lib.
3733 3863 3793 3911 ll,
3816 3846 3871 3900 de

2281 3920 2517 3978 Placitis.
2558 3922 2756 3976 BETUL.

2353 3994 2571 4047 Auctore
2593 3993 2898 4047 Democrito.
2921 3991 2974 4046 Id
2992 4001 3096 4059 est,
3127 3991 3443 4049 Democriti
3469 4007 3702 4064 sequens
3716 3996 3875 4045 aucto-

2282 4065 2495 4119 ritatem
2527 4074 2583 4120 et
2603 4064 2942 4119 sententiam.

2358 4133 2424 4187 Et
2474 4147 2642 4190 ortum
2692 4136 2993 4205 aliquando,
3027 4145 3070 4188 et
3099 4136 3405 4202 aliquando
3436 4150 3550 4190 esse
3602 4134 3873 4205 periturum.

2282 4205 2520 4261 Primum
2541 4204 2818 4275 aliquando
2838 4209 2988 4261 deest
3013 4206 3063 4259 in
3094 4206 3469 4275 Regio-Put.,
3498 4207 3703 4261 Bonan.
3731 4204 3875 4275 antiq.

2280 4279 2389 4331 eti
2438 4274 2674 4349 Colliert.
2716 4277 2886 4349 Priori
2928 4274 3269 4349 subjuugunt
3327 4281 3500 4349 fuisse
3550 4279 3578 4330 1
3631 4292 3727 4331 nts.
3752 4274 3876 4341 Lips.

2280 4358 2337 4404 et
2361 4349 2448 4403 ed.
2481 4347 2678 4407 Cellar.
2708 4348 2764 4403 ln
2799 4351 2823 4403 1
2857 4349 3092 4403 Claram.
3124 4359 3181 4402 et
3214 4347 3252 4402 4
3308 4347 3481 4406 editis
3516 4356 3625 4414 est,
3653 4357 3698 4404 et
3716 4354 3880 4410 artum,

2280 4429 2327 4474 et
2356 4420 2635 4490 aliquando
2658 4436 2765 4475 esse
2794 4421 3092 4489 periturum.

588 4480 692 4563 Sed
717 4480 986 4563 Sat_nobis
1009 4501 1114 4563 non
1142 4480 1225 4563 est
1251 4488 1452 4563 codicis
1481 4480 1836 4563 Bononiensis
1861 4493 2172 4558 auctoritas,
2205 4503 2255 4563 D
2356 4480 2457 4546 Aul
2491 4507 2590 4560 quo
2625 4480 2863 4563 tempore
2870 4491 3117 4563 solvatur.
3149 4491 3252 4545 Sic
3285 4491 3417 4562 lego
3445 4496 3732 4548 cum‘mss.
3762 4486 3882 4563 anti-

590 4561 645 4638 ut
661 4566 786 4638 cum
798 4554 1087 4638 Tl‘ipmasio
1109 4559 1224 4626 ejus
1251 4559 1535 4615 lectionem
1556 4561 1783 4616 aliorum
1812 4563 1921 4617 lere
1937 4554 2174 4616 omnium

586 4632 889 4698 auctoritati
923 4638 1338 4698 anteponamus.

663 4691 729 4747 Et
756 4697 980 4773 quando.
1013 4691 1247 4767 Reposui
1280 4710 1324 4754 et
1349 4716 1412 4773 es
1443 4702 1691 4757 otnuilms
1721 4719 1850 4756 mss.
1900 4712 2096 4773 praeter
2139 4706 2176 4761 3

586 4762 749 4831 Reg.,
767 4762 971 4836 quibus
992 4762 1165 4833 deest,
1184 4772 1323 4826 sicut
1351 4772 1529 4827 editis.
1550 4774 1720 4829 Abest
1741 4762 1916 4829 tamen
1948 4784 1995 4827 et
2020 4790 2051 4829 a
2082 4791 2176 4831 ve-

590 4837 793 4891 teribus
820 4838 1163 4896 editionihus.
1931 4861 1942 4872 '

656 4906 832 4963 Plato.
857 4908 951 4985 ille
978 4912 1029 4967 in
1053 4912 1257 4969 Timaeo
1281 4915 1553 4971 existimat
1589 4917 1848 4971 mundum
1876 4932 1997 4973 esse
2020 4919 2176 4985 geni-

585 4987 728 5059 tum;
775 4983 869 5059 sed
896 4997 998 5053 qua
1025 4985 1233 5059 ratione
1260 4986 1310 5040 id
1342 4986 1538 5041 factum
1572 4987 1734 5043 fuerit
1759 5004 1866 5042 non
1897 4983 2130 5059 explicat
2159 5010 2172 5044 :

579 5051 676 5104 sed
704 5051 993 5127 opinantur
1041 5056 1188 5127 illius
1218 5057 1542 5127 interpretes
1572 5058 1729 5127 hujus
1761 5060 1942 5114 tnundi
1970 5051 2175 5127 'paren-

584 5131 714 5197 tem,
746 5123 979 5191 labrum,
1006 5126 1278 5197 opilicem,
1302 5123 1467 5182 Deum
1498 5123 1669 5197 ipsum
1702 5130 1867 5187 fuisse
1897 5131 1962 5186 ad
1985 5123 2174 5197 exem-

577 5194 701 5318 agar
742 5194 1119 5269 pritnigeniutn
1139 5239 1155 5265 ,
1188 5200 1331 5270 quod
1363 5200 1416 5254 iu
1442 5194 1695 5271 suprema
1727 5212 1842 5258 erat
1871 5194 2174 5273 intelligen-

602 5279 672 5317 l3.

656 5334 766 5410 lVec
793 5340 924 5393 scire
940 5350 1157 5410 poterat.
1190 5342 1278 5399 Sic
1306 5343 1513 5397 restitui
1543 5359 1609 5398 ex
1629 5360 1758 5399 mss.
1792 5336 2169 5399 vetustissimis

580 5405 874 5485 ultimm,
895 5413 920 5465 1
940 5405 1300 5485 Regio-Puta
1332 5415 1366 5469 5
1392 5415 1464 5468 al.
1494 5414 1652 5485 Reg.,
1686 5415 1719 5471 6
1745 5415 1920 5478 Colb.,
1950 5416 2106 5479 Pen.,
2142 5419 2166 5471 1

536 5518 539 5527 ,
577 5474 818 5602 falsarum;
854 5474 1103 5606 lutedit'is
1140 5497 1196 5541 et
1222 5486 1256 5542 5
1280 5474 1497 5556 scriptis
1518 5474 1857 5558 ree'potuit;
1888 5474 1942 5542 in
1978 5491 1996 5542 1
2031 5474 2167 5559 Reg.

593 5563 605 5575 '
675 5588 688 5603 .
721 5567 784 5606 no
812 5568 915 5605 ueri
945 5593 959 5606 .

593 5563 688 5603 'ec.
721 5563 959 5617 potuerit.

598 5692 612 5704 .
658 5619 799 5705 .‘Vum
820 5624 1120 5706 siristoteles
1142 5643 1281 5706 _cun_i
1308 5643 1409 5681 non
1431 5629 1642 5706 videret.
1673 5627 1900 5683 Nefaria:
1921 5628 1941 5701 (
1965 5629 2171 5706 inquit)

597 5696 891 5772 impietatis
940 5696 1285 5754 ittsimulaudi
1329 5709 1487 5765 sunt,
1526 5700 1617 5770 qui
1655 5708 1858 5772 tantum
1901 5696 2055 5772 opus
2081 5696 2177 5757 Dei

590 5764 759 5826 nihilo
812 5779 1107 5849 prmsaare‘
1145 5764 1479 5831 censuerunt
1524 5764 1779 5841 operibus
1833 5764 2174 5840 manulactis.

2287 4558 2561 4632 quissimis
2590 4563 2615 4617 1
2642 4558 2801 4627 Βοὶι.,
2832 4561 3184 4631 Regio-PaL,
3226 4578 3258 4615 ιι
3301 4558 3491 4630 prima
3531 4579 3736 4632 manu.
3759 4558 3884 4632 εει.

2291 4630 2424 4703 Reg.
2463 4649 2570 4688 rec.
2595 4633 2687 4687 sed
2719 4632 2873 4687 boum
2900 4630 3064 4699 nunc,
3098 4634 3242 4698 l’al.,
3281 4634 3309 4687 1
3340 4634 3501 4703 Lips.
3538 4633 3668 4688 edit.
3709 4630 3881 4703 Cellar.

2278 4701 2349 4757 At
2377 4701 2561 4773 scripti
2588 4705 2609 4757 l
2656 4703 2970 4773 Regio-Pint.
3001 4720 3030 4757 a
3056 4704 3307 4759 secunda
3348 4701 3524 4761 manu
3544 4746 3560 4771 ,
3603 4704 3638 4761 6
3672 4704 3742 4759 al.
3771 4701 3884 4769 Reg.

2278 4789 2390 4830 rec.
2419 4787 2473 4830 ct
2500 4775 2565 4829 12
2605 4774 2700 4828 alii
2750 4789 2859 4830 rec.
2889 4789 3011 4829 cum
3049 4777 3278 4830 excusis
3317 4777 3536 4833 habent
3585 4776 3888 4830 resolvatur:

2276 4846 2479 4969 sedlre
2516 4861 2582 4901 ex
2619 4857 2844 4918 tempore
2871 4846 3084 4901 videtur
3111 4848 3458 4918 repetitum.
3495 4848 3658 4913 Peu.,
3690 4854 3887 4915 tempore

2276 4930 2387 4969 reso
2413 4928 2571 4969 aetur.

2274 4928 2571 4972 resoluetur.

2354 4986 2478 5043 Non
2518 4989 2702 5044 vidisse
2754 5005 2913 5057 neque
2950 4989 3445 5059 comprehendisse.
3480 4990 3561 5045 Ita
3594 5005 3723 5045 mss.
3752 4988 3786 5042 2
3812 4999 3887 5038 ve—

2279 5060 2485 5135 terrimi
2531 5060 2731 5135 aliique
2758 5061 3161 5135 quampluritni.
3194 5061 3257 5115 lu
3288 5062 3330 5115 2
3391 5063 3536 5135 Reg.
3568 5077 3682 5118 rec.
3713 5070 3766 5117 et
3788 5071 3886 5113 out-

2277 5131 2436 5186 nibus
2463 5133 2573 5187 fere
2597 5132 2752 5186 editis
2780 5145 2863 5187 est
2892 5150 2981 5187 uec
3009 5131 3112 5186 bis.

2348 5204 2637 5276 {if/laverit.
2665 5202 2799 5276 Mss.
2833 5203 2864 5258 7
2887 5214 2941 5258 et
2965 5203 3307 5276 editLRom.
3342 5208 3519 5271 1470,
3545 5208 3770 5276 afﬂaret.

2350 5273 2513 5356 ςγυιιο
2556 5273 2705 5329 modo
2746 5277 3014 5330 senserint.
3052 5275 3076 5329 1
3104 5274 3341 5334 Βυιιοιι.
3370 5279 3554 5350 antiq.
3582 5273 3767 5333 nullus
3792 5288 3889 5329 scl-

2269 5354 2388 5399 ειηι
2396 5385 2408 5397 .

2348 5416 2635 5490 Admonere
2680 5418 2919 5473 lecturos.
2964 5419 3053 5475 Sic
3095 5420 3327 5475 restitui
3371 5439 3441 5475 ex
3498 5413 3893 5490 quamplurimis

2276 5503 2409 5543 mss.
2467 5498 2522 5541 et
2570 5488 2604 5545 9
2651 5489 2827 5543 editis.
2886 5491 2940 5544 ln
2990 5506 3119 5544 mss.
3178 5491 3221 5544 ἓ
3272 5493 3451 5556 Βυιι..
3488 5485 3887 5555 Tax.,Peu..!

2276 5558 2450 5629 Lips.,
2480 5559 2593 5615 Pal.
2626 5568 2680 5615 et
2706 5563 2833 5615 edit.
2860 5562 3102 5616 Flnreut.
3129 5572 3224 5617 est
3265 5564 3558 5619 admoneri
3592 5566 3820 5618 lecturos.
3846 5556 3891 5611 In

2281 5632 2315 5689 8
2342 5633 2555 5704 scriptis
2584 5646 2692 5686 rec.
2722 5641 2776 5685 ct
2804 5633 3097 5704 9_vulgatis
3118 5633 3434 5689 admonere
3469 5637 3708 5691 lectores.

2354 5700 2637 5779 llelietatur
2659 5702 2904 5779 enim._lu
2934 5700 2985 5758 1⁷
3019 5703 3156 5762 Bon.
3194 5707 3389 5778 antiq.
3439 5709 3764 5779 prwcedunt
3798 5702 3894 5758 hac

2279 5774 2467 5842 verba,
2491 5784 2576 5832 aut
2596 5790 2697 5831 non
2723 5775 3024 5845 probabunt.
