4142 6200
309 268 414 327 757

1425 263 1631 325 LIBER
1670 264 1778 323 νη.
1823 265 1911 323 DE
1949 264 2112 324 VITA
2148 264 2398 324 BEATA.

3502 265 3609 326 738

312 386 453 442 acies
506 398 694 440 eorum
764 383 994 439 terrenis
1044 383 1422 455 cupiditatibus
1448 427 1463 451 ,
1525 401 1646 456 qua:
1703 397 1896 439 sensus
1925 386 1972 444 A
2003 382 2195 439 effecit.
2245 382 2376 437 Nam
2406 382 2451 437 si
2480 378 2648 437 virtus
2701 386 2785 437 est
2824 378 3105 437 tolerantia
3150 379 3415 436 malorum
3445 423 3459 449 ,
3497 398 3608 441 non

310 466 500 535 omnes
542 484 788 547 gravant,
833 475 1238 549 imbecillesque
1269 475 1561 549 reddunt);
1590 484 1682 530 aut
1739 476 1902 530 etiam

311 569 361 626 si
384 568 708 640 intelligent,
739 566 1155 623 dissimulabunt
1176 577 1377 635 tamen,
1411 577 1465 624 et
1493 569 1607 623 haec
1634 582 1760 623 vera
1783 581 1905 622 esse

312 662 517 727 nolent,
545 660 667 731 quia
692 658 1020 714 traltuntttra
1050 661 1196 715 vitiis
1222 702 1236 725 ,
1265 670 1321 716 et
1342 661 1575 715 scientes
1606 661 1763 714 malis
1792 660 1905 715 suis

314 754 518 819 favent,
546 766 775 824 quorum
805 752 1067 808 suavitate
1095 753 1399 823 capiuntur,
1432 760 1490 809 et
1528 753 1740 807 virtutis
1763 752 1906 806 viam

314 845 592 908 deserunt,
623 844 775 913 cujus
804 844 1096 900 acerbitate
1119 843 1483 900 offenduntur.
1512 843 1642 898 Nam
1670 837 1760 914 q'ui
1784 858 1910 896 ava-

315 938 458 1004 ritia,
491 948 545 992 et
588 951 748 1005 opum
777 934 1084 1006 inexplebili
1112 934 1342 1006 quadam
1385 933 1741 1006 sitillagrant,
1783 934 1908 1004 quia

318 1046 426 1087 non
454 1037 700 1102 possunt,
732 1027 961 1084 venditis
988 1037 1079 1082 aut
1102 1027 1367 1099 dilargitis
1403 1043 1524 1099 qua:
1562 1036 1777 1093 amant,
1832 1036 1913 1079 te—

318 1124 409 1179 nui
450 1122 595 1179 cultu
637 1122 800 1176 vitam
830 1120 1046 1191 degere,
1078 1120 1195 1175 sine
1229 1119 1394 1175 dubio
1439 1118 1646 1173 malunt
1686 1116 1738 1172 id
1790 1130 1913 1171 esse

320 1216 503 1271 ﬁctum
536 1257 550 1280 ,
601 1230 707 1285 quo
754 1212 1036 1269 desideriis
1087 1213 1198 1267 suis
1256 1213 1572 1266 renuntiare
1625 1218 1909 1280 coguntur.

320 1308 479 1376 Item,
504 1309 594 1380 qui
624 1308 901 1363 libidinum
928 1306 1158 1361 stimulis
1185 1305 1411 1371 incitati,
1442 1313 1499 1359 ut
1525 1304 1598 1358 ait
1622 1312 1775 1375 poeta
1798 1342 1814 1369 ,

478 1430 535 1479 In
554 1428 703 1478 furias
720 1429 991 1491 ignemque
1012 1433 1179 1487 ruunt,

321 1560 504 1631 utique
533 1556 865 1613 incredibilia
891 1570 988 1609 nos
1019 1553 1212 1608 alierre
1244 1552 1462 1615 dicunt;
1491 1552 1613 1622 quia
1632 1552 1918 1606 vulnerant

320 1668 481 1709 aures
519 1666 703 1706 eorum
733 1656 996 1719 pratcepta
1035 1646 1382 1703 continentia:
1405 1688 1420 1713 ,
1465 1660 1583 1714 qum
1612 1644 1733 1698 illos
1759 1658 1789 1697 a
1819 1656 1919 1696 vo-

2007 476 2224 546 capiunt
2252 489 2380 545 ergo
2404 474 2678 540 virtutem,
2705 473 2794 543 qui
2840 486 3054 543 semper
3080 472 3134 528 in
3164 472 3319 528 bonis
3349 473 3567 529 fuerunt
3586 515 3601 542 ,

2009 570 2132 638 quia
2164 568 2302 622 maia
2349 581 2526 638 neque
2567 565 2776 636 experti
2820 574 2964 632 sunt,
3005 581 3179 638 neque
3207 564 3351 623 ferre
3378 577 3607 637 possunt

2010 657 2354 714 assuetudine
2399 672 2463 713 ac
2496 656 2766 713 desiderio
2805 657 3093 725 bonorum,
3125 673 3246 728 qua:
3275 657 3389 713 sola
3437 673 3604 714 nove-

2010 761 2154 807 runt.
2185 751 2263 807 Eo
2290 751 2367 817 lit,
2397 761 2457 806 ut
2482 764 2749 822 pauperes
2776 760 2830 806 et
2859 750 3089 806 humiles
3118 751 3228 806 Deo
3256 751 3482 807 credant
3524 752 3604 807 fa-

2010 845 2188 912 cilius,
2221 846 2310 916 qui
2338 854 2464 900 sunt
2489 844 2761 916 expediti,
2795 860 2953 915 quam
2982 843 3202 913 divites,
3227 845 3318 915 qui
3348 854 3473 901 sunt
3501 846 3604 901 im-

2013 936 2334 1007 pedimentis
2361 936 2599 1006 pluribus
2630 935 2884 1006 implicati
2911 952 2924 990 :
2949 935 3122 990 immo
3148 950 3281 992 vero
3300 938 3531 993 catenati
3554 944 3610 994 et

2013 1030 2304 1100 compediti
2349 1029 2595 1086 serviunt
2643 1029 2712 1084 ad
2769 1038 2954 1084 nutum
2995 1013 3231 1086 dominas
3276 1031 3608 1102 cupiditatis,

2015 1138 2135 1192 qua:
2187 1121 2312 1177 illos
2358 1121 2817 1178 inextriCabilibus
2878 1122 3111 1178 vinculis
3170 1123 3442 1190 irrctivit;
3513 1138 3615 1179 nec

2015 1224 2242 1287 possunt
2266 1214 2321 1269 in
2340 1214 2536 1271 coelum
2558 1215 2826 1285 aspicere,
2854 1216 3108 1286 quoniam
3155 1231 3310 1271 mens
3335 1230 3525 1273 eorum
3556 1216 3611 1272 in

2019 1314 2213 1362 terram
2245 1320 2408 1376 prona
2454 1306 2709 1377 humique
2735 1305 2910 1361 deﬁxa
2937 1315 3037 1362 est.
3066 1306 3295 1362 Virtutis
3328 1318 3507 1362 autem
3530 1308 3615 1362 via

2019 1414 2125 1453 non
2144 1399 2285 1469 capit
2310 1413 2498 1469 magna
2525 1414 2689 1454 onera
2712 1406 3005 1469 gestantes.
3029 1400 3300 1469 Angustus
3322 1398 3613 1455 admodum

2022 1498 2221 1545 trames
2263 1499 2367 1555 est,
2399 1505 2493 1561 per
2520 1506 2677 1560 quem
2715 1490 2921 1560 justitia
2979 1490 3252 1546 hominem
3297 1482 3517 1547 deducit
3561 1492 3616 1549 in

2020 1581 2238 1638 C(Blllm.
2270 1580 2422 1635 Ilunc
2454 1589 2638 1637 tenere
2662 1596 2766 1636 non
2799 1590 3003 1652 potest,
3032 1581 3135 1636 nisi
3163 1582 3253 1652 qui
3270 1581 3433 1639 fuerit
3451 1599 3618 1655 expe-

2023 1674 2166 1729 ditus
2195 1683 2249 1727 et
2277 1673 2471 1727 nudus.
2502 1671 2633 1727 Nam
2659 1672 2744 1727 isti
2776 1675 3066 1744 locupletes
3107 1675 3288 1729 multis
3318 1684 3375 1731 et
3424 1677 3616 1748 ingen-

323 1744 759 1845 tupmtibussuis
792 1741 1316 1845 prohibentLquibus
1350 1739 1587 1845 animam
1618 1751 1918 1845 suam:th
1951 1784 1997 1845 Β
2027 1764 2168 1820 tibus
2198 1762 2425 1820 sarcinis
2446 1764 2653 1819 onerati
2686 1779 2780 1834 per
2804 1739 2941 1819 viain
2972 1766 3162 1821 mortis
3184 1765 3462 1834 incedunt,
3481 1739 3618 1837 vqua:

321 1855 551 1911 corpore
580 1837 1039 1909 adjudicaverunt.
1087 1833 1190 1900 Qui
1215 1847 1343 1889 vero
1371 1831 1665 1885 ambitione
1704 1827 1873 1883 inﬂati
1900 1868 1916 1894 ,

323 1942 418 1989 aut
440 1946 627 1988 amore
649 1930 900 2002 potentiae
928 1925 1263 1991 inﬂammati,
1296 1939 1457 1979 omne
1484 1921 1719 1978 studium
1761 1934 1919 1975 suum

324 2023 394 2079 ad
445 2023 680 2079 honores
722 2018 1079 2092 acquirendas
1136 2016 1499 2079 contulerunt,
1553 2029 1622 2069 ne
1657 2013 1703 2068 si
1750 2012 1920 2067 solem

324 2113 542 2186 quidem
595 2114 766 2184 ipsum
810 2121 1083 2183 gestemus
1109 2110 1163 2165 in
1196 2108 1465 2175 manibus,
1494 2105 1654 2162 ﬁdem
1683 2118 1925 2160 commo-

326 2208 532 2263 dabunt
562 2208 611 2262 ei
644 2206 924 2271 doctrinm,
954 2204 1075 2260 illos
1112 2203 1265 2274 jubet
1289 2201 1437 2256 omni
1473 2199 1712 2271 potentia
1738 2206 1792 2252 et
1818 2197 1921 2252 ho-

328 2317 462 2359 nore
495 2308 803 2370 contempto
850 2297 1084 2353 humiles
1130 2295 1331 2361 vivere,
1373 2300 1535 2364 atque
1565 2292 1635 2346 ita
1666 2289 1921 2357 humiles,

329 2391 462 2451 utet
489 2393 733 2463 accipere
774 2389 1025 2460 injuriam
1056 2389 1294 2460 possint,
1337 2395 1391 2442 et
1420 2386 1626 2441 referre
1656 2384 1850 2449 nolint,
1879 2382 1925 2438 si

328 2488 656 2558 acceperint.
693 2484 733 2540 li
784 2492 911 2540 sunt
957 2482 1227 2548 homines,
1274 2479 1368 2551 qui
1405 2488 1592 2535 contra
1643 2478 1924 2532 veritatem

330 2581 528 2637 clausis
556 2579 723 2637 oculis
750 2592 965 2649 quoquo
992 2576 1154 2632 modo
1190 2576 1407 2631 latrant.
1457 2572 1560 2641 Qui
1596 2580 1773 2627 autem
1811 2570 1925 2625 sani

333 2686 479 2741 sunt,
511 2675 593 2731 vel
632 2682 809 2741 erunt,
834 2671 886 2728 id
909 2682 1012 2737 est,
1047 2686 1155 2726 non
1187 2671 1257 2725 ita
1283 2668 1428 2723 vitiis
1455 2667 1713 2733 immersi,
1758 2676 1816 2721 ut
1844 2665 1930 2720 in-

335 2768 603 2826 sanabiles
631 2768 769 2835 sint,
801 2776 856 2821 et
883 2765 1106 2821 credent
1132 2764 1237 2831 his,
1287 2771 1342 2818 et
1370 2762 1604 2818 libenter
1632 2759 1927 2827 accedent;

335 2873 391 2921 et
418 2870 770 2934 quascumque
796 2859 1047 2925 dicimus,
1078 2866 1261 2927 aperta
1280 2897 1297 2923 ,
1329 2864 1384 2912 et
1428 2854 1610 2926 plana,
1640 2862 1694 2909 et
1721 2851 1930 2922 simpli-

336 2956 441 3023 cia,
496 2964 551 3011 et
574 2953 719 3025 quod
749 2951 981 3009 maxime
1008 2963 1146 3021 opus
1168 2957 1253 3005 est
1272 2989 1288 3016 ,
1316 2960 1443 3004 vera
1464 2955 1518 3002 et
1549 2941 1933 3015 inexpugnabi-

339 3050 408 3106 lia
428 3047 539 3103 illis
560 3045 906 3103 videbuntur.

2025 1854 2285 1917 latissima
2321 1864 2434 1921 est;
2471 1855 2724 1926 quoniam
2757 1856 2862 1911 late
2891 1855 3122 1927 perditio
3151 1856 3479 1913 dominatur.
3524 1857 3622 1915 His

2024 1950 2216 2005 acerba
2247 1958 2392 2017 sunt,
2424 1948 2508 2003 his
2534 1964 2764 2014 venena,
2788 1963 2911 2020 quae
2939 1950 3080 2006 Deus
3108 1949 3175 2005 ad
3196 1951 3456 2020 justitiam
3480 1967 3617 2024 pra:-

2024 2042 2171 2111 cipit,
2204 2056 2427 2112 quaeque
2454 2056 2555 2097 nos
2580 2041 2673 2096 Dei
2703 2042 3015 2112 magisterio
3059 2042 3127 2098 de
3156 2043 3354 2100 virtute
3382 2059 3447 2099 an
3474 2045 3617 2100 veri-

2028 2143 2135 2191 tate
2160 2134 2498 2191 disserimus.
2539 2134 2741 2203 Quibus
2770 2136 2815 2190 si
2855 2151 3153 2207 repugnare
3182 2137 3493 2206 audebunt,
3525 2153 3623 2194 ne-

2027 2242 2182 2283 cesse
2232 2238 2316 2283 est
2366 2228 2549 2284 hostes
2578 2243 2637 2284 sc
2660 2244 2783 2285 esse
2822 2229 3035 2284 virtutis
3057 2229 3390 2302 iustitiaeque
3427 2230 3633 2287 latean-

2030 2328 2134 2378 tur.
2170 2322 2465 2394 Aggrediar
2495 2338 2639 2379 nunc
2677 2323 2819 2393 quod
2871 2334 3150 2394 superest,
3207 2333 3266 2379 ut
3313 2324 3433 2380 linis
3479 2324 3634 2396 operi

2028 2416 2201 2487 possit
2256 2416 2477 2486 imponi.
2540 2414 2594 2469 Id
2651 2425 2829 2471 autem
2882 2425 3177 2486 superest,
3226 2425 3283 2471 ut
3358 2417 3426 2473 de
3489 2416 3635 2487 judi-

2030 2510 2116 2566 cio
2169 2509 2263 2564 Dei
2306 2508 2637 2564 disseramus
2671 2526 2683 2561 :
2724 2507 2866 2579 quod
2914 2518 3023 2563 tum
3060 2499 3454 2575 constituetur,
3509 2524 3634 2565 cum

2036 2605 2294 2660 Dominus
2326 2612 2511 2661 noster
2541 2603 2764 2659 redierit
2790 2604 2841 2659 in
2875 2614 3107 2670 terram;
3138 2610 3196 2659 ut
3214 2603 3501 2674 unicuique
3528 2618 3628 2675 pro

2033 2699 2227 2754 merito
2257 2707 2349 2752 aut
2378 2697 2661 2768 praemium
2705 2697 2999 2768 persolvat,
3027 2680 3120 2751 aut
3168 2711 3402 2767 prunam.
3454 2695 3637 2766 Itaque

2037 2801 2095 2845 ut
2120 2789 2176 2845 in
2222 2801 2416 2860 quarto
2445 2789 2587 2844 libro
2613 2788 2682 2844 de
2710 2788 2883 2859 primo
2931 2788 3166 2845 adventu
3197 2787 3315 2858 ejus
3348 2787 3585 2846 diximus
3613 2827 3631 2853 ,

2036 2885 2186 2940 sicin
2217 2884 2320 2940 hoc
2345 2882 2641 2940 secundum
2662 2881 2961 2938 referamus
2987 2881 3301 2950 adventum,
3333 2896 3498 2953 quem
3536 2880 3634 2937 Ju-

2036 2976 2139 3031 daei
2166 2991 2382 3046 quoque
2406 2984 2462 3029 et
2498 2973 2849 3041 conﬁtentur,
2887 2982 2944 3030 et
2972 2982 3234 3045 sperant,
3264 2973 3361 3029 sed
3389 2974 3591 3030 frustra
3618 3014 3635 3041 ,

2039 3070 2309 3149 quoniam.
2344 3083 2569 3125 necesse
2613 3077 2697 3124 est
2725 3067 2793 3123 ad
2820 3081 2914 3124 eos
2941 3067 3356 3124 confundendos
3384 3077 3632 3124 reverta-

410 3187 583 3245 Nemo
605 3184 791 3244 virtuti
819 3182 981 3250 lavet,
1010 3181 1113 3238 nisi
1143 3181 1233 3252 qui
1252 3177 1403 3249 sequi
1424 3184 1633 3250 potest;
1662 3173 1813 3246 sequi
1844 3188 1937 3229 au-
1963 3177 2010 3241 (ζ
2045 3174 2151 3231 tur,
2203 3162 2271 3218 ad
2315 3177 2450 3234 quos
2497 3160 2874 3217 convocandos
2906 3161 3052 3230 prius
3081 3170 3325 3217 venerat.
3357 3159 3490 3216 Nam
3541 3161 3637 3233 qui

345 3292 452 3340 tem
479 3297 585 3337 non
607 3279 762 3335 facile
776 3286 859 3335 est
886 3276 1135 3333 omnibus
1167 3292 1179 3327 :
1212 3273 1250 3328 ii
1282 3281 1522 3344 possunt,
1555 3284 1690 3342 quos
1712 3282 1941 3339 pauper-

344 3387 429 3436 tas
452 3386 506 3434 et
546 3389 725 3433 rerum
758 3369 1048 3444 indigentia
1079 3369 1344 3438 exercuit,
1368 3375 1423 3423 et
1456 3378 1684 3436 capaces
1721 3359 1938 3417 virtutis

2044 3258 2383 3315 violaverunt
2435 3256 2598 3326 impie
2644 3254 2938 3321 humilem,
2989 3254 3223 3310 sentient
3266 3253 3321 3309 in
3368 3262 3640 3325 potestate

2046 3354 2342 3418 victorem;
2399 3365 2571 3420 eaque
2599 3350 2780 3405 omnia
2808 3364 2926 3420 qua:
2954 3348 3162 3421 legunt,
3212 3357 3269 3404 et
3307 3364 3416 3406 non
3445 3348 3644 3405 intelli-

1697 3499 2060 3560 VARIORUM
2096 3492 2328 3553 NOTAE.

423 3641 592 3711 Opum
617 3636 910 3710 inexplebili
929 3633 1152 3711 quadam
1175 3631 1259 3711 sit_i
1283 3630 1539 3711 ﬂagrant:
1556 3621 1685 3711 Mss.
1719 3621 1861 3711 Jun.
1874 3627 1938 3711 et

348 3716 376 3772 1
428 3695 581 3770 Citii).
611 3695 833 3783 quadarn
881 3695 1161 3777 cupiditate
1191 3695 1470 3783 ﬂagrant;
1517 3696 1546 3751 1
1597 3695 1805 3783 Dorion.
1838 3706 1937 3747 an-

352 3787 444 3858 tiq.
466 3772 811 3852 inexplicabili
838 3772 1059 3850 quadam
1084 3772 1360 3858 cupiditate
1388 3772 1630 3858 flagrant.

421 3843 523 3919 lAnt
551 3843 807 3930 dilargitis
838 3843 861 3913 1
880 3858 1036 3914 Colh.
1065 3843 1361 3930 del-arguis;
1444 3854 1579 3930 Reg.
1612 3864 1748 3930 rec,
1775 3843 1901 3930 Jun.
1926 3886 1940 3909 ,

354 3917 560 3993 Ηὶὸιι).
585 3945 641 3988 et
686 3917 719 3987 fi
759 3933 888 3987 edit.
919 3929 1165 4000 elargitis.
1203 3917 1350 3981 διεδ(
1378 3929 1403 3978 1
1445 3917 1624 3995 Lips.,
1659 3920 1797 3985 Pal...
1841 3917 1945 3971 lar—

388 4009 490 4062 itis.

352 4028 718 4133 gmf’ulnerant
748 4090 896 4129 aures
927 4087 1122 4127 eorum.
1157 4070 1519 4139 Qumcumquc
1560 4066 1762 4139 ingrata
1784 4067 1839 4116 et
1863 4059 1948 4114 itt-

350 4150 583 4223 jttcunda
614 4148 832 4223 auribus
856 4134 1243 4223 accitlttntj'eas
1271 4134 1831 4223 diettniurbll'euderc
1848 4173 1865 4200 ,
1897 4139 1951 4185 et

353 4210 575 4297 prOprio
604 4220 771 4276 verbo
788 4216 1073 4271 vulnerare.
1097 4212 1247 4283 Virg.
1275 4227 1369 4265 vttt
1394 4210 1636 4267 {Eneida

550 4403 563 4414 .
609 4405 619 4415 .
662 4404 674 4416 .
716 4402 726 4412 .
766 4402 776 4413 .
820 4402 829 4412 .
872 4401 882 4412 .
922 4362 1129 4412 Gravior
1148 4370 1211 4408 ne
1236 4357 1440 4407 nuntius
1458 4366 1608 4405 aures

547 4427 809 4478 Vulttct‘ct.

361 4559 498 4617 llinc
530 4556 800 4615 scribebat
841 4551 1211 4609 Artemidorus
1231 4592 1247 4618 ,
1276 4547 1521 4603 nuntium
1557 4540 1849 4618 signiﬁcari
1879 4540 1962 4594 in-

353 4614 678 4700 iucundum,
724 4626 938 4695 quando
967 4624 1086 4695 quis
1117 4614 1276 4676 aures
1323 4618 1426 4672 sibi
1478 4614 1756 4671 verberari
1812 4624 1963 4666 som-

360 4704 496 4759 niat.
539 4700 782 4756 Benaco.
1894 4753 1926 4765 _.

442 4755 524 4827 Ne
542 4755 596 4825 si
622 4772 778 4825 solem
816 4767 1020 4838 quidem
1045 4766 1517 4838 ipsumAgestemus,
1550 4766 1654 4838 etc.
1681 4755 1771 4838 Sic
1798 4755 1961 4838 re_s_ti_-

362 4825 570 4900 luimus
593 4858 656 4897 ex
686 4844 716 4896 4
744 4825 914 4909 antiq.
957 4852 1018 4891 ac
1051 4825 1344 4909 potiorihtts
1389 4846 1531 4909 tnss.
1560 4830 1693 4899 Reg.
1722 4836 1777 4882 et
1803 4825 1965 4907 editis

364 4896 495 4971 Κιὴζ
521 4896 686 4976 1515,
713 4896 942 4965 Crat-et
968 4896 1171 4976 Graph.
1202 4904 1362 4959 1552.
1389 4903 1455 4957 Et
1484 4902 1562 4956 sic
1588 4896 1967 4976 qtioqttc_5cri:

363 4967 607 5042 litandum
639 4967 730 5037 lih.
761 4983 829 5036 de
858 4967 1116 5035 Mortibus
1146 4983 1578 5047 persecuturum,
1607 4967 1764 5041 capp.
1796 4969 1831 5023 4
1860 4967 1965 5023 et7

367 5057 460 5113 ubi
490 5071 616 5121 nec;
640 5054 783 5125 quod
810 5052 1087 5125 annotavi.

443 5110 671 5193 Quoquo.
691 5125 843 5179 modo
868 5124 1078 5177 latrant.
1108 5119 1203 5175 Ms.
1228 5118 1352 5193 Jun.
1398 5129 1598 5193 quoquo
1625 5111 1789 5193 ’ψοάο
1820 5110 1966 5164 dela-

370 5184 544 5265 trant;
576 5184 892 5267 Regio-Plit.
917 5190 1290 5264 quodammodo
1315 5184 1503 5267 latrant
1522 5202 1541 5250 ;
1566 5184 1832 5267 .Bonon.
1873 5196 1969 5267 an-

372 5251 484 5342 tiq.
515 5251 701 5342 canjn‘b
727 5258 879 5342 modo
899 5251 1131 5342 latrant;
1159 5277 1277 5342 qtta:
1306 5260 1468 5313 etiam
1514 5257 1647 5310 satis
1687 5251 1968 5309 commoda

371 5334 557 5400 lectio.
590 5340 698 5396 Sed
730 5338 865 5393 ﬂlhll
899 5334 1285 5392 immutandum
1314 5341 1531 5385 censeo.

450 5434 555 5503 Qui
582 5443 753 5503 autem
782 5430 895 5484 sani
943 5425 1225 5503 sunt,_uel
1273 5420 1619 5503 erant.'Edit.
1663 5419 1817 5503 grai.
1860 5416 1973 5503 sani

371 5486 676 5563 surmvhlss.
720 5502 758 5556 ‘2
782 5502 916 5572 Reg.
945 5486 1260 5572 rec.,'._lttn.,
1290 5494 1433 5560 PaL,
1455 5492 1631 5561 Lips.,
1660 5492 1816 5572 _Cant.
1857 5498 1910 5572 et

372 5557 510 5635 is}.
545 5557 676 5632 edit.
727 5574 841 5629 sani
863 5557 1009 5626 "sunt
1046 5557 1124 5624 vel
1171 5557 1351 5630 erunt;
1402 5557 1465 5619 ac
1516 5557 1785 5634 praecipue
1830 5557 1973 5613 subl.

375 5649 545 5705 Cane.
578 5656 632 5702 ct
658 5645 693 5700 4
721 5644 849 5701 edd.
877 5642 1045 5697 sanati
1070 5648 1237 5694 erunt.

459 5700 860 5772 Utinsanabiles
892 5715 1018 5768 sint.
1048 5711 1179 5766 Mss.
1211 5709 1236 5763 1
1278 5708 1413 5780 Reg.
1436 5778 1443 5780 _
1465 5719 1616 5780 rec._,
1648 5704 1671 5758 1
1732 5700 1972 5780 Ορὶῢθῐξ

2038 3614 2172 3685 Reg.
2196 3610 2413 3685 procul;
2458 3606 2702 3685 polbert.
2726 3612 2782 3661 et
2811 3604 2878 3662 it)
2922 3603 3051 3660 edit.
3102 3611 3239 3685 ven,
3273 3613 3338 3685 _ut
3392 3605 3648 3664 sanabiles

2043 3676 2164 3742 sini.
2193 3683 2358 3749 Ultr.,
2391 3681 2416 3735 1
2448 3679 2629 3745 Colb.,
2660 3678 2853 3744 Brttn.,
2882 3687 2937 3730 ut
2967 3676 3220 3731 sanabiles
3239 3676 3362 3731 sint.

2122 3778 2168 3833 li
2209 3783 2437 3848 possunt.
2479 3773 2506 3828 1
2557 3772 2762 3828 Βοιιοη.
2821 3769 2988 3839 antiq.
3046 3766 3101 3822 1i
3136 3770 3277 3840 sequi
3329 3778 3575 3841 possunt;
3617 3771 3648 3829 1

2046 3845 2289 3906 Colbert.
2324 3845 2372 3900 li
2392 3854 2532 3900 sunt.

2125 3920 2390 3975 Pluribus.
2429 3918 2501 3970 Ita
2526 3912 2826 3985 reposuiex
2850 3911 2884 3965 ι1
2913 3920 3019 3967 vet.
3042 3907 3319 3985 impressis
3335 3911 3655 3985 cunctisque

2052 4008 2184 4049 mss.
2217 4000 2415 4063 praeter
2444 3983 2637 4063 areo},
2667 3984 2859 4057 quibus
2880 3992 2966 4039 est
3000 3984 3135 4049 suis;
3169 3984 3222 4038 in
3249 3983 3467 4038 caeteris
3492 3983 3655 4039 editis

2053 4060 2250 4135 legitur
2276 4060 2531 4135 plurimis.

2126 4123 2294 4190 Ίηιιηὸ
2315 4148 2452 4186 vero.
2488 4130 2649 4184 Deest
2670 4143 2784 4181 vero
2814 4126 2867 4181 in
2898 4139 3027 4180 mss.
3062 4125 3089 4179 1
3125 4123 3261 4194 Reg.
3302 4124 3654 4191 rec.,Cauc.,

2054 4207 2179 4264 Jun.
2210 4217 2263 4261 et
2294 4206 2360 4259 M
2382 4202 2575 4267 editis;
2597 4200 2649 4255 in
2674 4199 2922 4254 Gothano
2947 4204 3032 4251 est
3056 4197 3159 4249 imo
3176 4210 3331 4262 uere;
3360 4195 3413 4250 in
3438 4196 3465 4251 1
3495 4194 3653 4251 Colb.

2055 4281 2173 4334 ideo
2200 4293 2316 4332 vero
2341 4292 2355 4338 ;
2403 4276 2455 4328 in
2486 4287 2588 4327 ms.
2620 4270 2849 4325 Torttes.
2881 4284 2982 4321 uno
3010 4276 3122 4321 voto
3143 4267 3481 4321 concatenati.

2134 4371 2216 4426 Ad
2244 4378 2421 4424 nutum
2461 4364 2683 4419 domina:
2707 4359 3026 4430 cupiditatis.
3050 4359 3084 4412 5
3111 4357 3245 4428 Reg.
3296 4371 3431 4430 rec_.,
3465 4358 3493 4430 1
3532 4356 3661 4430 (ξοι-

1982 4442 2037 4502 D
2060 4445 2199 4502 hert.
2228 4457 2259 4496 a
2289 4437 2523 4495 secunda
2547 4450 2732 4497 manu,
2756 4426 2812 4487 et
2847 4431 2880 4485 5
2907 4440 3014 4484 vel.
3045 4426 3513 4502 edim—cupiditati.
3546 4426 3661 4502 _l_)o_-

2066 4498 2258 4570 ntinam
2283 4509 2616 4579 cupiditatem
2644 4504 2775 4560 dicit
2808 4503 3045 4557 imitatus
3068 4498 3369 4579 Horatium,
3399 4500 3490 4571 qui
3530 4498 3664 4555 dicit

2064 4587 2241 4658 regina
2286 4570 2524 4658 pecunia,
2548 4578 2674 4658 quia
2721 4583 2946 4657 utraque
2975 4579 3088 4626 tum
3110 4570 3399 4658 cupiditas,
3424 4570 3539 4658 tum
3566 4585 3662 4653 pe-

2063 4641 2219 4714 cudnia
2237 4696 2253 4722 ,
2287 4641 2545 4707 mundum
2568 4641 2716 4704 hunc
2740 4641 3050 4700 universum
3074 4651 3287 4713 regunt,
3315 4656 3379 4696 ac
3405 4642 3454 4697 ei
3483 4641 3663 4698 domi-

2067 4738 2284 4784 natttur.

2141 4800 2311 4853 Onera
2341 4800 2623 4868 gestantes.
2642 4789 2732 4847 Sic
2761 4784 2972 4843 restitui
3004 4800 3071 4868 es
3100 4783 3312 4868 cunctis
3335 4799 3473 4868 mss.
3523 4799 3664 4856 prae-

2071 4880 2151 4927 ter
2174 4870 2210 4924 2
2230 4855 2409 4932 Galli,
2428 4864 2519 4937 qui
2540 4863 2760 4927 habent,
2779 4874 2934 4930 opera
2956 4865 3230 4929 gestantes,
3259 4866 3315 4911 et
3334 4855 3371 4909 2
3388 4855 3521 4926 Reg.
3550 4869 3665 4910 rec.

2069 4958 2226 4998 onera
2255 4949 2534 5011 portantes.

2066 5068 2079 5085 ν
2143 5000 2477 5069 ΗΞσύεηεπα.
2508 5008 2536 5063 1
2569 5005 2781 5061 Bonan.
2812 5002 2983 5071 antiq.
3011 5000 3091 5056 his
3111 5006 3377 5055 venenata.

2143 5102 2410 5172 Praecipit.
2442 5098 2518 5154 Ita
2530 5097 2667 5172 _lego
2688 5109 2810 5172 cum
2847 5089 3319 5172 vetustioribuset
3346 5084 3669 5172 melioribus

2070 5156 2235 5241 mss,
2268 5156 2502 5236 Bonoru,
2529 5156 2852 5239 Regio-Put.
2881 5163 3106 5241 aliisque
3133 5159 3335 5215 multis.
3368 5157 3427 5212 ln
3456 5156 3576 5213 aliis
3603 5158 3668 5214 11

2071 5263 2183 5304 rec.
2211 5236 2266 5302 et
2290 5243 2521 5313 vulgatis
2543 5236 2658 5307 est,
2691 5236 2950 5311 prerupit.

2144 5340 2242 5396 Dei
2263 5337 2578 5411 magisterio.
2604 5334 2662 5390 Id
2687 5343 2791 5399 est,
2812 5326 3011 5387 Christi
3033 5322 3303 5390 doctrina,
3331 5330 3388 5379 et
3407 5321 3673 5396 Epitom.,

2073 5411 2720 5555 eaeigztediar._fl_Colb.,
2742 5470 3044 5555 Aggredior.
3070 5468 3264 5555 Brun.,
3281 5465 3676 5555 aggrediantur,

2076 5539 2391 5611 nonai'nale.
2437 5550 2571 5608 Vide
2607 5561 2768 5616 supra
2788 5539 3139 5608 disserimus,
3181 5549 3238 5596 et
3294 5539 3430 5596 intra
3451 5539 3678 5594 dissera-

2075 5644 2232 5752 Μιίίξί
2278 5713 2364 5752 eos
2395 5688 2807 5766 confundendos.
2839 5683 2929 5744 Sic
2957 5685 3287 5766 restituihev
3335 5696 3455 5766 uno
3478 5677 3681 5766 codice

376 5801 436 5851 et
459 5748 1981 5855 n3£”'.aii,~"c3tic.,'iiﬁi','a
2080 5748 2582 5834 Br—tiiiia'no;vet'ita
2632 5776 2824 5819 sensus
2852 5758 3112 5831 postulat.
3145 5756 3281 5813 Vide
3319 5748 3683 5826 praecedentia
