4134 6204
569 225 677 286 745

1676 213 1865 274 FIRM.
1906 210 2277 274 LACTANTII
2315 211 2518 273 DIVIN.
2559 209 2731 272 INS'I‘.

3731 224 3816 282 7M

570 344 732 399 etiam
758 340 844 397 vel
874 337 1175 396 deciderint
1199 333 1449 405 abrupti,
1481 333 1567 390 vel
1592 333 1767 406 planis
1800 335 1996 389 fuerim
2020 332 2164 387 adae-
2188 335 2244 395 Α
2270 331 2476 387 Deinde
2503 330 2708 385 intulit:

569 437 735 507 quati.
788 434 1052 488 Plurimas
1079 430 1360 501 regiones,
1401 436 1456 483 et
1497 428 1788 482 multorum
1820 426 2164 481 fundamenta

569 529 831 586 montium
855 528 1026 582 latens
1047 535 1102 580 et
1125 525 1368 579 internus
1393 521 1528 591 ignis
1555 521 1810 577 absumit.
1846 520 1911 573 Et
1940 519 2044 573 hoc
2075 534 2168 588 pa-

568 638 686 677 rum
716 633 821 688 est,
849 622 894 676 si
924 619 1182 675 membris
1206 617 1322 672 suis
1354 631 1460 670 non
1496 615 1666 684 parcit
1693 615 1852 678 Deus,
1884 615 1982 668 nisi
2004 613 2167 667 etiam

569 717 771 771 homini
800 713 1170 784 liceataliquid
1189 714 1240 767 in
1267 712 1361 766 Dei
1376 726 1607 781 corpus:
1634 710 1801 763 maria
1820 719 2163 771 extruuntur;

568 821 779 866 montes
807 807 1149 869 exciduntur,
1178 814 1232 859 et
1251 803 1317 858 ad
1336 801 1601 858 eruendas
1630 815 1762 871 opes
1792 800 2042 854 interiora
2063 807 2168 852 ter-

518 966 526 975 ,
568 922 644 961 ra:
674 905 879 974 viscera
907 901 1255 958 eﬂ'odiuntur.
1285 899 1425 967 Quid
1474 898 1616 970 quod
1667 913 1734 953 ne
1768 898 1907 952 arari
1951 895 2166 966 quidem

568 997 685 1052 sine
714 994 1041 1051 laceratione
1063 993 1231 1051 divini
1257 993 1499 1062 corporis
1532 999 1705 1060 potest
1733 991 1756 1044 ?
1783 999 1839 1043 ut
1860 989 1970 1059 jam
1998 989 2171 1044 scele-

569 1091 669 1146 rati
701 1098 755 1146 et
787 1089 930 1159 impii
963 1090 1153 1151 simus,
1185 1087 1276 1158 qui
1320 1087 1411 1141 Dei
1443 1087 1680 1140 membra
1708 1084 1990 1139 violemus.
2027 1082 2168 1136 Pati-

573 1192 728 1236 turne
764 1195 895 1252 ergo
926 1179 1106 1236 vexari
1145 1193 1344 1248 corpus
1370 1193 1524 1232 suum
1557 1177 1717 1239 Deus,
1752 1187 1804 1231 et
1839 1176 2070 1230 debilem
2109 1191 2168 1231 se

577 1273 664 1328 vel
687 1274 802 1343 ipse
821 1271 1016 1337 facere,
1042 1271 1126 1326 vel
1147 1270 1449 1325 abliomine
1471 1269 1586 1324 fieri
1609 1268 1774 1324 sinit?
1802 1267 1902 1322 nisi
1927 1268 2064 1323 forte
2089 1267 2170 1322 di-

583 1367 739 1420 vinus
761 1365 852 1419 ille
878 1379 1092 1431 sensus,
1124 1364 1215 1434 qui
1241 1362 1439 1417 mundo
1467 1372 1524 1418 et
1563 1363 1812 1417 omnibus
1840 1362 2025 1416 mundi
2054 1377 2170 1432 par-

579 1458 720 1512 tibus
760 1456 1057 1527 permixtus
1083 1465 1200 1520 est,
1248 1456 1472 1524 primam
1502 1465 1658 1510 terrae
1702 1454 1892 1510 faciem
1926 1455 2166 1524 reliquit,

571 1563 633 1603 ac
663 1565 721 1604 se
750 1548 801 1603 in
826 1549 929 1603 ima
952 1547 1231 1614 demersit,
1261 1563 1328 1602 ne
1357 1547 1484 1619 quid
1521 1547 1726 1603 doloris
1752 1548 1819 1602 de
1849 1547 2063 1602 assidua
2094 1547 2170 1600 la-

570 1643 842 1699 ceratione
881 1643 1128 1696 sentiret.
1159 1640 1313 1708 Quod
1354 1643 1396 1695 si
1431 1641 1532 1695 hoc
1563 1657 1757 1694 vanum
1788 1650 1842 1696 et
1870 1642 2162 1697 absurdum

2361 442 2610 508 Desipere
2635 447 2728 492 est.
2765 441 2889 501 Quid
2917 442 3048 508 enim
3073 442 3423 508 immortalibus
3445 447 3582 508 atque
3597 446 3744 499 beatis

2365 507 2532 555 Gratia
2557 515 2719 555 nostra
2759 513 2913 567 queat
2938 505 3166 567 largirier
3186 505 3517 564 emolumenti,

2367 568 2430 617 Ut
2454 577 2620 617 nostra
2640 569 2903 631 quidquam
2927 580 3071 616 causa
3096 579 3283 628 gerere
3304 571 3679 632 aggrediantur?

2340 695 2408 750 Et
2437 695 2646 750 merito.
2679 694 2761 749 Illi
2796 695 2940 749 enim
2971 693 3170 748 nullam
3214 693 3467 750 rationem
3511 695 3812 768 all‘erebant,

2270 804 2368 845 cur
2399 790 2690 844 lmmanum
2719 803 2888 859 genus
2909 789 2990 844 vel
3012 797 3274 854 creatum,
3303 788 3384 844 vel
3405 790 3732 846 constitutum
3755 808 3826 850 es-

2271 891 2354 938 set
2387 898 2418 936 a
2466 884 2591 938 Deo.
2638 881 2888 934 Nostrum
2942 879 3044 935 hoc
3069 879 3305 934 ofﬁcium
3333 889 3434 947 est,
3464 893 3825 942 sacramentum

2272 976 2454 1031 mundi
2487 988 2540 1030 et
2570 976 2802 1031 hominis
2833 989 3104 1045 exponere
3128 1015 3144 1042 ,
3197 973 3350 1044 cuius
3375 975 3447 1028 illi
3471 986 3725 1046 expertes,
3750 993 3822 1032 sa-

2271 1070 2501 1124 crarium
2525 1069 2763 1124 veritatis
2788 1083 2888 1124 nec
2903 1068 3196 1138 attingere,
3231 1081 3331 1122 nec
3351 1067 3530 1123 videre
3551 1079 3824 1138 potuerunt.

2273 1176 2400 1230 ergo
2430 1160 2512 1232 (ut
2538 1161 2693 1230 paulo
2729 1145 2858 1215 ante
2899 1158 3166 1230 dicebam)
3199 1174 3324 1214 cum
3366 1160 3758 1230 assumpsissent
3785 1162 3828 1217 id

2271 1255 2416 1326 quod
2441 1265 2557 1310 erat
2583 1271 2791 1320 verum,
2825 1254 2878 1309 id
2919 1265 3024 1321 est,
3055 1254 3313 1310 mundum
3343 1270 3374 1310 a
3412 1254 3519 1311 Deo
3547 1256 3726 1311 factum
3746 1299 3758 1323 ,
3785 1269 3831 1313 et

2273 1346 2548 1401 hominum
2572 1361 2734 1401 causa
2765 1360 2886 1402 esse
2910 1345 3104 1400 factum
3131 1362 3145 1410 ;
3189 1354 3389 1412 tamen,
3424 1347 3666 1415 quoniam
3687 1363 3769 1402 eos
3787 1348 3830 1402 in

2272 1440 2728 1507 consequentibus
2777 1438 2914 1492 ratio
2942 1437 3162 1502 defecit,
3197 1452 3305 1492 non
3355 1447 3634 1506 potuerunt
3671 1439 3832 1495 defen-

2271 1529 2402 1584 dere
2429 1529 2479 1583 id
2520 1529 2661 1598 quod
2709 1538 3131 1597 assumpserant.
3168 1528 3413 1598 Denique
3453 1528 3616 1596 Plato,
3656 1546 3717 1586 ne
3757 1531 3834 1587 Dei

2274 1640 2408 1694 opus
2457 1623 2782 1678 imbecillum
2829 1633 2885 1678 et
2924 1625 3201 1678 ruinosum
3254 1622 3480 1690 faceret,
3529 1625 3833 1680 inatternum

570 1745 654 1792 est
678 1778 694 1802 ,
747 1745 856 1789 tam
910 1733 1072 1804 igitur
1125 1733 1225 1803 ipsi
1271 1744 1552 1804 eguerunt,
1585 1749 1744 1804 quam
1777 1735 1892 1789 haec
1922 1734 2166 1804 indigem
2195 1731 2242 1788 Β
2273 1717 2406 1770 dixit
2431 1731 2552 1771 esse
2583 1731 2915 1770 mansurum.
2948 1716 3004 1771 Si
3037 1716 3316 1770 hominum
3341 1731 3503 1771 causa
3532 1715 3695 1772 factus
3736 1728 3834 1784 est,

573 1847 759 1893 sensu,
791 1831 878 1901 qui
910 1846 1014 1885 non
1048 1839 1444 1900 perspexerunt
1474 1829 1713 1884 divinum
1754 1829 1970 1900 quidem
2010 1829 2168 1898 spiri-

575 1931 689 1991 tum
719 1938 841 1978 esse
870 1923 1070 1993 ubique
1109 1921 1360 1976 diﬂ‘usum
1383 1964 1398 1987 ,
1448 1937 1620 1992 eoque
1652 1923 1830 1975 omnia
1868 1921 2163 1986 contineri,

572 2032 681 2071 non
727 2027 903 2070 tamen
954 2015 1046 2075 ita.
1077 2025 1134 2068 ιιι
1180 2013 1496 2084 Dcusipse,
1541 2014 1629 2084 qui
1681 2024 1760 2068 est
1802 2015 2166 2082 incorruptus,

573 2109 826 2180 gravibus
855 2116 910 2163 et
935 2107 1370 2176 corruptibilibus
1390 2107 1674 2161 elementis
1699 2106 2006 2161 misceatur.
2033 2104 2168 2159 Illud

571 2219 700 2274 ergo
731 2203 950 2264 rectius.
975 2201 1116 2272 quod
1145 2217 1173 2254 a
1208 2201 1427 2255 Platone
1457 2201 1532 2271 (in
1562 2199 1772 2269 Timwo)
1801 2209 2168 2270 sumpserunt,

577 2315 606 2352 a
640 2298 750 2352 Deo
781 2297 975 2351 factum
1007 2310 1129 2350 esse
1168 2293 1448 2362 mundum,
1487 2303 1542 2348 et
1565 2293 1805 2364 ejusdem
1839 2293 2171 2364 providentia

577 2389 882 2461 gubernari.
914 2387 1208 2458 Oportebat
1234 2387 1393 2456 igitur
1429 2395 1482 2442 et
1526 2385 1804 2441 Platonem
1826 2427 1842 2452 ,
1875 2395 1927 2440 et
1963 2401 2055 2440 eos
2081 2386 2174 2456 qui

581 2483 723 2538 idem
773 2489 1079 2547 senserunt,
1111 2480 1307 2535 docere
1336 2489 1497 2550 atque
1519 2479 1793 2549 eXpIicare
1813 2520 1826 2545 ,
1851 2495 1970 2550 quae
1990 2493 2172 2544 causa,

579 2591 699 2646 quae
724 2574 861 2628 ratio
891 2573 1051 2628 fuerit
1077 2573 1208 2626 tanti
1247 2571 1428 2642 operis
1456 2569 1784 2636 fabricandi;
1826 2585 1993 2640 quare
2025 2568 2131 2624 hoc
2157 2609 2172 2636 ,

576 2679 670 2724 aut
699 2667 852 2738 cujus
881 2667 1050 2737 gratia
1081 2665 1287 2722 fecerit.

653 2762 724 2818 At
751 2760 910 2816 iidem
944 2760 1133 2827 Stoici,
1175 2758 1474 2825 hominum,
1506 2758 1790 2828 inquiunt,
1833 2771 1995 2812 causa
2024 2771 2179 2811 mun-

580 2855 680 2911 dus
701 2853 923 2910 el‘fectus
949 2863 1051 2908 est.
1088 2852 1282 2908 Audio.
1327 2852 1432 2908 Sed
1461 2851 1727 2920 Epicurus
1754 2851 1998 2922 ignorat,
2031 2852 2179 2920 ipsos

585 2946 829 3001 homines
855 2959 1021 3017 quare
1042 2985 1057 3011 ,
1097 2951 1191 2999 aut
1228 2944 1347 3014 quis
1391 2941 1650 2998 el‘l'ecerit.
1683 2941 1816 2996 Nam
1856 2941 2139 2996 Lucretius
2162 2981 2177 3006 ,

579 3054 703 3094 cum
725 3039 930 3094 diceret
954 3036 1213 3092 mundum
1247 3052 1353 3090 non
1375 3049 1498 3090 esse
1522 3050 1551 3088 a
1578 3033 1682 3088 diis
1701 3035 2076 3102 constitutum,
2103 3033 2180 3088 sic

580 3133 655 3187 ait
686 3133 796 3204 (lib.
829 3148 861 3185 v
886 3132 948 3185 de
965 3130 1167 3185 Natura
1194 3129 1386 3199 rerum)
1411 3146 1425 3183 :

706 3253 892 3316 Dicere
917 3265 1062 3316 porro
1081 3253 1329 3316 hominum
1353 3264 1498 3301 causa
1517 3251 1728 3302 voluisse
1750 3262 1927 3314 parare
1955 3264 1970 3313 ;

704 3315 996 3366 Praeclaram
1031 3315 1195 3364 mundi
1220 3321 1443 3364 naturam

2271 1816 2325 1862 et
2350 1809 2420 1861 ita
2452 1807 2623 1863 factus
2649 1817 2733 1864 est
2769 1817 2827 1862 ut
2861 1817 3008 1863 esset
3029 1817 3290 1874 attentus,
3331 1825 3430 1864 cur
3454 1824 3580 1880 ergo
3605 1809 3697 1878 ipsi
3724 1825 3837 1879 quo-

2273 1918 2391 1957 rum
2417 1918 2573 1957 causa
2604 1901 2773 1958 factus
2794 1913 2900 1969 est,
2926 1916 3032 1957 non
3059 1911 3186 1957 sunt
3212 1904 3531 1973 sempiterni
3550 1903 3573 1955 ’ἔ
3593 1903 3643 1959 Si
3667 1915 3838 1958 morta-

2274 1997 2374 2062 les,
2407 2010 2626 2066 propter
2650 2010 2784 2066 quos
2814 1995 2986 2050 factus
3009 2006 3112 2063 est,
3145 2011 3277 2067 ergo
3298 2006 3356 2052 et
3385 1997 3500 2067 ipse
3531 1997 3750 2051 mortalis
3772 2006 3841 2048 at-

2273 2106 2376 2162 que
2417 2091 2678 2146 solubilis.
2713 2090 2896 2160 Neque
2937 2090 3080 2145 enim
3112 2090 3282 2160 pluris
3313 2100 3400 2146 est
3429 2092 3577 2160 ipse,
3620 2104 3764 2159 quam
3791 2088 3841 2153 ii,

2273 2199 2499 2254 quorum
2527 2182 2695 2254 gratia
2725 2183 2896 2238 factus
2923 2191 3026 2238 est.
3059 2183 3212 2251 Quod
3243 2183 3290 2237 si
3320 2184 3371 2238 ei
3401 2184 3541 2238 ratio
3566 2182 3845 2253 quadraret,

2275 2277 2599 2347 intelligeret
2630 2275 2922 2346 periturum
2950 2290 3094 2342 esse,
3126 2274 3247 2344 quia
3280 2274 3472 2330 factus
3495 2284 3596 2340 est;
3614 2289 3704 2330 nec
3721 2286 3853 2343 posse

2277 2373 2332 2426 in
2361 2383 2620 2428 aeternum
2649 2387 2889 2437 manere,
2919 2373 3020 2427 nisi
3053 2371 3198 2442 quod
3219 2373 3379 2444 tat-gi
3408 2388 3513 2428 non
3542 2380 3729 2442 potest.

2347 2466 2447 2534 Qui
2477 2476 2662 2522 autem
2687 2475 2845 2536 negat
2877 2465 3152 2519 hominum
3181 2480 3360 2520 causa
3387 2465 3610 2532 factum,
3637 2464 3718 2519 hic
3751 2462 3855 2518 nul-

2280 2561 2385 2615 lam
2429 2559 2690 2614 rationem
2726 2569 2893 2615 tenet.
2925 2560 2982 2614 Si
3019 2560 3164 2616 enim
3189 2560 3371 2629 dicit,
3404 2562 3578 2632 ipsum
3607 2560 3857 2616 fabricato-

2278 2669 2393 2710 rem
2419 2669 2514 2708 sua
2545 2669 2704 2709 causa
2754 2662 2897 2710 tanta
2946 2654 3061 2710 btec
3098 2669 3264 2726 opera
3327 2671 3452 2714 esse
3483 2657 3714 2713 molitum
3739 2699 3753 2722 ,
3781 2671 3860 2712 cur

2279 2762 2412 2817 ergo
2438 2762 2536 2802 nos
2565 2747 2674 2802 nati
2703 2739 2931 2802 sumus?
2954 2764 3052 2804 cur
3078 2749 3282 2804 mundo
3327 2751 3447 2822 ipso
3469 2751 3723 2806 fruimur?
3742 2747 3858 2817 Quid

2281 2841 2380 2895 sibi
2411 2841 2524 2894 vult
2553 2839 2768 2894 humani
2814 2841 3028 2912 generis
3067 2852 3522 2916 caeterorumque
3547 2842 3862 2899 animantium

2259 2933 2467 2989 ﬁctio?
2499 2935 2605 2990 Cur
2635 2934 2808 2990 aliena
2839 2935 3122 2992 commoda
3155 2937 3588 3008 intercipimus?
3610 2937 3711 2993 Cur
3741 2934 3866 2990 deni-

2283 3042 2388 3097 que
2415 3041 2706 3098 augemur,
2738 3029 3051 3095 minuimur,
3083 3029 3423 3086 interimus?
3448 3031 3587 3099 Quid
3625 3031 3774 3085 habet
3795 3043 3869 3083 ra-

2206 3115 2252 3177 C
2289 3117 2450 3172 tionis
2480 3118 2593 3187 ipsa
2619 3119 2933 3188 generatio?
2961 3120 3088 3190 quid
3118 3134 3389 3191 perpetua
3414 3123 3710 3179 successio?
3733 3121 3873 3176 Nimi-

2285 3225 2404 3265 rum
2437 3209 2606 3265 videri
2634 3226 2732 3265 nos
2763 3213 2902 3267 Dens
2931 3213 3120 3280 voluit,
3145 3224 3200 3269 et
3218 3229 3278 3268 su
3304 3217 3350 3272 is
3382 3217 3554 3273 variis
3583 3215 3870 3287 imaginibus

2282 3311 2536 3374 tanquam
2568 3304 2743 3374 sigilla
2784 3305 3116 3376 contingere,
3161 3307 3378 3377 quibus
3409 3325 3470 3366 se
3499 3309 3807 3371 oblectaret;
3833 3312 3879 3360 et

1906 3415 2270 3476 VARIORUM
2308 3416 2542 3474 NOTAE.

584 3521 670 3577 cui
701 3519 940 3592 ignotum
973 3524 1073 3582 est,
1094 3516 1270 3592 activa
1296 3516 1456 3592 verba
1487 3515 1694 3592 passive
1723 3530 1867 3592 srepe
1890 3513 2178 3592 usurpari?

588 3593 702 3647 lIuc
722 3586 863 3661 'ipso
887 3593 1052 3644 verbo
1076 3589 1295 3657 Apicius
1320 3588 1400 3661 de,
1431 3590 1560 3642 Arte
1587 3586 1968 3661 culinaria,»lib
2019 3600 2174 3661 tv_,__c.

587 3666 622 3716 9.
649 3682 660 3716 :
694 3656 819 3717 Cum
849 3656 1146 3716 siccaveriut
1179 3659 1605 3730 superadsperges
1647 3659 1790 3726 piper
1818 3659 2013 3710 tritum.
2058 3656 2178 3730 Lib.

590 3751 666 3798 ιχ,
700 3750 818 3802 cap.
855 3734 878 3786 I
919 3751 930 3784 :
964 3732 1030 3786 In
1057 3729 1305 3784 craticula
1331 3740 1570 3785 ussantur
1597 3731 1806 3802 locusta:
1836 3745 1854 3781 :
1883 3745 1996 3802 cum
2022 3729 2186 3802 sicca-

591 3799 779 3863 veriut,
798 3803 1008 3874 adjicies
1032 3803 1176 3874 eisin
1199 3802 1446 3874 craticula
1473 3801 1666 3874 quoties
1690 3799 2011 3874 siccaverint.
2045 3800 2179 3852 BUN.

667 3871 872 3928 Montes
891 3875 1060 3926 etiam.
1093 3873 1294 3926 Plinius
1314 3873 1452 3926 inter
1478 3871 1733 3925 miracula
1763 3875 1948 3934 refert,
1977 3879 2188 3925 montes

594 3945 753 4001 etiam
779 3943 1221 4007 concucurrisse;
1255 3958 1413 4011 quem
1440 3943 1583 4006 vide,
1614 3942 1705 3996 lib.
1727 3956 1787 4005 tt,
1819 3956 1938 4009 cap.
1967 3943 2056 3997 85.

667 4016 918 4070 Absumit.
945 4014 1020 4067 Ita
1051 4015 1162 4068 fere
1182 4028 1370 4067 omnes
1389 4029 1520 4068 mss.
1556 4013 1606 4064 in
1627 4013 1898 4080 praesenti.
1925 4011 1991 4065 Et
2015 4020 2179 4067 recte.

593 4087 785 4140 Plures
807 4087 948 4139 enim
977 4085 1124 4155 ignes
1152 4085 1345 4138 interni
1381 4085 1673 4155 etiamnum
1696 4093 1982 4155 supersunt
2010 4085 2059 4136 in
2087 4083 2186 4136 Ita-

595 4159 681 4213 lire
711 4153 1184 4221 montibus,'jEtna
1207 4167 1261 4210 et
1279 4154 1525 4220 Vesuvio,
1559 4155 1609 4206 in
1639 4154 1808 4207 insula
1832 4153 2047 4217 Lipara.
2073 4166 2179 4207 etc.

593 4229 719 4284 Mss.
752 4229 777 4283 1
815 4227 1018 4282 Bouon.
1049 4227 1241 4296 antiq.,
1275 4225 1434 4294 Tax.,
1475 4228 1500 4280 1
1528 4225 1681 4280 Colb.
1712 4225 2019 4294 absumpsit;
2045 4224 2187 4293 quod

598 4310 772 4355 tamen
800 4301 1113 4353 lleumanno
1142 4298 1422 4367 probatur.

2356 3510 2720 3586 constitutum.
2768 3513 2827 3568 In
2874 3515 3107 3586 antiquis
3144 3515 3271 3573 editi
3292 3521 3497 3577 ouibtts
3527 3565 3540 3586 ,
3587 3522 3880 3583 institutum,

2285 3583 2429 3655 quod
2464 3582 2782 3639 Heumanno
2815 3582 3093 3655 probatur.

2291 3725 2302 3736 .
2348 3654 2754 3737 Sacramenta»:
2777 3654 2952 3711 mundi
2982 3669 3027 3712 et
3045 3660 3298 3737 hominis.
3334 3663 3428 3719 Sic
3453 3664 3590 3719 infra
3621 3680 3732 3734 cap.
3765 3663 3812 3728 5,
3832 3658 3888 3714 ad

2289 3729 2497 3806 initium
2520 3767 2539 3806 ,
2595 3729 2640 3779 si
2666 3739 3043 3806 cognmentum
3087 3732 3322 3788 hominis
3373 3752 3528 3790 omne
3553 3729 3884 3806 cognovissent.

2365 3795 2670 3875 Munduma
2697 3798 2820 3875 D_eo_
2843 3804 3058 3875 (actum,
3091 3816 3138 3856 et
3169 3805 3456 3860 hominum
3486 3795 3645 3861 causa
3666 3823 3765 3862 esse
3793 3809 3887 3875 fac-

2295 3877 2420 3947 tum.
2458 3869 2616 3922 Deest
2641 3878 2694 3922 et
2721 3870 2772 3947 in
2801 3871 2825 3924 I
2852 3871 2984 3947 Bon.
3014 3875 3209 3947 antiq.,
3231 3879 3433 3947 scripti
3454 3879 3488 3933 9
3507 3894 3616 3934 rec.
3642 3888 3694 3933 et
3718 3879 3749 3933 9
3772 3869 3883 3930 edit.

2296 3939 2490 4014 habent
2513 3980 2527 4004 ,
2581 3940 2827 3994 mundum
2853 3958 2886 3994 α
2918 3941 3024 3996 Deo
3055 3939 3248 4014 factum
3281 3989 3297 4013 ,
3356 3939 3410 4002 'et
3458 3950 3721 4003 hominum
3756 3961 3890 4001 causa

2290 4025 2396 4063 esse
2422 4010 2633 4078 factum.

2365 4080 2424 4134 Si
2464 4088 2731 4136 mortales.
2764 4083 2870 4137 Pro
2896 4084 2950 4138 si'
2973 4085 3012 4138 ii
3048 4096 3168 4140 sunt
3215 4092 3500 4146 mortales.
3530 4091 3605 4146 Ita
3656 4091 3890 4146 l‘leuman.

2365 4149 2488 4219 Ipse
2519 4154 2770 4232 mortalis.
2801 4154 2996 4210 Minue.
3028 4155 3141 4232 Fel.
3171 4174 3294 4230 cap.
3325 4163 3403 4216 54
3434 4163 3682 4232 :(Plato)
3710 4160 3895 4225 cumip-

2293 4239 2406 4305 sum
2431 4224 3020 4305 mundum-perpetuum
3049 4238 3096 4305 et
3123 4224 3630 4305 insolubilem‘dicet
3643 4227 3684 4287 et
3709 4249 3805 4305 esse

2293 4293 2565 4371 (fricatum,
2597 4296 2741 4349 addit
2768 4293 2956 4371 tamen,
2979 4299 3086 4371 ipsi
3113 4303 3331 4371 artiﬁci,
3369 4303 3487 4358 Deo
3525 4307 3623 4360 soli
3660 4293 3892 4358 etsolubi-

673 4371 840 4424 Maria
878 4361 1200 4424 extruuntur.
1237 4369 1556 4438 Exemplum
1586 4375 1674 4421 est
1695 4367 1886 4437 Tyrus.
1918 4367 2056 4421 Plin.
2089 4367 2184 4420 lib.
2214 4361 2268 4420 D
2296 4363 2407 4438 lem_
2437 4374 2486 4438 et
2513 4382 2620 4419 esse
2655 4361 2949 4423 mortalem.
2977 4361 3112 4425 BUN.

597 4460 651 4509 v,
670 4459 790 4511 cap.
814 4441 880 4496 19
902 4460 913 4495 :
935 4440 1117 4511 Tyrus,
1143 4440 1334 4506 inquit,
1358 4439 1796 4508 qudhdaminsula
1814 4441 2030 4511 praealto
2061 4439 2191 4491 mari

597 4510 942 4584 septingentis.
953 4510 1182 4580 passibus
1212 4511 1394 4584 divisa,
1427 4526 1560 4584 mmo
1605 4525 1743 4574 vero,
1773 4510 2068 4584 fllexandri
2097 4526 2193 4579 op-

601 4578 875 4655 pugnantis
900 4578 1157 4650 operibus,
1190 4583 1472 4637 continens.
1503 4583 1576 4637 De
1627 4597 1734 4653 quo
1762 4578 1983 4636 Curtius
2003 4581 2107 4652 lib.
2135 4578 2194 4634 tv

601 4657 839 4722 cepiOse.
872 4655 1073 4708 Beroe.

674 4725 877 4778 Montes
906 4725 1225 4778 exciduntur.
1255 4724 1479 4778 Videtur
1521 4724 1759 4780 alludere
1786 4724 1852 4778 ad
1898 4724 2157 4778 Isthmum
2177 4763 2192 4789 ,

600 4812 760 4868 quem
784 4794 999 4865 quidam
1030 4795 1182 4868 irrito
1206 4795 1388 4868 labore
1415 4797 1494 4866 (ut
1514 4795 1776 4850 Proverb.
1815 4795 1995 4868 habet)
2017 4795 2198 4868 perlo-

601 4865 727 4923 dere
751 4878 872 4920 sunt
899 4865 1079 4920 conati
1103 4884 1115 4919 :
1149 4866 1232 4919 vel
1259 4866 1324 4918 ad
1353 4865 1528 4918 Athon
1559 4876 1818 4932 montem,
1852 4866 1918 4920 de
1942 4865 2097 4934 cujus
2121 4867 2199 4920 la-

605 4940 830 4994 titudine
869 4954 942 4993 ιιι)
972 4951 1221 5008 passuum
1249 4934 1458 5008 Xerses
1498 4937 1794 5008 abscidisse
1837 4937 2033 5008 legitur
2055 4935 2197 5006 apud

603 5012 832 5066 Plinium
859 5005 986 5079 cap.’
1015 5007 1080 5062 ID
1103 5008 1194 5061 lib.
1224 5023 1273 5060 IV
1297 5023 1310 5072 ;
1339 5005 1569 5060 Historia
1588 5008 1725 5076 apud
1751 5005 1962 5132 Herodi.3
1986 5009 2076 5062 lib.
2097 5005 2193 5063 vn.

1967 5095 2124 5132 ETUL.

1967 5095 2124 5134 E'I‘UL.

672 5153 946 5209 Eruendas
972 5166 1114 5222 opes.
1146 5149 1236 5206 Sic
1263 5147 1493 5204 Ovidius
1513 5149 1582 5203 de
1609 5147 1789 5204 ferreo
1811 5152 2046 5204 saeculo:

723 5254 1030 5307 Ell'odiuntur
1049 5264 1190 5316 Opes,
1212 5251 1519 5300 irritamenta
1539 5249 1794 5300 malorum.
1886 5262 1892 5272 ·

2365 4435 2518 4518 ῌαιὶο
2565 4439 2857 4518 quadraret.
2899 4440 3156 4518 Sic‘cap;
3190 4443 3247 4506 5,
3281 4445 3455 4500 initio
3476 4488 3491 4512 ,
3526 4465 3630 4501 non
3677 4444 3902 4516 quadrare

2295 4510 2577 4588 rationem;
2603 4521 2656 4563 et
2688 4511 2750 4588 in_
2769 4510 2876 4588 line
2901 4510 3104 4579 capitis
3124 4514 3184 4588 7,_
3203 4519 3354 4588 ratio
3378 4510 3490 4572 non
3521 4510 3805 4588 quadraret.

2371 4579 2480 4634 Sua
2522 4596 2696 4661 causa.
2729 4581 2858 4661 Li_b_._
2891 4598 2970 4647 tu,
3007 4599 3127 4653 cap.
3163 4585 3266 4661 IA7_:
3308 4579 3639 4661 Qntnia'sua
3668 4604 3813 4643 causa
3836 4589 3907 4656 {ao

2296 4666 2407 4730 cere
2447 4653 2746 4730 sapientem.
2779 4653 2899 4707 Lib.
2930 4669 2984 4719 v,
3025 4669 3142 4730 cap.
3179 4658 3246 4711 17
3279 4658 3658 4715 :Virtutem...
3691 4653 3906 4728 expeten-

2299 4721 2418 4773 dam
2443 4737 2548 4774 esse
2573 4727 2717 4775 aiunt
2743 4740 2836 4777 sua
2862 4740 3040 4779 causa.
3071 4721 3202 4781 BDN.

2373 4789 2675 4867 Tanta_htec
2717 4810 2894 4862 opera.
2928 4795 3241 4867 Elegantem
3293 4799 3448 4858 hanc
3487 4804 3777 4859 lectionem
3803 4812 3912 4853 con-

2302 4863 2514 4938 firmant
2545 4864 2778 4938 Bonum,
2812 4867 2972 4921 lsmus
2997 4863 3053 4921 et
3085 4870 3201 4938 ipse
3231 4869 3570 4929 Lactantius
3603 4876 3696 4928 lib.
3731 4888 3786 4930 rt.
3807 4882 3908 4938 cap.

2300 4933 2368 5013 St
2396 4932 2509 4999 Qua
2531 4932 2790 4990 molitione
2811 4938 2904 5013 hoc
2925 4932 3122 5013 tantum
3147 4956 3281 5010 Opus
3315 4947 3529 5013 fecerit.
3558 4932 3915 5002 Bon—Tati“!

2303 5004 2411 5083 ha’c
2451 5021 2604 5073 opera
2628 5023 2734 5060 esse
2767 5011 3019 5083 molitum.
3056 5004 3286 5067 διδεξνιι
3309 5004 3369 5069 et
3403 5017 3441 5070 5
3461 5017 3601 5072 edit.
3635 5019 3687 5072 in
3719 5015 3914 5083 quibus-

2302 5075 2423 5130 dam
2448 5085 2642 5130 tantum
2669 5094 2687 5131 :
2709 5079 2802 5134 sed
2828 5081 2984 5136 male.

2376 5147 2782 5219 therorumque
2801 5153 3163 5209 animantium.
3187 5153 3264 5211 Ita
3295 5156 3510 5215 Cicero
3535 5160 3629 5214 lih.
3661 5176 3697 5214 ιι
3725 5158 3789 5213 de
3814 5153 3916 5209 Nal-

2305 5217 2491 5300 ρεςηκ,
2526 5234 2644 5289 Cap.
2679 5217 2750 5275 55
2781 5223 3058 5300 :AQuorum
3099 5227 3255 5297 igitur
3282 5245 3463 5300 caiisa
3493 5234 3613 5300 qui;
3650 5229 3830 5284 dixerit
3853 5222 3918 5288 ef-

2307 5292 2495 5371 fectum
2522 5307 2629 5344 esse
2655 5295 2939 5371 mundum?
2964 5292 3160 5371 Eorum
3194 5299 3415 5371 scilicet
3444 5292 3794 5356 animantium
3821 5306 3920 5366 ιιιιε

2306 5363 2503 5413 ratione
2531 5371 2760 5417 utuntur.
2799 5363 2870 5417 lli
2898 5378 3011 5420 sunt
3043 5368 3116 5421 (lii
3147 5384 3194 5421 et
3219 5370 3501 5426 homines.
3537 5374 3676 5428 BUN.
3737 5388 3752 5401 κ

2395 5429 2564 5486 Videri
2608 5451 2700 5488 nos
2739 5435 2878 5490 Deus
2918 5439 3092 5492 voluit.
3139 5440 3224 5494 Sic
3277 5453 3516 5498 veteres
3554 5444 3839 5498 editiones.
3875 5434 3922 5488 In

2309 5507 2472 5629 318:5:
2514 5505 2718 5560 Bonon.
2751 5509 2917 5578 antiq.
2949 5521 3004 5563 et
3030 5510 3064 5565 5
3089 5509 3216 5566 edit.
3253 5521 3352 5567 est
3395 5515 3601 5570 videre.
3645 5516 3701 5570 In
3738 5504 3924 5568 cancris

2493 5592 2603 5629 nos.

2493 5592 2603 5629 "08.

2386 5645 2595 5717 Sigilla.
2639 5647 2697 5702 Id
2727 5657 2830 5715 est,
2872 5665 3032 5721 parva
3079 5638 3400 5710 simulacra.
3443 5657 3547 5713 Est
3586 5658 3732 5713 enim
3763 5654 3923 5716 homo,

2313 5727 2527 5773 servata
2556 5721 2925 5792 praportione,
2947 5723 3013 5779 ad
3043 5724 3341 5797 imaginem
3379 5730 3486 5786 Dei
3516 5739 3760 5788 creatus.

602 5359 692 5416 Sic
713 5357 913 5414 Plinius
958 5359 1011 5411 in
1043 5355 1308 5427 protemio
1353 5353 1475 5408 libri
1513 5369 1677 5427 χχχιιι
1713 5373 1724 5407 :
1761 5353 1906 5410 Imus
1932 5357 1983 5410 in
2013 5357 2205 5412 viscera

603 5432 734 5498 ejus,
757 5440 802 5482 et
826 5431 880 5482 in
904 5429 1023 5482 sede
1046 5426 1279 5482 Manium
1291 5442 1411 5496 opes
1427 5426 1724 5498 quwrimus,
1749 5437 1991 5497 tanquam
2018 5446 2204 5497 parum

605 5501 822 5570 benigna
851 5501 1106 5568 fertilique
1131 5515 1335 5570 quaqua
1363 5501 1610 5570 calcatur.

737 5587 802 5624 on
835 5579 1024 5633 tamen,
1050 5571 1122 5622 ita
1142 5568 1196 5622 ut
1211 5569 1354 5641 Deus
1381 5571 1510 5641 ipse.
1543 5568 1671 5641 Mss.
1702 5568 1826 5624 Jun.
1862 5569 2050 5641 legunt
2079 5587 2202 5638 nec,

609 5656 705 5715 pro
732 5657 853 5715 non.
879 5641 1147 5715 Abestita
1172 5640 1240 5693 ab
1263 5656 1368 5715 υ]ιο
1393 5639 1720 5697 Bononiensi
1743 5639 1936 5712 antiq.,
1952 5659 1980 5696 a
1999 5641 2203 5698 4Colb.

607 5708 664 5780 et
697 5715 718 5772 l
746 5711 1011 5779 Clarom.;
1042 5708 1110 5764 ita
1137 5720 1246 5764 uta
1277 5709 1408 5764 Pen.
