4134 6204
395 269 503 328 ⁸745

1548 269 1752 332 LIBER
1791 274 1901 334 VII.
1946 277 2034 334 DE
2077 275 2234 336 VITA
2274 281 2524 341 BEATA.

3588 305 3694 361 746

389 386 750 443 nihilominus
787 395 988 462 tamen,
1023 390 1067 446 si
1112 391 1184 447 ita
1224 399 1388 459 esset,
1427 407 1571 447 cura:
1618 394 1842 450 haberet
1882 395 1997 450 ani-
2023 401 2073 457 A
2102 397 2156 453 Si
2181 415 2308 471 ergo
2332 404 2448 458 sine
2481 417 2640 461 causa
2664 420 2765 463 nec
2790 416 2892 474 est,
2916 422 3014 465 nec
3041 410 3098 465 iit
3123 414 3342 470 omnino
3362 416 3650 486 quidquam
3678 437 3693 474 ε

393 489 628 546 mantes,
657 479 1034 552 praecipueque
1061 482 1357 551 hominem,
1381 485 1532 554 cujus
1555 487 1782 556 imperio
1804 497 1994 543 cuncta

394 571 646 642 subjecit.
678 572 780 640 Qui
818 583 999 629 autem
1032 575 1220 632 dicunt
1248 590 1464 646 semper
1504 577 1670 634 fuisse
1712 581 1994 646 mundum,

397 666 590 720 omitto
619 665 772 733 illud,
796 667 938 736 quod
971 683 1091 724 esse
1120 669 1236 738 ipse
1256 669 1375 724 sine
1401 670 1580 740 aliquo
1606 673 1868 743 principio
1889 689 1994 728 non

400 769 601 830 potest,
635 759 780 815 unde
803 761 1071 816 extricare
1101 776 1160 816 se
1177 771 1480 832 nequeunt;
1506 763 1597 818 sed
1629 764 1728 817 hoc
1758 764 1880 819 dico
1911 783 1922 819 :
1952 765 1995 819 si

399 850 633 906 mundus
661 867 879 922 semper
903 852 1021 919 luit,
1045 853 1244 908 nullam
1281 861 1458 924 potest
1486 854 1686 910 habere
1709 856 1992 911 rationem.

398 944 534 1012 Quid
563 945 707 1000 enim
741 945 913 1014 potuit
943 945 995 999 in
1026 961 1092 1000 eo
1134 946 1274 1001 ratio
1311 946 1511 1014 moliri,
1543 947 1685 1018 quod
1724 964 1999 1018 nunquam

398 1037 628 1105 sumpsit
654 1035 975 1092 exordium?
1001 1035 1134 1092 Nam
1165 1039 1315 1108 prius
1339 1053 1499 1108 quam
1531 1037 1625 1093 liat
1655 1039 1878 1110 aliquid,
1908 1047 2002 1095 aut

400 1137 658 1194 struatur,
703 1143 839 1199 opus
876 1139 959 1184 est
986 1129 1237 1196 consilio,
1270 1140 1329 1185 ut
1367 1129 1578 1200 disponi
1618 1131 1790 1201 possit
1813 1147 2001 1201 quem-

398 1221 688 1276 admodum
721 1221 833 1288 liat,
859 1236 958 1276 nec
998 1221 1160 1293 incipi
1186 1222 1476 1294 quidquam
1506 1232 1684 1293 potest
1723 1223 1842 1279 sine
1879 1239 2002 1292 pro—

399 1312 608 1368 visione
652 1313 895 1368 rationis.
941 1312 1127 1384 Itaque
1168 1329 1330 1370 omne
1370 1329 1506 1385 opus
1541 1315 1679 1369 ratio
1724 1315 1998 1385 prmcedit.

399 1404 516 1460 Non
547 1405 706 1460 habet
726 1421 857 1477 ergo
880 1407 1166 1473 rationem,
1193 1406 1334 1478 quod
1359 1407 1559 1462 factum
1583 1422 1686 1461 non
1709 1417 1812 1462 est.
1838 1406 1999 1478 Atqui

402 1497 634 1562 mundus
670 1499 933 1554 rationem
969 1497 1150 1564 habet,
1182 1514 1285 1569 qua
1315 1508 1370 1554 et
1413 1507 1649 1563 conSIat,
1681 1508 1735 1554 et
1763 1499 1997 1570 regitur;

401 1607 528 1663 ergo
554 1601 609 1647 et
636 1593 807 1648 factus
845 1601 931 1648 est
962 1609 974 1647 :
1004 1594 1047 1648 si
1086 1592 1260 1648 factus
1290 1601 1394 1658 est,
1422 1601 1476 1648 et
1503 1594 1824 1648 resolvetur.
1861 1592 2004 1648 Red-

400 1686 529 1741 dant
552 1700 679 1756 ergo
705 1687 790 1740 isti
813 1685 1100 1750 rationem,
1134 1686 1178 1740 si
1212 1694 1459 1755 possunt,
1495 1701 1592 1741 cur
1631 1697 1722 1740 aut
1753 1686 1922 1741 lactus
1947 1685 2000 1740 in

399 1777 661 1851 principio
687 1778 778 1842 sit,
811 1788 899 1831 aut
933 1789 1118 1848 postea
1145 1779 1466 1833 resolvatur.

475 1869 627 1936 Quod
657 1869 780 1939 quia
825 1869 1022 1925 docere
1051 1886 1154 1924 non
1192 1878 1400 1939 poterat
1441 1869 1731 1940 Epicurus,
1762 1870 1876 1924 sive
1907 1870 2008 1925 De-

403 1963 682 2029 mocritus,
733 1978 826 2016 sua
875 1973 1068 2032 sponte
1111 1974 1293 2017 natum
1342 1977 1463 2018 esse
1510 1962 1666 2026 dixit,
1712 1963 2007 2018 seminibus

401 2057 544 2111 inter
579 2070 638 2110 se
673 2054 872 2126 passim
901 2055 1238 2119 coeuntibus,
1279 2055 1474 2125 quibus
1505 2055 1696 2110 iterum
1728 2055 2002 2124 resolutis,

403 2147 684 2202 dissidium
719 2157 878 2218 atque
915 2147 1190 2202 interitum
1222 2157 1555 2202 secuturum.
1587 2146 1837 2217 Corrupit
1878 2163 2004 2218 ergo

404 2239 548 2312 quod
580 2251 726 2295 recte
752 2238 981 2306 viderat,
1015 2249 1070 2293 et
1106 2248 1270 2292 totam
1302 2240 1565 2293 rationem
1599 2238 1815 2308 penitus
1854 2239 2007 2308 igno-

404 2334 576 2390 rantia
610 2333 833 2388 rationis
851 2332 1043 2387 evertit
1065 2349 1079 2398 ;
1105 2332 1418 2402 redegitque
1439 2331 1718 2398 mundum,
1749 2342 1801 2388 et
1823 2332 2003 2388 omnia

404 2439 526 2494 qua:
550 2423 600 2478 in
633 2439 697 2478 oo
737 2433 1014 2493 geruntur,
1041 2423 1106 2476 ad
1148 2423 1552 2480 similitudinem
1588 2422 1864 2493 cujusdam
1908 2438 2003 2478 va-

405 2515 612 2571 nissimi
647 2515 865 2581 somnii,
905 2515 1169 2585 siquidem
1204 2515 1367 2569 rebus
1397 2513 1652 2570 humanis
1691 2515 1829 2570 ratio
1857 2514 2003 2570 nulla

400 2606 680 2661 subsistat.
712 2604 847 2660 Cum
879 2621 1006 2660 vero
1028 2607 1308 2672 mundum,
1342 2622 1636 2677 omnesque
1663 2616 1842 2676 partes
1862 2607 2002 2677 ejus,

405 2707 464 2753 ut
487 2697 748 2763 videmus,
775 2698 1035 2753 mirabilis
1066 2700 1203 2754 ratio
1227 2700 1525 2768 gubernet;
1561 2715 1684 2755 cum
1715 2699 1838 2754 coeli
1869 2709 2007 2754 tem-

409 2790 640 2861 peratio,
664 2800 717 2846 et
739 2791 961 2862 mqualis
989 2791 1042 2846 in
1071 2791 1184 2862 ipsa
1219 2794 1475 2847 varietate
1508 2808 1698 2848 cursus
1730 2803 2001 2848 astrorum

405 2881 775 2952 luminumque
799 2883 1127 2946 caelestium,
1164 2895 1463 2952 temporum
1496 2894 1750 2939 constans
1777 2899 1842 2939 ac
1868 2886 2004 2940 mira

405 2976 719 3045 descriptio,
751 2985 1014 3032 terrarum
1039 2977 1182 3032 varia
1210 2976 1556 3044 ftecunditas,
1594 2979 1748 3047 plana
1778 2993 2001 3048 campo-

407 3085 529 3124 rum
556 3068 904 3136 munimenta,
936 3081 991 3125 et
1011 3085 1237 3141 aggeres
1261 3071 1546 3138 montium,
1580 3071 1822 3126 viriditas
1845 3073 2005 3130 uber-

2033 1791 2080 1852 B

2099 492 2146 548 si
2183 504 2237 549 ct
2267 498 2599 566 providentia
2630 503 2826 557 summi
2861 503 2952 558 Dei
2983 521 3049 559 ex
3091 507 3445 577 dispositione
3489 529 3693 582 rerum,

2101 595 2150 638 et
2181 587 2351 644 virtus
2373 606 2437 645 ex
2467 593 2854 662 magnitudine,
2879 604 2934 650 et
2963 606 3197 666 potestas
3223 616 3287 656 ex
3305 603 3698 672 gubernatione

2103 680 2383 737 manifesta
2423 695 2507 739 est
2535 704 2546 738 :
2580 687 2804 744 hebetes
2827 703 2955 760 ergo
2984 700 3035 747 et
3065 692 3259 759 insani,
3290 697 3378 765 qui
3412 700 3702 768 providen-

2106 771 2234 828 tiam
2268 790 2372 831 non
2403 781 2528 833 esse
2564 779 2834 836 dixerunt.
2881 781 2997 838 Non
3044 784 3435 856 improbarem;
3479 791 3523 846 si
3565 792 3698 848 deos

2103 865 2303 922 idcirco
2335 883 2440 924 non
2472 885 2592 928 esse
2632 872 2900 941 dicerent,
2945 885 3004 930 ut
3041 893 3206 933 unum
3246 880 3532 938 dicerent:
3574 900 3698 942 cum

2102 970 2283 1015 autem
2325 960 2448 1018 ideo
2479 973 2536 1019 ut
2575 965 2804 1035 nullum,
2834 968 2927 1038 qui
2961 983 3056 1024 eos
3093 969 3353 1029 delirasse
3385 989 3490 1030 non
3523 987 3697 1046 putat,

2105 1051 2218 1122 ipse
2241 1051 2452 1110 delirat.

2722 1150 2951 1209 CAPUT
2989 1155 3077 1210 IV.

2109 1279 2260 1345 Quod
2312 1283 2484 1336 omnia
2536 1284 2588 1338 in
2644 1285 2864 1356 aliquem
2923 1305 3071 1343 usum
3127 1303 3299 1347 creata
3347 1308 3485 1362 sunt,
3546 1300 3700 1354 etiam

2177 1389 2290 1442 qua:
2337 1376 2475 1430 ntala
2520 1377 2752 1432 videnlur
2798 1397 2816 1433 :
2869 1397 3026 1450 quare
3071 1383 3221 1438 homo
3273 1387 3327 1440 in
3372 1401 3476 1442 tant
3524 1391 3702 1462 fragili

2177 1480 2388 1535 corpore
2416 1470 2612 1524 ratione
2636 1471 2856 1540 fruatur.

2178 1578 2283 1634 Sed
2313 1580 2382 1636 de
2425 1583 2758 1651 providentia
2791 1586 2923 1641 satis
2953 1589 3004 1640 in
3036 1589 3212 1651 primo
3250 1591 3391 1647 libro
3435 1593 3694 1654 diximus.

2106 1671 2240 1740 Quia
2271 1682 2326 1729 et
2363 1675 2408 1728 si
2455 1685 2561 1741 est,
2609 1687 2668 1732 ut
2710 1689 2934 1749 apparet
2973 1697 3039 1736 ex
3085 1682 3430 1742 mirabilitate
3469 1704 3696 1758 operum

2108 1779 2350 1832 suormn,
2402 1783 2626 1826 necesse
2669 1780 2750 1825 est
2796 1773 2958 1827 etiam
3015 1773 3308 1844 hominem,
3366 1792 3704 1854 exterasque

2112 1858 2436 1926 animantes,
2483 1862 2670 1916 eadem
2711 1864 3052 1932 providentia
3083 1870 3368 1925 creaverit.
3410 1871 3704 1932 Videamus

2111 1963 2263 2020 ergo,
2294 1966 2414 2018 qua:
2442 1953 2577 2005 ratio
2605 1955 2764 2008 fuerit
2789 1955 3021 2025 lingendi
3052 1961 3267 2028 generis
3297 1963 3547 2033 humani;
3580 1983 3706 2039 quo-

2111 2042 2252 2096 niam
2275 2043 2508 2110 constat,
2540 2045 2590 2100 id
2617 2047 2759 2116 quod
2789 2046 2956 2103 Stoici
2987 2050 3174 2106 dicunt
3194 2093 3207 2114 .
3235 2054 3512 2112 hominum
3543 2074 3707 2118 causa

2109 2135 2368 2189 mundum
2409 2151 2530 2192 esse
2575 2137 2888 2194 fabricatum
2936 2159 2948 2195 :
2993 2158 3299 2214 quanquam
3340 2148 3391 2202 in
3439 2148 3540 2205 hoc
3588 2152 3707 2222 ipso

2111 2240 2216 2280 non
2259 2226 2606 2283 mediocriter
2643 2239 2890 2300 peccent,
2921 2233 3067 2302 quod
3106 2250 3213 2291 non
3261 2238 3496 2296 hominis
3541 2258 3708 2300 causa

2107 2317 2313 2385 dicunt,
2353 2320 2448 2376 sed
2477 2320 2781 2379 hominum.
2813 2323 2982 2391 Unius
3012 2327 3155 2382 enim
3194 2331 3485 2402 singularis
3522 2339 3712 2407 appel-

2109 2411 2239 2468 latio
2277 2421 2445 2468 totum
2485 2417 2898 2486 comprehendit
2927 2417 3219 2476 humanum
3250 2439 3443 2494 genus.
3474 2428 3580 2484 Sed
3609 2431 3712 2488 hoc

2110 2504 2250 2570 ideo,
2281 2506 2403 2575 quia
2432 2506 2680 2576 ignorant
2707 2524 2870 2564 unum
2916 2511 3187 2569 hominem
3226 2531 3256 2570 a
3293 2517 3400 2574 Deo
3429 2535 3553 2576 esse
3599 2523 3710 2578 ior—

2109 2606 2334 2662 matum,
2395 2608 2692 2670 putantque
2748 2602 2994 2659 homines
3046 2606 3098 2660 in
3156 2610 3406 2667 omnibus
3461 2616 3619 2672 terris
3657 2627 3714 2674 et

2107 2690 2251 2760 agris
2275 2700 2525 2761 tanquam
2554 2694 2748 2765 fungos
2772 2710 2894 2751 esse
2917 2708 3224 2768 generatos.
3255 2704 3322 2756 At
3351 2703 3575 2761 Ilermes
3603 2722 3710 2764 non

2108 2785 2371 2856 ignoravit
2411 2787 2706 2853 hominem,
2736 2801 2791 2845 et
2823 2807 2854 2847 a
2895 2793 3027 2860 Deo,
3067 2805 3122 2850 et
3156 2796 3220 2850 ad
3254 2797 3345 2852 Dei
3397 2801 3710 2860 similitudi-

2109 2897 2231 2937 nem
2262 2882 2460 2937 liclum.
2485 2883 2590 2938 Sed
2618 2883 2889 2939 redeo'ad
2936 2889 3287 2957 propositum.
3329 2891 3470 2949 Nihil
3509 2910 3589 2953 est
3626 2902 3712 2967 (ut

2108 2974 2324 3046 Opinor)
2350 2974 2491 3045 quod
2518 2977 2588 3030 sit
2622 2987 2841 3046 propter
2870 2975 3104 3046 seipsum
3149 2981 3344 3038 factum
3378 3002 3392 3038 :
3421 2987 3516 3042 sed
3553 2990 3710 3060 quid-

2109 3069 2234 3140 quid
2265 3071 2483 3124 omnino
2513 3069 2607 3136 Iit,
2638 3069 2705 3124 ad
2744 3085 2897 3124 usum
2929 3071 3161 3142 aliquem
3196 3075 3310 3130 ﬁeri
3352 3093 3573 3135 necesse
3603 3092 3705 3137 est.

403 3172 594 3232 tasque
621 3161 900 3230 silvarum,
930 3161 1156 3218 fontium
1182 3164 1535 3220 saluberrima
1564 3167 1795 3234 eruptio,
1828 3167 2004 3222 Ilumi-
2032 3171 2076 3245 ο
2107 3162 2239 3232 Quis
2275 3173 2360 3218 est
2397 3162 2539 3217 enim
2578 3162 2663 3216 vel
2703 3171 2807 3216 tam
2848 3163 3082 3233 ineptus,
3126 3166 3206 3220 vel
3251 3177 3356 3220 tam
3389 3171 3615 3238 otiosus,
3655 3183 3713 3228 ut

405 3269 534 3308 num
561 3263 861 3325 opportuna
900 3254 1197 3324 inundatio,
1229 3256 1394 3311 maris
1423 3257 1673 3326 opulenta
1702 3268 1756 3313 et
1785 3259 2002 3329 copiosa

404 3346 706 3414 interfusio,
739 3356 1017 3403 ventorum
1058 3348 1270 3404 diversa
1301 3359 1355 3403 et
1400 3349 1542 3404 utilis
1571 3349 1851 3419 aspiratio,
1899 3365 2004 3406 cae-

408 3451 630 3510 teraque
675 3441 851 3495 omnia
885 3441 1094 3496 ratione
1138 3457 1346 3495 summa
1397 3449 1648 3496 constent
1687 3459 1700 3496 :
1741 3443 1861 3512 quis
1893 3453 2000 3498 tam

398 3545 581 3586 cmcus
612 3540 717 3598 est,
748 3541 806 3586 ut
826 3532 1099 3587 existimet
1123 3535 1239 3587 sine
1265 3547 1424 3588 causa
1457 3547 1578 3588 esse
1606 3534 1768 3601 facta,
1803 3536 1854 3589 in
1885 3536 2003 3606 qui-

398 3626 500 3682 bus
529 3627 662 3682 mira
692 3626 976 3697 dispositio
1003 3627 1492 3698 providentissime:
1531 3628 1755 3684 rationis
1781 3629 2001 3685 elucet?

2107 3258 2448 3329 aggrediatur
2499 3256 2700 3327 aliquid
2752 3257 2930 3313 facere
2970 3256 3191 3324 frustra,
3232 3275 3300 3315 ex
3355 3277 3462 3332 quo
3507 3267 3706 3322 nullam

2107 3354 2416 3417 utilitatem,
2465 3352 2673 3407 nullum
2714 3351 3058 3408 commodum
3099 3356 3318 3424 speret?
3346 3357 3446 3425 Qui
3487 3359 3708 3418 domum

2107 3444 2356 3510 aediﬁcat,
2390 3459 2495 3499 non
2528 3443 2730 3498 idcirco
2756 3443 3010 3511 mdilicat,
3041 3454 3097 3499 ut
3118 3442 3488 3504 tantummodo
3515 3453 3708 3510 domus

2106 3537 2176 3593 sit
2209 3555 2222 3590 :
2252 3537 2345 3592 sed
2377 3545 2436 3590 ut
2465 3536 2516 3590 in
2545 3550 2607 3590 ea
2638 3536 2803 3605 possit
2834 3534 3082 3591 habitari.
3113 3538 3212 3605 Qui
3236 3555 3426 3596 navem
3455 3541 3703 3615 fabricat,

2107 3644 2212 3685 non
2242 3628 2364 3683 ideo
2392 3627 2615 3683 insumit
2640 3641 2880 3697 operam,
2912 3635 2970 3682 ut
2994 3635 3197 3683 tantutn
3222 3632 3374 3685 navis
3404 3645 3661 3703 appareat
3692 3656 3706 3692 :

1722 3719 2084 3802 vantonuu
2123 3743 2352 3799 Noras.

474 3837 614 3905 Ipse.
648 3839 736 3894 Sic
765 3837 957 3893 Aldina
986 3838 1186 3905 editio;
1215 3839 1337 3893 alite
1368 3839 1550 3892 multm
1581 3838 1769 3909 ipsum.

474 3911 624 3976 Quod
647 3927 755 3964 esse
795 3911 963 3978 ipsum
1006 3912 1113 3964 sine
1153 3911 1324 3980 aliqua
1362 3910 1614 3980 principio
1658 3927 1758 3965 non
1806 3920 1989 3979 potest.

396 3982 597 4038 Subest
630 3982 712 4036 his
742 3982 962 4053 antiqua
1003 3983 1265 4050 elegantia
1289 3996 1467 4053 quam
1513 3981 1748 4053 editores
1780 3997 1994 4053 quoque

396 4061 756 4120 corruperunt
775 4051 826 4105 in
855 4051 1102 4120 Epitotne
1126 4068 1243 4121 cap.
1272 4052 1362 4116 67,
1397 4053 1482 4104 ubi
1511 4061 1654 4107 recte
1685 4051 1994 4109 Pfal‘tius’ex

398 4141 504 4178 ms.
534 4123 753 4177 Taurin.
780 4141 793 4176 :
828 4123 1041 4190 Semper
1067 4128 1224 4193 fuisse
1263 4141 1364 4178 non
1392 4132 1552 4191 potest
1592 4128 1730 4191 quod
1763 4135 1808 4178 et
1844 4134 1918 4178 est
1947 4134 1996 4180 et

395 4196 529 4250 visui
555 4197 781 4265 subjacet
799 4211 818 4261 ;
849 4195 1022 4264 ipsum
1052 4197 1185 4249 enint
1214 4210 1335 4250 esse
1370 4195 1479 4248 sine
1503 4196 1674 4264 aliqua
1712 4196 1858 4250 initio
1892 4213 1994 4250 non

398 4276 582 4336 potest.
611 4266 743 4321 BDN.

475 4336 692 4408 Nullam
745 4347 905 4408 potest
953 4337 1135 4391 habere
1177 4336 1443 4390 rationem.
1490 4335 1545 4408 Id
1595 4346 1803 4408 est,ut
1851 4348 1997 4393 recte

393 4407 656 4502 Sparltius
685 4407 751 4463 es
791 4418 1063 4502 sequentr
1107 4409 1250 4463 nulla
1279 4409 1345 4502 [in
1384 4423 1448 4461 eo
1490 4407 1771 4478 dispositio
1817 4411 1995 4480 provi-
2019 4442 2074 4502 Β

393 4480 714 4536 dentissime
740 4480 962 4534 rationis
989 4480 1247 4534 eluceret.
1276 4479 1408 4533 Buu.

473 4551 613 4616 Quid
660 4552 813 4605 enim.
844 4550 933 4606 Sic
961 4551 1080 4621 lego
1116 4565 1236 4605 cum
1273 4550 1310 4603 ‘2
1344 4559 1452 4605 vet.
1491 4549 1621 4604 edit.
1660 4549 1817 4604 Rom.
1863 4560 1920 4606 et
1957 4551 1993 4605 ‘2

393 4637 510 4676 ree.
553 4623 868 4692 cunctisque
894 4637 1025 4676 mss.
1075 4632 1269 4691 praeter
1315 4622 1477 4677 Cauc.
1519 4621 1570 4675 in
1599 4637 1727 4689 quo,
1762 4630 1822 4676 ut
1862 4621 1913 4676 in
1959 4621 1994 4676 9

393 4693 576 4752 editis.
606 4703 687 4748 est
721 4694 818 4758 Qui
838 4695 1008 4757 enint;
1035 4693 1070 4746 2
1099 4694 1338 4748 Colbcrt.
1377 4692 1663 4760 Quomodo.

471 4765 780 4820 Seminibus.
808 4764 862 4818 Id
891 4773 993 4829 est,
1029 4765 1256 4818 Atomis.

469 4834 774 4889 Dissidium.
823 4834 972 4905 Ejeci
1013 4835 1309 4898 dissidium,
1351 4835 1492 4904 quod
1537 4835 1798 4906 plurimos
1830 4835 1994 4891 libros

393 4906 575 4962 adhuc
601 4917 978 4974 occupaverat,
1019 4907 1371 4962 etreStitniex
1389 4906 1535 4976 Lips.
1557 4916 1707 4971 tert.,
1731 4907 1961 4962 Reimm.
1977 4947 1991 4973 ,

395 4978 538 5033 Ven.
574 4979 736 5042 1471,
781 4989 1008 5048 utraque
1045 4978 1134 5043 78,
1174 4977 1462 5032 dissidium.
1506 4978 1733 5032 Reddidi
1780 4993 1996 5048 quoque

398 5051 495 5103 lih.
526 5065 597 5113 tv,
627 5064 748 5116 cap.
772 5050 864 5107 30.
893 5050 978 5103 ubi
1014 5049 1194 5118 plura;
1232 5059 1287 5102 et
1316 5048 1381 5102 ad
1414 5050 1506 5102 lib.
1545 5065 1660 5115 vm,
1688 5064 1811 5118 cap.
1851 5049 1905 5116 6,
1942 5050 1993 5103 in

397 5133 550 5186 nom,
579 5124 822 5189 corporis
852 5120 1134 5187 animaeque
1159 5121 1448 5173 dissidium.
1482 5120 1614 5173 Bura.

476 5191 753 5246 Subsistat.
799 5194 921 5245 Mss.
955 5191 990 5243 ‘2
1019 5191 1254 5246 Claroan.
1286 5191 1551 5255 subsistit;
1586 5191 1744 5245 Cant.
1777 5190 1991 5244 substat.

478 5263 765 5334 Omnesque
808 5273 975 5333 partes
1023 5265 1152 5334 ejus,
1201 5272 1254 5314 ut
1293 5261 1548 5334 uidemus,
1589 5261 1835 5314 mirabilis
1866 5263 1997 5334 ratio

396 5335 659 5404 gubernet.
692 5332 764 5387 Ita
796 5334 1003 5388 restitui
1043 5332 1108 5387 ex
1148 5335 1212 5388 15
1240 5333 1397 5386 editis
1431 5333 1744 5402 cunctisque
1775 5347 1902 5386 mss.
1938 5332 1995 5386 In

399 5407 613 5460 Bonan.
663 5406 830 5474 antiq.
878 5405 928 5458 in
976 5420 1082 5474 quo
1126 5417 1181 5456 ut
1227 5406 1456 5467 deletur,
1512 5404 1706 5472 legitur
1741 5403 1998 5457 videamus

397 5477 862 5545 quemadmodum;
899 5477 950 5529 in
994 5476 1081 5531 ed.
1115 5476 1157 5529 Τ
1165 5477 1282 5545 hys.
1315 5486 1371 5530 et
1391 5474 1531 5531 Gall.
1564 5477 1790 5528 videmus
1820 5491 2000 5544 quem-

398 5547 702 5601 admodum.

477 5617 723 5688 A'unalis
764 5619 818 5674 in
864 5619 977 5688 ipsa
1019 5619 1284 5672 varietate.
1324 5616 1613 5671 Harmonia
1652 5624 1736 5671 est
1774 5618 2000 5688 mqualis

404 5692 661 5762 varietas,
694 5707 813 5762 quas
840 5691 891 5744 in
929 5690 1166 5762 siderum
1199 5703 1360 5744 cursu
1393 5689 1631 5762 maxime
1655 5688 1998 5762 animadver-

407 5760 565 5831 titur;
599 5775 653 5819 et
675 5759 790 5818 haec
817 5772 903 5818 est
931 5761 1092 5834 Sylva
1120 5763 1396 5831 signorum
1427 5759 1729 5819 cozlestium
1749 5801 1762 5828 ,
1793 5760 1988 5831 quibus

893 5857 1166 5922 ΡΑτιιοι..
1221 5853 1318 5918 VI.

2103 3839 2346 3912 Gentiles
2376 3837 2739 3912 cognitionem
2769 3837 2881 3892 veri
2922 3837 3012 3891 Dei
3053 3837 3254 3893 habere
3286 3850 3614 3912 potuerunt,
3645 3857 3704 3903 ut

2103 3910 2264 3966 habet
2292 3909 2586 3980 Apostolus
2615 3909 2680 3962 ad
2707 3908 2934 3962 Roman.
2968 3924 3084 3980 cap.
3117 3924 3160 3972 ι,
3195 3926 3249 3964 v.
3279 3909 3371 3977 20,
3404 3922 3460 3967 et
3486 3908 3701 3972 Plutar-

2100 3985 2235 4056 chus
2272 3979 2386 4044 ipse
2417 3981 2556 4056 libro
2585 3979 2944 4056 t_de_lfla_citis
2977 3979 3457 4056 Philosophorum,
3486 3999 3604 4056 cap.
3642 3990 3695 4045 6.

2175 4053 2236 4110 Si
2260 4065 2305 4107 et
2336 4052 2678 4125 providentia.
2706 4049 2795 4125 Sic
2819 4051 2938 4120 lego
2959 4049 3352 4125 cumomnibns
3378 4049 3698 4125 prope-mss.

2099 4133 2156 4178 et
2184 4125 2417 4179 excusis.
2465 4124 2524 4178 Si
2566 4123 2850 4191 repetitum
2898 4122 3024 4175 t‘acit
3067 4122 3410 4178 illustriorem
3454 4122 3694 4186 sensum.

2103 4195 2263 4252 Deest
2289 4206 2334 4250 et
2358 4197 2408 4250 iu
2434 4195 2459 4248 1
2489 4195 2693 4249 Βοηοη.
2714 4193 2772 4246 In
2793 4194 2826 4246 4
2850 4193 3028 4257 Colh.,
3056 4193 3082 4246 1
3110 4192 3349 4247 Clarum.
3368 4204 3422 4249 et
3443 4195 3586 4250 Brun
3613 4213 3700 4256 est

2097 4268 2143 4320 si
2172 4277 2219 4321 et
2266 4267 2574 4333 prudentia;
2611 4265 2767 4318 male.
2805 4261 2936 4335 Vide
2965 4264 3196 4335 przeced.
3227 4273 3281 4317 et
3311 4279 3463 4335 seqq.
3497 4267 3604 4322 Sed
3631 4272 3696 4325 de

2101 4337 2419 4407 providentia
2443 4336 2566 4389 satis
2587 4336 2656 4407 in!
2667 4351 2830 4407 primo
2857 4333 2984 4386 libro
3015 4334 3258 4407 diximus.

2176 4408 2312 4481 Quia
2351 4417 2400 4462 et
2427 4408 2471 4481 si
2509 4415 2604 4460 est.
2627 4405 2694 4481 In
2729 4407 2756 4481 I_
2788 4405 2920 4457 Bon.
2965 4405 3134 4481 antiq.
3175 4414 3229 4458 et
3271 4405 3305 4458 5
3339 4405 3463 4461 cdd.
3497 4407 3694 4481 legitur

2099 4479 2220 4548 quia
2241 4480 2285 4531 si
2315 4489 2422 4542 est;
2445 4479 2496 4532 in
2530 4477 2714 4548 multis
2741 4475 3206 4548 impressis,_quw.

2170 4548 2352 4604 Stoici.
2381 4548 2538 4618 Apud
2580 4545 2752 4602 Cicer.
2787 4544 2995 4600 Lucull.
3031 4545 3162 4600 Vide
3188 4545 3280 4601 inl‘.
3312 4562 3430 4619 cap.
3459 4549 3490 4604 7
3520 4560 3574 4608 et
3593 4555 3688 4611 lib.

2096 4619 2164 4676 de
2191 4620 2272 4674 Ira
2309 4620 2400 4673 Dei
2430 4634 2551 4687 cap.
2585 4621 2672 4674 15.
3117 4685 3133 4687 _
3635 4634 3638 4646 ·

2171 4690 2438 4744 Homines.
2472 4685 2604 4745 Vide
2630 4703 2790 4758 supra
2819 4688 2911 4744 lib.
2945 4703 3004 4753 ll,
3031 4701 3078 4741 c.
3107 4685 3197 4742 2|.

2172 4761 2437 4838 Tanquam
2468 4762 2672 4838 fungos.
2702 4759 2818 4815 Jam
2852 4774 3012 4829 supra
3037 4759 3126 4813 lib.
3152 4775 3224 4825 vr,
3255 4775 3374 4830 cap.
3402 4763 3488 4828 10,
3512 4781 3686 4838 nega-

2097 4834 2173 4888 vit
2196 4833 2442 4888 homines
2467 4833 2697 4902 sparsim
2735 4840 2891 4886 natos
2926 4847 3067 4894 esse,
3111 4840 3362 4901 tanquam
3394 4850 3461 4889 ex
3491 4833 3687 4893 draco-

2097 4906 2181 4960 nis
2210 4904 2442 4959 Cadmaei
2470 4903 2741 4959 dentihus.

2167 4976 2233 5029 At
2265 4975 2495 5029 Hermes.
2533 4976 2588 5029 In
2621 4973 2976 5046 Ptemandro,
3008 4989 3111 5028 non
3153 4974 3310 5043 longe
3340 4989 3368 5028 a
3404 4976 3684 5046 principio.

2099 5047 2416 5101 Adscribam
2458 5045 2674 5101 Marsilii
2706 5045 3112 5099 translationem
3144 5063 3154 5096 :
3193 5049 3252 5096 At
3285 5056 3429 5113 pater
3454 5045 3683 5104 omnium

2097 5118 2403 5180 intellectus,
2424 5119 2523 5170 vita
2542 5127 2590 5170 et
2617 5117 2789 5188 fulgor
2809 5117 3048 5177 existens,
3075 5116 3329 5167 hominem
3348 5115 3446 5188 sibi
3470 5119 3686 5175 similent

2098 5190 2317 5247 creavit.
2349 5199 2497 5255 atque
2534 5188 2579 5242 ei
2618 5186 2861 5257 tanquam
2896 5187 3006 5254 [ilio
3037 5202 3130 5238 suo
3170 5186 3553 5254 congratulatus
3588 5203 3681 5246 est.

2098 5259 2328 5315 Pulcher
2373 5260 2508 5314 enim
2559 5270 2699 5324 erat,
2742 5259 3000 5328 putrisque
3039 5257 3118 5308 sui
3156 5259 3348 5328 ferebat
3391 5257 3684 5328 imaginem.

2098 5331 2242 5386 Deus
2275 5332 2408 5385 enim
2446 5346 2620 5385 revera
2657 5327 2868 5399 propria
2899 5329 3062 5402 farina
3093 5327 3331 5402 nimirum
3372 5327 3683 5402 delectatus,

2099 5419 2254 5472 Opera
2280 5405 2390 5472 ejus
2421 5403 2593 5456 omnia
2623 5395 2736 5454 usui
2755 5395 2998 5472 concessit
3017 5397 3280 5472 ‘Itumano:
3293 5395 3442 5472 lui-2st.

2172 5467 2399 5527 Fictunt.
2421 5473 2527 5528 Sed
2543 5472 2714 5534 redeo,
2731 5480 2835 5544 etc.
2860 5468 2988 5544 Mss.
3002 5467 3034 5521 8
3052 5478 3233 5544 rec.et
3250 5467 3284 5522 6
3301 5469 3450 5537 editi,
3470 5476 3685 5544 factum.

2174 5544 2395 5599 Idcirco.
2428 5543 2758 5616 Sicreposui
2799 5541 2928 5616 es?)
2955 5547 3060 5593 vet.
3080 5540 3254 5616 editis
3283 5551 3340 5616 et
3379 5540 3508 5616 mss.
3544 5564 3688 5616 ριιω.

2103 5626 2184 5671 ter
2206 5620 2238 5671 6
2271 5631 2402 5680 rec.,
2433 5611 2628 5687 quibus
2654 5622 2806 5687 estet
2833 5612 2969 5687 ideo,
2994 5622 3051 5687 ut
3079 5611 3130 5687 in
3158 5612 3227 5667 I0
3259 5613 3503 5687 vulgatis.

2174 5687 2394 5742 lnsumit
2426 5681 2652 5755 o'peram.
2689 5682 2817 5756 Mss.
2845 5681 3336 5756 Jtttt.,CoIb..edd.
3371 5686 3492 5739 Ald.
3526 5687 3691 5756 1515,

2108 5760 2276 5817 Paris.
2313 5757 2475 5824 159.3,
2509 5755 2755 5833 Gymnic.
2794 5755 2953 5822 1559,
2985 5756 3228 5810 Assumit.

3061 5847 3172 5930 at
