4134 6204
434 355 543 416 753

1572 358 1777 415 LIBER
1818 356 1931 415 Vll.
1975 357 2063 414 DE
2102 356 2265 417 νιΤΑ
2296 360 2545 417 BEATA.

3634 350 3738 410 75‘

432 474 615 531 habet.
648 474 799 531 lllam
827 474 1055 545 primam
1085 474 1390 531 nescientes
1411 474 1722 546 accipimus;
1778 473 1918 529 lianc
1945 487 2033 529 se-
2058 473 2114 535 Α
2211 475 2352 546 Ergo
2396 475 2517 545 quia
2555 475 2807 530 virtutem
2839 473 3116 545 proposuit
3152 472 3355 528 homini
3403 471 3574 538 Deus,
3610 470 3739 528 licet

430 568 660 626 cundam
682 568 918 624 scientes
935 583 950 632 ;
965 567 1148 622 virtuti
1174 567 1339 632 enim,
1365 582 1471 621 non
1503 577 1706 622 natura:
1718 566 1896 630 datur,
1916 565 2040 635 quia

430 660 602 717 voluit
633 673 732 714 nos
763 660 901 714 Deus
930 659 1096 714 vitam
1134 658 1290 714 nobis
1321 659 1372 713 in
1398 659 1505 712 vita
1536 673 1874 729 comparare.

502 751 710 807 Idcirco
746 752 886 805 banc
902 751 1058 806 nobis
1076 759 1397 823 prmseutem
1425 749 1593 815 dedit,
1614 759 1671 804 ut
1695 750 1837 804 illam
1856 763 2037 804 veram

432 853 487 900 et
519 854 834 915 perpetuam
862 843 1115 898 autvitiis
1139 842 1468 909 amittamus,
1488 855 1577 897 aut
1602 843 1798 898 virtute
1828 856 2038 898 merea-

431 952 572 993 mur.
592 934 648 991 ln
669 936 770 991 hac
794 936 1063 1004 corporali
1090 952 1197 990 nun
1219 944 1305 990 est
1332 951 1600 991 summum
1643 935 1874 1002 bonum;
1906 950 2040 1005 quo-

432 1029 575 1086 niam
602 1028 743 1084 sicut
768 1029 1097 1084 necessitate
1126 1027 1305 1083 ditina
1332 1028 1487 1083 nobis
1521 1027 1646 1081 data
1673 1036 1776 1089 est.
1813 1028 1883 1082 ita
1920 1042 2039 1090 rur:

431 1135 549 1177 smn
571 1120 750 1176 divina
775 1121 1096 1177 necessitate
1114 1121 1376 1176 solvetur.
1409 1120 1483 1175 lta
1500 1119 1641 1190 quod
1664 1119 1823 1177 linem
1853 1118 2035 1184 habet,

431 1227 700 1269 summum
721 1213 916 1267 bonum
941 1227 1046 1267 non
1065 1211 1244 1267 habet.
1265 1211 1323 1267 ln
1346 1211 1433 1266 illa
1452 1225 1583 1266 vero
1601 1211 1852 1282 spiritali,
1876 1226 2036 1280 quam

432 1320 529 1375 per
554 1320 653 1359 nos
685 1304 782 1373 ipsi
805 1303 1157 1374 acquirimus,
1180 1318 1448 1359 summurn
1477 1304 1677 1358 bonum
1705 1303 2036 1368 continetur;

433 1397 555 1468 quia
590 1411 692 1452 nec
722 1396 921 1452 malum
962 1404 1142 1466 potest
1181 1394 1414 1460 habere.
1469 1411 1570 1451 nec
1600 1395 1783 1452 ﬁnem.
1820 1395 1918 1450 Cui
1960 1397 2035 1452 rei

432 1498 809 1560 argumentum
842 1497 1033 1543 natura
1056 1498 1112 1543 et
1134 1489 1275 1544 ratio
1303 1488 1551 1557 corporis
1577 1488 1798 1558 praebet.
1828 1486 2037 1542 Caetera

432 1596 665 1652 namque
688 1579 940 1635 animalia
995 1580 1047 1635 in
1078 1580 1298 1634 humum
1338 1590 1590 1650 vergunt,
1647 1580 1771 1650 quia
1822 1587 2036 1636 terrena

429 1683 586 1737 sunt;
608 1688 706 1730 nec
727 1674 946 1745 capiunt
971 1672 1450 1740 immortalitatem,
1506 1687 1625 1742 quae
1655 1672 1724 1727 de
1748 1672 1887 1728 coelo
1930 1681 2032 1728 est.

431 1766 604 1822 Homo
628 1774 808 1821 autem
836 1776 1017 1822 rectus
1039 1765 1092 1821 in
1120 1764 1318 1821 coelum
1346 1772 1577 1834 spectat,
1602 1764 1727 1834 quia
1762 1763 2036 1834 proposita

2140 567 2317 623 anima
2341 576 2397 623 et
2414 582 2610 636 corpus
2623 567 2926 624 consociata
2950 568 3084 632 siut;
3111 576 3286 623 tamen
3305 566 3571 621 contraria
3590 576 3737 636 sunt,

2140 670 2196 716 et
2220 662 2537 731 impugnant
2577 660 2827 715 invicem.
2867 660 3044 714 Animi
3086 660 3258 726 bona,
3289 658 3429 713 mala
3461 665 3588 712 sunt
3613 672 3737 713 cor-

2141 753 2404 824 poris;'id
2436 760 2540 820 est,
2563 768 2723 823 epum
2752 752 2894 822 fuga,
2918 753 3250 822 voluptatum
3284 750 3611 815 interdictio,
3638 749 3739 805 do-

2139 846 2272 901 loris
2293 846 2589 917 mortisque
2612 854 2969 915 contemptus.
2994 845 3125 899 ltem
3152 843 3394 915 corporis
3414 844 3574 908 bona,
3601 844 3739 898 mala

2140 948 2265 993 sunt
2295 938 2489 1003 animi;
2524 939 2624 993 hoc
2663 947 2776 1004 est,
2820 937 3104 1006 cupiditas.
3151 946 3205 992 et
3248 936 3433 1000 libido,
3465 936 3659 1007 quibus
3685 942 3741 990 et

2140 1045 2271 1100 Opes
2296 1040 2619 1102 appetuntur
2646 1040 2701 1085 et
2743 1032 3038 1087 suavitates
3072 1030 3339 1085 variarum
3384 1028 3739 1098 voluptatum,

2139 1124 2335 1194 quibus
2381 1134 2666 1180 enervatus
2715 1124 2929 1179 animus
2972 1123 3317 1194 extinguitur.
3365 1122 3490 1179 Ideo
3521 1137 3743 1178 necesse

2140 1226 2243 1279 est.
2266 1217 2468 1288 justum
2498 1225 2553 1272 et
2579 1217 2874 1286 sapientem
2906 1217 2957 1271 in
2987 1216 3235 1270 omnibus
3260 1216 3413 1270 malis
3436 1230 3577 1281 esse,
3606 1228 3743 1284 quo-

2142 1311 2284 1365 niam
2332 1310 2594 1363 malorqu
2623 1309 2810 1364 victrix
2850 1317 2933 1363 est
2978 1308 3268 1371 fortitudo;
3303 1306 3528 1376 iniustos
3556 1315 3740 1361 autem

2141 1401 2194 1457 in
2225 1401 2445 1466 divitiis,
2477 1401 2528 1455 in
2558 1399 2792 1464 honore,
2839 1400 2892 1453 in
2924 1405 3213 1468 potestate.
3244 1397 3371 1451 llaec
3408 1397 3552 1451 enim
3601 1395 3743 1449 bona

2141 1495 2439 1561 corporalia
2467 1503 2523 1550 et
2551 1505 2763 1549 terrena
2789 1503 2934 1547 sunt.
2965 1492 3042 1546 llli
3074 1500 3251 1546 autem
3281 1499 3546 1545 terrenam
3579 1490 3740 1543 vitam

2140 1595 2335 1657 agunt,
2378 1601 2479 1640 nec
2517 1585 2729 1654 assequi
2777 1582 3234 1639 immortalitatem
3263 1590 3487 1652 queunt,
3513 1581 3637 1651 quia
3682 1593 3743 1636 se

2140 1676 2505 1747 voluptatibus
2544 1674 2882 1738 dediderunt,
2928 1688 3049 1744 quae
3078 1681 3202 1727 sunt
3248 1671 3459 1726 virtutis
3488 1670 3740 1725 inimica}.

2138 1770 2323 1840 Itaque
2366 1770 2470 1823 vita
2510 1769 2624 1823 ha-e
2666 1767 2977 1837 temporalis
3027 1766 3102 1820 illi
3149 1777 3365 1819 :eternte
3414 1764 3576 1819 debet
3621 1778 3744 1819 esse

430 1869 514 1915 est
540 1859 617 1915 illi
647 1859 1063 1924 immortalitas;
1095 1873 1194 1914 nec
1220 1866 1399 1913 tamen
1429 1857 1596 1921 venit,
1647 1857 1747 1911 nisi
1780 1857 2045 1912 tribuatur
2073 1858 2121 1918 B
2148 1864 2388 1934 subjecta
2410 1904 2425 1928 ,
2455 1864 2593 1918 sicut
2632 1878 2826 1933 corpus
2854 1864 3069 1916 animm.
3099 1857 3352 1928 Quisquis
3392 1871 3521 1928 ergo
3550 1857 3744 1912 anima;

431 1951 637 2007 ltomiui
679 1967 709 2005 a
741 1950 870 2007 Deo.
903 1950 1038 2007 Nam
1072 1949 1206 2006 nihil
1237 1950 1526 2005 interesset
1554 1949 1695 2004 inter
1726 1948 1931 2020 justum
1984 1961 2039 2007 et

430 2046 720 2116 injustam,
749 2044 1012 2115 siquidem
1066 2043 1245 2099 omnis
1286 2044 1448 2098 homo
1503 2052 1661 2098 natus
1713 2043 2037 2099 immortalis

431 2136 627 2203 ﬁeret;
656 2152 786 2207 ergo
813 2136 1195 2192 immortalitas
1241 2135 1621 2205 non.seqnela
1669 2146 1898 2204 naturae,
1938 2137 2036 2193 sed

430 2246 643 2289 merces
674 2233 1061 2303 prauniumque
1085 2233 1301 2288 virtutis
1329 2240 1433 2286 est.
1466 2231 1710 2302 Denique
1740 2231 1904 2286 homo
1930 2246 2040 2287 non

430 2322 612 2393 statim
639 2338 797 2393 quam
830 2333 986 2377 natus
1034 2332 1141 2389 est,
1193 2330 1372 2378 rectus
1404 2321 1737 2393 ingreditur:
1770 2322 1865 2378 sed
1907 2336 2045 2392 qua-

432 2413 630 2485 drupes
654 2414 850 2484 primo,
874 2415 996 2485 quia
1031 2418 1170 2469 ratio
1198 2414 1445 2485 corporis
1483 2424 1539 2470 et
1566 2413 1727 2486 huius
1757 2415 2039 2485 prmsentis

433 2507 560 2562 vitae
586 2507 890 2564 communis
913 2518 997 2565 est
1015 2508 1171 2563 nobis
1190 2523 1312 2564 cum
1344 2508 1505 2564 mutis
1534 2508 1888 2575 animalibus;
1922 2520 2043 2581 post

432 2600 630 2658 deinde
653 2602 983 2658 conﬁrmatis
1004 2602 1205 2658 viribus
1230 2602 1475 2674 erigitur,
1508 2613 1562 2659 et
1602 2604 1783 2675 lingua
1825 2586 1955 2674 ejus
1986 2606 2039 2661 in

434 2694 706 2766 eloquium
733 2695 981 2762 solvitur,
1031 2706 1086 2751 et
1142 2704 1352 2751 mutum
1393 2695 1589 2750 animal
1648 2711 1769 2752 esse
1819 2697 2037 2754 desinit.

434 2776 568 2856 Quin
595 2786 734 2842 ratio
781 2787 963 2852 docet,
1005 2787 1288 2843 mortalem
1320 2788 1467 2841 nasci
1514 2786 1820 2855 hominem;
1855 2798 2040 2858 postea

435 2894 567 2935 vero
595 2879 957 2935 immortalem
1003 2878 1139 2947 ﬁeri,
1172 2893 1292 2936 cum
1328 2879 1556 2949 coeperit
1583 2894 1649 2934 ex
1679 2879 1787 2934 Deo
1833 2881 2039 2950 virere,

437 2971 491 3027 id
524 2980 626 3035 est.
654 2972 918 3042 justitiam
950 2973 1124 3042 sequi,
1146 2988 1267 3043 qua:
1292 2973 1601 3029 continetur
1628 2973 1681 3028 in
1739 2973 1832 3029 Dei
1865 2977 2037 3041 cultu,

435 3079 560 3119 cum
592 3064 907 3120 excitaverit
928 3064 1200 3120 hominem
1236 3065 1375 3120 Deus
1402 3065 1468 3119 ad
1506 3073 1780 3134 aspectum
1810 3067 1931 3122 eteli
1979 3082 2043 3123 ac

438 3158 543 3212 sui.
568 3157 722 3226 Quod
752 3167 862 3212 tum
892 3157 968 3223 lit,
999 3171 1122 3213 cum
1173 3157 1338 3211 homo
1364 3157 1572 3213 caelesti
1603 3157 1823 3213 lavacro
1852 3157 2041 3227 puriﬁ-

2141 1959 2303 2014 vitam
2350 1956 2634 2021 maluerit,
2677 1956 2837 2009 vitam
2879 1952 3122 2021 corporis
3165 1959 3477 2007 contemnat
3518 1963 3743 2005 necesse

2140 2058 2257 2116 est;
2289 2063 2390 2105 nec
2435 2049 2590 2103 aliter
2620 2048 2749 2103 eniti
2795 2047 2862 2102 ad
2908 2062 3175 2101 summum
3225 2044 3455 2115 poterit,
3490 2044 3590 2098 nisi
3618 2058 3740 2113 quae

2141 2138 2268 2197 sunt
2293 2141 2399 2197 ima
2428 2140 2752 2211 despexerit.
2783 2139 2884 2205 Qui
2912 2149 3091 2193 autem
3118 2136 3363 2207 corporis
3392 2137 3552 2190 vitam
3570 2126 3743 2191 [fuerit

2142 2237 2444 2305 amplexus.
2472 2243 2529 2290 et
2554 2232 2874 2304 cupiditates
2902 2247 3028 2287 suas
3054 2231 3107 2285 in
3139 2239 3337 2286 terram
3362 2229 3640 2298 deiecerit,
3673 2228 3742 2283 il-

2143 2330 2248 2386 lam
2275 2329 2610 2400 superiorem
2639 2327 2800 2381 vitam
2835 2324 3094 2395 consequi
3136 2339 3242 2378 non
3285 2332 3481 2394 potest.
3511 2321 3619 2377 Sed
3650 2321 3741 2392 qui

2144 2422 2347 2479 mavult
2386 2423 2525 2477 bene
2553 2420 2731 2475 virere
2761 2420 2814 2474 in
2852 2426 3145 2483 aeternum,
3177 2416 3316 2471 male
3341 2416 3488 2470 vivet
3512 2414 3577 2470 ad
3607 2424 3743 2470 tem-

2145 2532 2275 2589 pus,
2326 2524 2382 2571 et
2422 2514 2683 2569 afﬁcietur
2720 2512 2970 2567 omnibus
3032 2510 3292 2565 molestiis
3338 2518 3392 2564 et
3436 2508 3739 2573 laboribus,

2143 2610 2378 2682 quandiu
2404 2610 2564 2665 fuerit
2590 2610 2640 2661 in
2674 2619 2836 2672 terra,
2862 2614 2920 2660 ut
2952 2605 3148 2660 habeat
3169 2603 3408 2659 divintttn
3441 2611 3494 2657 et
3517 2602 3742 2659 caeleste

2143 2702 2418 2758 solatium.
2466 2702 2531 2756 Et
2574 2701 2661 2770 qui
2711 2698 2960 2754 maluerit
3003 2698 3140 2752 bene
3183 2695 3365 2750 vivere
3407 2694 3474 2749 ad
3507 2704 3740 2763 tempus,

2145 2795 2283 2850 male
2311 2796 2453 2848 vivet
2492 2793 2544 2847 in
2588 2801 2884 2853 internum;
2922 2787 3262 2843 damnabitur
3304 2786 3448 2841 enim
3476 2784 3742 2839 sententia

2145 2885 2246 2942 Dei
2274 2885 2341 2939 ad
2368 2896 2622 2939 acternam
2668 2896 2904 2952 pmuam,
2935 2878 3057 2947 quia
3101 2877 3409 2933 ctelestibus
3438 2875 3593 2931 benis
3628 2884 3740 2928 ter-

2146 2993 2272 3033 rcna
2301 2975 2609 3047 praeposuit.
2636 2973 2924 3042 Propterea
2943 2971 3104 3041 igitur
3127 2969 3228 3023 coli
3255 2983 3315 3022 se
3344 2967 3484 3022 Deus
3513 2965 3738 3034 expetit,

2144 3081 2198 3127 et
2228 3070 2479 3125 honorari
2510 3068 2577 3123 ab
2600 3066 2816 3122 homine
2844 3074 3093 3133 tanquam
3122 3071 3292 3131 pater,
3318 3069 3376 3114 ut
3403 3059 3654 3114 virtutem
3676 3073 3741 3113 ac

2145 3164 2460 3234 sapientiam
2512 3170 2715 3227 teneat,
2761 3172 2880 3229 quas
2917 3156 3031 3212 sola
3074 3153 3531 3209 immortalitatem
3579 3151 3736 3221 parit.

438 3261 612 3316 catus,
641 3250 861 3321 exponit
883 3250 1160 3306 infantiam
1183 3265 1305 3306 cum
1335 3251 1479 3305 omni
1511 3250 1632 3305 labe
1655 3253 1777 3305 vitae
1823 3252 2038 3321 prioris,
2067 3249 2112 3311 C
2145 3257 2277 3313 Nam
2308 3256 2428 3327 quia
2460 3254 2801 3327 nullus_a|ius
2831 3262 3025 3321 praeter
3054 3250 3227 3320 ipsum
3255 3248 3457 3303 donare
3485 3261 3603 3301 eam
3641 3260 3738 3316 po-

439 3352 497 3399 et
518 3346 849 3399 incremeuto
878 3343 1043 3399 divini
1071 3343 1268 3416 vigoris
1287 3353 1532 3414 accepto,
1556 3342 1613 3398 fit
1640 3343 1804 3399 homo
1831 3346 2042 3415 perfec-

441 3445 529 3494 tus
553 3453 617 3494 ac
648 3438 859 3509 plenus.

2149 3362 2274 3419 test,
2296 3354 2419 3423 quia
2444 3350 2592 3406 solus
2616 3346 2872 3419 possidet,
2896 3345 3148 3414 pietatem
3171 3341 3421 3407 hominis,
3446 3355 3550 3410 qua
3575 3340 3740 3394 Deum

1796 3552 2157 3613 VARIORUM
2193 3551 2418 3610 ΝΟΤᾸΕ.

519 3672 811 3728 Nescientes
830 3672 1125 3745 accipimus.
1153 3671 1277 3727 Mss.
1306 3671 1339 3725 4
1362 3686 1473 3727 rec.
1506 3680 1560 3727 et
1588 3670 1656 3726 Μ
1682 3670 1808 3725 edd.
1840 3674 2043 3743 accepi-

439 3762 575 3800 mus.

516 3816 581 3870 In
623 3816 725 3870 vita
754 3833 1069 3881 comparare.
1100 3832 1115 3870 ι
1160 3812 1397 3870 Culbcrt.
1433 3814 1487 3867 in
1518 3814 1704 3877 vitam;
1751 3831 1763 3868 t
1818 3815 1961 3884 Lips.
1991 3824 2046 3870 et

443 3889 608 3942 Brun.
640 3888 693 3941 iu
715 3888 810 3942 hac
836 3889 955 3943 vita.
1732 3907 1745 3918 ι

516 3960 615 4012 Aut
639 3960 820 4013 virtute
846 3975 1149 4014 mereamur.
1182 3957 1437 4023 Quamvis
1484 3956 1624 4011 Deus
1654 3964 1779 4011 ante
1822 3971 1922 4011 nos
1952 3972 2045 4025 po-

444 4024 811 4100 sueritignetn
836 4039 890 4083 et
919 4045 1135 4099 aquam,
1168 4041 1220 4082 et
1250 4027 1302 4082 iti
1336 4028 1492 4081 nobis
1532 4026 1603 4080 sit
1641 4026 1707 4100 ad
1759 4024 2047 4095 utrumque

446 4098 676 4155 manuni
697 4098 1206 4170 porrigerettam'en
1235 4114 1339 4153 non
1371 4108 1455 4153 est
1483 4098 1757 4170 proposita
1787 4113 1934 4153 mors
1966 4113 2053 4153 se—

445 4172 643 4237 cunda,
678 4173 775 4226 nisi
809 4168 865 4226 ut
884 4188 1002 4227 eam
1027 4173 1292 4235 vitemus;
1325 4180 1374 4224 at
1407 4169 1664 4223 auxiliqu
1708 4168 1800 4223 dat
1833 4171 1971 4224 Deus
1995 4179 2049 4223 ut

445 4245 612 4297 vitam
635 4243 923 4298 secundam
954 4257 1278 4297 mereamur.

525 4314 710 4369 Divina
732 4315 1044 4368 necessitate.
1070 4313 1182 4383 Ego
1212 4314 1577 4383 interpretor.
1594 4310 1773 4365 divina
1817 4310 2053 4383 necestsif

449 4396 583 4449 tate,
613 4386 662 4440 id
686 4396 789 4448 est,
814 4387 989 4437 divina
1024 4380 1159 4455 lege.
1194 4383 1312 4437 Pari
1337 4383 1496 4437 modo
1526 4382 1619 4438 lib.
1647 4398 1705 4446 tt,
1733 4396 1780 4435 c.
1814 4380 1882 4455 ἓξ
1913 4381 2050 4455 quod

448 4457 682 4526 functi...
714 4457 897 4511 diuina:
935 4452 1219 4526 necesiitati
1262 4463 1423 4507 morte
1467 4453 1935 4526 concesseriutalle
1968 4452 2046 4526 Ira

448 4520 499 4581 ἒξ.
526 4529 622 4584 15;
657 4526 1043 4581 Consideremus
1072 4525 1305 4579 divinam
1333 4524 1708 4579 necessitatem
1730 4538 1744 4588 ;
1766 4520 1885 4574 nolo
1911 4524 2045 4575 enim

446 4608 685 4653 naturam
709 4598 891 4652 dicere.
907 4598 1240 4669 Chrysippus
1261 4596 1449 4661 Deum,
1479 4593 1804 4664 nuncupavit
1820 4591 2046 4646 divinam

448 4671 814 4724 necessitatem.
843 4669 970 4723 Bos.

523 4741 780 4797 Βοιωτίην.
830 4742 919 4796 Sic
943 4739 1155 4810 reposui
1190 4739 1336 4810 exr7
1375 4746 1478 4793 vet.
1532 4736 1692 4810 editis
1733 4733 2046 4810 cunctisque

449 4828 582 4867 mss.
619 4821 811 4880 praeter
840 4829 857 4866 ι
884 4805 1018 4882 Reg:
1061 4825 1171 4866 rec.
1202 4809 1285 4864 cui
1331 4818 1415 4864 est
1461 4808 1691 4873 solvitur,
1728 4816 1786 4861 ut
1836 4805 2049 4860 caeteris

446 4883 745 4953 impressis.

521 4946 615 5010 Cui
641 4957 733 5008 rei.
791 4954 865 5009 fta
895 4967 1083 5009 omnes
1135 4966 1301 5020 prope
1354 4965 1485 5004 mss.
1523 4950 1580 5005 ln
1608 4950 1766 5003 Cauc.
1793 4957 1846 5002 et
1872 4946 1905 5001 8
1931 4946 2051 5000 aliis

447 5042 571 5097 rec.
593 5037 677 5081 cSt
706 5030 853 5097 cujus
881 5028 974 5091 rei,
1005 5024 1139 5079 utin
1166 5023 1372 5097 cunctis
1404 5021 1513 5097 fe_r_e
1550 5020 1726 5097 editis.

524 5096 730 5152 Natura
748 5086 793 5152 ἐι
819 5086 1202 5165 ναιὶοὶονρονίε
1220 5092 1425 5163 prabet.
1448 5091 1574 5146 Mss.
1599 5108 1615 5145 ι
1650 5090 1855 5165 Borion.
1881 5086 2050 5165 antiq.

448 5180 501 5224 et
524 5168 559 5221 4
583 5168 713 5223 edit.
745 5183 854 5223 rec.
889 5160 1087 5221 naturti'
1113 5160 1245 5220 ratio
1280 5174 1324 5218 et
1370 5172 1553 5216 natura
1579 5160 1809 5229 corporis
1838 5160 2049 5229 praebet.

450 5240 762 5296 Lectionem
795 5254 955 5308 porro
983 5247 1158 5293 textus
1188 5226 1743 5309 sicfinterpretandatn
1775 5240 1901 5309 nuto
1925 5246 1937 5281 :
1963 5226 2056 5282 Cat

449 5312 548 5375 rei,
574 5326 768 5380 nempe
787 5301 929 5380 quod
950 5311 1000 5363 in
1021 5311 1125 5363 vita
1150 5305 1411 5377 spirituali
1434 5301 1512 5380 sit
1531 5302 1799 5380 summum
1825 5301 2055 5380 bonum,

449 5370 1018 5452 argument-umbratam
1038 5389 1083 5433 et
1106 5370 1240 5452 ratio
1263 5376 1492 5452 corporis
1519 5373 1729 5443 praebet,
1747 5373 1871 5452 quia
1896 5370 2057 5425 nimis

452 5442 657 5509 fluxum
705 5463 787 5507 est
813 5446 1031 5524 corpus,
1076 5450 1213 5505 utin
1246 5463 1311 5503 eo
1339 5442 1809 5518 possitsummum
1859 5442 2057 5496 bonum

452 5524 733 5580 collocari.

532 5617 903 5670 lmmortalitas
931 5632 1030 5671 nou
1058 5600 1261 5680 sequela
1291 5620 1508 5665 natura.
1540 5606 1782 5677 lntellige
1810 5625 1819 5657 :
1852 5604 2063 5659 immor-

455 5688 628 5743 talitas
651 5689 801 5743 beata
834 5704 935 5740 non
966 5686 1165 5756 sequela
1189 5694 1407 5756 naturaz.
1442 5680 1577 5736 BUN.

537 5760 723 5826 Quam.
762 5759 853 5813 Vel
882 5754 1055 5826 potius
1079 5772 1256 5828 quum,
1290 5754 1544 5828 vel__cum.

539 5818 658 5884 TVM
690 5830 859 5885 statim
883 5818 1038 5898 quam
1066 5818 1215 5881 natus
1242 5818 1330 5880 est.
1369 5823 1494 5879 Mss.
1538 5824 1571 5878 8
1602 5836 1711 5880 rec.
1742 5826 1795 5877 et
1842 5818 2064 5876 totidem

2149 3673 2302 3738 editi,
2336 3689 2436 3727 non
2464 3671 2637 3727 statim
2664 3667 2888 3739 quando.
2922 3664 3028 3722 Alii
3059 3664 3093 3719 5
3121 3663 3307 3735 scripti
3334 3677 3440 3719 rec.
3474 3678 3593 3731 quo.

2206 3763 2516 3820 Communis
2546 3773 2617 3817 est
2636 3761 2779 3816 nobis
2790 3758 3078 3815 cum‘mutis
3093 3754 3420 3810 animalibus.
3440 3753 3600 3823 Quasi
3616 3767 3745 3807 vero

2153 3836 2384 3892 infantes
2402 3836 2579 3889 statim
2606 3849 2632 3884 a
2664 3831 2945 3887 nativitate
2969 3845 3073 3883 non
3097 3836 3281 3883 essent
3305 3825 3555 3888 baptismi
3581 3838 3743 3892 capa-

2152 3924 2275 3972 ces,
2317 3922 2437 3962 cum
2468 3905 2735 3976 primitiva
2765 3902 3005 3976 Ecclesia
3038 3909 3161 3953 ante
3189 3897 3450 3976 Lactantii
3492 3905 3743 3976 tempora

2153 3966 2309 4048 longe
2330 3966 2486 4032 aliter
2532 3976 2782 4048 senserit.
2824 3972 3122 4048 Cyprianus
3165 3970 3314 4048 edim
3341 3969 3391 4021 io
3419 3966 3746 4048 epistolajad

2155 4037 2365 4112 Fidum,
2393 4065 2509 4119 pag.
2538 4046 2659 4103 159.
2689 4045 2819 4119 edit.
2847 4037 3047 4119 Oxon..
3076 4055 3196 4119 cum
3220 4038 3383 4119 Fidus
3414 4037 3747 4119 e_i_qu:rstio-

2156 4138 2276 4175 nem
2307 4110 2553 4174 mlo-voret
2576 4116 2954 4172 deinfantibus
2977 4118 3111 4166 intra
3132 4112 3362 4165 triduum
3381 4110 3445 4162 ad
3476 4110 3744 4162 lavacrum

2156 4191 2526 4249 admittendis.
2558 4191 2636 4243 sic
2662 4188 2943 4254 epismlam
2973 4182 3205 4238 claudit:
3237 4190 3283 4234 et
3334 4181 3543 4254 idcirco,
3591 4183 3748 4254 frater

2154 4263 2474 4325 charissima,
2493 4263 2601 4314 haec
2623 4248 2721 4330 fuit
2747 4263 2799 4330 iu
2823 4256 3039 4330 concilio
3068 4263 3240 4330 nostra
3258 4252 3527 4330 settleutia,
3559 4264 3592 4301 a
3619 4248 3747 4330 bap-

2155 4336 2304 4388 tismo
2326 4318 2477 4397 atque
2497 4348 2528 4384 a
2560 4318 2729 4402 gratia
2753 4327 2869 4402 Dei,
2893 4327 2980 4395 qui
3003 4324 3232 4377 omnibus
3259 4322 3645 4402 διῇξεν-ξοπιες
3667 4318 3751 4401 be-

2155 4405 2358 4472 nignus,
2390 4390 2436 4457 ct
2466 4390 2583 4471 νὶιᾶ
2606 4411 2701 4461 est,
2728 4390 3096 4472 nemiueutper
3137 4412 3227 4472 uos
3267 4394 3444 4472 debere
3472 4390 3748 4471 prohiberi.

2158 4461 2308 4542 Quod
2333 4461 2445 4527 cum
2467 4461 2628 4525 'circa
2654 4470 2912 4524 universos
2940 4461 3305 4542 observandum
3348 4464 3413 4517 sit
3458 4472 3606 4531 atque
3621 4461 3755 4542 _reti-

2154 4530 2399 4609 gendum,
2423 4543 2585 4611 magis
2610 4542 2746 4594 circa
2764 4542 2985 4611 iu[antes
3007 4539 3144 4611 ipsas
3164 4546 3209 4589 et
3230 4550 3401 4611 recens
3423 4530 3755 4611 ambieban-

2150 4602 2661 4683 vandum'puta'mus,
2692 4619 2796 4668 etc.
2816 4602 2959 4679 Lege
2986 4606 3053 4661 ad
3102 4607 3218 4661 lucc
3252 4606 3517 4662 Irenaeum
3547 4602 3644 4658 lib.
3692 4617 3752 4669 ιι,

2149 4702 2268 4754 cap.
2296 4687 2381 4742 lt).

2226 4778 2292 4833 Id
2312 4788 2405 4833 est.
2436 4776 2691 4832 Additum
2722 4790 2788 4830 ex
2817 4771 3063 4828 omnibus
3092 4785 3220 4823 mss.
3253 4777 3449 4839 prteter
3474 4767 3500 4821 1
3532 4765 3668 4838 Reg.
3701 4764 3755 4819 in

2153 4866 2262 4923 quo
2298 4850 2656 4923 desideratur,
2688 4847 2830 4923 sicut
2852 4853 2907 4923 et
2928 4844 2980 4897 in
3008 4840 3281 4923 nonnullis
3306 4840 3485 4896 editis.

2230 4922 2535 4978 Suavitates.
2586 4918 2676 4974 Sic
2718 4925 2772 4971 et
2820 4915 2956 4970 infra
3010 4913 3200 4983 plurali
3248 4925 3472 4966 numero
3503 4922 3621 4978 cap.
3667 4919 3757 4961 se-

2155 4994 2359 5065 quenti.
2388 4991 2509 5065 In}
2537 5006 2670 5065 m_ss_.
2697 5002 2809 5044 rec.
2836 4996 2891 5042 et
2910 4984 2944 5039 4
2971 4986 3097 5065 edit.
3125 4984 3368 5038 suavitas.

2231 5064 2386 5130 Quia.
2419 5062 2545 5117 Mss.
2575 5061 2611 5114 2
2634 5059 2768 5130 Reg.
2803 5073 2912 5114 rec.
2941 5058 3028 5127 qui
3054 5073 3126 5121 se.

2231 5153 2374 5208 Euiti
2394 5152 2462 5206 ad
2483 5167 2755 5205 summum.
2772 5150 2863 5205 Sic
2889 5161 3017 5202 tnss.
3036 5145 3147 5201 fere
3168 5159 3377 5206 omnes,
3399 5140 3667 5196 editiones
3690 5156 3760 5194 xv

2160 5225 2365 5288 s:rculi,
2396 5224 2420 5277 -ί
2464 5222 2727 5283 Colbert.,
2757 5222 2793 5275 2
2830 5220 3063 5275 Clarum.
3096 5217 3224 5278 uiti;
3264 5216 3289 5268 1
3319 5214 3491 5288 Brun.
3528 5212 3760 5288 elevari;

2161 5299 2296 5351 alter
2324 5283 2384 5349 ut
2404 5295 2456 5348 in
2486 5306 2651 5348 textu.
2681 5291 2922 5358 Expuuxi
2950 5288 3157 5351 bonum,
3188 5286 3328 5352 quod
3351 5283 3684 5358 sequebatur
3706 5284 3758 5338 in

2162 5368 2197 5422 5
2222 5383 2350 5422 mss.
2382 5381 2486 5420 rec.
2517 5379 2579 5418 ac
2605 5364 2637 5418 7
2664 5354 2843 5427 editis,
2871 5369 2925 5413 et
2953 5360 3105 5413 abest
3129 5372 3159 5410 a
3184 5354 3415 5411 cwteris.

2243 5457 2378 5511 Male
2418 5456 2548 5509 vivet
2588 5454 2656 5507 ad
2701 5463 2912 5518 tempus.
2949 5448 3002 5501 ld
3035 5456 3153 5513 est,
3198 5446 3573 5515 incommode,
3606 5446 3765 5502 malis

2165 5528 2463 5592 obnoxius;
2509 5534 2567 5580 et
2609 5523 2778 5587 infra,
2824 5521 2947 5574 bene
2975 5521 3156 5585 vivere,
3193 5519 3297 5574 hoc
3346 5528 3430 5575 est
3457 5518 3766 5585 commode,

2189 5614 2458 5653 lleli‘lOSE‘.

2189 5614 2458 5653 uxurtose.

2166 5601 2183 5655 Ι
2245 5669 2358 5736 Qua
2388 5667 2550 5722 Deum
2583 5664 2908 5719 Itouorarerit
2928 5705 2941 5727 ,
2971 5664 3066 5716 Itoc
3111 5662 3589 5736 afﬁciethprtemio.
3617 5657 3771 5736 §ic_t

2172 5726 2408 5804 nouom,
2436 5739 2602 5811 liegio
2618 5736 2784 5811 ~Put:,
2816 5736 2853 5792 ‘2
2877 5726 2966 5811 alii
2992 5726 3154 5811 Reg-ii
3170 5726 3248 5788 ἐι
3271 5726 3437 5811 editio
3458 5732 3594 5811 Isiaci.
3617 5726 3783 5811 In}?

2175 5795 2309 5870 nias.
2344 5795 2553 5870 recerti:
2585 5818 2691 5881 est,
2722 5795 2851 5891 Qui~
2874 5808 3037 5867 Deum
3075 5795 3438 5869 "honorant-it,
3486 5801 3579 5855 hoc
3613 5795 3790 5865 aﬂicit
