4134 6204
329 288 431 350 761

1481 293 1684 351 LIBER
1720 293 1831 350 VII.
1869 293 1955 350 DE
1994 293 2157 351 VITA
2196 295 2449 353 BEATA.

3532 294 3640 361 769

329 410 466 467 chus
488 423 613 465 cum
641 407 945 466 Democrito
971 408 1191 479 erravit,
1223 410 1313 481 qui
1342 410 1517 482 perire
1556 425 1677 466 cum
1706 424 1931 481 corpore
1956 412 2012 474 Α
2035 408 2103 466 ad
2130 410 2269 468 hanc
2299 426 2400 469 nos
2428 413 2676 484 provehit
2718 413 2929 507 virtus':
2954 413 3099 486 quod
3129 414 3329 472 bonum
3377 416 3499 487 quia
3544 415 3641 474 de.

330 517 397 559 ac
443 501 665 557 dissolvi
728 510 1130 573 argumentatus
1167 510 1267 558 est.
1319 502 1453 559 Esse
1491 501 1695 559 inferos
1746 502 1929 559 Zenon

333 596 550 655 Stoicus
574 595 789 660 docuit,
821 603 877 651 et
905 594 1061 651 sedes
1090 596 1299 667 piorum
1346 597 1415 652 ab
1453 596 1631 666 impiis
1662 610 1784 653 esse
1821 596 1932 651 dis-

332 699 549 753 cretas;
580 696 635 743 et
661 686 782 742 illos
808 687 1024 759 quidem
1054 688 1265 757 quietas
1312 702 1376 743 ac
1399 686 1748 744 delectabiles
1778 688 1930 743 inco-

334 782 450 839 lere
476 780 742 852 regioues,
766 780 868 836 hos
893 796 1021 838 vero
1048 781 1195 837 luere
1224 795 1412 851 poenas
1437 782 1488 836 in
1515 782 1814 838 tenebrosis
1855 782 1932 837 lo-

334 875 438 940 cis,
464 884 627 946 atque
652 874 705 929 in
733 875 874 930 caeni
921 874 1266 945 voraginibus
1308 873 1591 930 horrendis
1618 892 1632 929 :
1663 874 1803 930 idem
1836 889 1934 930 no-

334 968 419 1025 bis
441 966 720 1040 prophette
751 967 925 1037 palam
978 966 1201 1023 faciunt.
1236 965 1379 1039 Ergo
1407 966 1670 1036 Epicurus
1709 968 1930 1035 erravit,

334 1061 425 1132 qui
456 1068 731 1131 poetarum
774 1058 827 1114 id
853 1073 976 1114 esse
1008 1059 1318 1131 ﬁgmentum
1360 1060 1587 1130 putavit,
1615 1070 1667 1114 et
1698 1060 1817 1115 illas
1846 1060 1931 1114 in-

337 1151 578 1208 ferorum
609 1167 820 1222 pinnas,
849 1167 970 1223 qua:
1022 1152 1285 1220 ferantur,
1321 1152 1375 1208 in
1415 1152 1517 1208 hac
1560 1166 1683 1207 esse
1711 1152 1813 1207 vita
1846 1153 1932 1207 in-

339 1255 666 1316 terpretatus
697 1255 797 1302 est.
830 1246 1019 1301 Totam
1052 1247 1212 1318 igitur
1237 1246 1543 1312 veritatem,
1581 1255 1638 1302 et
1662 1261 1823 1303 omne
1850 1245 1934 1302 di-

278 1352 285 1359 '
342 1341 483 1395 vinas
506 1339 801 1409 Religionis
851 1354 1107 1395 arcanum
1152 1339 1458 1409 philosOphi
1482 1340 1790 1411 attigerunt.
1825 1338 1934 1396 Sed

342 1432 469 1486 aliis
497 1431 889 1498 refellentibus,
915 1431 1207 1488 defendere
1226 1432 1279 1488 id
1306 1433 1447 1503 quod
1478 1436 1815 1498 invenerant,
1840 1448 1935 1489 ne-

336 1525 660 1595 quiverunt;
688 1525 808 1592 quia
834 1524 1057 1596 singulis
1080 1525 1218 1581 ratio
1245 1541 1352 1581 non
1379 1526 1684 1598 quadravit,
1727 1542 1827 1583 nec
1846 1543 1931 1597 ea,

337 1631 460 1686 qua:
486 1630 612 1671 vera
655 1626 936 1671 senserant
967 1615 1022 1671 in
1051 1632 1315 1672 summam
1355 1617 1601 1691 redigere
1623 1627 1931 1691 potuerunt,

337 1709 481 1764 sicut
501 1724 599 1764 nos
621 1710 871 1782 Superius
901 1707 1148 1768 fecimus.
1486 1690 1495 1691 ί
1648 1690 1653 1697 ’

941 1844 1169 1902 CAPUT
1213 1845 1343 1902 VIII.

780 2006 860 2062 De
888 2007 1273 2063 immortalitate
1303 2010 1507 2065 animae.

412 2162 592 2219 Unum
618 2172 703 2219 est
732 2163 892 2234 igitur
915 2178 1184 2219 summum
1210 2164 1411 2220 bonum
1441 2166 1839 2236 immortalitas,
1871 2171 1936 2226 ad

338 2270 499 2325 quam
520 2254 855 2324 capiendam,
904 2263 958 2312 et
995 2254 1212 2312 formati
1239 2272 1269 2312 a
1300 2258 1580 2330 principio,
1623 2270 1678 2316 et
1706 2262 1816 2317 nati
1846 2278 1939 2318 su-

340 2360 483 2402 mus.
506 2346 586 2403 Ad
612 2347 748 2403 hanc
770 2347 1067 2415 tendimus;
1097 2348 1235 2406 hanc
1254 2358 1459 2421 spectat
1478 2350 1709 2410 humana
1728 2365 1940 2425 natura;

2034 504 2439 576 prebendimus,
2480 515 2733 579 superest
2762 504 2925 564 etiam
2964 518 3025 565 ut
3051 510 3120 566 de
3145 510 3259 581 ipsa
3313 512 3636 568 immortali-

2033 604 2142 652 tate
2169 598 2435 655 dicamus.
2468 600 2707 656 Platonis
2736 612 3074 673 argumenta,
3122 604 3370 674 quamvis
3412 603 3479 658 ad
3522 619 3638 660 rem

2035 689 2260 743 multum
2289 689 2591 756 conferant,
2623 702 2801 747 tamen
2828 707 3016 762 parum
3045 692 3245 749 habent
3274 693 3543 749 [inuitatis
3570 694 3639 750 ad

2035 780 2366 851 probandam
2412 790 2468 838 et
2509 783 2836 853 implendam
2874 785 3187 854 veritatem;
3237 787 3490 857 quoniam
3539 800 3642 843 nec

2035 874 2299 929 rationem
2332 876 2495 930 totius
2542 876 2787 948 mysterii
2833 878 3009 947 magni
3055 886 3546 945 consummaverat,
3585 878 3640 935 in

2034 981 2309 1036 unumque
2348 967 2660 1037 collegerat,
2711 983 2811 1023 nec
2840 984 3108 1024 summum
3156 971 3352 1025 bonum
3388 985 3637 1040 compre-

2035 1056 2316 1113 henderat.
2360 1057 2492 1113 Nam
2537 1060 2661 1116 licet
2701 1075 2885 1116 verum
2916 1060 2985 1117 de
3011 1060 3203 1117 anima:
3232 1062 3640 1119 immortalitate

2032 1152 2283 1219 sentiret,
2320 1161 2496 1208 tamen
2540 1169 2644 1208 non
2672 1153 2744 1209 ita
2771 1154 2840 1210 de
2886 1154 2971 1209 illa
3016 1164 3272 1227 tanquam
3312 1156 3380 1212 de
3426 1170 3641 1212 summo

2035 1244 2179 1300 bono
2205 1245 2526 1301 disserebat.
2562 1246 2669 1302 Nos
2692 1246 2855 1317 igitur
2881 1247 3203 1305 certioribus
3250 1250 3416 1320 signis
3445 1250 3643 1306 elicere

2034 1352 2321 1408 possumus
2346 1341 2649 1406 veritatem,
2676 1341 2766 1412 qui
2802 1356 2922 1397 eam
2952 1357 3057 1397 non
3088 1344 3305 1412 ancipiti
3332 1342 3641 1411 suspicione

2035 1433 2370 1503 collegimus,
2418 1435 2514 1491 sed
2545 1436 2724 1489 divina
2778 1435 3064 1491 traditione
3093 1437 3460 1505 cognovimus.
3490 1436 3642 1491 Plato

2036 1537 2215 1580 autem
2247 1526 2327 1581 sic
2346 1510 2750 1596 argumentatus
2775 1536 2879 1590 est,
2911 1526 3213 1582 immortale
3238 1540 3358 1583 esse
3383 1525 3641 1597 quidquid

2036 1635 2135 1691 per
2154 1622 2391 1691 seipsum
2416 1630 2469 1676 et
2495 1621 2679 1685 sentit,
2702 1628 2758 1675 et
2778 1635 2996 1690 semper
3025 1629 3303 1687 movetur;
3331 1620 3473 1690 quod
3495 1620 3640 1676 enim

2036 1713 2361 1784 principium
2395 1721 2571 1766 motus
2618 1727 2724 1765 non
2758 1710 2939 1778 habet,
2980 1725 3083 1765 nec
3109 1710 3270 1766 linem
3312 1710 3637 1776 habiturum,

1964 1823 2012 1883 B
2039 1803 2164 1874 quia
2190 1802 2369 1859 deseri
2395 1819 2425 1858 a
2456 1804 2748 1873 semetipso
2776 1818 2881 1858 non
2923 1811 3122 1873 poteSt.
3157 1802 3311 1870 Quod
3357 1817 3641 1873 argumen-

2039 1908 2152 1953 tum
2187 1898 2348 1953 etiam
2394 1897 2559 1951 mutis
2585 1894 2907 1950 animalibus
2936 1895 3289 1950 aeternitatem
3320 1894 3491 1957 daret,
3536 1894 3641 1951 nisi

2040 1990 2345 2061 adjectione
2388 1989 2668 2059 sapientia:
2698 1988 3065 2061 discrevisset.
3108 1987 3329 2043 Addidit
3366 1988 3549 2059 igitur,
3581 1996 3642 2043 ut

2036 2081 2299 2153 effugeret
2338 2081 2475 2137 hanc
2502 2081 2965 2146 communitatem,
3000 2078 3115 2134 ﬁeri
3163 2095 3268 2133 non
3302 2094 3481 2150 posse,
3509 2080 3642 2150 quin

2042 2175 2113 2230 sit
2144 2172 2466 2228 immortalis
2510 2172 2723 2227 animus
2755 2171 3041 2238 humanus,
3085 2170 3236 2240 cujus
3280 2170 3521 2225 miranda
3548 2186 3641 2224 so-

2042 2266 2198 2322 lertia
2231 2264 2564 2331 inveniendi,
2596 2274 2651 2320 et
2698 2264 2954 2320 celeritas
2981 2262 3273 2334 cogitandi,
3323 2273 3378 2318 et
3417 2261 3644 2317 facilitas

2043 2360 2373 2431 percipiendi
2402 2374 2563 2431 atque
2580 2358 2844 2427 discendi,
2866 2368 2921 2415 et
2936 2358 3196 2414 memoria
3220 2357 3640 2428 praeteritorum,

1691 2469 2049 2532 VARIORUM
2086 2474 2317 2532 NOTE.

343 2642 538 2704 qumst.
566 2634 702 2689 etin
748 2631 1010 2704 Academ.
1022 2638 1229 2704 quaest.
1280 2628 1549 2704 meminit)
1592 2642 1777 2687 contra
1824 2632 1929 2687 im-

345 2701 726 2759 mortalitatem
773 2703 936 2758 animi
981 2701 1255 2757 disseruit.
1289 2701 1361 2769 Is,
1410 2701 1597 2769 inquit,
1631 2713 1740 2758 tres
1769 2704 1934 2760 libros

344 2775 584 2847 scripsit,
612 2774 704 2845 qui
732 2775 974 2847 Lesbiaci
1002 2784 1283 2847 vocantur,
1302 2774 1443 2847 quod
1466 2774 1736 2847 Mitylenis
1753 2791 1934 2830 sermo

344 2846 596 2916 habetur.
627 2853 679 2901 in
709 2846 905 2916 quibus
935 2845 1044 2899 vult
1077 2845 1291 2916 efficere
1333 2845 1543 2900 animos
1564 2845 1695 2901 esse
1734 2856 1934 2901 morta-

344 2918 447 2973 les.
477 2915 582 2972 Sed
604 2915 820 2985 scripsit
845 2916 988 2988 idem
1015 2915 1360 2971 Dicmarchus
1389 2917 1468 2988 (nt
1496 2917 1546 2970 in
1566 2918 1757 2973 eodem
1780 2917 1934 2973 Cice-

343 2989 498 3043 ronis
544 2988 681 3043 libro
712 2986 959 3059 legimus)
1003 3002 1329 3053 sermonem,
1376 2986 1533 3057 quem
1562 2988 1805 3043 Corinthi
1839 2989 1936 3043 ha-

342 3059 517 3115 bitum
548 3060 718 3115 tribus
776 3060 924 3113 libris
968 3059 1210 3127 exponit,
1243 3060 1294 3113 in
1322 3060 1517 3127 quibus
1552 3060 1769 3115 disserit
1803 3061 1932 3113 nihil

342 3146 469 3186 esse
493 3131 714 3186 omnino
761 3121 1115 3193 anininm,'et
1167 3121 1270 3184 hoc
1323 3121 1443 3184 esse
1500 3132 1717 3186 nomine
1769 3121 2010 3185 totnmC

344 3203 529 3268 inane,
558 3201 859 3268 frustraque
880 3208 938 3256 et
967 3200 1215 3255 animalia
1242 3212 1291 3254 et
1315 3203 1616 3256 animantes
1643 3202 1936 3271 appellari;

346 3289 527 3342 neque
553 3276 604 3327 in
636 3273 851 3328 homine
882 3272 1058 3327 inesse
1084 3273 1325 3342 animum
1353 3273 1436 3326 vel
1469 3275 1722 3337 animant,
1759 3289 1858 3327 nec
1886 3274 1939 3326 in

346 3341 543 3400 bestia.
595 3343 835 3399 Meminit
895 3344 1058 3409 hujus
1107 3342 1250 3397 idem
1299 3341 1411 3398 Cic.
1456 3344 1617 3397 etiam
1671 3346 1722 3397 in
1768 3344 1937 3399 Acad.

346 3414 670 3487 quaest.Sed
699 3426 755 3470 ut
807 3415 946 3470 Plut.
976 3415 1027 3469 in
1082 3415 1298 3468 Placitis
1334 3413 1544 3487 refert,
1592 3417 1802 3487 censuit
1852 3416 1942 3468 Di-

345 3490 626 3542 caearchus
651 3488 885 3541 animam
911 3501 1030 3541 esse
1046 3494 1277 3556 quatuor
1297 3486 1706 3540 elementorum.
1732 3486 1936 3540 Βετυι..

422 3558 549 3613 Cum
578 3557 888 3613 Democrito.
924 3558 1258 3612 Democritus
1302 3567 1355 3611 et
1401 3557 1663 3624 Epicurus
1706 3559 1939 3611 animam

342 3644 455 3755 ἅψει
503 3645 628 3756 clum
683 3645 910 3700 corpore
963 3628 1101 3683 m0ri
1155 3628 1325 3682 aiunt.
1390 3627 1562 3691 Plut.,
1617 3626 1829 3683 Cicero.
1887 3644 1939 3693 ι,

396 3716 527 3756 uscn
558 3741 570 3754 .

396 3716 549 3756 llSClll
558 3741 570 3754 .

426 3772 552 3827 Esse
572 3773 763 3844 inferos
791 3771 968 3826 Zenon
1016 3769 1208 3827 docuit.
1260 3770 1355 3844 De
1390 3769 1608 3844 Zenone
1656 3769 1942 3844 nihiltale

347 3839 789 3914 comperio'apud
817 3843 1141 3914 Scriptores.
1179 3842 1285 3914 sed,
1326 3841 1392 3895 de
1436 3841 1656 3914 Socrate
1686 3842 1824 3912 apud
1844 3839 1943 3914 Ci-

347 3911 514 3970 cerJI
545 3911 729 3980 Tusc},
777 3915 918 3969 circa
963 3913 1219 3967 medium.
1272 3913 1458 3967 lassus.
1492 3942 1563 3952 —-
1588 3911 1810 3968 Constat
1842 3913 1944 3966 hoc

349 3987 571 4055 quidem
594 3987 661 4040 de
691 3986 971 4055 Epicureis
1001 4002 1013 4037 :
1042 3984 1151 4038 imo
1183 3999 1288 4039 non
1316 3984 1383 4037 de
1415 3984 1612 4055 Stoicis
1639 3986 1821 4047 modo,
1845 3984 1941 4037 sed

349 4054 422 4112 de
452 4056 570 4118 ipso
621 4054 833 4126 quoilue
877 4055 1161 4126 Cicerone,
1213 4055 1305 4126 qui
1346 4055 1411 4126 in
1463 4072 1478 4108 ι
1529 4054 1690 4109 Tusc.
1744 4064 1937 4126 quaest.

350 4138 636 4198 poetarum
668 4125 755 4183 de
788 4128 971 4182 inieris
1000 4125 1204 4182 fabulas
1234 4125 1491 4198 expuam.
1522 4126 1662 4198 Quin
1696 4128 1812 4198 imo
1840 4125 1944 4181 hoc

350 4196 497 4253 idem
548 4198 675 4254 facit
731 4199 934 4254 Seneca
965 4198 1178 4253 Stoicus
1216 4198 1282 4252 ad
1314 4197 1562 4252 Marciam
1593 4197 1659 4252 de
1682 4196 1944 4252 Consola-

352 4271 521 4324 tione.
555 4270 837 4325 Excutitur
883 4270 998 4322 lure
1029 4271 1256 4336 quaistio
1303 4284 1333 4323 a
1380 4270 1629 4324 Lucretio
1682 4269 1773 4322 lib.
1804 4284 1880 4332 ιιι,
1912 4284 1942 4322 a

348 4339 626 4397 Macrobio
652 4343 717 4396 de
762 4341 986 4397 Somnio
1028 4340 1175 4404 Scip.
1206 4340 1296 4393 lib.
1322 4355 1360 4397 ι.
1392 4357 1510 4409 cap.
1544 4340 1631 4394 ll.
1667 4340 1771 4394 Sed
1828 4341 1944 4408 lege

351 4422 411 4465 tu
443 4428 510 4466 ex
544 4412 936 4467 Erclcsiasticis
970 4412 1322 4478 Augustinum
1349 4410 1437 4466 lib.
1470 4426 1566 4475 xtt,
1610 4424 1729 4481 cap.
1755 4410 1847 4475 55,
1876 4410 1944 4464 dc

348 4483 554 4538 Genesi
591 4483 655 4537 ad
687 4485 938 4538 litteram.
972 4483 1297 4547 Βετιιιιιιυε.

432 4554 724 4624 Pmphetm.
763 4556 959 4611 l’snlttt.
991 4571 1119 4621 xxx,
1149 4553 1306 4608 Luca:
1358 4568 1474 4616 xm,
1522 4552 1586 4617 '5;
1634 4550 1679 4605 ll
1727 4551 1791 4605 ad
1835 4550 1944 4605 Co-

350 4626 520 4682 rinth.
555 4642 602 4679 v.
1208 4654 1215 4661 -

433 4697 731 4751 Poetarum.
768 4695 902 4751 Vide
942 4697 1158 4751 Lucret.
1186 4697 1279 4751 lib.
1311 4711 1390 4761 ιιι,
1419 4694 1558 4749 circa
1603 4694 1782 4749 finem.
1816 4693 1947 4747 Poe-

350 4778 543 4831 tarum,
578 4772 736 4822 etiam
767 4769 1089 4837 tragiCtirum
1135 4769 1384 4821 maxime.
1436 4766 1698 4819 Hotncrus
1743 4764 1947 4837 inferos

350 4839 612 4894 deseribit
653 4835 922 4908 Odyss—ia
955 4854 1111 4907 quem
1140 4850 1353 4893 secutus
1374 4847 1452 4891 est
1472 4838 1615 4905 \irg.
1635 4837 1687 4891 in
1703 4835 1943 4901 vt,0vid.

353 4913 412 4966 in
437 4926 487 4965 tv
511 4910 660 4977 Mct.,
684 4911 847 4966 Silius
875 4912 926 4965 in
954 4910 1174 4964 Luciau.
1198 4911 1250 4962 in
1277 4908 1568 4963 Charonte.
1599 4909 1799 4963 BETUL.

430 4982 761 5053 Argumenta.
793 4981 920 5035 Mss.
952 4981 995 5053 72
1031 4995 1139 5035 rec.
1172 4992 1225 5034 et
1254 4979 1320 5035 10
1365 4981 1574 5053 excusi,
1606 4981 1947 5053 documenta;

350 5051 536 5110 cmteri
567 5064 623 5107 ut
654 5052 704 5106 in
739 5062 906 5108 textu.
945 5052 1076 5107 Vide
1106 5067 1257 5122 seqq.
1286 5062 1337 5106 et
1368 5052 1520 5122 initio
1542 5066 1660 5120 cap.
1693 5051 1746 5106 9.

432 5124 623 5178 Tamen
666 5141 850 5194 parum
889 5124 1073 5178 habent
1120 5120 1400 5192 ﬁrmitatis.
1454 5120 1526 5177 Ut
1577 5120 1945 5194 philosophica

350 5196 536 5250 omnia
564 5193 691 5249 sunt
733 5194 1291 5256 Bozoﬁvradttmtaxat,
1317 5210 1414 5248 nec
1437 5205 1585 5247 certo
1612 5193 1742 5259 ipsis
1763 5203 1949 5244 aucto-

352 5267 511 5323 ribus
561 5278 855 5321 constant:
889 5270 958 5320 ita
1015 5269 1066 5319 in
1123 5264 1573 5334 disputationibus
1631 5262 1948 5328 theologicis

352 5338 691 5410 pronuntiati
718 5338 1094 5410 auctoritatem
1139 5352 1253 5410 non»
1266 5336 1472 5410 habent
1503 5335 1773 5410 ullant,_et
1798 5337 1867 5386 ob
1894 5334 1945 5387 id

354 5406 458 5465 itec
482 5408 716 5474 Platoni,
746 5424 845 5464 nec
874 5408 1211 5479 Pythagorae.
1244 5408 1367 5461 licet
1396 5408 1508 5474 ipse
1539 5406 1758 5469 dixerit,
1784 5415 1838 5459 et
1858 5420 1948 5479 ve-

352 5480 573 5553 ritatem
600 5482 736 5553 adeo
761 5477 981 5545 dixerit,
1012 5479 1344 5533 credendum
1378 5487 1657 5553 propterea
1687 5485 1790 5536 est,
1823 5477 1947 5553 quia

353 5551 513 5618 dixit,
541 5552 636 5607 sed
664 5552 785 5621 quia
809 5566 996 5606 verum
1019 5559 1120 5616 est,
1151 5560 1202 5604 et
1223 5551 1472 5621 convenit
1494 5563 1612 5602 cum
1632 5551 1950 5602 auctoritate

354 5624 589 5677 C(BleSIi.
637 5619 991 5678 oraculorum
1037 5624 1181 5676 enim
1229 5619 1530 5674 divinorum
1583 5626 1726 5671 tanta
1781 5621 1949 5673 virtus

356 5703 466 5755 est,
511 5703 566 5747 ut
618 5696 728 5763 ipsa
759 5695 921 5749 etiam
961 5695 1135 5748 oratio
1178 5694 1252 5747 rei
1284 5693 1343 5746 τὸ
1381 5687 1506 5746 εἶναι
1531 5688 1752 5763 afferat;
1783 5699 1836 5742 et
1879 5689 1949 5763 ob

357 5764 594 5829 idipsum
639 5760 832 5820 verum
881 5765 968 5829 sit,
1014 5765 1175 5818 vitam
1216 5777 1335 5818 esse
1378 5761 1783 5829 setnpitrrnatn,
1824 5760 1948 5829 quia

361 5832 471 5890 hoc
486 5849 654 5893 sacra:
681 5835 1028 5906 prodiderunt
1055 5834 1370 5906 Scriptura»,
1402 5848 1501 5889 nec
1528 5831 1579 5890 id
1601 5830 1780 5891 minus
1798 5845 1944 5899 vere,

1970 4515 2025 4574 D

2039 2652 2198 2708 quam
2245 2637 2289 2691 si
2328 2636 2477 2690 dicas
2502 2655 2515 2691 :
2540 2634 2680 2691 Caro
2708 2644 2993 2708 resurget;
3034 2649 3163 2704 ergo
3201 2647 3355 2689 sacra
3394 2632 3639 2708 doctrina

2041 2705 2166 2763 vera
2193 2717 2295 2762 est.
2324 2709 2459 2776 Quia
2489 2724 2591 2762 vox
2619 2707 2859 2763 coelesds
2883 2705 2986 2761 ’rci
3037 2720 3253 2761 causam
3306 2705 3530 2775 prabet,
3579 2714 3637 2759 ut

2041 2779 2132 2834 sit.
2165 2780 2365 2836 Βετιιι..

2116 2849 2318 2905 Elicere
2347 2865 2614 2917 possumus
2643 2849 2926 2903 veritatem.
2955 2848 3044 2903 Sic
3071 2848 3191 2918 lego
3216 2861 3335 2901 cum
3366 2861 3495 2900 mss.
3528 2846 3639 2901 Bo.

2042 2939 2197 2983 non.,
2248 2939 2285 2976 ιι
2322 2923 2456 2992 Reg.
2489 2924 2642 2976 bona:
2688 2930 2849 2981 notae,
2894 2920 3063 2974 Brun.
3105 2917 3169 2973 ac
3195 2918 3321 2973 edit.
3356 2917 3538 2992 Betui.
3577 2917 3642 2972 Et

2044 3007 2208 3048 recte.
2244 2995 2333 3048 Sic
2359 2988 2531 3047 verum
2557 2993 2736 3046 elicere
2764 2993 2902 3060 apud
2938 2992 3204 3051 Plautum,
3237 2999 3290 3045 et
3309 2989 3449 3059 apud
3480 2988 3639 3044 Cice-

2043 3080 2230 3119 rooetn
2263 3081 2313 3119 tv
2343 3064 2687 3127 Academia;
2721 3064 2751 3116 7
2781 3064 2900 3116 aliis
2922 3073 3026 3126 est,
3059 3063 3261 3131 eligere.

2120 3136 2271 3191 Plato
2302 3146 2467 3189 autem
2513 3135 2584 3188 sic
2620 3143 3002 3205 argumentatus
3028 3144 3120 3205 est.
3155 3132 3208 3185 lu
3242 3131 3534 3205 Phaedone,
3582 3131 3636 3186 in

2044 3207 2291 3273 Metione,
2330 3207 2397 3261 de
2430 3202 2718 3273 Republica
2746 3221 2784 3266 ι.
2822 3205 2889 3258 de.
2920 3204 3151 3273 Legibus
3188 3218 3285 3256 xu.
3322 3202 3477 3269 Apud
3506 3203 3641 3257 Lac-

2045 3280 2270 3332 tantinm
2304 3278 2573 3332 Sentiendi
2593 3279 2811 3331 verbum
2837 3276 3075 3345 irropsit,
3108 3275 3288 3329 nescio
3314 3275 3475 3345 unde,
3497 3273 3641 3343 quod

2043 3365 2112 3404 ne
2135 3350 2275 3414 apud
2305 3349 2620 3403 Ciceronem
2652 3347 2868 3419 quidem
2897 3344 3001 3409 est,
3036 3345 3272 3419 qni_h;ec
3303 3344 3640 3419 eadem__\‘er-_

2043 3421 2106 3474 ba
2142 3422 2193 3473 in
2222 3423 2395 3489 primo
2416 3418 2579 3473 Tusc.
2604 3415 2797 3488 quiest.
2833 3418 3104 3471 transtulit
3136 3415 3239 3471 hoc
3264 3415 3426 3469 modo
3451 3432 3465 3469 :
3492 3415 3641 3480 Quod

2043 3508 2240 3553 semper
2269 3501 2513 3552 movetur,
2556 3492 2610 3542 id
2652 3499 2895 3543 aeternum
2925 3498 2997 3542 est
3027 3503 3045 3540 :
3072 3489 3205 3556 quod
3234 3498 3401 3539 autent
3449 3497 3641 3538 motum

2038 3563 2209 3631 adfert
2238 3561 2413 3622 alicui,
2447 3563 2678 3629 quodque
2704 3561 2870 3629 ipsum
2899 3559 3125 3628 agitatur
3154 3558 3381 3631 aliunde,
3429 3556 3639 3631 quando

2045 3627 2199 3701 linem
2274 3633 2419 3685 habet
2462 3627 2674 3695 'motus,
2727 3627 2947 3684 uisendi,
2986 3644 3182 3699 quoque
3212 3699 3219 3701 Α
3250 3628 3403 3695 linem
3458 3627 3641 3681 habent

2046 3699 2245 3758 necesse
2315 3713 2408 3757 est.
2479 3703 2659 3757 Solum
2725 3704 2880 3773 igitur
2951 3701 3085 3768 quod
3151 3699 3372 3766 seipsum
3437 3706 3637 3773 movet,

2044 3776 2165 3845 quia
2217 3790 2476 3843 nunquam
2529 3770 2773 3827 deseritur
2817 3790 2867 3845 αῖ
2905 3787 2994 3845 se,
3039 3786 3295 3845 nunquam
3340 3784 3403 3822 ne
3455 3770 3642 3822 moveri

2045 3842 2245 3914 quidem
2273 3846 2477 3898 desiuit.
2513 3846 2716 3900 BETUL.
2745 3872 2814 3884 --
2849 3844 2921 3897 De
2952 3844 3053 3914 hoc
3080 3842 3325 3914 Platonis
3354 3854 3641 3914 argumen-

2046 3911 2100 3972 to
2146 3916 2359 3972 videndi
2416 3917 2648 3970 Macrob.
2680 3916 2771 3970 lib.
2818 3930 2856 3968 ιι
2911 3915 2961 3966 in
3015 3912 3202 3968 Somn.
3241 3911 3480 3979 Scipion.
3518 3924 3638 3975 cap.

2054 3989 2118 4043 1⁸5
2146 3999 2198 4042 et
2231 3989 2513 4056 seqq.;.S.
2560 3987 2817 4043 Athanas.
2867 3987 2917 4038 in
2955 3985 3104 4056 ()rat.
3137 3992 3324 4037 contra
3364 3980 3531 4047 ldol.;
3578 3980 3635 4036 S.

2047 4059 2284 4113 Thomas
2314 4055 2355 4111 ιι
2378 4069 2563 4112 eontra
2591 4057 2775 4119 Gent.,
2803 4072 2921 4124 cap.
2953 4055 3043 4110 8‘2.

2122 4128 2187 4182 Et
2217 4133 2387 4185 sentit.
2426 4130 2588 4185 Deest
2614 4132 2665 4183 in
2696 4122 2966 4183 Pincdoue
2989 4136 3041 4181 et
3072 4123 3212 4195 apud
3240 4122 3559 4179 Ciceronem
3587 4124 3641 4178 in

2047 4199 2335 4255 Tuscttlatt.
2367 4201 2570 4269 Quaest.

2120 4271 2299 4326 Desert'
2326 4291 2356 4325 α
2381 4265 2669 4339 semetipso.
2704 4269 2802 4323 Ms.
2825 4285 2840 4323 ι
2866 4269 3073 4324 Bouon.
3101 4267 3275 4335 antiq.
3299 4265 3586 4339 desiderari
3612 4281 3645 4318 tt

2044 4345 2212 4413 διείρεο
2240 4360 2341 4396 non
2374 4335 2570 4409 potest;
2616 4340 2732 4404 sed,
2786 4349 2842 4393 ut
2881 4351 3028 4395 recte
3074 4347 3257 4413 monet
3299 4335 3641 4413 Thogtasitrs,

2048 4406 2329 4482 utriusque
2370 4406 2618 4467 lectionis
2648 4416 2846 4480 optima
2887 4421 2965 4482 est
2996 4409 3282 4482 sententia.
3307 4436 3377 4482 —;
3404 4406 3582 4482 Περενί
3612 4424 3645 4461 a

2048 4476 2314 4552 semetipso
2344 4501 2445 4537 non
2475 4493 2653 4549 potest.
2686 4476 2977 4551 Expressit
3001 4481 3317 4535 Ciceronem
3346 4479 3430 4552 lat
3456 4476 3643 4552 Tu_sc.,

2051 4570 2101 4608 c.
2133 4548 2241 4608 253
2270 4554 2421 4620 Quod
2446 4548 2500 4608 se
2523 4555 2692 4624 ipsum
2719 4548 2899 4613 movet,
2936 4554 3346 4624 rquia‘nunquam
3377 4548 3646 4624 deseritur

2050 4641 2080 4680 a
2111 4641 2191 4690 se,
2222 4642 2480 4696 nunquam
2520 4621 2582 4678 ne
2609 4624 2796 4679 moveri
2821 4623 3022 4693 quidem
3047 4621 3320 4696 desiuit....
3350 4621 3498 4696 sentit
3525 4621 3644 4673 ani-

2050 4714 2164 4749 mus
2194 4714 2247 4751 se
2272 4692 2550 4750 ntoveri....
2580 4697 2650 4752 Se
2689 4698 2738 4750 vi
2765 4692 2861 4749 sua
2895 4709 3000 4747 nou
3048 4693 3219 4747 aliena
3264 4692 3491 4756 moveri,
3545 4705 3647 4746 nec

2051 4768 2364 4823 accidere...
2389 4783 2569 4839 posse,
2591 4777 2648 4821 nt
2670 4768 2783 4838 ipse
2806 4779 3037 4839 unquam
3057 4780 3091 4839 ag
3104 4779 3161 4819 se
3182 4763 3486 4839 deseratur.
3508 4761 3640 4839 Bos.

2127 4840 2275 4905 Quod
2313 4834 2817 4906 argumentumfetc.
2849 4834 2979 4902 Quin
3007 4836 3324 4891 universalis
3353 4834 3646 4906 propositio

2051 4902 2339 4983 estprius:
2366 4902 2520 4983 ᾦυχὴ
2550 4913 2815 4983 saeuam.
2845 4908 2950 4983 Sed
2985 4909 3256 4983 Platonem
3278 4902 3480 4983 Δἴοιίιιιίι
3509 4902 3644 4955 Lac-

2053 4981 2204 5034 tantii
2236 4975 2653 5048 repréhénsioue
2680 4980 2930 5035 defendet
2969 4982 3026 5035 τὸ
3055 4980 3201 5034 καλὸν
3225 4976 3324 5047 (sic
3353 4975 3645 5048 cnim_ora-

2052 5053 2127 5105 tio
2151 5044 2480 5121 inscribitur)
2506 5052 2645 5120 quod
2672 5066 2776 5106 non
2802 5053 2852 5106 in
2878 5052 3084 5113 bestiis,
3114 5050 3207 5103 sed
3236 5044 3289 5101 in
3314 5044 3640 5110 hominibus,

2049 5124 2293 5193 adeoque
2324 5125 2374 5177 in
2406 5126 2583 5177 anima
2613 5123 2861 5183 rationali
2887 5121 3269 5193 Iocum_habet_.

2122 5184 2353 5251 Addidit.
2389 5195 2518 5249 Vide
2545 5195 2679 5249 Plat.
2712 5195 2850 5265 apud
2876 5192 2988 5245 Cic.
3019 5189 3283 5265 tT‘nscul.
3305 5194 3358 5240 et
3386 5184 3450 5265 ad
3481 5185 3641 5265 linem

2050 5264 2241 5320 Caton.
2276 5266 2465 5335 major.
2487 5268 2598 5320 sive
2620 5266 2687 5321 de
2716 5255 2929 5323 S'enect.
2962 5271 3017 5316 et
3047 5276 3063 5314 ι
3088 5258 3307 5313 Conso].
3339 5266 3396 5311 ut
3418 5255 3514 5311 inf.
3546 5257 3640 5312 lib.

2050 5337 2117 5391 de
2142 5336 2224 5391 Ira
2261 5338 2351 5391 Dei
2379 5354 2496 5405 cap.
2543 5339 2611 5394 10
2647 5337 2710 5389 ad
2751 5338 2840 5389 lin.

2123 5408 2284 5478 Cujus
2315 5400 2549 5462 miranda
2578 5408 2804 5478 solertia.
2838 5404 2960 5458 llzrc
2991 5400 3153 5457 verba
3195 5415 3300 5457 ttOn
3329 5415 3360 5455 a
3398 5400 3642 5464 Platone,

2050 5478 2143 5534 sed
2176 5477 2243 5532 ab
2274 5483 2388 5547 ipso
2415 5481 2676 5535 Cicerone
2702 5477 3048 5547 additasunt.

2128 5544 2385 5604 Discendi.
2420 5550 2472 5603 In
2501 5550 2534 5605 6
2558 5566 2685 5602 mss.
2719 5559 2773 5603 et
2800 5546 2923 5601 edd.
2954 5548 2986 5600 4
3018 5558 3099 5600 est
3138 5546 3481 5600 discernendi.
3511 5544 3646 5600 Vide

2052 5619 2191 5674 infra
2222 5637 2342 5691 cap.
2368 5622 2460 5675 2'2.
2496 5623 2545 5674 in
2580 5621 2683 5673 fine
2711 5637 2722 5672 :
2757 5619 2819 5674 In
2849 5618 3017 5689 pueris
3043 5626 3158 5691 sunt
3185 5620 3391 5687 ingenia
3418 5618 3498 5691 ad-
3526 5631 3643 5691 per-

2050 5686 2339 5758 cipiendum
2371 5693 2583 5762 fueriin;
2623 5693 2760 5760 quod
2805 5686 2864 5746 ea
2905 5706 3018 5753 qua:
3054 5686 3378 5762 diseaut.‘itu
3424 5686 3649 5762 celeriter

2050 5752 2277 5831 rapiant,
2307 5752 2495 5817 ut'non
2522 5752 2645 5817 tunc.
2658 5767 2881 5834 primum
2909 5763 3100 5819 discere
3124 5760 3215 5814 illa
3241 5760 3531 5819 videantur,
3561 5752 3649 5805 sed

2050 5846 2407 5901 recognoscere
2433 5845 2583 5911 atque
2603 5838 2886 5897 reminisci.
