4134 6204
576 257 683 320 767

1651 278 1837 337 FIRM.
1880 281 2248 344 LACTANTII
2279 288 2482 349 DlVlN.
2524 290 2766 351 lNSTlT.

3778 300 3880 360 768

578 397 700 492 cum
732 386 891 493 mutis
939 388 1260 494 animalibus
1300 391 1571 465 ducimus,
1604 405 1660 454 et
1687 400 2017 470 voluptatem
2075 419 2172 461 ex-
2200 409 2249 469 Α
2278 419 2534 480 perpetua
2562 421 2664 477 est,
2697 428 2797 470 nec
2822 413 3102 474 discedere
3130 418 3199 474 ab
3224 433 3285 474 ea
3311 429 3504 489 potest,
3529 424 3619 494 qui
3650 438 3769 480 eam
3793 440 3877 481 se-

580 479 741 550 petit,
774 479 928 551 cujus
968 481 1231 561 fructibus
1259 488 1422 545 variis
1458 504 1523 544 ac
1562 493 1818 549 suavibus
1850 494 2169 565 delectatur,

578 581 634 628 et
665 571 908 630 dolorem
941 577 1094 648 l'ugit,
1123 579 1277 650 cujus
1306 582 1570 650 asperitas
1598 595 1844 641 naturam
1878 588 2174 646 viventium

578 666 796 722 acerbis
837 669 1085 727 sensibus
1136 673 1299 741 lmdit,
1330 684 1385 731 et
1411 676 1477 731 ad
1507 687 1733 735 mortem
1777 681 2068 749 perducere
2095 684 2178 739 ni-

580 759 752 828 titur,
807 778 927 833 quae
964 764 1209 821 dissolvit
1254 770 1604 827 animantem.
1651 774 1706 831 Si
1750 791 1878 847 ergo
1926 778 2098 834 virtus
2124 788 2178 835 et

579 853 832 926 prohibet
863 856 930 913 iis
979 861 1135 915 bonis
1185 860 1454 919 hominem
1476 905 1490 930 ,
1524 882 1643 937 quae
1673 870 1986 926 naturaliter
2012 888 2178 943 appe-

581 953 791 1015 tuntur,
816 956 873 1004 et
896 950 961 1004 ad
1005 954 1322 1009 sustinenda
1355 957 1492 1011 mala
1525 959 1774 1028 impellit,
1805 978 1926 1032 qua:
1957 974 2175 1022 natura-

586 1035 714 1094 liter
739 1039 1055 1111 l‘ugiuntur;
1101 1061 1231 1116 ergo
1259 1048 1394 1103 mala
1423 1057 1506 1103 est
1531 1051 1718 1116 virtus,
1750 1061 1805 1108 et
1831 1055 2042 1112 inimica
2080 1073 2180 1112 na-

584 1137 741 1197 turae,
772 1133 1104 1204 stultumque
1119 1136 1349 1207 judicari
1374 1155 1596 1197 DCCCSSC
1625 1152 1710 1198 est
1729 1145 1821 1214 qui
1852 1162 1968 1202 eam
1996 1150 2181 1220 sequi-

578 1231 693 1289 tur,
716 1227 971 1295 quoniam
998 1244 1057 1283 se
1089 1230 1202 1299 ipse
1220 1231 1388 1297 lmdit,
1418 1243 1472 1289 et
1501 1234 1752 1306 fugiendo
1778 1237 1915 1293 bona
1948 1257 2182 1310 pra-sen-

585 1314 679 1379 tia,
733 1326 788 1372 et
841 1321 1145 1389 appetendo
1184 1340 1337 1394 aeque
1368 1327 1508 1381 mala
1539 1329 1657 1383 siue
1702 1345 1800 1402 spe
1828 1331 2036 1388 fructus
2062 1350 2179 1390 am-

585 1406 796 1476 plioris.
846 1409 979 1465 Nam
1011 1428 1131 1467 cum
1156 1415 1316 1470 liceat
1346 1419 1500 1473 nobis
1520 1420 1928 1489 jucundissimis
1959 1425 2060 1481 frui
2083 1442 2181 1482 vo-

588 1499 904 1571 luptatibus,
937 1519 1116 1561 nonne
1139 1522 1299 1563 sensu
1326 1526 1512 1568 carere
1532 1514 1830 1582 videamur,
1861 1519 1905 1573 si
1937 1519 2184 1577 malimus

587 1592 641 1646 iu
676 1592 1009 1664 humilitate,
1042 1598 1097 1653 in
1129 1610 1385 1671 egestate,
1420 1603 1471 1658 in
1503 1616 1838 1677 contemptu,
1869 1610 1920 1664 in
1951 1611 2183 1682 ignomi-

586 1686 674 1741 nia
706 1687 920 1755 vivere,
963 1700 1054 1746 aut
1084 1708 1152 1747 ne
1194 1694 1379 1750 vivere
1404 1697 1619 1766 quidem
1643 1741 1657 1765 ,
1707 1701 1801 1757 sed
1831 1702 2019 1758 dolore
2064 1719 2185 1760 cru-

586 1776 739 1841 ciari,
767 1787 820 1833 et
842 1781 999 1848 mori,
1024 1798 1089 1837 ex
1116 1784 1311 1853 quibus
1339 1787 1493 1841 malis
1512 1788 1645 1845 nihil
1670 1793 1901 1863 amplius
1930 1809 2185 1867 assequa-

586 1882 730 1931 mur,
763 1885 869 1940 quo
909 1876 1080 1942 possit
1109 1876 1356 1948 voluptas
1394 1882 1592 1937 omissa
1648 1888 1898 1954 pensiiri?
1924 1888 1980 1943 Si
2005 1899 2182 1945 autem

588 1961 760 2015 virtus
792 1964 988 2019 malum
1022 1983 1127 2023 non
1156 1978 1261 2038 est,
1293 1971 1528 2043 facitque
1561 1978 1802 2045 honeste,
1828 1980 1970 2050 quod
1999 1983 2187 2054 volup-

588 2060 730 2111 tates
755 2054 974 2113 vitiosas
1020 2070 1311 2133 turpesque
1342 2068 1641 2122 contemnit
1665 2080 1719 2124 et
1763 2070 1973 2128 inrtiter
1997 2115 2012 2141 ,
2042 2075 2184 2147 quod

588 2161 689 2203 nec
718 2148 982 2219 dolorem,
1019 2171 1117 2210 uec
1148 2168 1376 2215 mortem
1407 2161 1583 2229 timet,
1615 2172 1671 2219 ut
1698 2165 1936 2222 ofﬁcium
1968 2181 2183 2239 servet;

589 2256 719 2310 ergo
748 2243 921 2314 majus
964 2246 1183 2318 aliquod
1219 2251 1417 2307 bonum
1467 2267 1785 2327 assequatur
1811 2277 2033 2319 necesse
2058 2275 2142 2320 est
2164 2307 2183 2333 ,

592 2349 752 2403 quam
781 2343 904 2391 sunt
935 2337 1022 2392 illa
1051 2356 1173 2411 quae
1190 2345 1419 2414 spernit.
1451 2347 1519 2401 At
1546 2364 1675 2404 vero
1698 2360 1869 2407 morte
1902 2333 2148 2425 suscepta
2168 2399 2184 2425 ,

589 2425 732 2493 quod
758 2426 981 2485 ulterius
1007 2430 1204 2488 bonum
1242 2438 1449 2507 sperari
1479 2449 1694 2509 potest,
1738 2442 1837 2498 nisi
1875 2448 2188 2506 aeternitas?

1219 2572 1447 2632 CAPUT
1484 2578 1552 2633 X.

720 2679 797 2736 De
823 2684 959 2737 vitiis
988 2695 1036 2739 et
1071 2687 1343 2744 virtutibus
1361 2733 1375 2757 ,
1407 2703 1559 2764 atque
1586 2694 1652 2748 de
1669 2697 1774 2751 vita
1808 2708 1854 2753 et
1881 2709 2059 2757 morte.

668 2816 1027 2878 Transeamus
1053 2840 1195 2881 nunc
1223 2827 1455 2883 vicissim
1486 2830 1552 2884 ad
1583 2845 1645 2886 ea
1675 2846 1797 2903 qua:
1820 2834 2000 2889 virtuti
2032 2851 2190 2907 repu-

593 2920 793 2980 gnant,
824 2924 882 2968 ut
906 2915 1072 2971 etiam
1099 2933 1164 2973 ex
1206 2918 1288 2972 his
1333 2920 1708 2979 immortalitas
1747 2927 1942 2982 animm
1976 2929 2194 2999 colliga-

593 3013 698 3060 tur.
733 3004 870 3062 Vitia
915 3011 1092 3064 omnia
1139 3014 1454 3082 temporalia
1485 3026 1639 3078 sunt;
1670 3017 1737 3074 ad
1782 3034 2019 3087 praesens
2048 3022 2189 3077 enim

595 3109 1019 3155 commoventur.
1054 3101 1149 3156 Irae
1195 3105 1429 3175 impetus
1459 3122 1672 3179 recepta
1715 3112 1916 3167 ultione
1952 3113 2191 3169 sedatur.

2279 502 2383 557 mel
2414 505 2577 573 cepit.
2605 505 2738 562 Nam
2788 508 2832 563 si
2868 509 3067 567 habeat
3095 513 3436 571 intervallum
3461 557 3477 584 ,
3509 518 3553 572 si
3594 518 3877 589 aliquando

2280 609 2344 651 ea
2375 611 2562 654 carere
2612 614 2930 669 possumus,
2979 604 3229 661 redibunt
3265 609 3508 677 protinus
3556 611 3717 679 vitia,
3763 628 3877 682 qua:

2281 690 2533 746 virtutem
2566 708 2782 763 semper
2809 696 3144 767 impugnant.
3185 698 3302 755 Non
3337 710 3421 756 est
3448 701 3608 771 igitur
3635 717 3882 775 compre-
3952 752 3957 757 .

2280 782 2471 852 hensa,
2498 785 2542 840 si
2569 786 2793 855 deserit,
2826 790 2868 844 si
2898 790 3186 862 aliquando
3212 795 3434 850 secedit.
3466 794 3600 852 Cum
3621 814 3753 852 vero
3772 799 3874 854 sibi

2282 876 2621 933 domicilium
2661 880 2855 936 stabile
2883 883 3188 952 collocavit,
3225 888 3276 942 in
3319 891 3465 943 omni
3512 900 3632 946 actu
3680 891 3878 947 versari

2282 985 2401 1027 eam
2432 986 2656 1026 necesse
2683 982 2793 1038 est;
2830 990 2929 1031 nec
2956 988 3131 1047 potest
3162 979 3391 1044 fideliter
3417 982 3692 1051 depellere
3721 984 3841 1040 vitia
3862 1027 3877 1052 ,

2284 1073 2338 1120 et
2364 1063 2547 1135 fugare
2569 1105 2585 1132 ,
2640 1064 2739 1118 nisi
2772 1079 2990 1136 pectus,
3037 1072 3179 1141 quod
3211 1073 3404 1131 insedit
3425 1117 3440 1141 ,
3474 1087 3731 1146 perpetua
3771 1088 3880 1133 sta-

2286 1157 2432 1213 tione
2462 1162 2738 1220 munierit.
2769 1165 2887 1236 Ipsa
2913 1178 3042 1235 ergo
3069 1166 3283 1219 virtutis
3311 1169 3877 1237 perpetuitasindicat,

2287 1252 2580 1311 lmmanum
2626 1259 2886 1325 animum,
2919 1259 2963 1314 si
2991 1260 3237 1315 virtutem
3267 1260 3491 1329 ceperit,
3523 1277 3881 1331 permanere;

2286 1347 2410 1417 quia
2438 1357 2491 1402 et
2522 1349 2692 1404 virtus
2721 1359 2975 1418 perpetua
3004 1360 3109 1417 est,
3138 1361 3192 1405 et
3214 1351 3361 1404 solus
3386 1352 3597 1407 animus
3620 1352 3886 1431 humanus

2287 1441 2541 1496 virtutem
2590 1443 2752 1513 capit.
2785 1443 3049 1511 Quoniam
3091 1442 3252 1515 igitur
3276 1444 3542 1499 contraria
3587 1456 3715 1501 sunt
3761 1448 3888 1503 vitia

2292 1537 2497 1602 virtuti,
2528 1538 2705 1592 omnis
2744 1541 2882 1594 ratio
2910 1538 3117 1593 diversa
3160 1547 3216 1593 et
3258 1536 3528 1593 contraria
3557 1539 3626 1594 sit
3668 1555 3892 1597 necesse

2289 1639 2390 1686 est.
2419 1630 2553 1699 Quia
2585 1631 2713 1685 vitia
2759 1631 3149 1688 commotiones
3172 1640 3227 1686 et
3261 1631 3698 1702 perturbationes
3725 1633 3890 1689 animi

2290 1734 2433 1790 sunt,
2468 1727 2635 1781 virtus
2663 1741 2695 1782 e
2724 1728 2999 1783 contrario
3039 1726 3276 1782 lenitudo
3302 1737 3357 1783 et
3379 1727 3737 1799 tranquillitas
3771 1728 3889 1784 ani-

2214 1807 2261 1867 B
2291 1817 2361 1872 mi
2391 1826 2492 1872 est.
2524 1816 2657 1886 Quia
2703 1818 2827 1872 vitia
2877 1819 3187 1890 temporalia
3240 1828 3293 1873 ct
3324 1814 3505 1874 brevia
3536 1828 3694 1885 sunt;
3726 1820 3895 1875 virtus

2290 1919 2547 1981 perpetua
2578 1919 2632 1966 et
2661 1920 2938 1974 constans,
2970 1921 3024 1968 et
3053 1927 3147 1983 par
3180 1912 3281 1968 sibi
3313 1908 3546 1983 semper.
3572 1912 3709 1980 Quia
3737 1913 3899 1969 vitio-

2291 2021 2408 2061 rum
2438 2007 2665 2073 fructus,
2699 2008 2749 2063 id
2780 2017 2882 2077 est,
2910 2009 3231 2077 voluptates,
3261 2025 3415 2080 aeque
3447 2020 3505 2065 ut
3534 2011 3666 2081 ipsa,
3697 2011 3895 2068 breves

2292 2100 2722 2171 temporalesque
2744 2112 2901 2168 sunt,
2925 2103 3134 2158 virtutis
3153 2118 3281 2174 ergo
3301 2102 3506 2159 fructus
3531 2119 3592 2159 ac
3610 2105 3893 2176 prmmium

2289 2196 2676 2264 sempiternum
2705 2206 2808 2262 est,
2841 2199 2964 2267 quia
2998 2200 3251 2255 vitiorum
3282 2200 3626 2257 commodum
3660 2203 3714 2258 in
3751 2218 3901 2274 prte-

2289 2291 2426 2345 senti
2457 2301 2559 2357 est,
2589 2293 2798 2348 virtutis
2826 2293 2987 2365 igitur
3009 2294 3058 2349 in
3089 2293 3285 2351 futuro.

2361 2387 2437 2443 Ita
2472 2389 2558 2453 tit,
2590 2396 2648 2442 ut
2677 2387 2731 2442 in
2762 2390 2861 2444 hac
2886 2389 2995 2444 vita
3024 2390 3237 2446 virtutis
3264 2392 3543 2462 praemium
3567 2392 3774 2448 nullum
3802 2392 3901 2455 sit,

2289 2479 2414 2551 quia
2441 2478 2610 2534 virtus
2636 2479 2810 2535 adlme
2844 2480 2960 2549 ipsa
2987 2490 3088 2537 est.
3134 2481 3269 2538 Nam
3309 2483 3449 2539 sicut
3495 2485 3620 2540 vitia
3640 2527 3655 2551 ,
3682 2499 3809 2540 cum
3837 2485 3895 2540 in

2291 2580 2411 2628 actu
2429 2588 2528 2628 suo
2551 2573 2827 2640 liniuntur,
2844 2575 3093 2645 voluptas
3115 2584 3167 2632 et
3185 2577 3404 2647 praemia
3430 2592 3620 2634 eorum
3650 2594 3905 2648 sequun-

2292 2673 2380 2721 tur
2412 2684 2426 2721 :
2455 2668 2527 2721 ita
2560 2667 2730 2721 virtus
2750 2709 2765 2735 ,
2792 2683 2912 2722 cum
2947 2668 3091 2723 ﬁnita
3114 2679 3233 2737 est,
3259 2686 3467 2727 merces
3510 2673 3629 2743 ejus
3654 2673 3906 2743 insequi-

2293 2768 2401 2816 tur.
2436 2761 2614 2815 Virtus
2643 2771 2823 2818 autem
2866 2778 3138 2833 nunquam
3170 2764 3272 2819 nisi
3305 2774 3480 2821 morte
3508 2765 3715 2828 linitur,
3745 2751 3907 2837 .quo-

2294 2854 2437 2909 niam
2462 2862 2515 2908 et
2540 2855 2589 2908 iu
2624 2852 2797 2910 morte'
2827 2855 3167 2927 suscipienda
3198 2871 3465 2912 summum
3506 2858 3623 2927 ejus
3657 2857 3901 2913 officium

2296 2957 2399 3002 est.
2443 2948 2583 3017 Ergo
2624 2948 2900 3012 przemium
2933 2948 3145 3003 virtutis
3175 2958 3295 3018 post
3335 2958 3563 3004 mortem
3590 2959 3693 3004 est.
3737 2950 3907 3006 Deni—

2295 3053 2401 3110 que
2429 3038 2620 3092 Cicero
2643 3038 2693 3092 in
2719 3038 3059 3104 Tusculanis,
3088 3041 3332 3110 quamvis
3359 3040 3689 3107 dubitanter,
3716 3050 3905 3097 tamen

2297 3132 2493 3194 sensit,
2520 3146 2789 3186 smumum
2824 3131 3026 3186 homini
3074 3132 3272 3186 bonum
3319 3147 3423 3187 non
3455 3134 3554 3188 nisi
3600 3143 3717 3204 post
3758 3150 3913 3191 mor-

596 3188 859 3247 Libidinis
883 3192 1131 3264 voluptas
1156 3199 1395 3267 corporis
1426 3201 1546 3256 linis
1571 3212 1672 3259 est.
1704 3203 2061 3274 Cupiditatem
2101 3219 2185 3263 aut

2299 3231 2402 3276 lem
2429 3224 2760 3291 contingere.
2794 3241 2813 3273 ι
2848 3222 3058 3277 Fidcttli
3102 3225 3320 3290 animo,
3354 3228 3519 3295 lnquit
3541 3268 3556 3290 ,
3599 3226 3645 3279 si
3698 3227 3771 3280 ita
3818 3243 3908 3284 res

599 3283 820 3338 satietas
841 3300 1023 3340 earum
1044 3302 1243 3352 rerum,
1268 3305 1402 3360 quas
1421 3295 1639 3364 expetit,
1668 3307 1758 3351 aut
1778 3297 2006 3353 aliorum
2024 3299 2189 3357 allec-

596 3385 745 3432 tuum
791 3382 1181 3438 commotiones
1223 3384 1558 3443 interimunt.
1606 3390 1863 3458 Ambitio,
1908 3401 2190 3464 postquam

597 3468 831 3527 honores
874 3488 1010 3543 quos
1056 3475 1225 3530 voluit
1270 3476 1462 3549 adepta
1505 3490 1606 3547 est,
1656 3484 2011 3539 consenescit.
2058 3484 2191 3540 Item

596 3571 791 3617 caetera
834 3563 957 3618 vitia
989 3568 1286 3623 consistere
1328 3584 1391 3624 ac
1438 3587 1756 3643 permanere
1783 3590 1891 3629 non
1922 3585 2190 3645 possunt:

596 3650 692 3707 sed
723 3653 838 3723 ipso
867 3653 1044 3711 fructu
1091 3674 1250 3728 quem
1292 3674 1550 3731 expetunt
1594 3665 1870 3721 linitmtur.
1918 3666 2196 3723 Recedunt

594 3758 746 3816 ergo,
772 3754 827 3802 et
852 3749 1099 3806 redeunt.
1130 3751 1309 3808 Virtus
1325 3764 1502 3812 autem
1524 3758 1640 3814 sine
1668 3758 1772 3814 ulla
1796 3760 2197 3817 intermissione

2295 3313 2452 3379 feret,
2484 3314 2758 3385 gradietur
2781 3314 2847 3369 ad
2881 3325 3147 3380 mortem;
3178 3316 3228 3369 in
3251 3332 3354 3387 qua
3381 3327 3473 3372 aut
3499 3333 3777 3373 summum
3812 3319 3909 3374 bo-

2297 3424 2458 3473 num,
2504 3417 2596 3463 aut
2633 3408 2837 3462 nullum
2882 3408 3078 3463 malum
3123 3423 3245 3464 esse
3287 3410 3661 3480 cognovimus.
3707 3429 3726 3462 ι
3762 3410 3908 3467 Mors

2297 3503 2458 3573 igitur
2488 3517 2593 3557 non
2620 3501 2889 3572 extinguit
2921 3501 3217 3568 hominem,
3248 3502 3342 3559 sed
3385 3503 3452 3557 ad
3486 3503 3769 3572 praemium
3799 3503 3909 3560 vir-

2299 3596 2426 3651 tutis
2451 3594 2707 3649 admittit.
2756 3593 2858 3660 Qui
2898 3603 3077 3648 autem
3118 3608 3178 3649 se
3211 3593 3305 3664 (ut
3327 3594 3402 3649 ait
3444 3594 3622 3665 idem)
3654 3596 3805 3651 vitiis
3846 3611 3907 3651 ac

2301 3685 2600 3742 sceleribus
2639 3683 3115 3747 contaminaverit,
3141 3685 3511 3755 voluptatique
3540 3685 3817 3753 servierit,
3858 3686 3906 3740 is

2304 3796 2435 3835 vero
2462 3779 2747 3834 damnatus
2786 3788 3043 3834 :eternam
3076 3778 3186 3833 luet
3215 3793 3467 3848 pinnam;
3504 3794 3664 3849 quam
3706 3779 3906 3835 divina

1958 3912 2319 3972 νΑιιιοιιυιι
2359 3912 2587 3969 ΝΟΤΔΕ.

598 4057 747 4107 ram;
775 4059 892 4097 nam
915 4044 958 4097 si
986 4046 1157 4119 anima
1185 4047 1436 4112 interiret,
1466 4049 1630 4119 magis
1659 4049 1878 4103 dicenda
1915 4061 2043 4106 esset
2070 4067 2190 4104 con-

601 4121 679 4191 tra
698 4155 711 4177 ,
736 4129 890 4180 quant
919 4117 1203 4191 secundum
1225 4129 1483 4181 naturam,
1515 4117 1630 4173 cum
1652 4122 1811 4175 virtus
1837 4136 2024 4191 corpus
2052 4122 2195 4177 debi-

602 4183 729 4258 lite_t_,
761 4196 910 4256 atque
930 4189 1085 4241 variis
1114 4189 1312 4258 ofﬁciat
1341 4190 1602 4245 molestiis.

684 4254 796 4333 Vita
822 4254 974 4328 quam
1005 4254 1412 4333 .....:ducinttts.
1446 4261 1757 4318 Lactantius
1798 4263 2087 4333 aliquoties
2131 4281 2192 4320 ea

602 4327 779 4401 phrasi
809 4341 891 4383 cst
920 4346 1066 4388 usus.
1098 4332 1192 4387 lib.
1217 4348 1286 4386 vn
1305 4349 1472 4401 ,‘cap.
1502 4334 1537 4388 ὅ
1561 4352 1573 4387 :
1609 4333 1777 4388 Vitam
1800 4327 1951 4400 quam
1979 4338 2031 4390 in
2060 4347 2194 4391 terra

600 4398 872 4476 ιιιιεὶιιιιιε.Δ
892 4402 955 4455 Et
981 4402 1101 4476 libri
1135 4404 1340 4473 aliquot
1362 4398 1455 4459 lib.
1475 4421 1565 4459 vut
1586 4449 1599 4470 ,
1624 4421 1743 4476 cap.
1769 4398 1839 4460 22
1864 4425 1876 4458 :
1901 4405 1967 4461 Ut
1999 4409 2196 4463 beatam

598 4471 1018 4597 possinégtéucere
1062 4473 1156 4543 (al.
1203 4471 1386 4545 agerc)
1431 4477 1603 4530 vitam.
1656 4471 1937 4533 Lucretius
1974 4479 2066 4534 lib.
2112 4495 2191 4547 ιι,

602 4553 744 4594 vers.
904 4560 917 4596 :

602 4553 744 4594 VCI'S.
770 4553 874 4596 995
904 4560 917 4596 ε

695 4650 757 4700 Ει
777 4651 972 4704 dulcem
996 4655 1181 4706 ducunt
1200 4658 1368 4717 vitam,
1399 4659 1692 4724 prolemque
1717 4669 2005 4781 propugnant.

1984 4749 2005 4781 ιτ

1984 4748 2068 4781 UN.

675 4826 921 4882 Dissolvit
936 4830 1264 4884 animantem.
1282 4830 1408 4887 Mss.
1432 4831 1465 4885 4
1486 4848 1596 4888 rec.
1616 4842 1669 4887 et
1686 4834 1719 4888 5
1733 4833 1862 4898 edit.
1887 4836 2192 4891 animantes.

673 4898 999 4976 Stultumgue
1032 4901 1291 4976 iudicari.
1331 4904 1421 4958 Sic
1448 4905 1663 4973 reposui
1693 4921 1758 4958 ex
1786 4908 2196 4976 quamplurimis

597 4985 732 5093 (mss.
764 4980 821 5025 et
844 4971 1023 5028 editis.
1049 4972 1105 5028 lu
1136 4974 1169 5029 8
1188 4974 1406 5043 scriptis
1432 4971 1539 5030 rec.
1567 4989 1617 5030 et
1639 4976 1672 5030 9
1696 4971 1971 5046 impressis
1995 4989 2078 5034 est
2103 4980 2194 5048 iu-

634 5058 788 5093 itare.

634 5058 788 5095 itare.

670 5109 738 5169 Et
765 5114 1062 5191 fu’giendo._
1078 5115 1204 5191 Mss.
1236 5115 1269 5171 9
1298 5132 1410 5171 rec.
1445 5128 1498 5172 et
1543 5116 1606 5173 10
1652 5116 1779 5173 editi
1813 5118 2135 5191 effugienda;
2161 5122 2195 5177 5

596 5184 727 5249 Reg.
763 5184 875 5242 rec.
916 5197 963 5240 et
984 5185 1296 5256 effugienda.

670 5258 737 5313 Et
762 5261 1047 5327 appetendo
1072 5275 1215 5324 reque
1241 5258 1396 5314 mala.
1432 5258 1560 5314 Mss.
1586 5261 1612 5314 1
1638 5259 1769 5320 Reg.
1803 5276 1913 5315 rec.
1946 5271 1998 5314 et
2029 5260 2192 5317 Goth.

600 5344 796 5403 eaquae
837 5329 993 5403 mala.
1028 5329 1231 5403 (Ia-teri
1276 5340 1334 5385 ut
1365 5332 1439 5403 ιιι⁸
1467 5340 1633 5386 textu.
1667 5331 1859 5403 ﬁque,
1892 5342 2061 5397 recte,
2099 5348 2197 5402 pro

600 5402 773 5464 etimn,
809 5402 891 5454 vel
922 5402 1134 5468 pariter,
1158 5411 1214 5455 ut
1240 5402 1379 5470 apud
1410 5401 1747 5457 CicerOuem.

672 5470 1122 5546 Dolorecruciari.
1143 5472 1493 5546 Itameliores
1515 5488 1644 5546 mss.
1674 5473 1793 5529 Vid.
1822 5488 1976 5545 seqq.
1996 5476 2195 5546 Scripti

600 5552 725 5596 octo
754 5541 1081 5608 totidemque
1105 5544 1259 5609 cditi,
1285 5544 1478 5606 dolere,
1503 5545 1749 5599 cruciari.

674 5612 740 5666 Et
771 5615 919 5686 mori.
953 5613 1079 5686 Mss.
1112 5613 1275 5686 Caua.
1302 5625 1355 5668 et
1383 5616 1512 5671 edit.
1539 5616 1713 5686 Betul.
1741 5617 1984 5681 cruciari,
2016 5619 2196 5686 emori,

600 5685 719 5740 sine
744 5683 971 5752 copula;
1000 5684 1033 5739 ϐ
1062 5685 1257 5753 vulgati
1282 5696 1326 5738 et
1355 5688 1549 5753 emori;
1579 5689 1602 5741 1
1634 5685 1871 5743 Clarom.
1905 5703 1966 5741 ac
1993 5689 2141 5741 mori.

674 5756 795 5810 Nisi
833 5756 1109 5813 wteruitas.
1160 5757 1184 5810 1
1212 5753 1346 5828 Reg.
1380 5772 1489 5816 rec.
1522 5767 1575 5816 ct
1599 5755 1633 5812 6
1663 5757 1794 5814 editi
1820 5759 1919 5817 nisi
1943 5760 2199 5816 utter-uita5

2295 4053 2359 4106 tis
2384 4067 2402 4115 ,'
2441 4050 2603 4106 Goth.
2639 4051 2738 4104 nisi
2759 4050 2861 4104 vita
2885 4051 3184 4105 aeternitatis
3209 4067 3226 4115 ;
3255 4052 3277 4105 1
3308 4050 3441 4117 Reg.
3466 4050 3567 4104 nisi
3592 4060 3869 4105 internum.

2370 4122 2611 4178 Sedatur.
2646 4122 2736 4179 Sic
2763 4122 2972 4176 correxi
3001 4137 3065 4175 ex
3094 4121 3346 4176 omnibus
3378 4138 3506 4175 mss.
3545 4132 3602 4176 et
3626 4122 3865 4191 vulgatis
3890 4141 3903 4175 :

2296 4193 2375 4248 sic
2421 4197 2580 4247 etiam
2633 4203 2848 4249 veteres
2898 4193 3081 4247 szcculi
3136 4192 3333 4247 decimi
3386 4193 3558 4262 quinti
3612 4192 3903 4257 editiones,

2298 4274 2497 4335 praeter
2523 4279 2652 4319 ιιιες.
2688 4266 2708 4318 1
2745 4265 2876 4333 Reg.
2919 4271 2973 4318 et
3001 4264 3034 4318 4
3064 4264 3197 4318 edit.
3228 4278 3337 4318 rcc.
3371 4264 3570 4335 quibus
3601 4274 3686 4319 est
3710 4265 3907 4318 sedan-

2300 4346 2400 4390 tur.
2432 4338 2500 4391 At
2530 4336 2737 4390 sedatur
2758 4335 3035 4405 sequentia
3067 4336 3367 4403 requirunt.

2370 4406 2714 4469 Cupiditatem
2741 4418 2828 4459 aut
2860 4406 3087 4478 satietas.
3121 4406 3193 4458 Ita
3222 4421 3413 4478 oiuucs
3444 4420 3606 4468 mss.,
3648 4407 3797 4478 quod
3828 4415 3911 4461 est

2297 4479 2821 4550 elegantius,‘qttam
2866 4487 3035 4531 autem
3076 4477 3108 4530 7
3157 4477 3483 4547 scriptorum
3526 4492 3641 4533 rec.
3668 4477 3752 4535 iet
3798 4479 3910 4534 edi-

2300 4559 2496 4605 torum.

2374 4621 2631 4675 Redibunt
2661 4621 2913 4687 protinus.
2956 4620 3081 4674 H:ec
3122 4620 3281 4675 lectio
3311 4628 3393 4674 est
3423 4628 3534 4674 vet.
3567 4618 3700 4673 edit.
3740 4619 3905 4674 Rom.

2299 4690 2500 4757 Paris.,
2532 4692 2723 4756 Fasit.,
2758 4691 2826 4746 ls.
2856 4692 3207 4760 omniumque
3244 4706 3376 4745 mss.
3407 4690 3465 4745 lu
3495 4690 3688 4757 Cauc.,
3719 4691 3850 4745 aliis
3877 4690 3910 4745 1

2301 4776 2414 4817 rec.
2443 4776 2498 4818 et
2529 4763 2596 4818 12
2616 4762 2747 4817 edit.
2775 4772 2859 4816 est
2885 4762 3119 4817 redeunt.

2376 4833 2437 4888 Si
2466 4834 2670 4888 deserit.
2706 4832 2831 4888 Mss.
2863 4835 2897 4889 5
2924 4849 3033 4887 rec.
3066 4835 3108 4887 si
3135 4832 3356 4887 desierit.

2374 4903 2645 4975 (Ionstans,
2666 4914 2743 4975 ⁹ει.
2777 4904 3041 4959 Heuman.
3075 4920 3206 4959 vero
3233 4903 3360 4971 lcgit
3390 4913 3634 4975 constans
3661 4912 3757 4965 est,
3794 4914 3867 4958 et.

2372 4973 2485 5029 Par
2503 4976 2597 5030 sibi
2622 4973 2837 5045 semper.
2867 4975 2942 5029 Ita
2976 4977 3126 5029 I’lato
3154 4976 3247 5028 lih.
3280 4990 3330 5028 tv
3354 4975 3424 5028 de
3444 4974 3764 5041 Republica.

2386 5046 2597 5102 Virtutis
2626 5047 2842 5117 fructus.
2867 5046 3022 5114 Quod
3043 5048 3245 5101 diserte
3269 5048 3584 5115 pronuntiat
3615 5045 3902 5114 Virgilius:

2394 5159 2524 5209 Vivit
2548 5159 2673 5222 apud
2697 5171 2924 5223 superos,
2953 5166 3006 5209 et
3029 5159 3182 5209 habet
3204 5172 3293 5208 sua
3316 5171 3522 5209 munera
3544 5161 3715 5209 virtus.

2377 5263 2444 5318 Ut
2469 5265 2522 5317 in
2550 5264 2646 5317 hac
2668 5264 2766 5316 rita
2793 5264 2992 5317 uirtutis
3021 5263 3289 5334 prteminnt
3314 5263 3516 5317 nullum
3539 5267 3625 5317 sit.
3654 5263 3766 5318 Hoc
3797 5278 3902 5317 non

2299 5335 2547 5389 absolute
2578 5350 2760 5389 verum
2792 5343 2905 5400 est,
2937 5336 3103 5388 immo
3134 5335 3274 5389 Deus
3306 5347 3621 5389 retuuucrat
3652 5350 3905 5389 nonnun-

2278 5420 2461 5477 quam
2492 5406 2631 5477 bona
2659 5420 2833 5477 opera
2856 5406 3017 5460 etiam
3062 5406 3113 5477 in
3144 5405 3389 5475 hac.\‘ita
3420 5422 3440 5460 :
3467 5407 3778 5476 exemplum
3814 5408 3902 5459 ba.

2300 5475 2491 5533 bemus
2520 5478 2573 5532 in
2602 5476 2758 5541 John,
2791 5476 3039 5543 aliisque.
3064 5475 3348 5531 GALLEUS.

2374 5546 2458 5601 Ita
2488 5551 2668 5602 virtus.
2703 5547 2894 5600 "eum.
2929 5548 3059 5616 legit
3082 5550 3338 5600 virtutem.

2376 5620 2571 5691 Qicero.
2600 5619 2657 5673 lu
2679 5618 2898 5691 epilogo
2923 5618 3042 5672 libri
3075 5637 3088 5672 ι
3115 5618 3469 5673 Tusculanar.
3494 5636 3617 5691 cap.
3650 5620 3735 5691 46.

2375 5689 2823 5746 Contaminaverit.
2858 5687 3218 5744 Contaminare
3246 5706 3300 5744 se
3323 5692 3511 5745 scelere
3534 5687 3588 5745 iu
3623 5706 3677 5746 tn
3700 5690 3767 5745 de
3799 5688 3904 5745 0f-

2306 5760 2465 5817 liciis.
2494 5760 2857 5817 Contaminari:
2877 5776 2930 5816 se
2958 5762 3113 5829 uitiis,
3140 5760 3193 5817 in
3218 5777 3271 5818 ιιι
3300 5759 3595 5819 Tusculan.
3631 5769 3819 5831 qua-st;
