4134 6204
250 216 354 274 769
768 260 769 263 η
1382 220 1584 277 LIBER
1624 218 1736 278 \lll.
1779 220 1870 279 DE
1912 218 2072 281 VITA
2109 220 2361 283 BEATA.
3032 216 3045 225 ’
3443 224 3549 287 776

248 333 440 389 litterae
467 330 761 387 secundam
790 338 1015 388 mortem
1050 332 1350 402 nominant,
1380 350 1499 406 quae
1530 343 1692 390 estet
1721 350 1845 405 per—
1872 345 1921 406 Α
1949 338 2136 395 lestem
2170 340 2485 411 religionem
2532 339 2626 396 Dei
2657 346 2986 410 sequuntur;
3034 339 3188 413 cujus
3221 341 3382 409 bona,
3413 344 3553 401 sicut

248 437 428 496 petua,
469 436 523 480 et
552 425 885 495 gravissimis
916 425 1242 481 cruciatibus
1285 427 1466 497 plena.
1508 428 1641 482 Nam
1688 428 1845 483 sicuti
1953 435 2064 504 ipse
2087 435 2175 505 qui
2204 435 2421 499 tribuit,
2459 434 2787 504 sempiterna
2816 444 2960 491 sunt.
2994 435 3132 502 Quid
3160 452 3324 505 opera
3353 451 3551 507 corpo-

247 518 369 574 duze
397 519 521 571 \it:e
552 517 844 587 proposita:
875 526 999 571 sunt
1037 516 1266 597 homini,
1299 533 1525 589 quarum
1567 519 1737 574 altera
1765 529 1850 575 est
1951 526 2027 580 ris
2057 536 2216 597 atque
2248 526 2449 582 animi?
2478 541 2655 582 nonne
2678 526 2916 582 indicant
2945 542 3069 583 esse
3096 530 3329 603 animam
3364 529 3551 585 mortis

246 612 466 679 animm,
495 611 666 667 altera
692 611 938 682 corporis
962 628 975 666 :
1000 612 1070 666 ita
1093 621 1146 668 et
1169 623 1375 668 mortes
1401 613 1522 668 duae
1554 614 1850 685 propositae
1951 619 2271 688 expertem?
2299 617 2429 673 Nam
2454 633 2673 689 corpus,
2705 619 2828 690 quia
2862 619 3035 689 ipsum
3064 620 3251 692 fragile
3281 631 3361 676 est
3390 633 3552 692 atque

248 715 395 773 sunt,
420 721 523 760 una
554 705 841 775 pertinens
879 706 944 762 ad
988 722 1206 776 Corpus.
1246 723 1350 777 qua
1390 717 1615 763 cunctos
1652 722 1850 763 secun-
1954 712 2217 777 mortale,
2268 727 2620 782 qumeumqne
2643 726 2806 782 opera
2842 712 3061 767 molitur
3085 753 3099 778 ,
3148 729 3302 784 teque
3346 713 3551 769 Caduca

248 797 376 852 dum
405 806 652 852 naturam
696 797 843 869 fungi
877 812 1101 854 necesse
1126 808 1238 865 est;
1272 799 1443 855 altera
1476 799 1754 868 pertinens
1782 797 1851 853 ad
1954 810 2098 857 sunt.
2146 801 2289 857 Nihil
2319 805 2464 857 eiiim
2503 802 2708 858 Tullius
2734 804 2808 858 ait
2838 818 2984 871 esse,
3026 804 3168 875 quod
3197 806 3267 860 sit
3305 806 3553 863 manibus

248 890 506 955 animam,
548 906 669 960 quae
708 891 913 946 scelere
942 890 1261 961 acquiritur,
1302 892 1498 947 virtute
1531 892 1766 954 vitatur;
1800 898 1856 945 et
1956 896 2206 949 humanis
2230 896 2551 961 laboratum,
2580 895 2722 966 quod
2746 911 2850 951 non
2870 897 3159 969 aliquando
3180 897 3247 953 ad
3276 899 3551 957 interitum

251 995 310 1040 ut
329 985 433 1039 vita
463 983 577 1066 haec
601 985 915 1054 temporalis
936 992 1040 1052 est,
1069 996 1353 1055 certosque
1380 985 1640 1040 terminos
1668 984 1850 1055 habet,
1955 989 2251 1060 redigatur,
2283 990 2366 1045 vel
2396 989 2589 1060 injuria
2622 989 2922 1057 hominum,
2958 992 3043 1048 vel
3078 992 3193 1063 ipsa
3224 992 3555 1051 confectrice

250 1077 375 1149 quia
407 1077 651 1148 corporis
676 1086 760 1132 est
789 1094 802 1129 :
833 1080 912 1131 sic
937 1086 991 1132 et
1020 1092 1167 1132 mors
1204 1093 1356 1148 mque
1396 1077 1709 1147 temporalis
1747 1086 1852 1143 est,
1956 1098 2136 1138 rerum
2168 1083 2409 1138 omnium
2439 1092 2730 1139 vetustate.

250 1180 569 1243 certumque
599 1170 760 1228 habet
787 1168 971 1237 finem,
1000 1171 1124 1241 quia
1150 1185 1349 1242 corpus
1378 1171 1608 1243 attingit.
2030 1178 2101 1231 At
2125 1190 2253 1231 vero
2274 1174 2439 1230 animi
2459 1189 2623 1245 opera
2644 1175 2888 1232 videmus
2911 1187 3133 1233 aeterna.
3151 1176 3283 1233 Nam
3305 1179 3553 1251 quicum-

880 1302 1111 1361 CAPUT
1141 1303 1233 1359 XI.

253 1422 336 1479 De
379 1422 687 1493 temporibus
727 1422 995 1489 postremis
1016 1464 1029 1489 ,
1061 1431 1210 1494 atque
1250 1421 1313 1477 de
1348 1410 1520 1477 anima
1549 1433 1594 1477 et
1622 1437 1854 1493 corpore.

329 1559 567 1629 Implelis
600 1559 759 1629 igitur
783 1557 1133 1630 temporibus,
1160 1573 1280 1629 quae
1298 1557 1439 1613 Deus
1469 1557 1625 1612 morti
1650 1557 1854 1623 statuit,

255 1653 636 1711 terminabitur
666 1653 777 1723 ipsa
823 1667 990 1707 mors.
1026 1651 1089 1706 Et
1134 1651 1258 1721 quia
1292 1652 1643 1722 temporalem
1691 1651 1854 1704 vitam

1959 1282 2065 1338 que
2094 1267 2425 1337 contemptui
2456 1268 2799 1336 przesenlium
2822 1268 3122 1335 studentes,
3155 1270 3208 1325 in
3238 1272 3554 1327 memoriam

1960 1361 2292 1416 monimenta
2326 1361 2660 1431 ingeniorum
2691 1361 3058 1432 factorumque
3084 1360 3556 1433 magnorumreli-

1959 1463 2211 1524 querunt,
2244 1454 2277 1507 ii
2310 1453 2467 1524 plane
2498 1455 2693 1509 mentis
2713 1468 2777 1509 ac
2804 1452 3017 1509 virtutis
3044 1468 3159 1508 sua:
3180 1469 3374 1512 nomen
3403 1456 3557 1513 iude-

1961 1546 2120 1602 lebile
2148 1547 2497 1618 qumsierunt.
2532 1547 2675 1618 Ergo
2705 1548 2749 1603 si
2796 1563 2959 1618 opera
2988 1543 3234 1619 corporis
3261 1549 3384 1606 ideo
3414 1567 3562 1607 mor-

1966 1644 2086 1698 talia
2110 1653 2255 1710 sunt,
2285 1642 2408 1713 quia
2436 1642 2612 1712 ipsum
2646 1643 2874 1697 mortale
2900 1653 3004 1709 est,
3030 1644 3274 1713 sequitur
3304 1647 3561 1703 utanima

257 1749 570 1820 temporalis
606 1764 752 1803 mors
780 1748 1055 1818 sequitur;
1088 1760 1427 1816 consequens
1460 1754 1562 1812 est,
1596 1753 1653 1798 ut
1676 1758 1851 1799 resur-
1892 1732 1940 1792 B
1967 1752 2031 1792 ex
2062 1752 2128 1792 eo
2155 1736 2475 1791 immortalis
2498 1746 2777 1806 appareat,
2810 1738 2934 1808 quia
2967 1737 3214 1793 videmus
3246 1753 3410 1804 opera
3441 1741 3559 1812 ejus

252 1842 590 1916 gantauimte
610 1840 677 1895 ad
691 1841 850 1895 vitam
876 1854 1195 1909 perennem,
1223 1838 1345 1909 quia
1363 1836 1522 1892 linem
1552 1851 1701 1892 mors
1724 1845 1859 1893 tem-

258 1935 458 2007 poralis
479 1934 706 2004 accepit.
738 1932 994 1997 Rursum,
1030 1930 1168 1986 sicut
1198 1930 1308 1986 vita
1336 1930 1500 1985 animi
1528 1930 1857 1999 sempiterna

255 2038 363 2092 est,
383 2026 437 2081 in
466 2041 568 2097 qua
598 2026 809 2080 divinos
834 2035 889 2081 et
915 2023 1726 2095 ineloquibilesimmortalitatis
1747 2038 1861 2078 suae

257 2118 463 2175 fruetus
510 2118 653 2189 capit
684 2136 696 2172 :
729 2118 799 2172 ita
827 2129 879 2173 et
911 2133 1057 2173 mors
1083 2116 1200 2188 ejus
1231 2127 1488 2188 perpetua
1520 2117 1592 2172 sit
1636 2131 1862 2172 necesse

156 2278 163 2284 ,
255 2221 362 2279 est,
393 2212 446 2267 in
490 2228 592 2283 qua
622 2228 887 2283 perennes
917 2226 1106 2282 poenas
1136 2221 1193 2267 et
1228 2211 1435 2267 inﬁnita
1468 2219 1733 2268 tormenta
1764 2226 1863 2281 pro

258 2305 494 2376 peccatis
535 2307 647 2360 suis
695 2305 913 2375 pendet.
948 2305 1091 2377 Ergo
1122 2305 1173 2360 in
1218 2320 1279 2361 ea
1324 2305 1631 2361 conditione
1661 2321 1749 2362 res
1776 2321 1867 2375 po-

257 2399 361 2454 sita
390 2407 494 2463 est,
536 2406 595 2452 ut
622 2400 711 2468 qui
741 2397 881 2453 beati
921 2408 1046 2453 sunt
1070 2399 1122 2453 in
1155 2398 1254 2454 hac
1274 2399 1379 2453 vita
1407 2399 1673 2468 corporali
1701 2408 1864 2469 atque

259 2500 493 2556 terrena,
524 2506 739 2565 semper
778 2493 959 2548 miseri
1007 2492 1115 2546 sint
1157 2490 1344 2558 futuri;
1377 2492 1499 2562 quia
1524 2491 1634 2562 jam
1668 2491 1822 2545 bonis
1847 2530 1863 2554 ,

258 2601 383 2658 qua:
410 2586 735 2649 maluerunt,
764 2585 915 2656 potiti
943 2594 1069 2640 sunt
1097 2602 1109 2637 :
1142 2583 1286 2654 quod
1313 2584 1380 2639 iis
1396 2583 1596 2650 evenit,
1619 2584 1707 2655 qui
1735 2583 1866 2638 deos

258 2678 512 2744 adorant,
541 2692 603 2732 ac
632 2676 798 2731 Deum
834 2676 1128 2747 negligunt.
1158 2675 1363 2731 Deinde
1388 2677 1477 2746 qui
1499 2675 1764 2745 justitiam
1790 2690 1870 2730 se-

259 2780 513 2842 quentes,
541 2770 595 2825 in
628 2770 727 2826 hac
758 2771 863 2824 vita
892 2770 1077 2825 miseri
1112 2769 1325 2825 fuerunt
1353 2780 1406 2825 et
1450 2769 1768 2839 contempti,
1811 2780 1870 2826 et

263 2866 490 2934 inopes,
532 2875 584 2916 et
613 2863 682 2917 ob
709 2861 878 2932 ipsam
915 2860 1178 2931 justitiam
1205 2861 1550 2917 contumeliis
1578 2869 1632 2918 et
1659 2860 1870 2931 injuriis

261 2973 411 3028 saepe
428 2956 625 3023 vexati,
650 2957 774 3028 quia
803 2970 902 3011 nec
926 2956 1083 3011 aliter
1105 2956 1276 3010 virtus
1305 2955 1473 3010 teneri
1499 2963 1692 3026 potest,
1721 2969 1870 3010 sem-

266 3068 366 3123 per
394 3051 534 3108 beati
566 3060 691 3107 sunt
718 3051 915 3118 futuri;
943 3061 1023 3119 ut,
1053 3049 1177 3122 quia
1207 3050 1346 3106 mala
1371 3050 1481 3120 jam
1509 3050 1866 3121 pertulerunt,

1964 1845 2069 1883 non
2115 1842 2236 1882 esse
2285 1827 2555 1882 mortalia.
2598 1827 2800 1883 Eodem
2848 1828 3008 1884 modo
3046 1829 3312 1885 desideria
3344 1847 3558 1904 quoque

1962 1922 2207 1992 corporis
2230 1921 2501 1992 animique
2529 1922 2829 1991 declarant,
2861 1922 3093 1980 alterum
3126 1938 3249 1981 esse
3289 1928 3520 1985 mortale
3541 1971 3559 1999 ,

1963 2016 2190 2070 alterum
2214 2015 2625 2085 sempiternum.
2650 2015 2862 2086 Corpus
2890 2018 3032 2075 enim
3063 2021 3195 2077 nihil
3226 2024 3324 2079 nisi
3353 2031 3568 2093 tempo-

1965 2110 2077 2165 rale
2102 2110 2373 2166 desiderat
2397 2152 2411 2177 ,
2460 2111 2511 2165 id
2543 2120 2645 2178 est,
2677 2112 2879 2181 cibum,
2911 2124 3118 2185 potum,
3165 2118 3563 2189 indumentum,

1965 2203 2223 2272 quietem,
2256 2203 2606 2273 voluptatem;
2633 2213 2686 2259 et
2715 2213 2892 2260 tamen
2927 2206 3042 2263 haec
3066 2208 3179 2280 ipsa
3216 2211 3332 2267 sine
3353 2222 3484 2267 nutu
3514 2220 3570 2269 et

1967 2297 2292 2352 adminiculo
2320 2297 2489 2351 animi
2537 2313 2637 2352 nec
2685 2313 2902 2369 cupere.
2953 2316 3053 2357 nec
3105 2303 3319 2375 assequi
3362 2313 3563 2376 potest.

1969 2396 2194 2452 Animus
2230 2404 2409 2450 autem
2447 2410 2543 2465 per
2571 2411 2631 2450 se
2662 2395 2826 2450 multa
2866 2397 3158 2471 desiderat,
3188 2415 3308 2471 quae
3342 2401 3410 2456 ad
3440 2401 3568 2457 ofll-

1969 2489 2109 2543 cium
2143 2487 2447 2542 fructumve
2472 2486 2720 2556 corporis
2748 2502 2852 2542 non
2887 2486 3226 2557 redundent;
3261 2506 3432 2563 eaque
3460 2508 3571 2550 non

1972 2580 2201 2651 fragilia,
2232 2579 2326 2636 sed
2356 2588 2557 2634 aeterm
2587 2589 2734 2647 sunt,
2770 2590 2825 2635 ut
2848 2581 2988 2637 fama
3016 2583 3250 2651 virtutis,
3284 2595 3339 2640 ut
3368 2602 3576 2642 memo-

1972 2676 2048 2731 ria
2081 2675 2333 2732 nominis.
2365 2674 2499 2730 Nam
2521 2675 2723 2729 cultum
2759 2676 2890 2744 Dei,
2920 2678 3008 2748 qui
3052 2688 3263 2733 constat
3292 2679 3572 2737 abstinen-

1973 2767 2044 2821 tia
2074 2766 2428 2837 cupiditatum
2454 2783 2515 2822 ac
2550 2766 2830 2823 libidinum
2850 2809 2866 2835 ,
2898 2769 3155 2839 patientia
3186 2770 3410 2837 doloris,
3443 2787 3573 2829 con-

1973 2868 2179 2929 temptu
2220 2860 2427 2927 mortis,
2456 2861 2615 2914 etiam
2645 2870 2832 2915 contra
2854 2864 3262 2931 corpus'anima
3288 2867 3578 2936 concupis-

1974 2953 2067 3009 cit.
2101 2952 2256 3009 Unde
2300 2936 2558 3008 credibile
2610 2963 2712 3017 est,
2749 2968 2855 3010 non
2905 2955 3126 3012 interire
3170 2958 3429 3027 animam,
3478 2960 3575 3017 sed

1975 3045 2254 3102 dissociari
2284 3061 2312 3099 a
2340 3061 2605 3118 corpore;
2638 3047 2759 3117 quia
2807 3063 3003 3118 corpus
3054 3051 3174 3107 sine
3218 3053 3394 3107 anima
3440 3053 3579 3110 nihil

264 3148 432 3204 etiam
465 3147 619 3201 bonis
647 3144 914 3200 fruantur.
944 3144 1098 3211 Quod
1138 3143 1226 3199 bis
1256 3143 1440 3214 utique
1465 3144 1749 3215 contingit,
1776 3143 1869 3214 qui
1895 3123 1941 3187 C
1975 3150 2173 3212 potest,
2204 3141 2415 3196 animus
2441 3155 2572 3196 vero
2604 3149 2777 3211 potest
2807 3142 2970 3197 multa
2998 3153 3053 3199 et
3084 3160 3272 3217 magna
3299 3148 3418 3203 sine
3452 3164 3579 3204 coro

264 3237 592 3310 contemptis
620 3236 968 3294 terrestribus
1005 3235 1109 3292 diis
1136 3246 1190 3292 et
1235 3235 1513 3308 l‘ragilibus
1557 3237 1732 3302 bonis,
1761 3250 1870 3291 εω-

1978 3249 2126 3304 pore.
2157 3233 2315 3302 Quid,
2344 3233 2487 3304 quod
2510 3248 2596 3303 ea,
2617 3250 2734 3305 qua:
2758 3235 2985 3292 visibilia
3008 3240 3344 3309 suntoculis,
3373 3250 3428 3298 ct
3456 3252 3575 3298 tan«

1630 3349 1993 3408 VARIORUM
2029 3348 2261 3406 NOTIE.

347 3494 640 3552 Secundam
665 3501 897 3547 mortem.
927 3492 1000 3548 De
1026 3490 1126 3546 hac
1144 3460 1389 3561 nonnihil
1407 3497 1489 3544 est
1510 3488 1603 3545 lib.
1626 3503 1686 3552 ιι,
1710 3502 1759 3542 ε.
1784 3488 1895 3561 13.,

275 3566 404 3624 llaec
448 3565 681 3620 Secunda
725 3580 870 3618 mors
914 3579 1018 3618 non
1054 3564 1154 3618 nisi
1198 3559 1316 3627 post
1355 3561 1495 3616 hanc
1532 3561 1696 3614 vitam
1729 3559 1873 3614 erit:

276 3640 394 3695 haec
424 3652 573 3692 mors
598 3635 902 3690 declaratur
930 3636 1255 3704 Apocalyps.
1286 3648 1408 3701 cap.
1433 3647 1526 3695 xx,
1556 3647 1609 3685 v.
1644 3631 1760 3704 li;
1784 3628 1879 3704 In-

275 3712 458 3780 fernus
484 3718 655 3763 autem
689 3723 748 3761 ac
777 3723 913 3761 mors
946 3702 1186 3780 coniecti
1207 3714 1325 3780 sunt
1369 3705 1423 3780 in
1451 3712 1688 3780 stagnum
1718 3702 1875 3780 ignis,

274 3771 397 3845 oua:
416 3791 489 3835 est
513 3796 649 3833 mors
674 3780 915 3832 secunda.
945 3776 1019 3831 De
1049 3771 1151 3845 qua
1180 3778 1341 3831 etiam
1371 3771 1608 3846 loquitur
1628 3771 1877 3827 Christus

279 3853 564 3913 Dominus,
600 3850 781 3903 Matth.
817 3864 872 3912 Χ,
908 3864 955 3900 v.
984 3847 1078 3902 28.

356 3922 424 3977 Et
454 3935 506 3976 ut
532 3923 632 3975 vita
663 3923 788 3974 liter.
818 3922 1017 3973 Omnes
1044 3919 1155 3973 fere
1178 3933 1306 3971 mss.
1328 3915 1875 3988 respuuntcopulam,

279 4010 408 4067 qu:_e
437 3995 490 4047 in
523 3994 751 4061 vulgatis
780 4000 882 4067 est,
917 4000 971 4045 et
1002 3990 1211 4067 \_'id_elttr
1234 3989 1558 4067 necessaria:

360 4064 429 4120 Ut
461 4057 727 4134 resurgant
753 4063 939 4116 anima:
959 4060 1026 4114 ad
1051 4063 1204 4135 vitam
1233 4075 1521 4135 perennem.
1542 4057 1881 4135 ’Λκυρολόγως

286 4135 523 4205 loquitur
542 4133 749 4198 auctor;
766 4136 949 4205 carnis
976 4134 1140 4205 enim,
1174 4147 1278 4205 non
1295 4133 1511 4196 animm,
1532 4133 1884 4205 resurrectio-

288 4202 415 4263 uein
443 4205 716 4262 credimus
752 4202 1038 4259 Christiani
1065 4222 1076 4258 :
1103 4203 1297 4256 animae
1328 4212 1384 4256 ιιι
1425 4218 1531 4257 non
1573 4202 1880 4264 intereunt,

286 4280 360 4335 ita
389 4293 492 4334 nec
524 4287 827 4348 resurgunt.
857 4275 1024 4348 Gate.

363 4351 593 4419 Accepit.
623 4341 748 4402 bII-5.
778 4349 812 4401 4
841 4347 942 4399 et7
971 4343 1217 4419 impressi
1243 4343 1419 4419 ferunt
1449 4343 1653 4419 accipit.
1683 4341 1885 4419 Degline

292 4414 828 4487 mortis'temporalis
862 4417 1023 4471 vitlel
1053 4414 1117 4487 ad
1146 4415 1389 4470 Corinth.
1420 4431 1510 4487 xv,
1532 4414 1605 4468 26
1631 4425 1685 4469 et
1714 4416 1803 4469 54.

367 4486 750 4562 lneloquibiles.
789 4489 840 4543 ιιι
869 4497 971 4555 est,
995 4486 1302 4555 ine/Iabiles.
1338 4486 1536 4541 Eadem
1567 4501 1669 4540 vox
1695 4494 1777 4540 est.
1798 4501 1891 4540 su-

294 4579 394 4636 pra
422 4564 577 4636 hujus
606 4563 724 4616 lihri
757 4576 877 4631 cap.
902 4563 956 4636 5.

368 4634 436 4688 In
460 4624 554 4689 hac
584 4635 685 4688 rita
706 4624 982 4704 corporali.
1009 4629 1116 4686 MSS
1144 4629 1177 4685 6
1206 4643 1315 4685 rec.
1345 4637 1399 4685 et
1423 4629 1553 4685 edit.
1586 4624 1747 4695 M70,
1772 4637 1898 4682 lem-

334 4708 488 4762 orali.

296 4725 509 4844 Ρωόίέα
527 4778 640 4847 jam
666 4776 829 4830 bouis.
862 4773 1132 4847 Betuleius
1161 4772 1414 4847 opinatur
1443 4772 1731 4847 legendum
1750 4785 1894 4847 esse,

295 4842 507 4920 qtiiiant
528 4842 825 4920 homsauec
845 4846 1060 4920 quidem
1082 4845 1242 4920 male,
1271 4842 1662 4920 qu_ia_alludere
1687 4842 1900 4897 videtur

297 4914 366 4976 ad
396 4921 676 4976 historiam
706 4914 891 4973 Lazari
921 4930 975 4972 et
1004 4915 1185 4971 divitis
1215 4914 1353 4985 apud
1404 4914 1599 4970 Lucam
1636 4930 1754 4983 cap.
1786 4929 1898 4968 xvr.

376 5013 592 5085 Semper
644 5011 776 5085 beati
812 5007 1161 5085 sintufuturix
1181 5007 1383 5085 Omnes
1410 5006 1551 5085 editi“
1577 5020 1858 5085 perperam
1886 5047 1901 5071 ,

300 5076 514 5149 semper'
529 5082 661 5138 beati
682 5092 797 5136 sunt
823 5076 1010 5151 (indic.
1040 5078 1222 5147 modo)
1243 5076 1407 5133 Goth.
1437 5086 1492 5130 ct
1518 5077 1747 5151 Reitnm.
1772 5077 1905 5141 sint;

304 5165 475 5213 recte.
509 5154 713 5209 Pendet
742 5155 794 5208 in
826 5149 926 5207 hoc
956 5153 1127 5206 altero
1156 5151 1398 5204 membro
1445 5149 1648 5217 periodi
1682 5164 1749 5201 ex
1780 5162 1902 5202 sec-

307 5229 456 5283 tione
480 5228 634 5280 tertia
663 5224 730 5280 ab
753 5237 807 5278 ut
830 5238 1002 5293 mque,
1035 5238 1097 5277 ac
1129 5222 1237 5293 illa,
1267 5236 1464 5288 semper
1490 5220 1789 5293 miserisiut
1824 5220 1908 5290 [u-

305 5298 412 5354 turi
447 5295 641 5353 :Uude
667 5291 1097 5367 interpunctione
1132 5292 1234 5345 alia
1264 5304 1481 5346 sensum
1509 5291 1833 5415 adjuvhmus.

1714 5377 1801 5415 UN.

1714 5377 1801 5416 ΗΝ.

384 5439 720 5510 Religionem.
746 5438 1020 5495 Betuleius
1050 5435 1178 5506 legit
1204 5436 1482 5505 regionem,
1512 5432 1654 5504 quod
1680 5449 1783 5489 non
1807 5434 1878 5488 im
1898 5461 1912 5473 -

310 5515 507 5587 Pr‘li’Q-

393 5581 616 5637 Tullius.
643 5583 818 5641 Cicer.
843 5595 942 5653 pro
963 5579 1032 5635 M.
1062 5577 1281 5635 Marcet.
1324 5585 1382 5634 ut
1406 5592 1526 5649 sup.
1558 5576 1653 5632 lib.
1686 5591 1762 5640 vn,
1792 5590 1912 5646 cap.

315 5656 373 5723 4,
400 5654 454 5708 in
489 5655 581 5709 litt.

393 5724 524 5796 Ipsa
549 5726 849 5798 confectrice
873 5740 1041 5781 rerum
1064 5723 1294 5780 omnium
1321 5728 1583 5797 vetustate.
1608 5720 1636 5775 1
1669 5718 1911 5777 Colbert.

1978 3487 2257 3567 {plectris-(2.
2303 3487 2743 3567 Abestrerumji
2779 3504 2909 3543 mss.
2942 3490 2977 3544 2
3002 3491 3136 3567 Reg.
3167 3509 3304 3567 rec.,
3331 3496 3366 3550 2
3396 3495 3580 3567 Colh.,

1982 3558 2129 3633 Em,
2148 3556 2347 3633 _Cant_._
2369 3571 2421 3613 et
2443 3560 2511 3613 ab
2540 3561 2656 3628 ipso
2681 3559 2964 3633 Cicerone.
2996 3595 3066 3603 —
3086 3556 3423 3633 Confectrire.
3458 3556 3582 3627 Vtri

1980 3629 2196 3702 aliunde
2221 3629 2348 3683 mihi
2373 3642 2583 3685 nonest
2614 3640 2760 3702 nota.
2788 3632 3130 3702 Suppes-itam
3161 3629 3303 3692 enim
3328 3640 3581 3698 Ciceroni

1981 3700 2428 3766 consolationem,
2463 3718 2583 3770 qua)
2626 3700 2788 3759 habet
2827 3700 2943 3758 eam
2974 3721 3023 3760 c.
3057 3706 3160 3771 ει,
3194 3708 3327 3764 nihil
3380 3727 3584 3769 moror.

1981 3770 2137 3825 Conf.
2172 3771 2349 3826 Davis.
2396 3773 2460 3827 ad
2492 3772 2606 3828 Cic.
2639 3774 2732 3828 lib.
2768 3774 2792 3828 1
2824 3775 3041 3831 Τιιςοιιι.
3075 3793 3125 3834 c.
3153 3779 3245 3835 25.
3274 3779 3590 3840 Lactantius

1984 3842 2069 3896 hic
2110 3859 2213 3896 non
2246 3844 2431 3910 verba,
2464 3845 2557 3901 sed
2599 3855 2832 3900 mentem
2867 3847 3142 3906 Ciceronis
3176 3854 3378 3908 retulit.
3408 3853 3588 3912 Verba

1983 3914 2135 3987 Lact.
2168 3913 2203 3968 Ι.
2238 3930 2329 3979 vn,
2357 3933 2407 3970 ε.
2442 3917 2528 3982 Η,
2563 3917 2728 3987 legas.
2763 3916 2892 3973 BUN.

1987 3984 2262 4114 ﬁnNomen
2291 3987 2576 4042 indelebile.
2620 3984 2698 4043 Ex
2728 3987 2923 4045 Ovidio
2954 3989 3308 4066 Metamorph.
3344 3996 3443 4052 ult.
3487 3996 3589 4054 sub

2028 4075 2080 4113 η.

2233 4130 2526 4194 Nomenque
2551 4132 2650 4182 erit
2674 4132 2945 4184 indelebile
2973 4142 3212 4247 ιιοειτιίἓηι.

3159 4214 3212 4247 lu

3159 4213 3302 4248 RANC.

1989 4297 2255 4352 —Gloria:
2280 4298 2555 4374 cupiditas,
2577 4306 2634 4374 ut
2660 4299 2735 4353 ait
2762 4297 2946 4370 Scipio
2971 4300 3111 4369 apud
3132 4300 3362 4368 Livium,
3389 4302 3592 4374 longius

1913 4382 1968 4442 Ι)
1993 4386 2142 4442 quam
2182 4381 2425 4438 quantum
2464 4371 2579 4423 vita:
2604 4370 2844 4442 hunrana:
2885 4375 3108 4440 spatium
3137 4382 3228 4432 est.
3262 4370 3552 4427 extenditur
3577 4415 3593 4440 ,

1997 4440 2317 4524 maximaque
2339 4456 2458 4509 pars
2477 4441 2589 4508 eius
2616 4441 2670 4494 in
2691 4442 2985 4496 memoriam
3007 4458 3067 4496 ac
3096 4444 3442 4514 posteritatem
3473 4461 3598 4514 pro-

1998 4521 2174 4565 minet.

2072 4582 2314 4653 Sequitur
2354 4591 2408 4635 ut
2432 4582 2605 4636 anima
2632 4599 2696 4638 ea:
2729 4600 2809 4650 eo,
2839 4593 2945 4639 etc.
2970 4584 3004 4639 2
3036 4585 3168 4655 Reg.
3208 4601 3319 4642 rec.
3347 4595 3402 4643 et
3422 4588 3457 4644 5
3483 4598 3594 4646 vet.

2000 4654 2390 4729 edit._sequitur
2404 4669 2467 4707 ea:
2486 4669 2544 4707 eo
2568 4664 2622 4708 ut
2650 4657 2847 4723 artiora;
2871 4655 3036 4711 Brun.
3065 4654 3293 4729 uenitur
3319 4675 3382 4714 ex
3402 4677 3460 4716 eo
3486 4663 3601 4717 ani-

2001 4741 2109 4789 ma;
2137 4725 2189 4779 in
2211 4724 2334 4780 Jun.
2359 4724 2510 4779 deest
2534 4741 2598 4779 ea:
2617 4742 2697 4781 eo.
3130 4724 3141 4729 ⁷
3367 4758 3379 4769 ο

2083 4815 2230 4891 Nihil
2257 4817 2689 4891 nisi_temporale._
2714 4818 2797 4891 Ita,
2818 4833 3007 4875 omnes
3047 4835 3185 4891 pene
3213 4838 3342 4878 mss.
3369 4834 3423 4879 et
3448 4826 3603 4881 multi

2006 4887 2134 4963 editi
2162 4930 2175 4953 ,
2221 4889 2491 4958 prmcipue
2536 4890 2717 4963 saeculi
2768 4889 2962 4946 decimi
3011 4887 3204 4963 quinti.
3232 4894 3426 4950 Verum
3464 4912 3602 4950 unus

2006 4959 2140 5035 Reg.
2170 4974 2279 5015 rec.
2300 4976 2367 5035 ac
2392 4971 2501 5014 tres
2516 4960 2702 5035 excusi
2726 4962 2855 5017 nihil
2876 4963 2975 5017 nisi
3001 4959 3338 5035 téntporalia;
3361 4966 3524 5023 Cauc.
3546 4975 3604 5021 et

2008 5031 2043 5088 6
2068 5032 2349 5101 impressi,
2382 5047 2481 5085 non
2512 5031 2609 5086 nisi
2634 5035 2956 5104 temporalia.

2084 5127 2296 5181 Animus
2317 5135 2486 5180 autem
2514 5142 2603 5203 per
2628 5127 2887 5203 scutalia.
2912 5127 3355 5203 alensdefzecata,
3386 5130 3500 5203 sive
3526 5128 3610 5203 (ut

2012 5197 2430 5270 Chrysostomus
2445 5198 2705 5267 nominat)
2718 5197 2894 5264 ἔνθεος,
2912 5198 3107 5270 divinis
3131 5208 3247 5253 acta
3268 5197 3608 5270 impulsibus,

2013 5268 2250 5325 cmlestia
2278 5268 2547 5323 desiderat
2582 5287 2594 5322 :
2622 5270 2891 5325 utPsalm.
2927 5285 3028 5323 XL:
3061 5268 3208 5323 Sicut
3233 5268 3613 5328 desiderati:ch-

2013 5356 2105 5394 vus
2131 5341 2199 5393 ad
2227 5342 2391 5408 fontes
2421 5356 2692 5408 aquarum,
2733 5352 2861 5407 etc.,
2901 5340 2989 5394 ubi
3015 5339 3155 5406 apud
3203 5356 3310 5396 ιιι
3332 5385 3347 5409 ,
3387 5344 3612 5404 verbum

2018 5413 2395 5489 caementi...
2433 5412 2507 5465 De
2546 5422 2771 5482 utroque
2808 5411 3001 5465 mentis
3027 5410 3299 5468 desiderio
3324 5414 3441 5489 lege
3469 5433 3485 5471 ι
3513 5416 3621 5473 Ba-

2018 5481 2124 5537 silii
2152 5483 2308 5553 epist.
2343 5484 2547 5538 Βετυι.

2096 5573 2220 5631 Sine
2242 5576 2434 5630 anima.
2465 5574 2591 5629 Mss.
2617 5575 2686 5630 Η
2710 5588 2819 5631 rec.
2846 5573 2958 5631 sine
2983 5575 3178 5632 animo.

2096 5647 2309 5701 Animus
2352 5662 2467 5701 vero
2509 5655 2690 5717 potest.
2737 5649 2899 5704 Cane.
2948 5657 3003 5704 et
3033 5648 3065 5705 7
3095 5665 3207 5707 rec.
3240 5665 3375 5709 mss.
3430 5666 3553 5709 cum
3593 5648 3626 5707 ὅ

2023 5718 2150 5776 edd.
2182 5718 2385 5775 animus
2414 5728 2604 5773 autem.
