3932 6258
391 377 590 386 --.η-
955 380 2377 396 ——.__—._—.——_————-—————~———-——-
2390 383 2426 390 .-
2443 383 2582 391 --η-.-αις
2696 383 2916 394 ι--ν-ρ-η
2940 383 2948 390 -
2983 383 2988 388 -
3001 383 3095 390 με.--
3113 383 3216 391 -υ-
3381 383 3444 390 -.-

250 376 3524 433 HM“

1474 569 2308 700 ΡΒᾸΕΡΑΤΙΟ

1809 823 1860 863 IN
1888 822 1991 872 qua

243 963 315 1016 DE
369 963 899 1022 SUPERIORIBUS
971 963 1454 1028 EDITIONIBUS,
1508 963 1596 1017 DE
1664 963 1724 1022 S.
1780 963 2046 1020 JUSTINI
2096 965 2186 1020 ET
2241 965 2558 1022 ALlORUM
2614 966 3005 1023 RELIGIONIS
3063 966 3532 1024 DEFENSORUM

857 1062 1268 1129 DOCTRINA,
1303 1060 1689 1129 EORUMQUE
1723 1061 1970 1116 GESTIS
1999 1061 2088 1117 AC
2118 1061 2434 1118 SCRIPTIS
2467 1062 2911 1120 DISSERITUR.

316 1340 508 1396 Praeter
538 1357 776 1412 operam
811 1344 874 1398 in
907 1345 1010 1400 his
1038 1343 1400 1414 scriptoribus
1430 1344 1858 1414 interpretandis
1887 1354 2167 1409 navatam,
2197 1354 2290 1399 aut
2335 1346 2389 1398 in
2412 1340 2615 1399 eorum
2645 1353 2909 1398 contextu
2941 1343 3111 1398 variis
3144 1343 3536 1397 observationi-

253 1436 725 1503 busillustrando,
760 1436 1019 1507 plurima
1055 1445 1350 1507 supersunt
1377 1437 1629 1494 consulto
1661 1439 1714 1492 in
1755 1440 1894 1494 hanc
1945 1437 2322 1509 praefationem
2367 1435 2594 1507 rejecta.
2647 1437 2894 1494 Postulat
2935 1437 3082 1491 enim
3139 1436 3378 1491 instituti
3432 1440 3539 1494 mei

254 1533 403 1597 mio,
438 1542 494 1585 ut
523 1541 579 1586 et
605 1533 674 1586 de
705 1533 1112 1602 superioribus
1139 1532 1468 1587 editionibus
1504 1532 1710 1602 aliquid
1742 1534 1944 1596 dicam,
1985 1541 2035 1587 et
2066 1533 2195 1590 auid
2233 1533 2287 1586 in
2330 1532 2433 1587 hac
2457 1547 2600 1587 nova
2636 1541 2866 1587 conatus
2903 1531 3032 1596 sim,
3064 1530 3394 1586 edisseram.
3435 1530 3540 1586 Se-

253 1627 429 1695 qiiitur
452 1627 556 1680 alia
586 1641 678 1682 res
701 1625 1154 1697 longeﬁmajoris
1212 1627 1495 1694 momenti,
1538 1629 1736 1682 horum
1772 1628 2058 1698 religionis
2101 1627 2454 1682 defensorum
2501 1642 2564 1682 ac
2605 1628 2877 1698 praecipue
2926 1626 2986 1682 S.
3018 1625 3219 1681 Justini
3263 1625 3538 1690 doctrina,

253 1737 410 1790 quam
441 1724 660 1793 quidem
694 1723 794 1778 ubi
827 1724 1071 1778 obscura
1106 1733 1164 1778 et
1206 1722 1620 1779 difﬁcultatibus
1651 1723 1934 1778 obstructa
1972 1731 2084 1788 est,
2113 1722 2418 1785 {illustrare
2441 1730 2494 1776 et
2544 1721 2823 1792 explicare
2851 1739 2864 1786 ;
2900 1722 2989 1776 ubi
3035 1736 3322 1792 perperam
3370 1737 3544 1791 oppu-

252 1827 434 1885 gnata,
462 1817 764 1873 defendere
793 1819 1068 1873 conabor.
1112 1818 1297 1888 Neque
1339 1819 1506 1874 etiam
1544 1819 1597 1873 in
1650 1833 1716 1874 eo
1741 1833 1966 1889 genere,
1999 1818 2144 1888 quod
2189 1826 2245 1872 et
2293 1817 2647 1882 antiquitatis
2698 1817 3126 1887 investigatione
3160 1817 3541 1873 suavissimum

250 1921 352 1967 est.
374 1919 429 1962 et
451 1910 516 1963 ad
538 1910 788 1978 ipsorum
805 1910 1133 1980 dogmatum
1153 1910 1521 1966 defensionem
1549 1911 1805 1980 perutile,
1829 1911 2001 1965 labori
2026 1912 2368 1981 parcendum
2396 1911 2549 1975 duxi,
2585 1910 2638 1964 id
2664 1918 2749 1965 est
2779 1910 2832 1964 in
2860 1910 3023 1964 rebus
3049 1911 3216 1979 gestis
3246 1920 3299 1966 et
3325 1912 3545 1982 scriptis

248 1999 474 2065 Justini,
511 2000 758 2064 Tatiani,
790 2002 1162 2072 Athenagorae
1183 2015 1237 2058 et
1259 2003 1545 2073 Theophili
1575 2003 1953 2073 expendendis
1983 2013 2039 2058 et
2062 2003 2443 2074 dijudicandis.
2465 2003 2588 2057 Erit
2622 2002 2813 2073 itaque
2844 2000 3005 2071 hujus
3034 2001 3371 2071 prazfationis
3417 2017 3544 2071 pars

253 2097 446 2166 triplex
479 2115 494 2152 :
527 2096 588 2152 lu
626 2098 800 2167 prima
832 2098 896 2152 de
921 2098 1315 2168 superioribus
1347 2100 1543 2154 borum
1575 2100 1904 2168 scriptorum
1935 2099 2294 2166 editionibus,
2331 2108 2386 2155 et
2410 2100 2475 2155 de
2505 2099 2609 2155 hac
2632 2100 2877 2154 omnium
2909 2097 3206 2154 novissima
3237 2100 3540 2166 disseram;

259 2188 309 2242 in
348 2191 603 2244 secunda
634 2190 706 2244 de
733 2192 1015 2246 nonnullis
1047 2190 1249 2246 Justini
1316 2203 1478 2263 atque
1504 2193 1670 2248 etiam
1704 2191 1919 2246 Tatiani
1976 2201 2030 2248 et
2091 2191 2454 2264 Athena-30m
2485 2201 2542 2249 et
2583 2192 2868 2264 Theophili
2907 2194 3228 2261 sententiis;
3289 2195 3341 2248 in
3387 2197 3544 2249 tertia

259 2284 314 2337 de
340 2297 540 2337 eorum
573 2283 940 2354 rebus'gestis
971 2294 1036 2340 et
1063 2284 1309 2354 scriptis.

1549 2570 1836 2660 PARS
1885 2568 2300 2660 PRIMA.

255 2757 344 2819 De
389 2758 846 2836 superioribus
876 2760 1286 2823 editionibus
1314 2772 1580 2840 Operum
1613 2755 1675 2840 ξ.
1707 2751 2306 2840 lustinimartyris,
2364 2748 2639 2822 Tatiani,
2699 2747 3140 2826 Athenagorae,
3203 2744 3547 2824 Theophili

1489 2832 1878 2896 Antiocheni
1921 2839 1984 2893 et
2012 2832 2317 2893 Hermize.

775 3079 1005 3137 CAPUT
1051 3077 1343 3134 PRIMUM.
1885 3085 1936 3143 Α
1964 3095 2054 3132 nes
2081 3075 2389 3132 ercorum
2417 3077 2486 3130 ad
2535 3075 2885 3131 Christianos.
2919 3073 3174 3129 Testatur
3201 3075 3553 3130 doctissimus

263 3197 340 3252 De
400 3197 731 3252 editionibus
768 3195 971 3251 Cm'cis
1016 3215 1229 3264 operum
1273 3195 1331 3250 S.
1362 3195 1567 3250 Justini
1599 3193 1859 3261 variisque

875 3269 1269 3334 interpretibus.

335 3358 632 3413 Prodierat
661 3357 887 3413 Lutetiae
908 3359 1097 3413 Grzece
1129 3367 1185 3413 et
1206 3357 1419 3422 Latine,
1450 3371 1592 3411 anno
1614 3354 1860 3420 1559,ex

265 3450 485 3506 olﬁcina
520 3451 812 3516 Guillardi,
842 3449 1156 3506 Cohortatio
1198 3449 1258 3505 S.
1284 3451 1486 3504 Justini
1519 3449 1588 3502 ad
1619 3446 1858 3511 Gnaeos,

268 3544 363 3596 sed
391 3541 583 3597 omnia
634 3541 696 3596 S.
736 3543 994 3613 martyris
1037 3557 1202 3611 opera
1235 3543 1424 3598 Graece
1455 3542 1667 3612 primus
1690 3539 1862 3594 edidit

273 3636 550 3690 Robertus
574 3634 885 3705 Stephanus
913 3651 1056 3690 anno
1080 3634 1606 3706 155l,l{egiistypis,
1633 3647 1753 3687 cum
1786 3631 1862 3686 la-

275 3735 477 3779 tentem
504 3727 650 3778 hunc
679 3725 994 3779 thesaurum
1023 3723 1401 3779 eBibliotheca
1424 3723 1590 3794 Regia
1609 3722 1861 3777 eruisset.

271 3819 546 3872 Accurata
573 3818 681 3871 viri
709 3818 1050 3872 celeberrimi
1073 3816 1371 3887 diligentia,
1397 3832 1517 3887 qua:
1559 3826 1636 3872 tot
1681 3816 1864 3886 operi~

271 3911 373 3964 bus
400 3911 695 3965 nobilitata
742 3919 847 3976 est,
886 3911 1131 3965 eamdem
1163 3910 1215 3964 in
1247 3911 1349 3965 hac
1377 3910 1615 3966 editione
1644 3908 1864 3963 laudem

274 4006 499 4058 meruit.
533 4002 664 4070 Sed,
697 4012 756 4056 ut
782 4003 897 4058 fieri
937 4017 1045 4057 non
1088 4011 1266 4072 potest
1308 4011 1368 4058 ut
1397 4017 1613 4057 omnem
1641 4015 1864 4072 prorsus

273 4098 552 4151 maculam
574 4097 815 4150 humana
865 4105 1056 4150 natura
1119 4107 1331 4161 caveat,
1371 4095 1655 4159 nonnulla,
1686 4108 1865 4162 quan»

271 4205 439 4259 quam
492 4204 739 4259 perraro,
789 4189 948 4244 aliter
987 4205 1051 4243 ac
1074 4190 1128 4244 in
1188 4190 1381 4244 codice
1423 4205 1526 4241 ms.
1552 4187 1863 4250 exstabant,

278 4283 479 4347 partim
518 4282 834 4351 imprudens
886 4283 1120 4349 excusit,
1163 4281 1362 4353 partim
1410 4281 1477 4335 de
1512 4277 1780 4334 industria
1810 4285 1869 4331 ut.

280 4376 611 4431 sententiam
641 4375 861 4439 leniret,
890 4391 1012 4444 quae
1033 4375 1130 4445 ipsi
1164 4375 1354 4429 durior
1381 4372 1686 4427 videbatur.
1702 4369 1866 4436 Quin-

1961 3168 2245 3224 Fabricius
2309 3178 2597 3236 utramque
2653 3166 2967 3236 Apologiam
3014 3165 3203 3223 Greece
3228 3167 3550 3238 jampridem

1961 3256 2149 3310 Romae
2175 3257 2378 3311 editam
2418 3255 2586 3311 fuisse
2619 3271 2648 3310 a
2683 3255 2934 3311 Zannero
2960 3256 3012 3310 in
3041 3257 3097 3323 8,
3129 3273 3251 3312 cum
3305 3258 3552 3328 Gregorii

1963 3346 2377 3418 Thaumaturgi,
2435 3348 2741 3415 Athanasii,
2775 3348 2979 3415 Basilii,
3012 3349 3261 3419 Gregorii
3319 3350 3554 3404 Nazian-

1963 3441 2083 3495 zeni
2140 3451 2195 3495 et
2248 3439 2627 3510 Chrysostomi
2687 3441 2984 3506 nonnullis,
3037 3451 3271 3498 curante
3324 3443 3549 3499 Hieron.

1963 3532 2207 3598 Bunello,
2240 3532 2300 3588 S.
2331 3531 2381 3588 J.

2036 3627 2172 3682 Cum
2219 3625 2416 3681 Justini
2475 3638 2703 3695 operum
2736 3623 2942 3680 utilitas
2964 3623 3152 3681 Graece
3184 3627 3556 3683 nescientibus

1965 3721 2153 3775 clausa
2170 3728 2335 3785 esset,
2353 3717 2690 3773 eruditorum
2712 3718 2954 3772 nonnulli
2981 3717 3188 3773 Latinis
3209 3734 3331 3772 eum
3360 3718 3557 3774 litteris

1968 3813 2239 3868 illustrare
2263 3809 2506 3882 aggressi
2529 3819 2679 3863 sunt.
2697 3807 2816 3875 Qua
2844 3809 3063 3878 quidem
3087 3810 3140 3863 in
3163 3809 3413 3878 palaestra
3447 3811 3558 3878 pri-

1967 3919 2087 3958 mus
2116 3903 2310 3958 enituit
2341 3901 2427 3955 vir
2464 3898 2671 3957 Graecis
2695 3899 3012 3970 Latinisque
3033 3900 3233 3955 litteris
3258 3900 3558 3955 instructus

1965 3994 2283 4050 Joachimus
2316 3993 2620 4059 Perionius,
2668 3993 3156 4049 Cormmriacensis
3209 3992 3556 4059 monasterii,

1969 4088 2176 4144 ordinis
2216 4089 2274 4142 S.
2323 4086 2524 4142 Bened.
2579 4087 2884 4140 monachus
2920 4098 2975 4140 et
3013 4084 3294 4156 theologia;
3342 4086 3556 4142 doctor.

1968 4180 2178 4236 Prodiit
2201 4179 2345 4234 illius
2373 4193 2509 4249 opus
2536 4193 2677 4234 anno
2707 4178 2847 4233 1554
2879 4179 2950 4236 ,ἰη
2974 4177 3102 4233 folio
3130 4178 3271 4247 apud
3294 4178 3554 4234 Jacobum

1970 4273 2196 4343 Dupuis.
2227 4271 2584 4327 Praemittitur
2626 4271 2836 4326 Latina:
2889 4271 3326 4340 interpretationi
3374 4271 3559 4326 brevis

1971 4366 2172 4422 Justini
2203 4366 2326 4421 Vita
2357 4380 2424 4421 ex
2447 4366 2621 4435 ipsius
2655 4366 2913 4435 operibus
2942 4365 3190 4421 collecta.
3224 4365 3354 4420 Post
3377 4366 3562 4434 singu-

282 4466 480 4528 etiam,
528 4469 668 4533 quod
717 4469 934 4538 quidem
983 4468 1208 4522 incuria:
1257 4465 1624 4531 tribuendum,
1649 4463 1867 4517 brevem
1899 4463 1942 4517 B
1973 4459 2054 4512 las
2091 4458 2550 4527 pertractationes
2596 4464 2738 4511 nota:
2763 4465 3109 4524 apponuntur
3143 4457 3210 4510 ad
3242 4464 3558 4510 contextum

281 4563 583 4632 quamdam
605 4567 858 4621 adversus
875 4564 1105 4634 gentiles
1127 4562 1624 4634 pertractationem,
1649 4576 1745 4615 seu
1778 4574 1872 4630 po-

282 4655 391 4707 tius
434 4655 871 4711 Observationum
903 4656 1351 4724 complexionem,
1382 4652 1548 4709 semel
1581 4662 1702 4722 post
1731 4651 1876 4706 Con-

284 4743 612 4808 futationem
647 4743 942 4800 Aristotelis
961 4748 1270 4815 dogmatum
1302 4745 1436 4798 satis
1465 4753 1744 4809 accurate,
1770 4745 1874 4798 ite-

283 4849 404 4889 rum
438 4845 564 4903 post
598 4834 926 4900 Quwstiones
951 4838 1020 4889 ad
1044 4837 1375 4892 ortltodoxos
1407 4851 1513 4892 nOn
1536 4838 1656 4892 sine
1680 4835 1874 4890 lacuna

283 4939 334 4982 et
360 4929 616 4994 pluribus
643 4930 852 4984 mendis
881 4931 1067 4984 edidit.

350 5018 538 5088 Opera
594 5019 788 5075 Justini
828 5038 857 5074 a
893 5022 1029 5076 Rob.
1055 5023 1335 5091 Stephano
1358 5023 1475 5077 sine
1499 5022 1742 5076 materiae
1781 5021 1877 5076 de-

281 5115 454 5178 lectu,
481 5113 601 5168 sine
631 5115 987 5181 genuinorum
1015 5127 1068 5170 et
1093 5116 1404 5185 spuriorum
1453 5116 1786 5182 discrimine,
1819 5123 1878 5169 ut

284 5209 336 5258 in
381 5204 577 5257 codice
614 5220 716 5258 ms.
745 5205 1046 5269 invenerat,
1079 5205 1227 5259 hunc
1257 5205 1308 5258 in
1334 5204 1547 5258 modum
1571 5203 1873 5271 disposita:

282 5298 531 5362 Epistolis
565 5298 631 5348 ad
656 5294 854 5350 Zenam
892 5307 937 5350 et
969 5298 1248 5363 Serenum,
1283 5295 1592 5350 Cohortatio
1622 5296 1692 5349 ad
1721 5295 1875 5350 Grat—

283 5407 396 5451 cas,
447 5389 708 5458 Dialogus
745 5407 866 5442 cum
920 5389 1197 5460 Tryphone
1239 5389 1453 5455 Judmo,
1490 5388 1745 5460 Apologia
1779 5406 1874 5458 pro

288 5481 608 5535 Christianis
640 5483 708 5534 ad
729 5493 991 5548 senatum,
1021 5483 1284 5554 Apologia
1317 5484 1385 5536 ad
1416 5484 1764 5546 Antoninum,
1800 5482 1874 5536 De

291 5573 385 5625 Dei
415 5574 754 5635 monarchia,
800 5573 1176 5627 nonnullorum
1214 5575 1512 5628 Aristotelis
1569 5575 1874 5643 dogmatum

292 5663 620 5733 Confutatio,
657 5666 988 5730 Quwstiones
1045 5667 1479 5721 Christianorum
1511 5669 1580 5721 ad
1637 5664 1870 5731 Grmcos,

295 5756 620 5820 Qutrstiones
659 5769 707 5810 et
754 5760 1115 5824 responsiones
1142 5759 1210 5814 ad
1241 5758 1578 5827 orthodoxae,
1609 5756 1874 5826 Quaestio-

575 5851 842 5914 PATBOL.
882 5855 998 5915 Gn.
1041 5852 1145 5913 Vl.

1979 4547 2386 4603 illustrandum.
2424 4546 2692 4614 Deceptus
2720 4545 3008 4602 Perionius
3033 4546 3224 4617 primis
3246 4547 3560 4616 Expositio-

1977 4642 2061 4695 πίε
2112 4640 2238 4710 ﬁdei
2296 4639 2502 4704 verbis,
2559 4640 2758 4709 quibus
2816 4647 3044 4694 testatur
3074 4638 3562 4695 Pseudo-Justinus

1979 4733 2113 4788 satis
2148 4731 2334 4787 multis
2360 4746 2422 4787 se
2459 4742 2647 4787 contra
2677 4731 2893 4788 Judaeos
2936 4740 3101 4801 atque
3132 4732 3359 4802 gentiles
3388 4731 3563 4786 disse-

1979 4826 2177 4892 ruisse,
2207 4826 2581 4895 praemittenda
2634 4825 2759 4880 huic
2785 4825 2912 4893 ﬁdei
2959 4823 3296 4894 Expositiont'
3326 4822 3560 4893 putavit,

1982 4918 2284 4988 Dialogum,
2315 4918 2451 4973 duas
2480 4917 2789 4988 Apologias,
2823 4916 3250 4971 Cohortationem
3297 4927 3352 4971 et
3384 4914 3563 4968 Libel-

1979 5012 2088 5065 lum
2124 5014 2187 5066 de
2222 5010 2569 5076 monarchia‘;
2602 5010 2798 5066 deinde
2831 5021 2954 5081 post
2989 5010 3388 5078 Expositionem
3414 5008 3561 5078 ﬁdei,

1978 5103 2094 5157 sive
2140 5112 2302 5158 recta:
2347 5101 2740 5169 confessionis,
2782 5101 2957 5157 locum
3005 5099 3565 5170 concessitiEpistola:

1977 5196 2046 5248 ad
2071 5194 2270 5250 Zenam
2304 5205 2353 5249 et
2387 5194 2679 5260 Serenum,
2715 5195 2882 5250 variis
2927 5193 3318 5259 Quwstionibus
3357 5207 3422 5248 ac
3470 5195 3564 5249 de-

1977 5304 2125 5342 mum
2154 5287 2453 5342 Aristotelis
2477 5289 2781 5358 dogmatum
2810 5285 3196 5355 Confutatiom’.
3228 5284 3446 5340 Sciebat
3483 5296 3564 5337 ta-

1979 5395 2102 5434 men
2128 5381 2432 5447 Perionius,
2457 5380 2618 5449 idque
2669 5381 2784 5450 ipse
2826 5381 3084 5436 observat
3109 5379 3161 5432 in
3195 5378 3370 5448 prima
3408 5387 3565 5431 nota-

1979 5475 2123 5529 tione
2162 5477 2228 5530 ad
2262 5473 2657 5546 Expositionem
2687 5475 2835 5543 ﬁdei,
2873 5473 3142 5530 Justinum
3190 5482 3316 5528 ante
3341 5473 3391 5526 in
3432 5488 3562 5541 gen-

1979 5567 2120 5636 tiles,
2148 5585 2308 5639 quam
2362 5570 2416 5624 in
2464 5569 2680 5624 Judaaos
2735 5570 2932 5642 stylum
2962 5568 3198 5624 acuisse.
3250 5568 3354 5621 Sed
3384 5575 3562 5619 tamen

1977 5677 2102 5717 eum
2119 5662 2364 5717 ordinem
2396 5662 2732 5731 sequendum
2759 5663 2933 5730 duxit,
2965 5678 3125 5734 quem
3148 5677 3176 5715 a
3209 5671 3398 5718 sancto
3428 5672 3568 5711 Inar-

1979 5767 2098 5826 tyre
2136 5754 2433 5811 indicatum
2465 5755 2708 5825 putabat.
2743 5818 2750 5824 _

3220 5844 3255 5902 1

1673 6053 1738 6126 Γ)
1766 6067 1830 6126 fi:
1859 6064 1924 6126 ti“:
1941 6065 2106 6126 ῆι.)
