3932 6258
398 332 456 386 Η
1313 336 1369 394 S.
1407 337 1745 395 JUSTINUS
1784 340 2271 404 PBmOSOPHUS
2307 348 2395 405 ET
2432 351 2745 409 MARTYR.
3592 369 3662 423 12

468 455 703 513 Perionii
752 456 1122 527 interpretatio
1156 460 1328 531 magis
1361 460 1578 531 elegans
1612 477 1776 533 quam
1805 479 1968 522 accu-
1995 473 2042 531 Α
2069 470 2235 527 Paulo
2262 483 2389 530 ante
2410 475 2626 531 dixerat
2660 494 2673 531 :
2710 476 2944 546 Majores
2977 482 3166 548 nostri,
3208 480 3495 538 Platonica
3540 486 3654 538 dis—

393 562 531 621 rata,
561 562 620 609 ut
641 552 973 609 eruditorum
1018 553 1256 610 nonnulli
1288 569 1396 611 non
1424 556 1543 613 sine
1571 559 1775 616 aculeis
1808 562 1859 617 in
1889 561 1971 617 in-

391 654 681 715 terpretem
714 652 988 700 notarunt.
1019 644 1126 702 Sed
1158 645 1487 719 indulgentia
1525 652 1784 708 utendum
1814 653 1967 709 vide-

391 748 478 792 tur
502 738 556 792 in
588 752 731 801 eum,
764 736 856 807 qui
880 736 1152 791 neminem
1173 738 1402 806 habens,
1443 755 1604 812 quem
1624 753 1963 815 sequeretur,

384 830 507 885 aliis
534 829 590 884 in
615 828 716 884 hac
738 821 1043 900 periculusa
1070 829 1184 884 alea
1212 832 1443 900 praeivit.

457 924 736 977 Statuerat
764 922 961 992 tprimo
1016 922 1324 992 Perionius,
1355 927 1810 995 quemadmodum
1848 930 1965 1001 ipse

383 1023 568 1070 narrat
588 1014 643 1068 in
669 1012 1054 1069 Admonitione
1082 1015 1147 1071 ad
1180 1015 1472 1082 lectorem,
1504 1035 1609 1075 non
1640 1035 1831 1079 omnes
1864 1022 1963 1077 Ju-

383 1107 511 1161 stini
543 1099 709 1163 libros
739 1105 902 1162 simul
928 1108 1112 1175 edere,
1139 1110 1235 1164 sed
1280 1109 1540 1167 brevibus
1583 1113 1794 1184 paginis
1824 1114 1961 1171 alios

382 1200 505 1256 aliis
530 1200 881 1269 temporibus,
922 1215 1020 1271 pro
1058 1214 1124 1255 eo
1152 1201 1341 1257 ordine
1363 1218 1524 1274 quem
1552 1205 1657 1261 illis
1676 1206 1958 1277 assignan-

379 1293 505 1344 dum
551 1289 850 1357 judicabat.
894 1289 1003 1347 Sed
1053 1292 1340 1348 consilium
1397 1297 1646 1363 mutavit,
1687 1313 1751 1354 ac
1773 1301 1961 1355 omnia

377 1381 577 1439 Justini
599 1398 763 1454 opera
787 1400 894 1442 uno
911 1396 968 1442 et
993 1387 1186 1443 eodem
1218 1386 1493 1447 volumine
1520 1394 1955 1463 comprehendit,

376 1478 456 1532 sic
485 1488 665 1532 tamen
712 1485 772 1533 ut
810 1494 917 1535 non
949 1478 1297 1536 defraudaret
1323 1482 1563 1539 illustres
1620 1485 1791 1552 viros,
1820 1500 1958 1557 quo—

377 1585 495 1623 rum
520 1586 579 1626 se
601 1571 803 1625 nomini
837 1571 1049 1641 aliquos
1078 1572 1137 1627 S.
1170 1574 1427 1646 martyris
1466 1574 1635 1632 libros
1678 1577 1959 1634 dedicatu-

373 1678 494 1717 rum
521 1666 864 1733 promiserat.
894 1664 1036 1721 Hinc
1076 1665 1335 1739 Dialogus
1370 1679 1717 1739 nuncupatur
1755 1670 1955 1727 Othoni

372 1753 683 1811 Castalonio
710 1756 993 1825 cardinali,
1021 1758 1074 1812 in
1102 1773 1209 1825 quo
1234 1759 1449 1828 quidem
1470 1761 1657 1819 laudat
1674 1763 1953 1835 theologia:

372 1846 426 1899 in
452 1846 788 1917 amplissimo
826 1848 1107 1919 dignitatis
1136 1850 1305 1919 gradu
1346 1852 1582 1907 studium
1607 1872 1621 1923 ;
1646 1857 1842 1927 quippe
1868 1858 1960 1928 qui

370 1938 474 1994 sibi
522 1938 682 2009 hujus
736 1942 980 2000 scientia:
1043 1944 1446 2016 cognitionem,
1506 1956 1850 2018 posteaquam
1896 1967 1962 2004 ετ

367 2029 723 2087 humanitatis
745 2035 939 2088 studiis
963 2036 1219 2104 miriﬁcos
1250 2036 1458 2107 fructus
1487 2036 1712 2093 Nicolao
1732 2039 1960 2096 Beraldo

365 2124 728 2179 eruditissimo
779 2125 1312 2201 eloquentissimoqne
1352 2122 1668 2200 prteceptore
1705 2148 1833 2187 usus
1870 2150 1957 2187 ce-

364 2221 551 2285 pisset,
588 2233 695 2272 non
722 2218 894 2272 solum
923 2220 1225 2290 jucundam
1256 2233 1303 2277 et
1328 2222 1529 2287 utilem,
1553 2226 1644 2277 sed
1668 2224 1828 2277 etiam
1867 2242 1961 2280 ne-

365 2310 652 2364 cessariam
682 2327 777 2381 per
799 2326 952 2366 omne
976 2313 1094 2367 uiue
1124 2322 1326 2382 tempus
1364 2332 1476 2370 esse
1524 2316 1781 2371 duxisset.
1811 2319 1958 2375 Satis

363 2406 488 2465 apte
517 2398 775 2454 describit
806 2399 1118 2467 Perionius,
1171 2402 1295 2472 quis
1333 2412 1443 2459 tum
1470 2418 1615 2463 esset
1639 2409 1715 2464 rei
1740 2409 1956 2464 littera-

361 2486 458 2541 riae
479 2497 675 2552 status,
708 2503 831 2544 cum
855 2499 1096 2546 veterum
1128 2492 1393 2549 librorum
1416 2504 1470 2550 et
1506 2498 1953 2557 inveniendorum

361 2589 419 2634 et
445 2579 499 2634 in
535 2580 806 2650 publicam
838 2582 1012 2639 lucem
1044 2585 1378 2641 edendorum
1432 2591 1613 2646 studia
1657 2590 1950 2665 ferverent,

358 2671 627 2742 praecipue
655 2687 723 2728 ex
752 2689 859 2745 quo
875 2676 1199 2734 Franciscus
1223 2679 1263 2748 l,
1296 2681 1389 2751 qui
1416 2681 1615 2738 mirum
1645 2683 1698 2738 in
1730 2686 1952 2740 modum

357 2763 657 2822 elaboravit
684 2776 742 2821 ut
779 2783 844 2821 ea:
874 2765 1083 2823 Grtecia
1111 2779 1269 2841 atque
1297 2773 1516 2843 Judwa,
1548 2783 1608 2829 ut
1638 2776 1717 2831 ait
1757 2776 1948 2833 Perio-

356 2858 498 2921 nius,
520 2874 715 2930 magna
741 2861 997 2915 librorum
1026 2861 1333 2921 Grazcorum
1360 2877 1515 2938 atque
1563 2868 1949 2927 Hebraicorum

354 2946 633 3004 multitudo
680 2965 1121 3021 comportaretur,
1179 2956 1375 3012 multos
1410 2974 1515 3013 non
1549 2958 1733 3016 Gallos
1766 2965 1947 3033 modo,

354 3039 444 3093 sed
469 3041 629 3095 etiam
680 3042 849 3099 Italos
897 3054 1054 3118 atque
1106 3047 1375 3118 Hispanos
1408 3061 1459 3106 et
1502 3050 1795 3109 Germanos
1822 3056 1945 3126 pul-

352 3129 610 3185 cherrimo
645 3135 880 3204 exemplo
919 3136 1267 3195 incitaverat.

424 3220 666 3295 Utraque
693 3227 952 3299 Apologia
996 3229 1192 3286 Joanni
1222 3231 1421 3305 Burgio
1451 3235 1721 3294 Olivetani
1755 3240 1808 3295 in
1848 3240 1943 3296 Bi-

350 3315 619 3384 turigibus
657 3319 892 3375 ctenobii
924 3320 1109 3377 abbati
1150 3334 1487 3394 nuncupata,
1530 3342 1690 3397 quem
1740 3330 1943 3387 dudum

352 3405 636 3465 Perionius
655 3409 711 3464 in
742 3412 1038 3468 amicitiam
1063 3416 1318 3482 ascitum,
1340 3432 1449 3473 non
1478 3418 1762 3477 desinebat
1790 3430 1845 3477 et
1870 3424 1941 3478 ad

349 3500 678 3555 retinendam
706 3507 1223 3578 perpetuandamque
1251 3511 1550 3565 studiorum
1577 3513 1836 3569 rationem
1889 3524 1941 3570 et

348 3590 420 3643 ad
442 3607 635 3647 munus
655 3594 988 3663 praefecturae
1014 3613 1080 3652 ea:
1114 3613 1213 3655 sua
1255 3601 1511 3671 dignitate
1538 3613 1589 3658 et
1619 3619 1687 3659 ea:
1713 3620 1940 3663 suorum

349 3681 577 3739 utilitate
600 3689 984 3756 exsequendum
1022 3690 1267 3746 incitare.

419 3772 731 3832 Cohortatio
763 3781 835 3834 ad
869 3778 1081 3836 (ἰν-ωερε
1110 3792 1167 3837 et
1206 3781 1364 3839 Liber
1398 3786 1465 3841 de
1492 3789 1801 3845 monarcltia
1832 3792 1936 3848 sub

350 3866 628 3926 Francisci
663 3870 857 3929 Boberi
885 3875 1123 3947 episcopi
1170 3877 1554 3937 Macloviensis
1582 3884 1805 3939 nomine
1836 3899 1936 3955 ap-

346 3973 557 4029 parent,
604 3965 693 4020 cui
742 3965 1032 4022 Perionius
1083 3967 1313 4039 ejusque
1368 3973 1638 4029 avunculo
1672 3974 1934 4050 Dionysio

345 4053 635 4112 Briconeto
668 4057 855 4113 abbati
886 4058 1339 4116 Cormteriacensi
1370 4071 1425 4117 et
1451 4063 1705 4135 episcopo
1733 4065 1931 4124 Maclo-

343 4144 518 4201 viensi
550 4146 840 4216 plurimum
869 4150 1117 4206 debebat.
1152 4150 1290 4207 Nam
1316 4168 1440 4208 cum
1475 4154 1730 4213 Perionio
1778 4157 1933 4213 beni-

343 4238 600 4306 gnitatem
629 4253 782 4294 suam
815 4240 1070 4297 claudere
1100 4242 1301 4300 vellent
1330 4245 1420 4316 qui
1448 4246 1499 4301 ei
1530 4244 1731 4302 litteris
1754 4246 1927 4303 Lute-

346 4332 432 4386 tiae
476 4346 700 4400 operam
758 4334 908 4388 danti
961 4336 1146 4391 omnia
1200 4339 1701 4409 suppeditaverant,
1736 4342 1827 4397 ubi
1874 4341 1930 4397 id

342 4422 605 4491 comperit
625 4421 962 4490 Briconetus,
999 4425 1115 4481 suis
1147 4426 1296 4483 illum
1341 4430 1534 4499 opibus
1578 4430 1735 4496 fovit,
1774 4446 1929 4487 eum-

2071 570 2269 639 ciplina
2300 573 2456 642 plane
2508 574 3204 643 repudiata.Aristotelicam
3255 579 3314 633 in
3368 580 3469 634 hac
3512 583 3659 649 prin-

2069 663 2181 732 cipe
2216 666 2451 719 omnium
2482 665 2759 720 academia
2787 676 2838 721 et
2867 670 3336 737 comprobaverunt
3376 672 3502 742 ipsi,
3538 683 3591 727 et
3626 691 3659 728 a

2066 755 2178 809 suis
2241 756 2456 823 probari
2505 758 2820 829 retinerique
2876 760 3172 818 voluerunt.
3230 761 3418 834 Itaque
3457 765 3657 823 Justini

2066 857 2254 899 amore
2283 852 2339 900 et
2375 845 2559 901 studio
2588 862 2696 903 non
2724 850 2862 907 adeo
2884 852 3127 918 etl‘ertur,
3161 862 3221 909 ut
3246 855 3453 912 victum
3490 860 3559 915 ab
3589 876 3658 917 eo

2062 936 2411 993 Aristotelem
2439 947 2616 1008 putet.
2657 940 2963 1006 Quinetiam
2986 945 3085 1000 hoc
3116 962 3233 1003 uere
3272 965 3484 1019 possum
3513 952 3659 1007 dice-

2066 1042 2138 1093 re,
2174 1029 2374 1098 inquit,
2404 1029 2773 1100 Aristoteleos,
2804 1036 2851 1088 si
2884 1036 3041 1091 velint
3092 1038 3366 1110 (quoniam
3395 1044 3504 1098 suis
3535 1052 3654 1099 tan-

2065 1127 2173 1172 tum
2196 1121 2487 1177 rationibus
2519 1132 2674 1194 atque
2699 1127 2973 1196 principiis
2991 1145 3110 1183 eum
3138 1130 3388 1188 Justinus
3416 1135 3514 1189 hoc
3536 1135 3653 1190 loco

2064 1210 2280 1280 refellit,
2309 1228 2473 1282 neque
2497 1215 2637 1268 enim
2663 1216 2828 1271 alieni
2848 1235 2880 1272 a
2911 1218 3161 1290 religione
3191 1235 3371 1279 nostra
3415 1226 3654 1282 homines

2060 1305 2374 1375 scriptorum
2404 1306 2700 1362 divinorum
2727 1311 3036 1367 testimoniis
3065 1317 3246 1385 urgeri
3264 1319 3541 1389 possunt),
3561 1319 3652 1385 fa-

2060 1395 2159 1448 cile
2184 1411 2334 1463 posse
2362 1396 2432 1449 ad
2456 1413 2539 1462 ea,
2561 1413 2680 1467 qua:
2724 1410 2911 1455 contra
2952 1417 3094 1469 eum,
3139 1406 3350 1461 sublata
3397 1409 3654 1479 religione

2059 1496 2261 1556 nostra,
2293 1486 2464 1542 ualere
2485 1488 2607 1554 vult,
2639 1492 2951 1559 respondere
2971 1512 2992 1549 .'
3021 1512 3139 1550 cum
3173 1500 3651 1569 prtesertimnulla

2057 1578 2125 1641 sit
2174 1577 2304 1631 adeo
2347 1577 2532 1632 debilis
2568 1579 2805 1650 maleque
2848 1584 3088 1641 instituta
3138 1589 3459 1659 disciplina,.
3493 1598 3649 1662 cujus

2055 1667 2290 1724 homines
2310 1670 2562 1739 principis
2591 1673 2675 1725 sui
2699 1674 2909 1730 decreta
2930 1679 3209 1747 defendere
3238 1700 3343 1737 non
3383 1687 3607 1753 possint.

2132 1760 2291 1818 Anno
2328 1764 2613 1833 sequenti,
2646 1764 2697 1818 id
2730 1774 2815 1820 est
2843 1768 3015 1837 1555,
3049 1774 3249 1842 prodiit
3288 1776 3550 1844 Basileas,
3581 1792 3649 1834 ac

2064 1854 2263 1908 iterum
2293 1854 2525 1912 Parisiis
2550 1868 2752 1911 exeusa
2790 1867 2874 1914 est
2901 1875 3046 1918 anno
3074 1865 3214 1920 1575
3244 1866 3347 1921 alia
3379 1868 3647 1938 interpre-

2065 1946 2229 2013 tatio,
2259 1949 2531 2006 adornata
2557 1968 2585 2007 a
2620 1952 2973 2025 Sigismundo
3004 1956 3264 2027 Gelenio,
3296 1962 3389 2030 qui
3418 1977 3542 2017 cum
3585 1965 3644 2020 in

2063 2036 2180 2106 ipso
2225 2053 2389 2096 cursu
2421 2052 2674 2101 mortuus
2720 2049 3087 2118 interruptum
3123 2065 3260 2119 opus
3305 2053 3640 2124 reliquisset,

2066 2130 2461 2188 absolvendum
2489 2140 2733 2207 suscepit
2763 2141 2847 2195 vir
2885 2142 3105 2210 quidam
3155 2140 3343 2199 Graece
3370 2156 3425 2200 et
3453 2145 3644 2203 Latine

2060 2223 2269 2291 peritus
2299 2226 2429 2295 qui,
2483 2239 2542 2283 ut
2572 2239 2801 2285 testatur
2832 2230 3087 2287 Nicolaus
3116 2234 3403 2304 episcopus
3447 2236 3498 2290 in
3531 2239 3643 2290 Ad-

2057 2317 2349 2371 monitione
2369 2319 2440 2372 ad
2461 2318 2709 2375 lectorem
2732 2360 2749 2386 ,
2787 2338 2890 2375 non
2937 2323 3109 2377 solum
3152 2324 3313 2379 libros
3345 2336 3638 2394 postremos

2057 2403 2182 2472 fecit
2212 2404 2432 2462 Latinos
2459 2447 2476 2474 ,
2522 2410 2614 2463 sed
2648 2411 2845 2467 multos
2894 2416 3054 2467 etiam
3085 2412 3227 2469 locos
3254 2416 3308 2469 in
3347 2416 3636 2485 prioribus,

2057 2498 2143 2549 ubi
2168 2500 2406 2553 carmina
2439 2517 2504 2554 ea:
2525 2504 2834 2557 auctoribus
2863 2504 3077 2572 fuerant
3114 2505 3363 2575 allegata,
3388 2524 3504 2578 qua:
3527 2506 3639 2562 Ge-

2055 2589 2225 2644 lenius
2269 2607 2332 2645 ne
2380 2608 2490 2647 suat
2539 2594 2999 2663 interpretationis
3051 2613 3265 2653 cursum
3307 2609 3635 2665 moraretur,

2054 2682 2447 2738 transilierat...
2501 2686 2756 2755 supplevit
2783 2728 2797 2754 ,
2848 2705 3003 2742 sensu
3055 2698 3230 2745 tamen
3273 2694 3441 2763 magis
3474 2710 3637 2765 quam

2052 2774 2285 2828 carmine
2310 2776 2567 2840 ,-etiamsi
2611 2789 2764 2847 poeta
2796 2781 2869 2834 sit
2907 2783 3163 2849 eximius,
3208 2785 3509 2855 exhibito...
3541 2801 3637 2840 ex.

2051 2866 2244 2921 cellens
2290 2868 2451 2922 etiam
2481 2869 2665 2924 multis
2692 2872 2814 2925 aliis
2855 2871 2955 2927 Dei
2982 2874 3134 2928 donis
3154 2914 3170 2940 ,
3200 2878 3427 2930 maxime
3456 2887 3632 2931 autem

2049 2958 2389 3012 restituendis
2421 2960 2698 3031 utriusque
2739 2962 2932 3033 lingua:
2962 2965 3274 3034 scriptorum
3298 2968 3633 3035 depravatio-

2048 3048 2201 3103 nibus
2228 3066 2249 3105 :
2280 3049 2344 3104 de
2365 3067 2468 3120 quo
2493 3062 2641 3107 tanto
2670 3056 2890 3123 parcius
2916 3054 3128 3127 loquar,
3154 3069 3352 3129 quanto
3372 3059 3428 3113 id
3454 3060 3630 3114 notius

1970 3184 2013 3244 α
2045 3152 2121 3196 est
2145 3142 2409 3210 pluribus.

2115 3232 2363 3289 Extremi
2398 3234 2560 3305 libri,
2594 3236 2687 3307 qui
2731 3238 2951 3295 erudito
2996 3240 3117 3297 viro
3165 3242 3234 3298 ad
3262 3242 3629 3313 interpretan-

2045 3324 2172 3379 dum
2213 3326 2391 3382 relicti
2442 3338 2604 3395 sunt,
2646 3330 2901 3386 videntur
2948 3348 3069 3389 esse
3112 3334 3333 3389 Aristot.
3390 3337 3625 3407 dagmat.

2044 3417 2400 3487 Canfutatio,
2454 3419 2784 3486 Quwstiones
2841 3424 2911 3478 ad
2958 3426 3241 3480 orthodox.
3297 3436 3464 3498 atque
3506 3430 3629 3486 alim

2042 3507 2472 3566 Christianarum
2511 3514 2584 3567 ad
2609 3511 2821 3571 Crtecos
2854 3526 2909 3571 et
2935 3514 3241 3573 Grazcorum
3266 3521 3334 3574 ad
3362 3519 3627 3577 Christia-

2042 3613 2137 3652 nos
2164 3599 2515 3664 Quwstiones.
2550 3602 2677 3659 Haec
2730 3608 2875 3661 enim
2906 3609 3247 3676 accuratius,
3278 3625 3442 3681 quam
3482 3613 3625 3669 solet

2039 3689 2334 3759 Gelenius,
2379 3692 2535 3749 fuere
2575 3696 2811 3752 reddita.
2858 3698 3091 3768 Dignum
3128 3708 3250 3754 erat
3278 3703 3479 3757 eruditi
3516 3703 3623 3758 viri

2039 3798 2277 3849 nomen,
2313 3785 2457 3855 quod
2484 3788 2724 3857 posteris
2769 3791 3091 3859 proderetur
3135 3807 3151 3845 :
3199 3793 3295 3847 sed
3323 3792 3518 3848 fortea
3552 3794 3622 3848 li-

2037 3873 2224 3932 brario
2259 3879 2724 3947 praetermissum,
2750 3890 2810 3937 ut
2856 3882 3001 3937 illius
3035 3885 3315 3940 modestiae
3340 3894 3616 3955 parceret.

2035 3966 2096 4022 In
2128 3969 2233 4023 hac
2275 3971 2516 4027 editione
2546 3974 2817 4029 retinetur
2870 3991 3098 4043 operum
3135 3978 3271 4034 ordo
3301 3992 3464 4048 quem
3508 3976 3620 4033 Ro-

2033 4059 2221 4116 bertus
2262 4059 2575 4132 Stephanus
2620 4065 3028 4123 observaverat.
3075 4067 3132 4122 In
3182 4069 3423 4124 editione
3461 4068 3619 4123 Pari-

2032 4151 2225 4218 siensi,
2249 4168 2370 4223 quae
2398 4170 2543 4210 anno
2575 4155 2715 4211 1575
2743 4159 2967 4226 prodiit,
3002 4160 3259 4231 adjuncta
3288 4170 3373 4216 est
3395 4160 3453 4217 S.
3482 4160 3614 4231 Hip-

2031 4242 2198 4313 polyti
2220 4246 2399 4301 oratio
2417 4247 2482 4301 de
2500 4251 2969 4307 consummatione
2983 4254 3167 4307 mundi
3182 4254 3606 4318 etAntichristo,

2030 4344 2084 4389 et
2111 4337 2350 4393 secundo
2375 4337 2623 4396 Adventu
2660 4342 2875 4398 Domini
2924 4342 3055 4400 Jesu
3085 4344 3292 4413 Christi
3330 4362 3400 4403 ex
3437 4348 3608 4402 inter-

2028 4430 2337 4490 pretatione
2365 4429 2593 4488 Joannis
2616 4432 2755 4489 Pici.

340 4527 447 4582 que
494 4513 728 4568 moriens
777 4512 1070 4573 Francisco
1108 4518 1344 4586 Βοιιοιιο,
1404 4522 1560 4592 cujus
1606 4538 1713 4578 non
1744 4525 1924 4583 minus
1954 4532 1999 4586 ι)
2098 4516 2335 4574 Joannes
2353 4519 2570 4594 Langus
2594 4523 2827 4581 Silesius
2846 4526 3066 4581 tertiam
3094 4524 3606 4594 interpretationem

340 4605 551 4673 prolixa
574 4604 674 4660 fuit
707 4608 1085 4676 beneficentia,
1120 4612 1544 4668 commendavit.

316 4714 334 4738 ι
409 4696 546 4754 Cum
575 4696 974 4768 Expositionem
998 4701 1125 4769 ﬁdei
1146 4703 1436 4771 genuinum
1467 4718 1591 4760 esse
1616 4704 1815 4762 Justini
1848 4707 1928 4764 fe-

341 4799 453 4844 tum
495 4790 837 4849 existimaret
888 4793 1205 4863 Perionius,
1236 4811 1335 4851 nec
1400 4796 1538 4854 labis
1588 4797 1925 4856 Nestorianae

339 4882 603 4952 maculas,
649 4884 847 4955 quibus
875 4885 979 4942 hoc
1007 4902 1144 4957 opus
1172 4889 1407 4944 inustum
1435 4899 1539 4959 est,
1574 4892 1922 4949 animadver-

340 4972 514 5038 tisset,
544 4988 652 5029 non
704 4978 915 5046 putavit
961 4992 1021 5034 se
1068 4978 1239 5033 ullum
1287 4981 1504 5047 librum,
1553 4985 1644 5053 qui
1682 4985 1921 5055 majores

339 5069 831 5138 prastantioresque
860 5086 940 5124 res
967 5071 1275 5138 contineret,
1307 5089 1456 5140 posse
1487 5076 1692 5130 mittere
1728 5075 1921 5131 Carolo

340 5158 667 5229 Lotharingo
700 5160 985 5228 cardinali,
1018 5162 1374 5231 adjunxitque
1399 5163 1690 5230 Epistolam
1723 5167 1791 5219 ad
1820 5165 1923 5221 Ze-

342 5267 463 5303 nam
492 5261 539 5304 et
586 5250 866 5319 Serenum,
892 5263 948 5310 et
974 5257 1201 5325 quinque
1235 5256 1563 5321 Quwstiones
1598 5258 1923 5315 Christiano-

341 5360 457 5397 rum
482 5345 550 5398 ad
586 5342 818 5405 ercos.
844 5346 1087 5418 Reliquae
1116 5349 1444 5415 Quwstiones
1465 5352 1755 5410 Francisco
1776 5356 1918 5410 Tur-

339 5436 504 5491 nonio
531 5438 793 5493 cardinali
842 5440 1242 5496 inscribuntur.
1286 5442 1578 5513 Supererat
1620 5447 1919 5501 Aristotelis

338 5528 651 5598 Confutatio
681 5547 700 5584 :
730 5535 869 5587 hanc
894 5536 947 5588 in
977 5536 1197 5591 nomine
1255 5534 1539 5593 Pbiliberti
1581 5537 1749 5594 Baboi
1804 5541 1919 5610 epi-

337 5622 484 5690 scopi
516 5620 942 5693 Engolismensis
994 5628 1182 5693 edidit,
1218 5631 1457 5701 satisque
1488 5631 1723 5701 ingenue
1754 5633 1918 5687 timo—

337 5727 451 5767 rem
479 5730 635 5768 suum
665 5714 887 5784 fatetur,
940 5734 1003 5772 ne
1060 5720 1218 5790 hujus
1246 5720 1368 5776 libri
1398 5723 1618 5777 lectione
1657 5724 1752 5777 alii
1782 5740 1813 5775 α
1841 5725 1918 5778 le-

337 5818 500 5874 genda
524 5806 800 5863 Aristotele
840 5812 1004 5882 magis
1036 5827 1196 5883 quam
1238 5810 1462 5870 Platone
1527 5817 1913 5870 deterreantur.

2029 4622 2172 4663 anno
2216 4610 2353 4665 1565
2402 4612 2457 4666 in
2488 4614 2667 4669 lucem
2699 4617 2882 4672 emisit
2928 4618 3188 4682 Basileae,
3222 4617 3424 4672 additis
3458 4631 3608 4673 com-

2026 4702 2329 4758 mentariis.
2374 4702 2523 4773 Opus
2565 4706 2878 4764 absolverat
2922 4719 3218 4779 antequam
3265 4707 3506 4763 Perionii
3551 4717 3607 4765 et

2025 4788 2239 4847 Gelenii
2286 4795 2735 4854 elucubraliones
2794 4800 2850 4855 in
2906 4800 3025 4870 ejus
3072 4814 3266 4854 manus
3322 4799 3599 4865 venirent;

2026 4887 2143 4952 sed,
2174 4887 2240 4942 iis
2270 4888 2551 4957 perlectis,
2590 4898 2823 4947 testatur
2843 4907 2951 4948 non
2974 4892 3137 4948 modo
3159 4905 3337 4961 opera:
3360 4906 3470 4946 suae
3494 4905 3599 4945 non

2023 4993 2083 5033 se
2114 4982 2462 5049 paenituisse,
2494 4982 2589 5038 sed
2615 4983 2781 5038 etiam
2813 4985 3028 5041 animos
3059 4983 3381 5051 accessisse,
3400 4991 3458 5036 ut
3480 4996 3603 5037 eam

2023 5072 2303 5128 hominum
2327 5073 2552 5145 judiciis
2583 5075 2844 5134 libentius
2874 5078 3263 5135 committeret.
3301 5074 3410 5131 Sua
3448 5075 3601 5131 illum

2021 5180 2146 5236 spes
2183 5182 2290 5222 non
2322 5168 2548 5236 fefellit;
2580 5188 2709 5227 nam
2739 5171 2859 5241 ejus
2898 5173 3272 5240 interpretatio
3299 5169 3423 5224 aliis
3446 5179 3601 5224 ante-

2021 5258 2279 5327 ponitur;
2314 5263 2409 5317 sed
2449 5271 2633 5319 tamen
2664 5264 2765 5320 etsi
2796 5278 2904 5319 non
2934 5272 3042 5317 tam
3071 5262 3307 5318 licenter
3332 5262 3600 5333 interpre-

2023 5359 2167 5405 tatur
2191 5369 2355 5423 quam
2386 5354 2646 5412 Gelenius
2669 5396 2686 5422 ,
2737 5371 2839 5412 nec
2879 5365 2985 5410 tam
3014 5370 3157 5425 saepe
3195 5355 3400 5410 labitur
3427 5370 3597 5425 quam

2021 5441 2305 5502 Perionius
2328 5487 2346 5513 ,
2382 5450 2501 5505 suis
2532 5461 2713 5505 tamen
2742 5450 2944 5505 erratis
2983 5466 3093 5507 non
3141 5460 3328 5518 caret,
3366 5464 3597 5520 quorum

2018 5539 2279 5594 nonnulla
2333 5539 2645 5612 effugisset,
2691 5542 2738 5598 si
2778 5541 3018 5597 Perionii
3053 5552 3110 5599 et
3157 5541 3372 5598 Gelenii
3423 5543 3595 5597 inter-

2018 5632 2355 5698 pretationes
2412 5647 2538 5687 cum
2594 5649 2693 5689 sua
2761 5634 3057 5704 diligenter
3115 5634 3467 5700 contulisset;
3536 5640 3598 5687 ut

2017 5724 2267 5778 omittam
2300 5725 2445 5781 illam
2484 5726 2750 5782 imitando
2778 5736 3013 5798 utroque
3040 5725 3335 5783 clariorem
3366 5739 3510 5795 saepe
3539 5733 3596 5779 et

2018 5816 2407 5885 elegantiorem
2453 5816 2573 5873 fieri
2626 5818 2891 5888 putuisse.
2927 5816 3101 5889 Langi
3151 5816 3590 5888 interpretationi
