3932 6258
342 375 410 429 15
1381 366 1441 422 D.
1480 365 1745 422 MARANI
1776 363 1938 420 ΡΒᾹΞ

2051 361 2167 418 [ΊΟ.
2206 391 2274 401 -—
2307 359 2489 416 PARS
2520 358 2564 415 ι.
3533 357 3600 412 llo

342 493 512 544 honor
546 488 759 544 habitus
785 488 889 543 fuit
908 487 969 544 in
998 486 1364 551 editionibus,
1391 504 1509 559 qua:
1540 497 1723 557 postea
1763 487 1930 557 prod-
1959 493 2005 548 Α
2030 483 2324 553 addidit,|et
2341 484 2499 553 juxta
2520 482 2865 551 quorumdam
2896 480 3293 535 Neotericorum
3322 478 3599 533 doctorum

346 586 547 645 iennt,
607 591 831 649 evcepta
890 591 1086 637 tamen
1126 582 1469 639 Bibliotheca
1501 581 1726 635 Patrum
1772 581 1930 637 Colo-

350 674 517 728 niensi
540 675 680 729 anni
706 674 870 740 1618,
908 674 966 728 in
1020 690 1194 745 quam
1224 684 1435 745 recepta
1468 673 1572 727 l'uit
1600 674 1932 742 interpreta-

354 764 423 820 tio
455 763 720 818 Perionii.

416 856 577 928 Langi
614 872 758 927 opus
785 858 1172 915 consideranti
1218 857 1348 913 mihi
1381 856 1567 911 mirari
1615 855 1782 910 subiit
1828 855 1928 909 ho-

355 949 503 1002 minis
528 950 870 1003 sententiam
903 949 975 1003 de
1008 946 1429 1013 controversiis,
1454 961 1576 1016 quae
1597 953 1708 999 tum
1735 960 1930 1014 magno

353 1054 475 1096 astu
509 1042 835 1119 leniebant.’
871 1042 930 1097 ln
962 1043 1200 1113 epistola
1237 1041 1629 1110 nuncupatoria
1660 1040 1726 1094 ad
1758 1039 1933 1093 Maxi-

352 1135 630 1189 milianum
662 1134 944 1190 Bohemiae
989 1149 1177 1203 regem
1226 1134 1373 1206 luget
1414 1141 1635 1187 exortas
1662 1134 1731 1187 ab
1771 1132 1932 1186 annis

352 1228 469 1295 plus
496 1228 683 1282 minus
717 1229 1082 1298 quadraginta
1123 1227 1177 1282 in
1210 1226 1506 1283 Germania
1549 1234 1606 1281 et
1635 1226 1761 1280 aliis
1797 1224 1931 1279 locis

352 1324 750 1378 dissensiones.
794 1325 867 1377 At
889 1339 955 1379 eo
982 1338 1275 1390 consensu,
1306 1320 1399 1391 qui
1433 1321 1521 1375 his
1546 1322 1615 1376 de
1644 1320 1808 1375 rebus
1836 1334 1933 1372 an-

356 1426 435 1469 te:
465 1416 689 1486 vigebat
730 1431 831 1471 nec
859 1417 1043 1486 vigere
1089 1416 1233 1470 inter
1273 1413 1573 1470 catholicos
1617 1412 1797 1476 desiit,
1834 1411 1933 1465 mi-

356 1510 495 1563 nime
528 1517 806 1563 movetur.
861 1510 1099 1564 Sanctos
1146 1508 1338 1563 Patres
1382 1505 1601 1577 plurimi
1634 1504 1813 1561 facere
1846 1506 1929 1559 vi-

353 1603 510 1655 detur
530 1642 549 1665 ,
582 1603 979 1670 contenditque
1006 1615 1196 1655 eorum
1224 1641 1240 1665 ,
1270 1610 1523 1669 tanquam
1555 1597 1807 1652 Ecclesia:
1844 1598 1930 1650 lu-

353 1710 654 1755 cernarum,
676 1710 928 1762 magnam
984 1694 1041 1747 in
1075 1709 1139 1747 ea
1191 1708 1303 1747 esse
1345 1678 1534 1746 debere
1561 1690 1931 1744 auctoritatem

354 1801 456 1837 non
474 1786 727 1852 priuatim
764 1793 973 1838 tantum
1004 1784 1146 1852 apud
1168 1783 1425 1853 singulos,
1452 1797 1629 1836 verum
1650 1781 1807 1835 etiam
1834 1797 1932 1849 pu-

2031 578 2329 632 doctrinant
2356 616 2372 638 .
2407 578 2499 647 qui
2531 578 2594 629 ab
2621 591 2681 630 eo
2710 572 2964 628 nominati
2998 590 3102 627 non
3141 574 3216 626 ita
3261 572 3464 642 pridem
3504 577 3597 626 de-

2031 680 2319 725 cesserunt.
2355 668 2481 723 Non
2505 670 2645 723 enim
2670 708 2687 733 ,
2732 677 2788 722 ut
2833 667 3041 734 opinor,
3073 665 3253 729 aliter,
3286 666 3425 719 sicut
3462 666 3601 726 dixi,

2034 765 2141 819 illis
2172 762 2481 831 satisfacere
2505 762 2694 829 potuit.
2744 758 2857 813 Nec
2883 758 3071 811 dubito
3102 757 3228 827 quin
3254 757 3495 825 princeps
3534 760 3601 823 is,

2030 870 2136 924 qua
2175 863 2253 908 est
2292 853 2573 921 prudentia
2614 850 2902 917 praeditus,
2933 850 2996 903 de
3026 866 3121 904 suo
3153 850 3319 916 ipsius
3357 849 3603 911 consilio,

2031 948 2078 1002 si
2109 962 2203 1016 per
2222 946 2597 1000 seditiosorum
2630 943 2901 997 hominum
2927 943 3383 1011 importunitatem
3422 941 3605 996 licuis-

2032 1050 2131 1119 set,
2158 1055 2253 1108 pro
2284 1037 2498 1092 novellis
2523 1036 2870 1105 scriptoribus
2894 1035 3138 1106 antiquos
3165 1034 3375 1102 Patres,
3392 1034 3606 1092 Graecos

2032 1141 2080 1187 et
2120 1130 2331 1184 Latinos
2362 1129 2524 1199 fuerit
2558 1129 2901 1196 repositurus.

2105 1221 2163 1275 ln
2193 1221 2545 1291 disponendis
2593 1221 2649 1274 S.
2680 1219 2883 1275 Justini
2921 1221 3176 1291 aperihns
3204 1222 3488 1277 materiam
3521 1238 3607 1277 se-

2034 1324 2191 1369 cutus
2230 1324 2316 1369 est
2338 1352 2355 1380 ,
2397 1328 2460 1368 ac
2487 1311 2760 1367 Justinum
2794 1313 2844 1365 in
2872 1322 2982 1368 tres
3011 1323 3188 1369 tomos
3215 1314 3431 1379 divisit,
3468 1330 3608 1385 quo-

2036 1422 2153 1461 rum
2184 1406 2358 1475 primo
2388 1405 2736 1460 continentur
2765 1405 3091 1472 Cohortatio,
3121 1405 3275 1459 Liber
3306 1407 3371 1460 de
3398 1422 3611 1461 monar-

2035 1497 2195 1564 rhia,
2248 1498 2365 1550 duce
2423 1497 2709 1567 Apologitej
2754 1497 2950 1566 quibus
3003 1498 3315 1570 adjungitur
3377 1498 3613 1552 Athena-

2033 1606 2175 1659 gora:
2217 1588 2463 1658 Legatio,
2518 1591 2755 1660 denique
2796 1590 3095 1645 Aristotelis
3130 1593 3434 1662 dogmatum
3467 1592 3610 1646 Con-

2035 1683 2229 1752 futatio
2287 1698 2411 1737 cum
2476 1684 2807 1751 Appendice,
2844 1693 2903 1737 ut
2959 1684 3098 1752 apud
3136 1683 3449 1755 [Rcbertum
3491 1683 3612 1738 Stc-

2034 1774 2298 1842 phanum,
2362 1782 2418 1829 et
2444 1772 2774 1839 Quwstiones
2813 1771 3238 1828 Christianorum
3274 1776 3343 1829 ad
3374 1772 3609 1830 Graecos.

355 1878 484 1931 blice
510 1878 568 1931 in
599 1878 949 1931 conventibus
983 1878 1151 1931 sacris
1181 1887 1229 1931 et
1252 1876 1490 1930 conciliis
1513 1874 1656 1942 apud
1684 1874 1932 1945 mortales
1964 1866 2008 1926 Β
2036 1863 2264 1919 Τοωυω
2292 1865 2590 1920 secundum
2633 1862 2821 1933 implet
2862 1864 3119 1935 Dialogus
3160 1882 3279 1919 cum
3313 1865 3613 1936 Tryphone,

356 1971 642 2033 uniuersos,
675 1971 865 2037 quibus
910 1971 1123 2025 nomine
1148 1980 1197 2024 et
1238 1970 1410 2040 gloria
1452 1969 1653 2023 Christi
1679 1978 1728 2022 et
1763 1966 1936 2022 salute

355 2062 569 2128 propria
596 2062 734 2114 nihil
758 2073 839 2115 est
865 2062 1015 2129 prius
1039 2071 1089 2115 et
1116 2061 1409 2130 antiquius.

424 2152 494 2203 At
540 2151 633 2206 ille
683 2162 1002 2207 sanctorum
1049 2152 1273 2205 Patrum
1318 2149 1569 2205 laudator
1598 2163 1759 2218 quam
1796 2146 1938 2201 male

358 2246 472 2299 suis
518 2247 638 2315 ipse
682 2255 793 2300 stat
827 2244 1117 2314 principiis
1147 2253 1205 2298 et
1238 2243 1525 2313 praeceptis
1568 2241 1932 2310 obsequitur'

358 2338 488 2392 Nam
534 2339 667 2392 dum
717 2346 1124 2393 commentatur
1178 2337 1445 2406 insignem
1495 2334 1694 2390 Justini
1754 2333 1937 2387 locum

359 2430 510 2497 Apol.
541 2431 592 2495 l,
624 2446 778 2483 num.
801 2429 995 2495 65,ubi
1024 2428 1084 2484 S.
1117 2439 1324 2499 martyr
1353 2438 1462 2482 tam
1498 2428 1703 2482 diserte
1726 2436 1782 2481 et
1804 2441 1937 2481 con-

360 2530 570 2575 stanter
598 2532 885 2575 asseverat
935 2536 1134 2592 panem
1183 2530 1241 2576 et
1269 2520 1460 2574 vinum
1500 2519 1616 2573 fieri
1650 2534 1848 2587 corpus
1884 2526 1941 2572 et

362 2613 685 2682 sanguinem
719 2611 950 2677 Christi,
981 2628 1146 2681 quam
1188 2611 1365 2682 ipsum
1402 2611 1634 2668 Verbum
1666 2612 1938 2667 hominem
1977 2668 1981 2673 ,

360 2718 481 2758 esse
506 2703 716 2757 factum
742 2722 756 2767 ;
780 2704 910 2773 quid
944 2703 1072 2757 huic
1103 2704 1417 2759 testimonio
1443 2706 1663 2773 opponit
1688 2702 1941 2772 Langns?

369 2794 511 2849 Unus
538 2794 615 2847 illi
647 2809 751 2863 pro
779 2793 1033 2848 omnibus
1057 2792 1312 2849 Patribus
1355 2804 1440 2848 est
1472 2792 1789 2848 Valentinus
1809 2794 1943 2847 Cra-

365 2886 600 2951 toaldus,
628 2886 920 2956 presbyter
950 2884 1419 2950 Vratislaviensis,
1451 2900 1614 2955 quem
1649 2887 1700 2939 in
1733 2884 1943 2940 Grzecis

364 2980 561 3035 litteris
588 2987 989 3049 praeceptorem
1022 2978 1313 3034 habuerat.
1347 2978 1461 3033 Hoc
1490 2987 1859 3034 monstratore
1888 2986 1945 3031 et

362 3073 629 3141 magistro
678 3070 896 3137 fretus,
948 3070 1158 3126 Christi
1207 3071 1412 3135 verba,
1468 3069 1584 3124 Hoc
1633 3080 1711 3125 est
1751 3087 1943 3138 corpus

364 3178 553 3228 meum,
588 3161 677 3215 hic
698 3171 775 3216 est
804 3164 1025 3231 sanguis
1052 3178 1217 3223 meus,
1254 3177 1350 3231 per
1379 3176 1600 3216 causam
1633 3160 1941 3230 explicandi

362 3266 416 3309 et
443 3254 774 3324 explanandi
823 3256 1099 3310 invertere
1152 3271 1257 3309 non
1290 3253 1501 3309 dubitat
1547 3253 1693 3307 hunc
1725 3254 1778 3307 in
1829 3268 1943 3308 mo-

365 3348 489 3401 dum
514 3364 528 3399 :
557 3346 775 3417 Corpus
800 3360 984 3401 meum
1011 3355 1097 3401 est
1140 3347 1273 3411 hoc,
1307 3362 1487 3416 nempe
1515 3334 1669 3414 panis
1703 3356 1753 3399 et
1794 3346 1941 3399 cibus

368 3441 672 3507 spiritualis
720 3447 772 3493 et
801 3440 947 3493 vivus
974 3439 1067 3508 qui
1108 3439 1173 3492 de
1211 3442 1336 3494 caelo
1381 3440 1688 3504 descendit;
1722 3438 1942 3510 sanguis

370 3547 522 3586 meus
550 3541 639 3587 est
682 3532 809 3600 hoc,
854 3548 1039 3603 nempe
1078 3542 1234 3602 potus
1262 3533 1593 3602 spiritualis,
1620 3532 1857 3600 uiuiﬁcus
1897 3539 1945 3585 et

364 3625 608 3696 celestis.

431 3717 709 3775 Justitiam
740 3718 1049 3789 putativam
1095 3717 1176 3774 sic
1230 3718 1473 3788 exagitat
1503 3734 1516 3770 :
1550 3717 1716 3772 Fides
1758 3720 1949 3788 hujus-

363 3814 546 3881 modi,
602 3814 821 3881 inquit,
869 3813 1162 3883 plurimum
1201 3814 1374 3884 οἰήσει
1402 3826 1449 3868 et
1475 3813 1734 3886 δοκήσει,
1780 3814 1832 3870 id
1866 3824 1951 3869 est

362 3908 762 3961 existimatione
788 3918 837 3960 et
862 3908 1112 3974 Opinione
1147 3906 1467 3974 concipitur,
1505 3908 1807 3961 substantia
1853 3923 1946 3961 ca-

361 4016 509 4061 rens,
527 4010 578 4052 et
598 3999 818 4068 justitia
842 4000 1082 4067 putativa
1107 3997 1300 4051 nititur
1321 4006 1371 4051 et
1394 3999 1664 4062 consistit,
1692 3999 1950 4052 habitura

359 4093 523 4146 etiam
564 4091 647 4159 (ut
670 4091 955 4145 verendum
977 4090 1082 4155 est)
1117 4102 1524 4147 consentaneum
1551 4091 1653 4145 sibi
1700 4107 1950 4145 munera-

362 4183 562 4236 tionem
587 4184 880 4250 putativam
907 4194 955 4235 et
985 4184 1386 4239 retributionem
1435 4185 1839 4254 imaginariam.
1881 4183 1952 4238 Et

361 4276 604 4329 homines
635 4275 745 4328 otio
764 4275 981 4344 perditi,
1013 4276 1106 4345 qui
1128 4276 1184 4330 in
1211 4278 1429 4332 dubium
1460 4288 1672 4344 vocant,
1697 4296 1765 4332 an
1793 4280 1952 4334 bene-

367 4367 523 4432 factis
576 4383 708 4435 opus
752 4369 819 4420 sit
858 4366 1163 4421 Christiano
1208 4370 1277 4422 ad
1327 4370 1591 4433 salutem,
1635 4372 1762 4439 quid
1802 4372 1953 4425 aliud

365 4469 560 4526 agunt,
583 4477 741 4532 quam
764 4461 906 4529 quod
939 4465 1222 4533 manifesto
1250 4465 1569 4531 ostendunt,
1603 4480 1659 4519 se
1688 4464 1743 4518 in
1768 4466 1955 4534 dispu-

2041 1956 2261 2010 tertium
2289 1954 2571 2025 Expositio
2600 1956 2751 2024 ﬁdei,
2790 1956 3031 2026 Epistula
3065 1960 3133 2010 ad
3157 1958 3358 2013 Zenam
3380 1970 3427 2012 et
3459 1957 3615 2013 Sere—

2037 2061 2205 2110 num,
2248 2046 2578 2111 Qutestiones
2624 2057 2679 2103 et
2728 2048 3109 2118 Responsiones
3156 2049 3226 2103 ad
3268 2051 3589 2105 orthodoxos

2038 2153 2161 2194 cum
2202 2140 2592 2205 Questionibus
2633 2138 2944 2195 Grterorum
2973 2145 3043 2194 ad
3079 2141 3428 2197 Christianos.

2111 2231 2258 2286 Ante
2302 2233 2403 2287 hos
2455 2233 2789 2301 interpretes
2826 2231 3064 2290 Joannes
3094 2233 3258 2292 Picus
3287 2236 3619 2294 Mirandula-

2040 2334 2145 2375 nus
2190 2320 2621 2377 Cohortationem
2673 2326 2742 2376 ad
2784 2322 2997 2380 Gracos
3041 2324 3234 2383 Latine
3274 2329 3615 2397 reddiderat;

2042 2427 2163 2481 qua:
2187 2414 2570 2485 interpretatio
2599 2415 2742 2470 inter
2774 2416 2891 2485 ejus
2922 2432 3091 2486 opera
3122 2420 3267 2475 edita
3296 2431 3383 2475 est
3411 2423 3620 2493 Argen-

2044 2505 2209 2559 torati
2257 2522 2403 2563 anno
2432 2506 2590 2573 1507,
2621 2518 2678 2563 et
2707 2508 2874 2563 Basil.
2910 2509 3140 2574 1528,in
3181 2511 3296 2577 fol.,
3335 2513 3389 2567 in
3415 2512 3500 2569 Jo.
3532 2515 3620 2569 Si-

2042 2599 2234 2654 chardi
2266 2599 2518 2655 Antidota
2550 2611 2736 2655 contra
2773 2604 3022 2668 luereses,
3057 2612 3110 2658 et
3154 2605 3208 2659 in
3234 2606 3621 2678 Micropresby-

2042 2693 2144 2745 tico
2188 2690 2358 2757 1550,
2405 2701 2461 2746 et
2493 2692 3002 2764 Orthodoxographo
3034 2695 3162 2751 1551
3191 2737 3207 2762 ,
3246 2700 3388 2755 1569
3411 2740 3427 2765 ,
3455 2713 3621 2770 atque

2046 2784 2243 2839 iterum
2275 2785 2418 2839 inter
2444 2784 2533 2840 Jo.
2584 2785 2868 2842 Francisci
2916 2788 3027 2843 Pici
3060 2805 3225 2859 opera
3254 2790 3422 2846 Basil.
3456 2796 3620 2855 1601,

2046 2878 2101 2930 in
2134 2876 2258 2945 fol.;
2314 2876 2709 2944 Refutationem
2754 2877 3055 2935 Aristotelis
3108 2882 3411 2952 dogmatum
3455 2890 3621 2943 vertit

2044 2968 2240 3025 Latine
2276 2969 2600 3027 Guillelntus
2643 2972 2915 3029 Postellus
2938 3015 2954 3043 ,
2999 2974 3227 3033 Parisiis
3258 2994 3386 3036 ann.
3442 2982 3621 3049 1552,

2046 3062 2099 3116 in
2139 3064 2218 3117 8ο.

2118 3157 2321 3213 Habuit
2348 3158 2513 3213 etiam
2540 3158 2792 3216 Justinus
2834 3162 2927 3231 qui
2956 3177 3080 3219 eum
3111 3164 3319 3223 Gallica
3344 3167 3529 3239 lingua
3558 3173 3627 3225 il-

2046 3249 2373 3305 lustrarent.
2404 3249 2581 3320 Opera
2612 3253 2800 3308 omnia
2828 3268 2859 3308 a
2906 3254 3146 3313 Boberto
3174 3258 3451 3328 Stephano
3480 3264 3624 3319 edita

2044 3341 2251 3397 Gallice
2294 3343 2531 3399 reddidit
2572 3344 2812 3401 Joannes
2850 3348 2919 3404 de
2948 3348 3226 3404 Maumont
3266 3368 3411 3408 anno
3459 3356 3623 3423 1554,

2049 3446 2213 3506 atque
2236 3437 2376 3492 hanc
2407 3439 2881 3496 elucubrationem
2908 3441 3167 3499 Monlucii
3211 3443 3473 3504 Valentia:
3503 3456 3623 3522 epi-

2049 3528 2199 3595 scopi
2246 3527 2467 3582 hortatu
2499 3540 2813 3597 susceptam
2842 3541 2899 3587 et
2931 3537 3072 3606 typis
3109 3535 3392 3595 Michaelis
3422 3541 3627 3598 Vasco-

2049 3620 2169 3676 sani
2200 3634 2459 3676 excusam
2485 3662 2501 3687 ,
2550 3622 2815 3679 cardinali
2856 3624 3227 3700 Lotharingia:
3270 3640 3624 3703 nuncupavit.

2051 3715 2179 3770 Hmc
2229 3716 2614 3785 interpretatio
2646 3719 2846 3774 iterum
2885 3737 3087 3778 excusa
3131 3740 3277 3782 anno
3308 3729 3445 3785 1559
3484 3733 3627 3801 apud

2053 3807 2324 3865 eumdem.
2372 3809 2576 3864 Eadem
2621 3810 2805 3882 lingua
2846 3812 3278 3873 Cohortationem
3305 3824 3374 3874 ad
3412 3821 3628 3879 Graecos

2054 3910 2196 3953 anno
2224 3897 2362 3952 1580
2404 3898 2579 3954 Paris.
2609 3899 2872 3956 Martinus
2919 3903 3131 3974 Dupin;
3197 3908 3458 3976 majorem
3488 3914 3631 3981 Apo-

2055 3987 2251 4059 logiam
2293 3990 2579 4046 Chanutus
2625 4007 2770 4047 anno
2813 3994 2983 4062 1670;
3039 3996 3337 4067 Epistolam
3390 4004 3462 4057 ad
3501 4004 3630 4060 Dio-

2056 4092 2269 4153 gnetum
2311 4081 2491 4138 Paris.
2540 4098 2687 4139 anno
2714 4085 2853 4140 1725
2882 4086 2944 4142 P.
2986 4088 3037 4144 le
3066 4089 3209 4146 Gras
3258 4091 3496 4150 Oratorii
3539 4112 3632 4152 Sa—

2058 4179 2254 4232 cerdos
2284 4176 2661 4232 reddiderunt.
2693 4176 2830 4232 Cum
2877 4180 3185 4238 delituisset
3210 4184 3497 4244 Chanutus
3530 4193 3632 4245 suh

2060 4271 2281 4326 nomine
2328 4270 2475 4326 Petri
2521 4272 2772 4338 Fondet,
2825 4273 3026 4329 iterum
3080 4277 3197 4332 hinc
3250 4279 3634 4352 interpretatio

2060 4378 2263 4419 excusa
2285 4371 2372 4420 est
2400 4379 2544 4420 anno
2569 4363 2729 4430 1686,
2759 4364 2861 4420 sub
2882 4382 3014 4422 vero
3040 4368 3356 4439 interpretis
3385 4377 3631 4436 nomine.

2060 4454 2871 4510 GermaniceCohortationem
2935 4459 3005 4511 ad
3059 4457 3273 4518 ercos
3344 4466 3637 4529 illustravit

384 4552 641 4604 tationem
665 4555 966 4622 ambiguam
990 4554 1246 4607 deducere
1275 4554 1552 4608 Dominica
1583 4564 1631 4607 et
1659 4554 1952 4620 apostolica
1983 4564 2028 4619 ι)
2058 4551 2264 4620 Caspar
2292 4551 2460 4607 Hedio
2485 4566 2633 4606 anno
2663 4550 2826 4618 1550,
2854 4566 2978 4607 cum
3005 4553 3247 4609 Historia
3274 4560 3635 4619 ecclesiastica

373 4643 596 4699 oracula
625 4647 644 4712 (
666 4648 969 4713 prophetica
998 4647 1216 4718 omitto)
1245 4646 1358 4701 luce
1385 4648 1640 4712 clariora,
1672 4658 1719 4700 et
1764 4648 1829 4700 de
1854 4664 1947 4701 eo-

370 4755 493 4793 rum
539 4739 758 4792 veritate
787 4740 1074 4794 dubitare?
1109 4739 1236 4795 Haec
1265 4741 1340 4808 lin
1367 4741 1559 4796 eadem
1600 4736 1826 4812 epistola
1879 4742 1953 4798 le-

373 4842 541 4905 guntu
549 4849 594 4886 r.

448 4924 819 4980 Hemorabilis
866 4934 951 4980 est
981 4935 1205 4981 narrata
1251 4942 1281 4981 a
1323 4926 1510 4997 Lango
1553 4928 1843 4983 seditionis
1882 4929 1952 4983 ob

370 5017 785 5088 jnstiﬁcationis
813 5020 1249 5073 controversiam
1282 5029 1486 5075 exortae
1512 5021 1762 5076 historia.
1808 5020 1950 5074 Sub-

375 5120 493 5162 orta
526 5110 631 5178 fuit
678 5110 943 5179 proximis
991 5112 1167 5175 armis,
1200 5112 1400 5182 inquit,
1437 5128 1492 5183 p.
1522 5113 1611 5178 52,
1640 5114 1696 5166 in
1719 5120 1953 5184 quadam

376 5200 680 5258 Germanic
713 5205 917 5258 ditione
962 5206 1028 5260 de
1054 5205 1444 5274 justiﬁcaticne
1473 5206 1703 5261 hominis
1742 5208 1955 5261 schola-

376 5298 514 5350 stica
544 5297 832 5364 contentio,
864 5314 984 5366 quae
1005 5298 1196 5353 deinde
1233 5299 1289 5353 in
1315 5308 1552 5368 apertam
1581 5299 1955 5353 discessionem

377 5391 453 5442 ita
489 5391 695 5454 evasit,
727 5399 784 5442 ut
813 5390 990 5443 clerus
1030 5391 1105 5443 ibi
1148 5407 1304 5461 prope
1329 5393 1499 5445 omnis
1535 5410 1566 5445 a
1592 5392 1830 5460 principe
1865 5393 1956 5445 de-

377 5484 642 5538 scisceret.
676 5482 864 5552 Neque
891 5483 984 5537 ille
1008 5485 1213 5538 ratione
1240 5485 1350 5539 alia
1374 5487 1489 5539 suis
1515 5486 1827 5553 satisfacere
1855 5502 1954 5555 po-

380 5577 502 5635 tuit,
532 5592 689 5645 quam
711 5585 768 5627 ut
793 5576 1005 5641 publica
1027 5578 1295 5644 proposito
1316 5577 1512 5639 edicto,
1542 5579 1684 5644 quod
1707 5578 1955 5646 primitus

384 5666 446 5717 ab
484 5665 614 5732 ipsis
652 5664 910 5719 Ecclesia
950 5675 1150 5718 sanctis
1177 5665 1538 5734 fundamentis
1582 5666 1744 5733 jactis
1775 5665 1955 5719 decre-

388 5764 494 5807 tum
538 5758 666 5824 fuit,
708 5766 1004 5820 statueret,
1055 5764 1113 5809 ut
1151 5757 1309 5824 juxta
1363 5758 1678 5812 sententiam
1730 5758 1959 5826 apostoli

392 5846 545 5905 Pauli
590 5852 908 5921 iustiﬁcatio
932 5852 1230 5907 doceretur.
1267 5851 1461 5908 Verum
1503 5854 1864 5913 constitutioni
1903 5855 1951 5907 ei

2052 4643 2302 4710 Eusebii,
2341 4643 2606 4707 Socratis,
2636 4651 2747 4699 etc.
2784 4644 3135 4712 Argentorati
3173 4647 3227 4700 in
3262 4646 3380 4714 fol.;
3408 4648 3633 4718 Justini,

2055 4736 2377 4791 Tertulliani
2411 4746 2465 4791 et
2500 4735 2723 4791 Minucii
2775 4734 2976 4791 Felicis
3005 4752 3105 4805 pro
3139 4736 3450 4794 Christiana
3502 4744 3635 4798 reli-

2053 4828 2214 4897 gione
2243 4828 2558 4898 Apologias,
2589 4826 2973 4897 Viucentiique
2998 4828 3302 4885 Lirinensis
3326 4831 3633 4889 Commoni-

2054 4921 2283 4986 torium,
2335 4919 2560 4989 Anglice
2595 4933 2773 4988 nuper
2798 4922 2998 4987 vertit,
3028 4931 3083 4974 et
3125 4922 3527 4992 prolegomenis
3567 4945 3632 4982 ac

2054 5014 2200 5068 notis
2246 5012 2544 5067 illustravit
2594 5011 2657 5067 D.
2702 5013 2976 5077 lleevius,
3027 5013 3256 5069 Londini
3306 5016 3476 5077 1710.
3530 5020 3630 5086 8ο,

2052 5108 2089 5161 2
2120 5107 2224 5161 vol.

2686 5237 2916 5295 CAPUT
2952 5238 3014 5295 ll.

2110 5362 2187 5417 De
2218 5360 2538 5416 editionibus
2570 5359 2633 5415 S.
2655 5358 2858 5414 Justini
2887 5373 3104 5430 operum
3133 5356 3579 5414 Graec—Latinis.

2126 5476 2330 5533 Justini
2363 5489 2532 5546 opera
2580 5474 2771 5531 Graece
2799 5484 2853 5529 et
2884 5473 3081 5529 Latine
3113 5474 3287 5529 edidit
3324 5473 3639 5529 Fridericus

2060 5571 2421 5644 Sylburgius,
2476 5583 2599 5623 cum
2645 5566 2875 5621 Joannis
2917 5565 3087 5635 Langi
3137 5565 3635 5633 interpretatione.

2059 5680 2205 5720 anno
2234 5662 2405 5725 1695,
2446 5660 2821 5728 Heidelberga:
2868 5659 3011 5725 apud
3039 5657 3365 5713 Commelin.
3391 5696 3406 5721 ,
3438 5658 3641 5712 additis

2061 5757 2269 5810 duobus
2308 5754 2568 5824 operibus
2604 5764 2752 5804 anno
2801 5748 2943 5803 1592
2982 5750 3061 5803 ab.
3096 5747 3332 5801 Henrico
3363 5748 3637 5816 Stephano

2063 5853 2223 5909 editis
2247 5893 2262 5921 ,
2299 5848 2553 5905 Oratione
2584 5848 2652 5901 ad
2683 5846 2897 5904 (ἔνατος
2933 5853 2988 5902 et
3023 5840 3266 5911 Epistula
3304 5841 3373 5893 ad
3406 5838 3639 5908 Diogne-
