  <div class='ocr_page' id='page_1' title='image "/cluster/home/n/w/nwhite01/storage/ocr_20150623/6/mdp.39015004289917/015.png"; bbox 0 0 3932 6258; ppageno 0'>
   <div class='ocr_carea' id='block_1_1' title="bbox 307 330 3543 393">
    <p class='ocr_par' dir='ltr' id='par_1_1' title="bbox 307 330 3543 393">
     <span class='ocr_line' id='line_1_1' title="bbox 307 330 3543 393; baseline 0.001 -3"><span class='ocrx_word' id='word_1_1' title='bbox 307 337 375 390; x_wconf 81' lang='grc'>15</span> <span class='ocrx_word' id='word_1_2' title='bbox 1214 332 1271 386; x_wconf 90' lang='lat' dir='ltr'><strong>S.</strong></span> <span class='ocrx_word' id='word_1_3' title='bbox 1302 331 1636 387; x_wconf 71' lang='lat' dir='ltr'><strong>JL&#39;STINUS</strong></span> <span class='ocrx_word' id='word_1_4' title='bbox 1668 330 2146 390; x_wconf 77' lang='lat' dir='ltr'><strong>PHILOSOPHUS</strong></span> <span class='ocrx_word' id='word_1_5' title='bbox 2183 332 2269 387; x_wconf 85' lang='lat' dir='ltr'><strong>ET</strong></span> <span class='ocrx_word' id='word_1_6' title='bbox 2310 333 2624 391; x_wconf 77' lang='lat' dir='ltr'><strong>MARTYR.</strong></span> <span class='ocrx_word' id='word_1_7' title='bbox 3478 341 3543 393; x_wconf 90' lang='grc'><strong>16</strong></span> 
     </span>
    </p>
   </div>
   <div class='ocr_carea' id='block_1_2' title="bbox 305 452 3546 525">
    <p class='ocr_par' dir='ltr' id='par_1_2' title="bbox 305 452 3546 525">
     <span class='ocr_line' id='line_1_2' title="bbox 305 452 3546 525; baseline -0.001 -14"><span class='ocrx_word' id='word_1_8' title='bbox 305 470 439 515; x_wconf 84' lang='lat' dir='ltr'><strong>tum.</strong></span> <span class='ocrx_word' id='word_1_9' title='bbox 484 453 620 509; x_wconf 80' lang='lat' dir='ltr'><strong>Huic.</strong></span> <span class='ocrx_word' id='word_1_10' title='bbox 663 452 888 510; x_wconf 77' lang='lat' dir='ltr'><strong>editioni</strong></span> <span class='ocrx_word' id='word_1_11' title='bbox 935 454 1097 508; x_wconf 85' lang='lat' dir='ltr'><strong>decus</strong></span> <span class='ocrx_word' id='word_1_12' title='bbox 1146 463 1202 508; x_wconf 87' lang='lat' dir='ltr'><strong>et</strong></span> <span class='ocrx_word' id='word_1_13' title='bbox 1235 454 1466 523; x_wconf 88' lang='lat' dir='ltr'><strong>pretium</strong></span> <span class='ocrx_word' id='word_1_14' title='bbox 1503 454 1714 510; x_wconf 88' lang='lat' dir='ltr'><strong>addidit</strong></span> <span class='ocrx_word' id='word_1_15' title='bbox 1757 454 1879 525; x_wconf 79' lang='lat' dir='ltr'><strong>Syl-</strong></span> <span class='ocrx_word' id='word_1_16' title='bbox 1905 457 1954 514; x_wconf 77' lang='grc' dir='ltr'>Α</span> <span class='ocrx_word' id='word_1_17' title='bbox 1983 472 2132 520; x_wconf 87' lang='lat' dir='ltr'><strong>nam,</strong></span> <span class='ocrx_word' id='word_1_18' title='bbox 2162 454 2228 509; x_wconf 88' lang='lat' dir='ltr'><strong>de</strong></span> <span class='ocrx_word' id='word_1_19' title='bbox 2273 456 2470 509; x_wconf 85' lang='lat' dir='ltr'><strong>utravis</strong></span> <span class='ocrx_word' id='word_1_20' title='bbox 2516 454 2571 509; x_wconf 90' lang='lat' dir='ltr'><strong>in</strong></span> <span class='ocrx_word' id='word_1_21' title='bbox 2613 452 2959 519; x_wconf 87' lang='lat' dir='ltr'><strong>vernaculas,</strong></span> <span class='ocrx_word' id='word_1_22' title='bbox 3011 454 3200 525; x_wconf 87' lang='lat' dir='ltr'><strong>quibus</strong></span> <span class='ocrx_word' id='word_1_23' title='bbox 3246 454 3384 508; x_wconf 87' lang='lat' dir='ltr'><strong>hanc</strong></span> <span class='ocrx_word' id='word_1_24' title='bbox 3427 473 3546 509; x_wconf 86' lang='lat' dir='ltr'><strong>cum</strong></span> 
     </span>
    </p>
   </div>
   <div class='ocr_carea' id='block_1_3' title="bbox 306 547 1881 619">
    <p class='ocr_par' dir='ltr' id='par_1_3' title="bbox 306 547 1881 619">
     <span class='ocr_line' id='line_1_3' title="bbox 306 547 1881 619; baseline 0.001 -15"><span class='ocrx_word' id='word_1_25' title='bbox 306 548 527 619; x_wconf 84' lang='lat' dir='ltr'><strong>burgius</strong></span> <span class='ocrx_word' id='word_1_26' title='bbox 556 562 679 603; x_wconf 91' lang='lat' dir='ltr'><strong>cum</strong></span> <span class='ocrx_word' id='word_1_27' title='bbox 710 547 984 602; x_wconf 80' lang='lat' dir='ltr'><strong>indicibus</strong></span> <span class='ocrx_word' id='word_1_28' title='bbox 1032 547 1268 615; x_wconf 89' lang='lat' dir='ltr'><strong>copiosis</strong></span> <span class='ocrx_word' id='word_1_29' title='bbox 1293 588 1309 612; x_wconf 92' lang='lat'><strong>,</strong></span> <span class='ocrx_word' id='word_1_30' title='bbox 1340 558 1458 604; x_wconf 91' lang='lat' dir='ltr'><strong>tum</strong></span> <span class='ocrx_word' id='word_1_31' title='bbox 1497 548 1666 604; x_wconf 86' lang='lat' dir='ltr'><strong>variis</strong></span> <span class='ocrx_word' id='word_1_32' title='bbox 1691 550 1881 605; x_wconf 89' lang='lat' dir='ltr'><strong>obser-</strong></span> 
     </span>
    </p>
   </div>
   <div class='ocr_carea' id='block_1_4' title="bbox 304 637 1874 707">
    <p class='ocr_par' dir='ltr' id='par_1_4' title="bbox 304 637 1874 707">
     <span class='ocr_line' id='line_1_4' title="bbox 304 637 1874 707; baseline 0.001 -15"><span class='ocrx_word' id='word_1_33' title='bbox 304 639 642 701; x_wconf 84' lang='lat' dir='ltr'><strong>vationibus,</strong></span> <span class='ocrx_word' id='word_1_34' title='bbox 661 652 799 707; x_wconf 89' lang='lat' dir='ltr'><strong>quas</strong></span> <span class='ocrx_word' id='word_1_35' title='bbox 831 648 927 691; x_wconf 90' lang='lat' dir='ltr'><strong>aut</strong></span> <span class='ocrx_word' id='word_1_36' title='bbox 957 639 1326 700; x_wconf 85' lang='lat' dir='ltr'><strong>suonomine.</strong></span> <span class='ocrx_word' id='word_1_37' title='bbox 1349 648 1443 693; x_wconf 90' lang='lat' dir='ltr'><strong>aut</strong></span> <span class='ocrx_word' id='word_1_38' title='bbox 1471 655 1500 694; x_wconf 89' lang='lat' dir='ltr'><strong>a</strong></span> <span class='ocrx_word' id='word_1_39' title='bbox 1522 637 1605 695; x_wconf 81' lang='lat' dir='ltr'><strong>Jo.</strong></span> <span class='ocrx_word' id='word_1_40' title='bbox 1628 639 1874 706; x_wconf 86' lang='lat' dir='ltr'><strong>Arcerio,</strong></span> 
     </span>
    </p>
   </div>
   <div class='ocr_carea' id='block_1_5' title="bbox 304 728 1879 801">
    <p class='ocr_par' dir='ltr' id='par_1_5' title="bbox 304 728 1879 801">
     <span class='ocr_line' id='line_1_5' title="bbox 304 728 1879 801; baseline 0 -16"><span class='ocrx_word' id='word_1_41' title='bbox 304 731 510 785; x_wconf 88' lang='lat' dir='ltr'><strong>Davide</strong></span> <span class='ocrx_word' id='word_1_42' title='bbox 550 729 877 794; x_wconf 71' lang='lat' dir='ltr'><strong>stchelio,</strong></span> <span class='ocrx_word' id='word_1_43' title='bbox 909 728 1239 801; x_wconf 85' lang='lat' dir='ltr'><strong>Hieronymo</strong></span> <span class='ocrx_word' id='word_1_44' title='bbox 1292 730 1465 787; x_wconf 88' lang='lat' dir='ltr'><strong>Vollio</strong></span> <span class='ocrx_word' id='word_1_45' title='bbox 1487 740 1759 801; x_wconf 85' lang='lat' dir='ltr'><strong>acceptas,</strong></span> <span class='ocrx_word' id='word_1_46' title='bbox 1782 740 1879 786; x_wconf 88' lang='lat' dir='ltr'><strong>aut</strong></span> 
     </span>
    </p>
   </div>
   <div class='ocr_carea' id='block_1_6' title="bbox 303 820 1877 893">
    <p class='ocr_par' dir='ltr' id='par_1_6' title="bbox 303 820 1877 893">
     <span class='ocr_line' id='line_1_6' title="bbox 303 820 1877 893; baseline 0.002 -20"><span class='ocrx_word' id='word_1_47' title='bbox 303 838 371 877; x_wconf 81' lang='lat' dir='ltr'><strong>cx</strong></span> <span class='ocrx_word' id='word_1_48' title='bbox 408 820 549 876; x_wconf 90' lang='lat' dir='ltr'><strong>Billii</strong></span> <span class='ocrx_word' id='word_1_49' title='bbox 600 820 1062 876; x_wconf 87' lang='lat' dir='ltr'><strong>Observationibus</strong></span> <span class='ocrx_word' id='word_1_50' title='bbox 1099 824 1265 875; x_wconf 89' lang='lat' dir='ltr'><strong>sacris</strong></span> <span class='ocrx_word' id='word_1_51' title='bbox 1314 824 1663 893; x_wconf 84' lang='lat' dir='ltr'><strong>depromptas</strong></span> <span class='ocrx_word' id='word_1_52' title='bbox 1710 838 1877 893; x_wconf 86' lang='lat' dir='ltr'><strong>appo-</strong></span> 
     </span>
    </p>
   </div>
   <div class='ocr_carea' id='block_1_7' title="bbox 304 913 1875 971">
    <p class='ocr_par' dir='ltr' id='par_1_7' title="bbox 304 913 1875 971">
     <span class='ocr_line' id='line_1_7' title="bbox 304 913 1875 971; baseline 0.002 -3"><span class='ocrx_word' id='word_1_53' title='bbox 304 916 439 968; x_wconf 91' lang='lat' dir='ltr'><strong>suit.</strong></span> <span class='ocrx_word' id='word_1_54' title='bbox 493 913 620 969; x_wconf 74' lang='lat' dir='ltr'><strong>Hmc</strong></span> <span class='ocrx_word' id='word_1_55' title='bbox 680 915 849 969; x_wconf 85' lang='lat' dir='ltr'><strong>editio</strong></span> <span class='ocrx_word' id='word_1_56' title='bbox 891 914 1059 968; x_wconf 91' lang='lat' dir='ltr'><strong>semel</strong></span> <span class='ocrx_word' id='word_1_57' title='bbox 1101 925 1156 968; x_wconf 90' lang='lat' dir='ltr'><strong>et</strong></span> <span class='ocrx_word' id='word_1_58' title='bbox 1206 916 1398 970; x_wconf 88' lang='lat' dir='ltr'><strong>iterum</strong></span> <span class='ocrx_word' id='word_1_59' title='bbox 1458 914 1683 970; x_wconf 87' lang='lat' dir='ltr'><strong>Parisiis</strong></span> <span class='ocrx_word' id='word_1_60' title='bbox 1732 931 1875 971; x_wconf 89' lang='lat' dir='ltr'><strong>anno</strong></span> 
     </span>
    </p>
   </div>
   <div class='ocr_carea' id='block_1_8' title="bbox 306 1007 1877 1079">
    <p class='ocr_par' dir='ltr' id='par_1_8' title="bbox 306 1007 1877 1079">
     <span class='ocr_line' id='line_1_8' title="bbox 306 1007 1877 1079; baseline 0.001 -16"><span class='ocrx_word' id='word_1_61' title='bbox 306 1007 441 1063; x_wconf 84' lang='grc'>1615</span> <span class='ocrx_word' id='word_1_62' title='bbox 482 1016 537 1062; x_wconf 86' lang='lat' dir='ltr'><strong>et</strong></span> <span class='ocrx_word' id='word_1_63' title='bbox 578 1008 718 1063; x_wconf 80' lang='grc'>1656</span> <span class='ocrx_word' id='word_1_64' title='bbox 749 1023 938 1063; x_wconf 91' lang='lat' dir='ltr'><strong>recusa</strong></span> <span class='ocrx_word' id='word_1_65' title='bbox 966 1017 1090 1074; x_wconf 91' lang='lat' dir='ltr'><strong>est,</strong></span> <span class='ocrx_word' id='word_1_66' title='bbox 1121 1010 1532 1079; x_wconf 88' lang='lat' dir='ltr'><strong>comprehensis</strong></span> <span class='ocrx_word' id='word_1_67' title='bbox 1562 1010 1750 1065; x_wconf 83' lang='lat' dir='ltr'><strong>eodem</strong></span> <span class='ocrx_word' id='word_1_68' title='bbox 1784 1024 1877 1064; x_wconf 82' lang='lat' dir='ltr'><strong>vo-</strong></span> 
     </span>
    </p>
   </div>
   <div class='ocr_carea' id='block_1_9' title="bbox 301 1099 1872 1171">
    <p class='ocr_par' dir='ltr' id='par_1_9' title="bbox 301 1099 1872 1171">
     <span class='ocr_line' id='line_1_9' title="bbox 301 1099 1872 1171; baseline 0.001 -17"><span class='ocrx_word' id='word_1_69' title='bbox 301 1100 506 1155; x_wconf 89' lang='lat' dir='ltr'><strong>lumine</strong></span> <span class='ocrx_word' id='word_1_70' title='bbox 555 1100 943 1169; x_wconf 84' lang='lat' dir='ltr'><strong>Athenagora,</strong></span> <span class='ocrx_word' id='word_1_71' title='bbox 996 1099 1300 1171; x_wconf 86' lang='lat' dir='ltr'><strong>Theophila</strong></span> <span class='ocrx_word' id='word_1_72' title='bbox 1354 1101 1725 1166; x_wconf 82' lang='lat' dir='ltr'><strong>Autiucheno,</strong></span> <span class='ocrx_word' id='word_1_73' title='bbox 1765 1100 1872 1156; x_wconf 86' lang='lat' dir='ltr'><strong>Ta-</strong></span> 
     </span>
    </p>
   </div>
   <div class='ocr_carea' id='block_1_10' title="bbox 300 1194 1872 1266">
    <p class='ocr_par' dir='ltr' id='par_1_10' title="bbox 300 1194 1872 1266">
     <span class='ocr_line' id='line_1_10' title="bbox 300 1194 1872 1266; baseline 0.001 -17"><span class='ocrx_word' id='word_1_74' title='bbox 300 1197 447 1250; x_wconf 88' lang='lat' dir='ltr'><strong>tiano</strong></span> <span class='ocrx_word' id='word_1_75' title='bbox 479 1208 533 1250; x_wconf 92' lang='lat' dir='ltr'><strong>et</strong></span> <span class='ocrx_word' id='word_1_76' title='bbox 563 1194 806 1261; x_wconf 84' lang='lat' dir='ltr'><strong>Hermia,</strong></span> <span class='ocrx_word' id='word_1_77' title='bbox 838 1210 938 1250; x_wconf 86' lang='lat' dir='ltr'><strong>nec</strong></span> <span class='ocrx_word' id='word_1_78' title='bbox 979 1212 1086 1250; x_wconf 91' lang='lat' dir='ltr'><strong>non</strong></span> <span class='ocrx_word' id='word_1_79' title='bbox 1117 1198 1360 1265; x_wconf 81' lang='lat' dir='ltr'><strong>subjecta</strong></span> <span class='ocrx_word' id='word_1_80' title='bbox 1386 1195 1589 1250; x_wconf 86' lang='lat' dir='ltr'><strong>Justini</strong></span> <span class='ocrx_word' id='word_1_81' title='bbox 1618 1195 1872 1266; x_wconf 80' lang='lat' dir='ltr'><strong>operibus</strong></span> 
     </span>
    </p>
   </div>
   <div class='ocr_carea' id='block_1_11' title="bbox 298 1287 1869 1345">
    <p class='ocr_par' dir='ltr' id='par_1_11' title="bbox 298 1287 1869 1345">
     <span class='ocr_line' id='line_1_11' title="bbox 298 1287 1869 1345; baseline 0.001 -2"><span class='ocrx_word' id='word_1_82' title='bbox 298 1288 566 1344; x_wconf 85' lang='lat' dir='ltr'><strong>Lansselii</strong></span> <span class='ocrx_word' id='word_1_83' title='bbox 598 1287 820 1344; x_wconf 70' lang='lat' dir='ltr'><strong>Jcsuitm</strong></span> <span class='ocrx_word' id='word_1_84' title='bbox 847 1289 1239 1345; x_wconf 89' lang='lat' dir='ltr'><strong>dissertatione</strong></span> <span class='ocrx_word' id='word_1_85' title='bbox 1274 1290 1538 1345; x_wconf 89' lang='lat' dir='ltr'><strong>adversus</strong></span> <span class='ocrx_word' id='word_1_86' title='bbox 1562 1289 1869 1345; x_wconf 77' lang='lat' dir='ltr'><strong>Casauboni</strong></span> 
     </span>
    </p>
   </div>
   <div class='ocr_carea' id='block_1_12' title="bbox 298 1380 1869 1447">
    <p class='ocr_par' dir='ltr' id='par_1_12' title="bbox 298 1380 1869 1447">
     <span class='ocr_line' id='line_1_12' title="bbox 298 1380 1869 1447; baseline 0.001 -11"><span class='ocrx_word' id='word_1_87' title='bbox 298 1382 351 1436; x_wconf 90' lang='lat' dir='ltr'><strong>in</strong></span> <span class='ocrx_word' id='word_1_88' title='bbox 382 1381 678 1436; x_wconf 91' lang='lat' dir='ltr'><strong>Baronium</strong></span> <span class='ocrx_word' id='word_1_89' title='bbox 729 1380 1255 1435; x_wconf 84' lang='lat' dir='ltr'><strong>Animadversiones.</strong></span> <span class='ocrx_word' id='word_1_90' title='bbox 1289 1381 1472 1436; x_wconf 89' lang='lat' dir='ltr'><strong>Editio</strong></span> <span class='ocrx_word' id='word_1_91' title='bbox 1512 1382 1869 1447; x_wconf 86' lang='lat' dir='ltr'><strong>Coloniensis,</strong></span> 
     </span>
    </p>
   </div>
   <div class='ocr_carea' id='block_1_13' title="bbox 296 1471 1875 1545">
    <p class='ocr_par' dir='ltr' id='par_1_13' title="bbox 296 1471 1875 1545">
     <span class='ocr_line' id='line_1_13' title="bbox 296 1471 1875 1545; baseline -0.001 -16"><span class='ocrx_word' id='word_1_92' title='bbox 296 1476 413 1529; x_wconf 88' lang='lat' dir='ltr'><strong>sive</strong></span> <span class='ocrx_word' id='word_1_93' title='bbox 448 1474 892 1545; x_wconf 83' lang='lat' dir='ltr'><strong>Vitebergensis,</strong></span> <span class='ocrx_word' id='word_1_94' title='bbox 933 1475 1061 1529; x_wconf 87' lang='lat' dir='ltr'><strong>anni</strong></span> <span class='ocrx_word' id='word_1_95' title='bbox 1104 1471 1261 1538; x_wconf 83' lang='grc'>1686,</span> <span class='ocrx_word' id='word_1_96' title='bbox 1294 1484 1493 1544; x_wconf 82' lang='lat' dir='ltr'><strong>praeter</strong></span> <span class='ocrx_word' id='word_1_97' title='bbox 1522 1489 1586 1530; x_wconf 91' lang='lat' dir='ltr'><strong>ea</strong></span> <span class='ocrx_word' id='word_1_98' title='bbox 1620 1490 1743 1545; x_wconf 66' lang='lat' dir='ltr'><strong>quae</strong></span> <span class='ocrx_word' id='word_1_99' title='bbox 1768 1474 1875 1528; x_wconf 84' lang='lat' dir='ltr'><strong>Pa-</strong></span> 
     </span>
    </p>
   </div>
   <div class='ocr_carea' id='block_1_14' title="bbox 295 1567 1873 1635">
    <p class='ocr_par' dir='ltr' id='par_1_14' title="bbox 295 1567 1873 1635">
     <span class='ocr_line' id='line_1_14' title="bbox 295 1567 1873 1635; baseline 0.001 -14"><span class='ocrx_word' id='word_1_100' title='bbox 295 1567 620 1622; x_wconf 89' lang='lat' dir='ltr'><strong>risiensibus</strong></span> <span class='ocrx_word' id='word_1_101' title='bbox 650 1569 1024 1635; x_wconf 83' lang='lat' dir='ltr'><strong>continentur,</strong></span> <span class='ocrx_word' id='word_1_102' title='bbox 1055 1568 1220 1624; x_wconf 85' lang='lat' dir='ltr'><strong>habet</strong></span> <span class='ocrx_word' id='word_1_103' title='bbox 1264 1567 1685 1624; x_wconf 87' lang='lat' dir='ltr'><strong>Commentarios</strong></span> <span class='ocrx_word' id='word_1_104' title='bbox 1712 1568 1873 1624; x_wconf 87' lang='lat' dir='ltr'><strong>Chri-</strong></span> 
     </span>
    </p>
   </div>
   <div class='ocr_carea' id='block_1_15' title="bbox 293 1658 1869 1732">
    <p class='ocr_par' dir='ltr' id='par_1_15' title="bbox 293 1658 1869 1732">
     <span class='ocr_line' id='line_1_15' title="bbox 293 1658 1869 1732; baseline 0.004 -21"><span class='ocrx_word' id='word_1_105' title='bbox 293 1659 455 1712; x_wconf 88' lang='lat' dir='ltr'><strong>stiani</strong></span> <span class='ocrx_word' id='word_1_106' title='bbox 487 1658 767 1714; x_wconf 83' lang='lat' dir='ltr'><strong>Kortbolti</strong></span> <span class='ocrx_word' id='word_1_107' title='bbox 800 1660 855 1714; x_wconf 92' lang='lat' dir='ltr'><strong>in</strong></span> <span class='ocrx_word' id='word_1_108' title='bbox 882 1658 1200 1729; x_wconf 88' lang='lat' dir='ltr'><strong>Baronium,</strong></span> <span class='ocrx_word' id='word_1_109' title='bbox 1231 1659 1659 1732; x_wconf 81' lang='lat' dir='ltr'><strong>Athenagoram,</strong></span> <span class='ocrx_word' id='word_1_110' title='bbox 1687 1661 1869 1717; x_wconf 85' lang='lat' dir='ltr'><strong>Theo-</strong></span> 
     </span>
    </p>
   </div>
   <div class='ocr_carea' id='block_1_16' title="bbox 291 1749 915 1820">
    <p class='ocr_par' dir='ltr' id='par_1_16' title="bbox 291 1749 915 1820">
     <span class='ocr_line' id='line_1_16' title="bbox 291 1749 915 1820; baseline 0.003 -17"><span class='ocrx_word' id='word_1_111' title='bbox 291 1749 499 1820; x_wconf 92' lang='lat' dir='ltr'><strong>philum</strong></span> <span class='ocrx_word' id='word_1_112' title='bbox 528 1760 583 1806; x_wconf 92' lang='lat' dir='ltr'><strong>et</strong></span> <span class='ocrx_word' id='word_1_113' title='bbox 604 1749 915 1805; x_wconf 89' lang='lat' dir='ltr'><strong>Tatianum.</strong></span> 
     </span>
    </p>
   </div>
   <div class='ocr_carea' id='block_1_17' title="bbox 1981 547 3545 616">
    <p class='ocr_par' dir='ltr' id='par_1_17' title="bbox 1981 547 3545 616">
     <span class='ocr_line' id='line_1_17' title="bbox 1981 547 3545 616; baseline 0.001 -17"><span class='ocrx_word' id='word_1_114' title='bbox 1981 550 2257 601; x_wconf 89' lang='lat' dir='ltr'><strong>doctorum</strong></span> <span class='ocrx_word' id='word_1_115' title='bbox 2309 547 2667 601; x_wconf 78' lang='lat' dir='ltr'><strong>incredibilem</strong></span> <span class='ocrx_word' id='word_1_116' title='bbox 2709 550 3059 616; x_wconf 88' lang='lat' dir='ltr'><strong>paucitalem,</strong></span> <span class='ocrx_word' id='word_1_117' title='bbox 3090 556 3202 601; x_wconf 84' lang='lat' dir='ltr'><strong>tum</strong></span> <span class='ocrx_word' id='word_1_118' title='bbox 3228 547 3545 601; x_wconf 87' lang='lat' dir='ltr'><strong>semidocta-</strong></span> 
     </span>
    </p>
   </div>
   <div class='ocr_carea' id='block_1_18' title="bbox 1981 638 3544 710">
    <p class='ocr_par' dir='ltr' id='par_1_18' title="bbox 1981 638 3544 710">
     <span class='ocr_line' id='line_1_18' title="bbox 1981 638 3544 710; baseline 0 -20"><span class='ocrx_word' id='word_1_119' title='bbox 1981 655 2098 692; x_wconf 87' lang='lat' dir='ltr'><strong>rum</strong></span> <span class='ocrx_word' id='word_1_120' title='bbox 2127 648 2175 693; x_wconf 90' lang='lat' dir='ltr'><strong>et</strong></span> <span class='ocrx_word' id='word_1_121' title='bbox 2212 638 2494 693; x_wconf 90' lang='lat' dir='ltr'><strong>sciolorum</strong></span> <span class='ocrx_word' id='word_1_122' title='bbox 2525 638 2916 695; x_wconf 79' lang='lat' dir='ltr'><strong>multitudinem</strong></span> <span class='ocrx_word' id='word_1_123' title='bbox 2956 641 3239 709; x_wconf 76' lang='lat' dir='ltr'><strong>prwcipue,</strong></span> <span class='ocrx_word' id='word_1_124' title='bbox 3278 641 3331 694; x_wconf 80' lang='lat' dir='ltr'><strong>ni</strong></span> <span class='ocrx_word' id='word_1_125' title='bbox 3362 640 3544 710; x_wconf 70' lang='lat' dir='ltr'><strong>fallor,</strong></span> 
     </span>
    </p>
   </div>
   <div class='ocr_carea' id='block_1_19' title="bbox 1978 730 3546 802">
    <p class='ocr_par' dir='ltr' id='par_1_19' title="bbox 1978 730 3546 802">
     <span class='ocr_line' id='line_1_19' title="bbox 1978 730 3546 802; baseline 0.002 -19"><span class='ocrx_word' id='word_1_126' title='bbox 1978 730 2242 797; x_wconf 91' lang='lat' dir='ltr'><strong>debemus,</strong></span> <span class='ocrx_word' id='word_1_127' title='bbox 2276 732 2517 802; x_wconf 88' lang='lat' dir='ltr'><strong>capitalis</strong></span> <span class='ocrx_word' id='word_1_128' title='bbox 2545 731 2711 786; x_wconf 89' lang='lat' dir='ltr'><strong>hostis</strong></span> <span class='ocrx_word' id='word_1_129' title='bbox 2738 734 2859 795; x_wconf 89' lang='lat' dir='ltr'><strong>sim,</strong></span> <span class='ocrx_word' id='word_1_130' title='bbox 2889 742 2937 786; x_wconf 92' lang='lat' dir='ltr'><strong>et</strong></span> <span class='ocrx_word' id='word_1_131' title='bbox 2959 733 3100 786; x_wconf 91' lang='lat' dir='ltr'><strong>hunc</strong></span> <span class='ocrx_word' id='word_1_132' title='bbox 3125 732 3404 786; x_wconf 90' lang='lat' dir='ltr'><strong>ridiculum</strong></span> <span class='ocrx_word' id='word_1_133' title='bbox 3435 749 3546 786; x_wconf 57' lang='lat' dir='ltr'><strong>mo.</strong></span> 
     </span>
    </p>
   </div>
   <div class='ocr_carea' id='block_1_20' title="bbox 1978 823 3545 893">
    <p class='ocr_par' dir='ltr' id='par_1_20' title="bbox 1978 823 3545 893">
     <span class='ocr_line' id='line_1_20' title="bbox 1978 823 3545 893; baseline 0.003 -18"><span class='ocrx_word' id='word_1_134' title='bbox 1978 840 2086 877; x_wconf 89' lang='lat' dir='ltr'><strong>rem</strong></span> <span class='ocrx_word' id='word_1_135' title='bbox 2118 824 2445 893; x_wconf 85' lang='lat' dir='ltr'><strong>adjungendi</strong></span> <span class='ocrx_word' id='word_1_136' title='bbox 2477 823 2626 878; x_wconf 91' lang='lat' dir='ltr'><strong>libris</strong></span> <span class='ocrx_word' id='word_1_137' title='bbox 2654 823 2854 879; x_wconf 78' lang='lat' dir='ltr'><strong>ercis</strong></span> <span class='ocrx_word' id='word_1_138' title='bbox 2891 823 3111 878; x_wconf 88' lang='lat' dir='ltr'><strong>Latinas</strong></span> <span class='ocrx_word' id='word_1_139' title='bbox 3154 825 3545 893; x_wconf 88' lang='lat' dir='ltr'><strong>interpretatio-</strong></span> 
     </span>
    </p>
   </div>
   <div class='ocr_carea' id='block_1_21' title="bbox 1978 914 3545 987">
    <p class='ocr_par' dir='ltr' id='par_1_21' title="bbox 1978 914 3545 987">
     <span class='ocr_line' id='line_1_21' title="bbox 1978 914 3545 987; baseline 0.001 -18"><span class='ocrx_word' id='word_1_140' title='bbox 1978 932 2087 980; x_wconf 91' lang='lat' dir='ltr'><strong>nes,</strong></span> <span class='ocrx_word' id='word_1_141' title='bbox 2122 914 2427 971; x_wconf 80' lang='lat' dir='ltr'><strong>Grtrcarum</strong></span> <span class='ocrx_word' id='word_1_142' title='bbox 2457 917 2755 971; x_wconf 87' lang='lat' dir='ltr'><strong>litterarum</strong></span> <span class='ocrx_word' id='word_1_143' title='bbox 2780 916 2950 971; x_wconf 85' lang='lat' dir='ltr'><strong>labem</strong></span> <span class='ocrx_word' id='word_1_144' title='bbox 2987 928 3035 972; x_wconf 87' lang='lat' dir='ltr'><strong>et</strong></span> <span class='ocrx_word' id='word_1_145' title='bbox 3073 920 3353 987; x_wconf 84' lang='lat' dir='ltr'><strong>perniciem</strong></span> <span class='ocrx_word' id='word_1_146' title='bbox 3384 921 3545 973; x_wconf 72' lang='lat' dir='ltr'><strong>exsti-</strong></span> 
     </span>
    </p>
   </div>
   <div class='ocr_carea' id='block_1_22' title="bbox 1976 1008 3543 1079">
    <p class='ocr_par' dir='ltr' id='par_1_22' title="bbox 1976 1008 3543 1079">
     <span class='ocr_line' id='line_1_22' title="bbox 1976 1008 3543 1079; baseline 0.003 -19"><span class='ocrx_word' id='word_1_147' title='bbox 1976 1008 2101 1063; x_wconf 83' lang='lat' dir='ltr'><strong>tisse</strong></span> <span class='ocrx_word' id='word_1_148' title='bbox 2156 1025 2360 1078; x_wconf 81' lang='lat' dir='ltr'><strong>semper</strong></span> <span class='ocrx_word' id='word_1_149' title='bbox 2408 1010 2837 1067; x_wconf 75' lang='lat' dir='ltr'><strong>eazistimaverim.</strong></span> <span class='ocrx_word' id='word_1_150' title='bbox 2886 1010 3196 1079; x_wconf 88' lang='lat' dir='ltr'><strong>Compendii</strong></span> <span class='ocrx_word' id='word_1_151' title='bbox 3251 1010 3543 1078; x_wconf 76' lang='lat' dir='ltr'><strong>bibliopolae</strong></span> 
     </span>
    </p>
   </div>
   <div class='ocr_carea' id='block_1_23' title="bbox 1976 1102 3543 1169">
    <p class='ocr_par' dir='ltr' id='par_1_23' title="bbox 1976 1102 3543 1169">
     <span class='ocr_line' id='line_1_23' title="bbox 1976 1102 3543 1169; baseline -0.001 -14"><span class='ocrx_word' id='word_1_152' title='bbox 1976 1104 2233 1156; x_wconf 89' lang='lat' dir='ltr'><strong>rationem</strong></span> <span class='ocrx_word' id='word_1_153' title='bbox 2264 1104 2446 1169; x_wconf 83' lang='lat' dir='ltr'><strong>habui,</strong></span> <span class='ocrx_word' id='word_1_154' title='bbox 2473 1104 2560 1156; x_wconf 90' lang='lat' dir='ltr'><strong>cui</strong></span> <span class='ocrx_word' id='word_1_155' title='bbox 2584 1104 2741 1157; x_wconf 89' lang='lat' dir='ltr'><strong>etiam</strong></span> <span class='ocrx_word' id='word_1_156' title='bbox 2764 1102 2861 1157; x_wconf 87' lang='lat' dir='ltr'><strong>hoc</strong></span> <span class='ocrx_word' id='word_1_157' title='bbox 2885 1103 3137 1167; x_wconf 74' lang='lat' dir='ltr'><strong>concessi,</strong></span> <span class='ocrx_word' id='word_1_158' title='bbox 3172 1112 3229 1155; x_wconf 91' lang='lat' dir='ltr'><strong>ut</strong></span> <span class='ocrx_word' id='word_1_159' title='bbox 3259 1102 3543 1157; x_wconf 88' lang='lat' dir='ltr'><strong>versionem</strong></span> 
     </span>
    </p>
   </div>
   <div class='ocr_carea' id='block_1_24' title="bbox 1974 1196 3193 1264">
    <p class='ocr_par' dir='ltr' id='par_1_24' title="bbox 1974 1196 3193 1264">
     <span class='ocr_line' id='line_1_24' title="bbox 1974 1196 3193 1264; baseline 0.002 -15"><span class='ocrx_word' id='word_1_160' title='bbox 1974 1196 2029 1249; x_wconf 86' lang='lat' dir='ltr'><strong>in</strong></span> <span class='ocrx_word' id='word_1_161' title='bbox 2064 1207 2353 1250; x_wconf 75' lang='lat' dir='ltr'><strong>extremum</strong></span> <span class='ocrx_word' id='word_1_162' title='bbox 2388 1196 2510 1250; x_wconf 85' lang='lat' dir='ltr'><strong>libri</strong></span> <span class='ocrx_word' id='word_1_163' title='bbox 2542 1213 2645 1250; x_wconf 90' lang='lat' dir='ltr'><strong>non</strong></span> <span class='ocrx_word' id='word_1_164' title='bbox 2671 1196 2853 1250; x_wconf 85' lang='lat' dir='ltr'><strong>saltem</strong></span> <span class='ocrx_word' id='word_1_165' title='bbox 2878 1196 3193 1264; x_wconf 76' lang='lat' dir='ltr'><strong>ablegarent.</strong></span> 
     </span>
    </p>
   </div>
   <div class='ocr_carea' id='block_1_25' title="bbox 2048 1285 3543 1355">
    <p class='ocr_par' dir='ltr' id='par_1_25' title="bbox 2048 1285 3543 1355">
     <span class='ocr_line' id='line_1_25' title="bbox 2048 1285 3543 1355; baseline -0.001 -16"><span class='ocrx_word' id='word_1_166' title='bbox 2048 1285 2332 1352; x_wconf 84' lang='lat' dir='ltr'><strong>Quomodo</strong></span> <span class='ocrx_word' id='word_1_167' title='bbox 2364 1286 2418 1339; x_wconf 90' lang='lat' dir='ltr'><strong>in</strong></span> <span class='ocrx_word' id='word_1_168' title='bbox 2447 1286 2787 1341; x_wconf 91' lang='lat' dir='ltr'><strong>emendanda</strong></span> <span class='ocrx_word' id='word_1_169' title='bbox 2828 1285 2998 1355; x_wconf 89' lang='lat' dir='ltr'><strong>Langi</strong></span> <span class='ocrx_word' id='word_1_170' title='bbox 3029 1286 3287 1341; x_wconf 80' lang='lat' dir='ltr'><strong>versione</strong></span> <span class='ocrx_word' id='word_1_171' title='bbox 3322 1298 3543 1354; x_wconf 87' lang='lat' dir='ltr'><strong>proces-</strong></span> 
     </span>
    </p>
   </div>
   <div class='ocr_carea' id='block_1_26' title="bbox 1975 1376 3543 1448">
    <p class='ocr_par' dir='ltr' id='par_1_26' title="bbox 1975 1376 3543 1448">
     <span class='ocr_line' id='line_1_26' title="bbox 1975 1376 3543 1448; baseline 0 -17"><span class='ocrx_word' id='word_1_172' title='bbox 1975 1378 2146 1443; x_wconf 90' lang='lat' dir='ltr'><strong>serit,</strong></span> <span class='ocrx_word' id='word_1_173' title='bbox 2175 1392 2352 1447; x_wconf 73' lang='lat' dir='ltr'><strong>opera:</strong></span> <span class='ocrx_word' id='word_1_174' title='bbox 2381 1378 2612 1448; x_wconf 87' lang='lat' dir='ltr'><strong>pretium</strong></span> <span class='ocrx_word' id='word_1_175' title='bbox 2643 1387 2729 1433; x_wconf 88' lang='lat' dir='ltr'><strong>est</strong></span> <span class='ocrx_word' id='word_1_176' title='bbox 2761 1394 2828 1434; x_wconf 84' lang='lat' dir='ltr'><strong>ex</strong></span> <span class='ocrx_word' id='word_1_177' title='bbox 2861 1378 2979 1448; x_wconf 90' lang='lat' dir='ltr'><strong>ipso</strong></span> <span class='ocrx_word' id='word_1_178' title='bbox 3016 1378 3246 1433; x_wconf 88' lang='lat' dir='ltr'><strong>discere.</strong></span> <span class='ocrx_word' id='word_1_179' title='bbox 3282 1376 3348 1430; x_wconf 88' lang='lat' dir='ltr'><strong>In</strong></span> <span class='ocrx_word' id='word_1_180' title='bbox 3370 1394 3543 1431; x_wconf 88' lang='lat' dir='ltr'><strong>emen-</strong></span> 
     </span>
    </p>
   </div>
   <div class='ocr_carea' id='block_1_27' title="bbox 1971 1469 3571 1540">
    <p class='ocr_par' dir='ltr' id='par_1_27' title="bbox 1971 1469 3571 1540">
     <span class='ocr_line' id='line_1_27' title="bbox 1971 1469 3571 1540; baseline -0.002 -15"><span class='ocrx_word' id='word_1_181' title='bbox 1971 1472 2174 1536; x_wconf 89' lang='lat' dir='ltr'><strong>danda,</strong></span> <span class='ocrx_word' id='word_1_182' title='bbox 2215 1471 2415 1540; x_wconf 89' lang='lat' dir='ltr'><strong>inquit,</strong></span> <span class='ocrx_word' id='word_1_183' title='bbox 2462 1470 2631 1540; x_wconf 84' lang='lat' dir='ltr'><strong>Longi</strong></span> <span class='ocrx_word' id='word_1_184' title='bbox 2671 1472 2908 1525; x_wconf 77' lang='lat' dir='ltr'><strong>versione</strong></span> <span class='ocrx_word' id='word_1_185' title='bbox 2929 1469 3235 1524; x_wconf 80' lang='lat' dir='ltr'><strong>Latinitatis</strong></span> <span class='ocrx_word' id='word_1_186' title='bbox 3284 1471 3571 1522; x_wconf 75' lang='lat' dir='ltr'><strong>rationem&#39;</strong></span> 
     </span>
    </p>
   </div>
   <div class='ocr_carea' id='block_1_28' title="bbox 1972 1560 3543 1632">
    <p class='ocr_par' dir='ltr' id='par_1_28' title="bbox 1972 1560 3543 1632">
     <span class='ocr_line' id='line_1_28' title="bbox 1972 1560 3543 1632; baseline -0.003 -15"><span class='ocrx_word' id='word_1_187' title='bbox 1972 1562 2175 1617; x_wconf 82' lang='lat' dir='ltr'><strong>nullam</strong></span> <span class='ocrx_word' id='word_1_188' title='bbox 2214 1562 2410 1629; x_wconf 84' lang='lat' dir='ltr'><strong>habui,</strong></span> <span class='ocrx_word' id='word_1_189' title='bbox 2463 1562 2649 1632; x_wconf 80' lang='lat' dir='ltr'><strong>quippe</strong></span> <span class='ocrx_word' id='word_1_190' title='bbox 2704 1578 2864 1630; x_wconf 89' lang='lat' dir='ltr'><strong>quam</strong></span> <span class='ocrx_word' id='word_1_191' title='bbox 2900 1560 3034 1615; x_wconf 84' lang='lat' dir='ltr'><strong>nihil</strong></span> <span class='ocrx_word' id='word_1_192' title='bbox 3080 1562 3184 1614; x_wconf 88' lang='lat' dir='ltr'><strong>nisi</strong></span> <span class='ocrx_word' id='word_1_193' title='bbox 3228 1577 3336 1615; x_wconf 84' lang='lat' dir='ltr'><strong>una</strong></span> <span class='ocrx_word' id='word_1_194' title='bbox 3376 1561 3543 1613; x_wconf 88' lang='lat' dir='ltr'><strong>litura</strong></span> 
     </span>
    </p>
   </div>
   <div class='ocr_carea' id='block_1_29' title="bbox 1971 1653 3543 1725">
    <p class='ocr_par' dir='ltr' id='par_1_29' title="bbox 1971 1653 3543 1725">
     <span class='ocr_line' id='line_1_29' title="bbox 1971 1653 3543 1725; baseline -0.003 -16"><span class='ocrx_word' id='word_1_195' title='bbox 1971 1656 2249 1710; x_wconf 88' lang='lat' dir='ltr'><strong>emendare</strong></span> <span class='ocrx_word' id='word_1_196' title='bbox 2273 1665 2481 1724; x_wconf 87' lang='lat' dir='ltr'><strong>poterat</strong></span> <span class='ocrx_word' id='word_1_197' title='bbox 2502 1672 2522 1720; x_wconf 87' lang='lat'><strong><em>;</em></strong></span> <span class='ocrx_word' id='word_1_198' title='bbox 2556 1670 2718 1725; x_wconf 87' lang='lat' dir='ltr'><strong>neque</strong></span> <span class='ocrx_word' id='word_1_199' title='bbox 2744 1656 2910 1723; x_wconf 86' lang='lat' dir='ltr'><strong>ipsam</strong></span> <span class='ocrx_word' id='word_1_200' title='bbox 2933 1655 3242 1708; x_wconf 87' lang='lat' dir='ltr'><strong>sententiam</strong></span> <span class='ocrx_word' id='word_1_201' title='bbox 3272 1653 3396 1708; x_wconf 87' lang='lat' dir='ltr'><strong>meis</strong></span> <span class='ocrx_word' id='word_1_202' title='bbox 3419 1667 3543 1721; x_wconf 85' lang='lat' dir='ltr'><strong>pon-</strong></span> 
     </span>
    </p>
   </div>
   <div class='ocr_carea' id='block_1_30' title="bbox 1972 1746 3541 1818">
    <p class='ocr_par' dir='ltr' id='par_1_30' title="bbox 1972 1746 3541 1818">
     <span class='ocr_line' id='line_1_30' title="bbox 1972 1746 3541 1818; baseline 0.001 -21"><span class='ocrx_word' id='word_1_203' title='bbox 1972 1747 2212 1812; x_wconf 80' lang='lat' dir='ltr'><strong>deribus,</strong></span> <span class='ocrx_word' id='word_1_204' title='bbox 2254 1748 2395 1818; x_wconf 87' lang='lat' dir='ltr'><strong>quod</strong></span> <span class='ocrx_word' id='word_1_205' title='bbox 2423 1756 2469 1801; x_wconf 89' lang='lat' dir='ltr'><strong>et</strong></span> <span class='ocrx_word' id='word_1_206' title='bbox 2498 1748 2805 1816; x_wconf 81' lang='lat' dir='ltr'><strong>ipsum&#39;non</strong></span> <span class='ocrx_word' id='word_1_207' title='bbox 2839 1747 3061 1801; x_wconf 88' lang='lat' dir='ltr'><strong>minoris</strong></span> <span class='ocrx_word' id='word_1_208' title='bbox 3098 1747 3296 1800; x_wconf 85' lang='lat' dir='ltr'><strong>laboris</strong></span> <span class='ocrx_word' id='word_1_209' title='bbox 3328 1746 3541 1815; x_wconf 84' lang='lat' dir='ltr'><strong>fuisset,</strong></span> 
     </span>
    </p>
   </div>
   <div class='ocr_carea' id='block_1_31' title="bbox 370 1834 3538 1912">
    <p class='ocr_par' dir='ltr' id='par_1_31' title="bbox 370 1834 3538 1912">
     <span class='ocr_line' id='line_1_31' title="bbox 370 1834 3538 1912; baseline -0.001 -17"><span class='ocrx_word' id='word_1_210' title='bbox 370 1840 489 1896; x_wconf 84' lang='lat' dir='ltr'><strong>Non</strong></span> <span class='ocrx_word' id='word_1_211' title='bbox 522 1842 916 1897; x_wconf 88' lang='lat' dir='ltr'><strong>commiserunt</strong></span> <span class='ocrx_word' id='word_1_212' title='bbox 940 1840 1138 1895; x_wconf 86' lang='lat' dir='ltr'><strong>eruditi</strong></span> <span class='ocrx_word' id='word_1_213' title='bbox 1175 1840 1358 1911; x_wconf 80' lang='lat' dir='ltr'><strong>Angli,</strong></span> <span class='ocrx_word' id='word_1_214' title='bbox 1392 1851 1452 1897; x_wconf 91' lang='lat' dir='ltr'><strong>ut</strong></span> <span class='ocrx_word' id='word_1_215' title='bbox 1482 1842 1550 1898; x_wconf 88' lang='lat' dir='ltr'><strong>ad</strong></span> <span class='ocrx_word' id='word_1_216' title='bbox 1588 1842 1860 1899; x_wconf 69' lang='lat' dir='ltr'><strong>Iustinum</strong></span> <span class='ocrx_word' id='word_1_217' title='bbox 1893 1838 1935 1893; x_wconf 89' lang='grc' dir='ltr'>Β</span> <span class='ocrx_word' id='word_1_218' title='bbox 1963 1841 2103 1895; x_wconf 87' lang='lat' dir='ltr'><strong>haud</strong></span> <span class='ocrx_word' id='word_1_219' title='bbox 2131 1834 2237 1895; x_wconf 81' lang='lat' dir='ltr'><strong>scio</strong></span> <span class='ocrx_word' id='word_1_220' title='bbox 2267 1858 2337 1894; x_wconf 91' lang='lat' dir='ltr'><strong>an</strong></span> <span class='ocrx_word' id='word_1_221' title='bbox 2364 1843 2521 1895; x_wconf 88' lang='lat' dir='ltr'><strong>etiam</strong></span> <span class='ocrx_word' id='word_1_222' title='bbox 2562 1841 2803 1912; x_wconf 86' lang='lat' dir='ltr'><strong>majoris,</strong></span> <span class='ocrx_word' id='word_1_223' title='bbox 2834 1858 2992 1911; x_wconf 90' lang='lat' dir='ltr'><strong>quam</strong></span> <span class='ocrx_word' id='word_1_224' title='bbox 3033 1858 3219 1896; x_wconf 86' lang='lat' dir='ltr'><strong>novam</strong></span> <span class='ocrx_word' id='word_1_225' title='bbox 3249 1841 3538 1895; x_wconf 86' lang='lat' dir='ltr'><strong>versionem</strong></span> 
     </span>
    </p>
   </div>
   <div class='ocr_carea' id='block_1_32' title="bbox 290 1930 1868 2003">
    <p class='ocr_par' dir='ltr' id='par_1_32' title="bbox 290 1930 1868 2003">
     <span class='ocr_line' id='line_1_32' title="bbox 290 1930 1868 2003; baseline 0.003 -18"><span class='ocrx_word' id='word_1_226' title='bbox 290 1930 670 1988; x_wconf 86' lang='lat' dir='ltr'><strong>illustrandum</strong></span> <span class='ocrx_word' id='word_1_227' title='bbox 716 1933 851 1988; x_wconf 92' lang='lat' dir='ltr'><strong>nihil</strong></span> <span class='ocrx_word' id='word_1_228' title='bbox 892 1948 1072 2003; x_wconf 76' lang='lat' dir='ltr'><strong>operae</strong></span> <span class='ocrx_word' id='word_1_229' title='bbox 1102 1941 1157 1988; x_wconf 93' lang='lat' dir='ltr'><strong>et</strong></span> <span class='ocrx_word' id='word_1_230' title='bbox 1189 1935 1357 1989; x_wconf 88' lang='lat' dir='ltr'><strong>studii</strong></span> <span class='ocrx_word' id='word_1_231' title='bbox 1385 1936 1685 1991; x_wconf 80' lang='lat' dir='ltr'><strong>contulisse</strong></span> <span class='ocrx_word' id='word_1_232' title='bbox 1714 1936 1868 1989; x_wconf 89' lang='lat' dir='ltr'><strong>vide-</strong></span> 
     </span>
    </p>
   </div>
   <div class='ocr_carea' id='block_1_33' title="bbox 290 2021 1867 2097">
    <p class='ocr_par' dir='ltr' id='par_1_33' title="bbox 290 2021 1867 2097">
     <span class='ocr_line' id='line_1_33' title="bbox 290 2021 1867 2097; baseline 0.002 -19"><span class='ocrx_word' id='word_1_233' title='bbox 290 2032 503 2079; x_wconf 88' lang='lat' dir='ltr'><strong>rentur.</strong></span> <span class='ocrx_word' id='word_1_234' title='bbox 534 2021 852 2091; x_wconf 82' lang='lat' dir='ltr'><strong>Novissime,</strong></span> <span class='ocrx_word' id='word_1_235' title='bbox 883 2027 1058 2096; x_wconf 87' lang='lat' dir='ltr'><strong>inquit</strong></span> <span class='ocrx_word' id='word_1_236' title='bbox 1098 2026 1405 2095; x_wconf 87' lang='lat' dir='ltr'><strong>Fabricius,</strong></span> <span class='ocrx_word' id='word_1_237' title='bbox 1430 2037 1563 2083; x_wconf 92' lang='lat' dir='ltr'><strong>tom.</strong></span> <span class='ocrx_word' id='word_1_238' title='bbox 1588 2028 1656 2095; x_wconf 83' lang='lat' dir='ltr'><strong>V,</strong></span> <span class='ocrx_word' id='word_1_239' title='bbox 1690 2043 1741 2097; x_wconf 85' lang='lat' dir='ltr'><strong>p.</strong></span> <span class='ocrx_word' id='word_1_240' title='bbox 1777 2028 1867 2093; x_wconf 88' lang='grc'>61,</span> 
     </span>
    </p>
   </div>
   <div class='ocr_carea' id='block_1_34' title="bbox 287 2116 1869 2187">
    <p class='ocr_par' dir='ltr' id='par_1_34' title="bbox 287 2116 1869 2187">
     <span class='ocr_line' id='line_1_34' title="bbox 287 2116 1869 2187; baseline 0.001 -17"><span class='ocrx_word' id='word_1_241' title='bbox 287 2116 371 2170; x_wconf 88' lang='lat' dir='ltr'><strong>vir</strong></span> <span class='ocrx_word' id='word_1_242' title='bbox 408 2118 591 2171; x_wconf 85' lang='lat' dir='ltr'><strong>doctus</strong></span> <span class='ocrx_word' id='word_1_243' title='bbox 642 2116 869 2172; x_wconf 85' lang='lat' dir='ltr'><strong>Thomas</strong></span> <span class='ocrx_word' id='word_1_244' title='bbox 917 2118 1147 2187; x_wconf 87' lang='lat' dir='ltr'><strong>Creech,</strong></span> <span class='ocrx_word' id='word_1_245' title='bbox 1192 2122 1277 2175; x_wconf 90' lang='lat' dir='ltr'><strong>cui</strong></span> <span class='ocrx_word' id='word_1_246' title='bbox 1318 2120 1598 2175; x_wconf 89' lang='lat' dir='ltr'><strong>Lucretius</strong></span> <span class='ocrx_word' id='word_1_247' title='bbox 1642 2120 1869 2174; x_wconf 90' lang='lat' dir='ltr'><strong>multum</strong></span> 
     </span>
    </p>
   </div>
   <div class='ocr_carea' id='block_1_35' title="bbox 291 2208 1863 2275">
    <p class='ocr_par' dir='ltr' id='par_1_35' title="bbox 291 2208 1863 2275">
     <span class='ocr_line' id='line_1_35' title="bbox 291 2208 1863 2275; baseline 0.004 -14"><span class='ocrx_word' id='word_1_248' title='bbox 291 2208 459 2275; x_wconf 88' lang='lat' dir='ltr'><strong>debet,</strong></span> <span class='ocrx_word' id='word_1_249' title='bbox 487 2226 634 2265; x_wconf 73' lang='lat' dir='ltr'><strong>nova:</strong></span> <span class='ocrx_word' id='word_1_250' title='bbox 658 2208 859 2265; x_wconf 83' lang='lat' dir='ltr'><strong>Justini</strong></span> <span class='ocrx_word' id='word_1_251' title='bbox 881 2212 1100 2265; x_wconf 86' lang='lat' dir='ltr'><strong>editioni</strong></span> <span class='ocrx_word' id='word_1_252' title='bbox 1129 2229 1342 2268; x_wconf 90' lang='lat' dir='ltr'><strong>manum</strong></span> <span class='ocrx_word' id='word_1_253' title='bbox 1366 2214 1595 2268; x_wconf 89' lang='lat' dir='ltr'><strong>admovit</strong></span> <span class='ocrx_word' id='word_1_254' title='bbox 1623 2212 1863 2269; x_wconf 73' lang='lat' dir='ltr'><strong>Oxonite.</strong></span> 
     </span>
    </p>
   </div>
   <div class='ocr_carea' id='block_1_36' title="bbox 288 2302 1864 2377">
    <p class='ocr_par' dir='ltr' id='par_1_36' title="bbox 288 2302 1864 2377">
     <span class='ocr_line' id='line_1_36' title="bbox 288 2302 1864 2377; baseline 0.002 -19"><span class='ocrx_word' id='word_1_255' title='bbox 288 2302 399 2358; x_wconf 85' lang='lat' dir='ltr'><strong>Sed</strong></span> <span class='ocrx_word' id='word_1_256' title='bbox 449 2318 573 2357; x_wconf 70' lang='lat' dir='ltr'><strong>mox</strong></span> <span class='ocrx_word' id='word_1_257' title='bbox 624 2305 783 2357; x_wconf 86' lang='lat' dir='ltr'><strong>miser</strong></span> <span class='ocrx_word' id='word_1_258' title='bbox 832 2306 941 2374; x_wconf 83' lang='lat' dir='ltr'><strong>ipse</strong></span> <span class='ocrx_word' id='word_1_259' title='bbox 986 2307 1297 2375; x_wconf 87' lang='lat' dir='ltr'><strong>deplorandi</strong></span> <span class='ocrx_word' id='word_1_260' title='bbox 1350 2308 1449 2361; x_wconf 87' lang='lat' dir='ltr'><strong>sibi</strong></span> <span class='ocrx_word' id='word_1_261' title='bbox 1500 2308 1602 2377; x_wconf 79' lang='lat' dir='ltr'><strong>fati</strong></span> <span class='ocrx_word' id='word_1_262' title='bbox 1658 2318 1864 2373; x_wconf 87' lang='lat' dir='ltr'><strong>auctor,</strong></span> 
     </span>
    </p>
   </div>
   <div class='ocr_carea' id='block_1_37' title="bbox 286 2398 1580 2467">
    <p class='ocr_par' dir='ltr' id='par_1_37' title="bbox 286 2398 1580 2467">
     <span class='ocr_line' id='line_1_37' title="bbox 286 2398 1580 2467; baseline 0.002 -18"><span class='ocrx_word' id='word_1_263' title='bbox 286 2398 445 2450; x_wconf 88' lang='lat' dir='ltr'><strong>etiam</strong></span> <span class='ocrx_word' id='word_1_264' title='bbox 477 2413 538 2450; x_wconf 91' lang='lat' dir='ltr'><strong>ea</strong></span> <span class='ocrx_word' id='word_1_265' title='bbox 564 2414 682 2467; x_wconf 76' lang='lat' dir='ltr'><strong>qua:</strong></span> <span class='ocrx_word' id='word_1_266' title='bbox 713 2398 903 2466; x_wconf 78' lang='lat' dir='ltr'><strong>aﬂ&#39;ecta</strong></span> <span class='ocrx_word' id='word_1_267' title='bbox 929 2398 1134 2465; x_wconf 84' lang='lat' dir='ltr'><strong>habuit,</strong></span> <span class='ocrx_word' id='word_1_268' title='bbox 1167 2400 1326 2454; x_wconf 88' lang='lat' dir='ltr'><strong>voluit</strong></span> <span class='ocrx_word' id='word_1_269' title='bbox 1356 2399 1580 2453; x_wconf 86' lang='lat' dir='ltr'><strong>aboleri.</strong></span> 
     </span>
    </p>
   </div>
   <div class='ocr_carea' id='block_1_38' title="bbox 358 2488 1863 2549">
    <p class='ocr_par' dir='ltr' id='par_1_38' title="bbox 358 2488 1863 2549">
     <span class='ocr_line' id='line_1_38' title="bbox 358 2488 1863 2549; baseline 0.003 -4"><span class='ocrx_word' id='word_1_270' title='bbox 358 2488 599 2545; x_wconf 78' lang='lat' dir='ltr'><strong>Joannes</strong></span> <span class='ocrx_word' id='word_1_271' title='bbox 623 2489 888 2545; x_wconf 90' lang='lat' dir='ltr'><strong>Ernestus</strong></span> <span class='ocrx_word' id='word_1_272' title='bbox 920 2489 1101 2546; x_wconf 85' lang='lat' dir='ltr'><strong>Grabe</strong></span> <span class='ocrx_word' id='word_1_273' title='bbox 1123 2491 1291 2547; x_wconf 90' lang='lat' dir='ltr'><strong>edidit</strong></span> <span class='ocrx_word' id='word_1_274' title='bbox 1316 2490 1537 2547; x_wconf 75' lang='lat' dir='ltr'><strong>Omnia:</strong></span> <span class='ocrx_word' id='word_1_275' title='bbox 1564 2507 1706 2547; x_wconf 93' lang='lat' dir='ltr'><strong>anno</strong></span> <span class='ocrx_word' id='word_1_276' title='bbox 1726 2493 1863 2549; x_wconf 85' lang='grc'>1700</span> 
     </span>
    </p>
   </div>
   <div class='ocr_carea' id='block_1_39' title="bbox 291 2580 1866 2659">
    <p class='ocr_par' dir='ltr' id='par_1_39' title="bbox 291 2580 1866 2659">
     <span class='ocr_line' id='line_1_39' title="bbox 291 2580 1866 2659; baseline 0.004 -24"><span class='ocrx_word' id='word_1_277' title='bbox 291 2580 557 2649; x_wconf 87' lang='lat' dir='ltr'><strong>majorem</strong></span> <span class='ocrx_word' id='word_1_278' title='bbox 580 2581 892 2653; x_wconf 78' lang='lat' dir='ltr'><strong>Apologiam</strong></span> <span class='ocrx_word' id='word_1_279' title='bbox 912 2583 965 2637; x_wconf 91' lang='lat' dir='ltr'><strong>in</strong></span> <span class='ocrx_word' id='word_1_280' title='bbox 986 2581 1066 2649; x_wconf 89' lang='lat'><strong>8°,</strong></span> <span class='ocrx_word' id='word_1_281' title='bbox 1085 2599 1203 2636; x_wconf 88' lang='lat' dir='ltr'><strong>cum</strong></span> <span class='ocrx_word' id='word_1_282' title='bbox 1232 2582 1425 2638; x_wconf 87' lang='lat' dir='ltr'><strong>Latina</strong></span> <span class='ocrx_word' id='word_1_283' title='bbox 1447 2582 1677 2639; x_wconf 81' lang='lat' dir='ltr'><strong>Joannis</strong></span> <span class='ocrx_word' id='word_1_284' title='bbox 1696 2586 1866 2659; x_wconf 65' lang='lat' dir='ltr'><strong>Longi</strong></span> 
     </span>
    </p>
   </div>
   <div class='ocr_carea' id='block_1_40' title="bbox 286 2674 1864 2749">
    <p class='ocr_par' dir='ltr' id='par_1_40' title="bbox 286 2674 1864 2749">
     <span class='ocr_line' id='line_1_40' title="bbox 286 2674 1864 2749; baseline 0.004 -21"><span class='ocrx_word' id='word_1_285' title='bbox 286 2674 521 2728; x_wconf 89' lang='lat' dir='ltr'><strong>versione</strong></span> <span class='ocrx_word' id='word_1_286' title='bbox 553 2675 961 2744; x_wconf 87' lang='lat' dir='ltr'><strong>quamplurimis</strong></span> <span class='ocrx_word' id='word_1_287' title='bbox 997 2674 1053 2729; x_wconf 89' lang='lat' dir='ltr'><strong>in</strong></span> <span class='ocrx_word' id='word_1_288' title='bbox 1092 2674 1223 2730; x_wconf 89' lang='lat' dir='ltr'><strong>locis</strong></span> <span class='ocrx_word' id='word_1_289' title='bbox 1269 2688 1503 2732; x_wconf 89' lang='lat' dir='ltr'><strong>correcta</strong></span> <span class='ocrx_word' id='word_1_290' title='bbox 1524 2721 1539 2746; x_wconf 92' lang='lat'><strong>,</strong></span> <span class='ocrx_word' id='word_1_291' title='bbox 1570 2679 1864 2749; x_wconf 74' lang='lat' dir='ltr'><strong>subiunctis</strong></span> 
     </span>
    </p>
   </div>
   <div class='ocr_carea' id='block_1_41' title="bbox 284 2764 1863 2840">
    <p class='ocr_par' dir='ltr' id='par_1_41' title="bbox 284 2764 1863 2840">
     <span class='ocr_line' id='line_1_41' title="bbox 284 2764 1863 2840; baseline 0.006 -24"><span class='ocrx_word' id='word_1_292' title='bbox 284 2764 739 2818; x_wconf 88' lang='lat' dir='ltr'><strong>emendationibus</strong></span> <span class='ocrx_word' id='word_1_293' title='bbox 772 2772 822 2819; x_wconf 92' lang='lat' dir='ltr'><strong>et</strong></span> <span class='ocrx_word' id='word_1_294' title='bbox 847 2767 982 2819; x_wconf 88' lang='lat' dir='ltr'><strong>notis</strong></span> <span class='ocrx_word' id='word_1_295' title='bbox 1023 2767 1314 2833; x_wconf 89' lang='lat' dir='ltr'><strong>variorum,</strong></span> <span class='ocrx_word' id='word_1_296' title='bbox 1345 2768 1688 2840; x_wconf 86' lang='lat' dir='ltr'><strong>pluribusque</strong></span> <span class='ocrx_word' id='word_1_297' title='bbox 1717 2773 1863 2827; x_wconf 88' lang='lat' dir='ltr'><strong>novis</strong></span> 
     </span>
    </p>
   </div>
   <div class='ocr_carea' id='block_1_42' title="bbox 284 2858 1861 2928">
    <p class='ocr_par' dir='ltr' id='par_1_42' title="bbox 284 2858 1861 2928">
     <span class='ocr_line' id='line_1_42' title="bbox 284 2858 1861 2928; baseline 0.007 -19"><span class='ocrx_word' id='word_1_298' title='bbox 284 2858 507 2925; x_wconf 83' lang='lat' dir='ltr'><strong>additis,</strong></span> <span class='ocrx_word' id='word_1_299' title='bbox 537 2859 758 2913; x_wconf 71' lang='lat' dir='ltr'><strong>annexis</strong></span> <span class='ocrx_word' id='word_1_300' title='bbox 803 2858 1021 2928; x_wconf 87' lang='lat' dir='ltr'><strong>insuper</strong></span> <span class='ocrx_word' id='word_1_301' title='bbox 1073 2860 1145 2914; x_wconf 87' lang='lat' dir='ltr'><strong>ad</strong></span> <span class='ocrx_word' id='word_1_302' title='bbox 1187 2860 1385 2915; x_wconf 89' lang='lat' dir='ltr'><strong>calcem</strong></span> <span class='ocrx_word' id='word_1_303' title='bbox 1431 2862 1861 2920; x_wconf 88' lang='lat' dir='ltr'><strong>adnotationibus</strong></span> 
     </span>
    </p>
   </div>
   <div class='ocr_carea' id='block_1_43' title="bbox 284 2947 1858 3025">
    <p class='ocr_par' dir='ltr' id='par_1_43' title="bbox 284 2947 1858 3025">
     <span class='ocr_line' id='line_1_43' title="bbox 284 2947 1858 3025; baseline 0.006 -23"><span class='ocrx_word' id='word_1_304' title='bbox 284 2948 456 3018; x_wconf 88' lang='lat' dir='ltr'><strong>Langi</strong></span> <span class='ocrx_word' id='word_1_305' title='bbox 488 2959 537 3003; x_wconf 92' lang='lat' dir='ltr'><strong>et</strong></span> <span class='ocrx_word' id='word_1_306' title='bbox 569 2947 864 3015; x_wconf 85' lang='lat' dir='ltr'><strong>Kortholti,</strong></span> <span class='ocrx_word' id='word_1_307' title='bbox 891 2954 1165 3021; x_wconf 75' lang='lat' dir='ltr'><strong>prtemissa</strong></span> <span class='ocrx_word' id='word_1_308' title='bbox 1186 2970 1307 3007; x_wconf 90' lang='lat' dir='ltr'><strong>vero</strong></span> <span class='ocrx_word' id='word_1_309' title='bbox 1334 2952 1506 3025; x_wconf 91' lang='lat' dir='ltr'><strong>Langi</strong></span> <span class='ocrx_word' id='word_1_310' title='bbox 1530 2955 1858 3025; x_wconf 68' lang='lat' dir='ltr'><strong>prwfatione,</strong></span> 
     </span>
    </p>
   </div>
   <div class='ocr_carea' id='block_1_44' title="bbox 280 3042 1859 3113">
    <p class='ocr_par' dir='ltr' id='par_1_44' title="bbox 280 3042 1859 3113">
     <span class='ocr_line' id='line_1_44' title="bbox 280 3042 1859 3113; baseline 0.006 -21"><span class='ocrx_word' id='word_1_311' title='bbox 280 3057 387 3109; x_wconf 89' lang='lat' dir='ltr'><strong>qua</strong></span> <span class='ocrx_word' id='word_1_312' title='bbox 430 3058 693 3095; x_wconf 87' lang='lat' dir='ltr'><strong>summam</strong></span> <span class='ocrx_word' id='word_1_313' title='bbox 734 3042 893 3112; x_wconf 86' lang='lat' dir='ltr'><strong>hujus</strong></span> <span class='ocrx_word' id='word_1_314' title='bbox 936 3043 1207 3113; x_wconf 78' lang='lat' dir='ltr'><strong>Apologia:</strong></span> <span class='ocrx_word' id='word_1_315' title='bbox 1238 3047 1529 3101; x_wconf 87' lang='lat' dir='ltr'><strong>enarravit.</strong></span> <span class='ocrx_word' id='word_1_316' title='bbox 1561 3046 1762 3102; x_wconf 89' lang='lat' dir='ltr'><strong>Eadem</strong></span> <span class='ocrx_word' id='word_1_317' title='bbox 1806 3048 1859 3103; x_wconf 90' lang='lat' dir='ltr'><strong>in</strong></span> 
     </span>
    </p>
   </div>
   <div class='ocr_carea' id='block_1_45' title="bbox 284 3132 1837 3207">
    <p class='ocr_par' dir='ltr' id='par_1_45' title="bbox 284 3132 1837 3207">
     <span class='ocr_line' id='line_1_45' title="bbox 284 3132 1837 3207; baseline 0.006 -22"><span class='ocrx_word' id='word_1_318' title='bbox 284 3132 415 3187; x_wconf 89' lang='lat' dir='ltr'><strong>urbe</strong></span> <span class='ocrx_word' id='word_1_319' title='bbox 448 3148 513 3189; x_wconf 88' lang='lat' dir='ltr'><strong>ac</strong></span> <span class='ocrx_word' id='word_1_320' title='bbox 547 3133 797 3189; x_wconf 87' lang='lat' dir='ltr'><strong>eumdem</strong></span> <span class='ocrx_word' id='word_1_321' title='bbox 841 3138 895 3190; x_wconf 93' lang='lat' dir='ltr'><strong>in</strong></span> <span class='ocrx_word' id='word_1_322' title='bbox 942 3137 1162 3190; x_wconf 91' lang='lat' dir='ltr'><strong>modum</strong></span> <span class='ocrx_word' id='word_1_323' title='bbox 1205 3138 1460 3207; x_wconf 85' lang='lat' dir='ltr'><strong>prodiere</strong></span> <span class='ocrx_word' id='word_1_324' title='bbox 1506 3154 1649 3194; x_wconf 91' lang='lat' dir='ltr'><strong>anno</strong></span> <span class='ocrx_word' id='word_1_325' title='bbox 1698 3140 1837 3195; x_wconf 78' lang='grc'>1705</span> 
     </span>
    </p>
   </div>
   <div class='ocr_carea' id='block_1_46' title="bbox 286 3225 1859 3297">
    <p class='ocr_par' dir='ltr' id='par_1_46' title="bbox 286 3225 1859 3297">
     <span class='ocr_line' id='line_1_46' title="bbox 286 3225 1859 3297; baseline 0.004 -16"><span class='ocrx_word' id='word_1_326' title='bbox 286 3225 476 3281; x_wconf 86' lang='lat' dir='ltr'><strong>Oratio</strong></span> <span class='ocrx_word' id='word_1_327' title='bbox 506 3234 738 3297; x_wconf 90' lang='lat' dir='ltr'><strong>utraque</strong></span> <span class='ocrx_word' id='word_1_328' title='bbox 762 3228 1025 3284; x_wconf 86' lang='lat' dir='ltr'><strong>adversus</strong></span> <span class='ocrx_word' id='word_1_329' title='bbox 1053 3227 1293 3296; x_wconf 62' lang='lat' dir='ltr'><strong>Griecos,</strong></span> <span class='ocrx_word' id='word_1_330' title='bbox 1318 3246 1438 3285; x_wconf 90' lang='lat' dir='ltr'><strong>cum</strong></span> <span class='ocrx_word' id='word_1_331' title='bbox 1472 3229 1631 3287; x_wconf 90' lang='lat' dir='ltr'><strong>Libro</strong></span> <span class='ocrx_word' id='word_1_332' title='bbox 1655 3234 1718 3287; x_wconf 87' lang='lat' dir='ltr'><strong>de</strong></span> <span class='ocrx_word' id='word_1_333' title='bbox 1746 3250 1859 3288; x_wconf 89' lang='lat' dir='ltr'><strong>mo-</strong></span> 
     </span>
    </p>
   </div>
   <div class='ocr_carea' id='block_1_47' title="bbox 282 3318 1862 3389">
    <p class='ocr_par' dir='ltr' id='par_1_47' title="bbox 282 3318 1862 3389">
     <span class='ocr_line' id='line_1_47' title="bbox 282 3318 1862 3389; baseline 0.005 -20"><span class='ocrx_word' id='word_1_334' title='bbox 282 3318 503 3370; x_wconf 86' lang='lat' dir='ltr'><strong>narchia</strong></span> <span class='ocrx_word' id='word_1_335' title='bbox 538 3328 594 3371; x_wconf 92' lang='lat' dir='ltr'><strong>et</strong></span> <span class='ocrx_word' id='word_1_336' title='bbox 623 3319 836 3372; x_wconf 89' lang='lat' dir='ltr'><strong>minore</strong></span> <span class='ocrx_word' id='word_1_337' title='bbox 864 3319 1143 3389; x_wconf 83' lang='lat' dir='ltr'><strong>Apologia,</strong></span> <span class='ocrx_word' id='word_1_338' title='bbox 1176 3334 1302 3375; x_wconf 89' lang='lat' dir='ltr'><strong>cum</strong></span> <span class='ocrx_word' id='word_1_339' title='bbox 1350 3323 1496 3377; x_wconf 90' lang='lat' dir='ltr'><strong>notis</strong></span> <span class='ocrx_word' id='word_1_340' title='bbox 1541 3322 1761 3377; x_wconf 87' lang='lat' dir='ltr'><strong>Roberti</strong></span> <span class='ocrx_word' id='word_1_341' title='bbox 1805 3332 1862 3377; x_wconf 90' lang='lat' dir='ltr'><strong>et</strong></span> 
     </span>
    </p>
   </div>
   <div class='ocr_carea' id='block_1_48' title="bbox 281 3408 1862 3483">
    <p class='ocr_par' dir='ltr' id='par_1_48' title="bbox 281 3408 1862 3483">
     <span class='ocr_line' id='line_1_48' title="bbox 281 3408 1862 3483; baseline 0.006 -20"><span class='ocrx_word' id='word_1_342' title='bbox 281 3409 503 3464; x_wconf 72' lang='lat' dir='ltr'><strong>Heinrici</strong></span> <span class='ocrx_word' id='word_1_343' title='bbox 529 3408 957 3479; x_wconf 89' lang='lat' dir='ltr'><strong>Stephanorum,</strong></span> <span class='ocrx_word' id='word_1_344' title='bbox 982 3409 1172 3467; x_wconf 85' lang='lat' dir='ltr'><strong>Grahii</strong></span> <span class='ocrx_word' id='word_1_345' title='bbox 1199 3419 1253 3467; x_wconf 90' lang='lat' dir='ltr'><strong>et</strong></span> <span class='ocrx_word' id='word_1_346' title='bbox 1274 3412 1525 3471; x_wconf 90' lang='lat' dir='ltr'><strong>aliorum.</strong></span> <span class='ocrx_word' id='word_1_347' title='bbox 1552 3414 1862 3483; x_wconf 77' lang='lat' dir='ltr'><strong>Subjunctte</strong></span> 
     </span>
    </p>
   </div>
   <div class='ocr_carea' id='block_1_49' title="bbox 280 3502 1861 3576">
    <p class='ocr_par' dir='ltr' id='par_1_49' title="bbox 280 3502 1861 3576">
     <span class='ocr_line' id='line_1_49' title="bbox 280 3502 1861 3576; baseline 0.008 -21"><span class='ocrx_word' id='word_1_348' title='bbox 280 3502 347 3557; x_wconf 92' lang='lat' dir='ltr'><strong>ad</strong></span> <span class='ocrx_word' id='word_1_349' title='bbox 378 3502 585 3558; x_wconf 83' lang='lat' dir='ltr'><strong>calcem</strong></span> <span class='ocrx_word' id='word_1_350' title='bbox 635 3502 1022 3559; x_wconf 83' lang='lat' dir='ltr'><strong>adnotationes</strong></span> <span class='ocrx_word' id='word_1_351' title='bbox 1055 3503 1223 3576; x_wconf 83' lang='lat' dir='ltr'><strong>Langi</strong></span> <span class='ocrx_word' id='word_1_352' title='bbox 1272 3516 1327 3562; x_wconf 92' lang='lat' dir='ltr'><strong>et</strong></span> <span class='ocrx_word' id='word_1_353' title='bbox 1371 3506 1663 3564; x_wconf 84' lang='lat' dir='ltr'><strong>Kortholti.</strong></span> <span class='ocrx_word' id='word_1_354' title='bbox 1716 3510 1861 3568; x_wconf 89' lang='lat' dir='ltr'><strong>Laus</strong></span> 
     </span>
    </p>
   </div>
   <div class='ocr_carea' id='block_1_50' title="bbox 280 3592 1861 3672">
    <p class='ocr_par' dir='ltr' id='par_1_50' title="bbox 280 3592 1861 3672">
     <span class='ocr_line' id='line_1_50' title="bbox 280 3592 1861 3672; baseline 0.007 -25"><span class='ocrx_word' id='word_1_355' title='bbox 280 3592 441 3661; x_wconf 90' lang='lat' dir='ltr'><strong>hujus</strong></span> <span class='ocrx_word' id='word_1_356' title='bbox 469 3592 676 3649; x_wconf 90' lang='lat' dir='ltr'><strong>laboris</strong></span> <span class='ocrx_word' id='word_1_357' title='bbox 712 3594 895 3650; x_wconf 87' lang='lat' dir='ltr'><strong>debita</strong></span> <span class='ocrx_word' id='word_1_358' title='bbox 948 3594 1011 3649; x_wconf 91' lang='lat' dir='ltr'><strong>H.</strong></span> <span class='ocrx_word' id='word_1_359' title='bbox 1055 3595 1348 3653; x_wconf 87' lang='lat' dir='ltr'><strong>Hutchino.</strong></span> <span class='ocrx_word' id='word_1_360' title='bbox 1384 3598 1518 3654; x_wconf 84' lang='lat' dir='ltr'><strong>Cum</strong></span> <span class='ocrx_word' id='word_1_361' title='bbox 1545 3611 1861 3672; x_wconf 80' lang='lat' dir='ltr'><strong>superesset</strong></span> 
     </span>
    </p>
   </div>
   <div class='ocr_carea' id='block_1_51' title="bbox 280 3684 1858 3755">
    <p class='ocr_par' dir='ltr' id='par_1_51' title="bbox 280 3684 1858 3755">
     <span class='ocr_line' id='line_1_51' title="bbox 280 3684 1858 3755; baseline 0.008 -17"><span class='ocrx_word' id='word_1_362' title='bbox 280 3684 560 3755; x_wconf 83' lang='lat' dir='ltr'><strong>Dialogus,</strong></span> <span class='ocrx_word' id='word_1_363' title='bbox 591 3686 645 3740; x_wconf 93' lang='lat' dir='ltr'><strong>in</strong></span> <span class='ocrx_word' id='word_1_364' title='bbox 685 3702 752 3742; x_wconf 87' lang='lat' dir='ltr'><strong>eo</strong></span> <span class='ocrx_word' id='word_1_365' title='bbox 788 3687 1113 3743; x_wconf 88' lang='lat' dir='ltr'><strong>illustrando</strong></span> <span class='ocrx_word' id='word_1_366' title='bbox 1139 3688 1360 3745; x_wconf 81' lang='lat' dir='ltr'><strong>Samuel</strong></span> <span class='ocrx_word' id='word_1_367' title='bbox 1388 3691 1524 3747; x_wconf 83' lang='lat' dir='ltr'><strong>Jebb</strong></span> <span class='ocrx_word' id='word_1_368' title='bbox 1547 3695 1737 3749; x_wconf 88' lang='lat' dir='ltr'><strong>eadem</strong></span> <span class='ocrx_word' id='word_1_369' title='bbox 1770 3696 1858 3751; x_wconf 89' lang='lat' dir='ltr'><strong>via</strong></span> 
     </span>
    </p>
   </div>
   <div class='ocr_carea' id='block_1_52' title="bbox 279 3777 1859 3849">
    <p class='ocr_par' dir='ltr' id='par_1_52' title="bbox 279 3777 1859 3849">
     <span class='ocr_line' id='line_1_52' title="bbox 279 3777 1859 3849; baseline 0.008 -17"><span class='ocrx_word' id='word_1_370' title='bbox 279 3785 335 3832; x_wconf 88' lang='lat' dir='ltr'><strong>et</strong></span> <span class='ocrx_word' id='word_1_371' title='bbox 372 3777 585 3831; x_wconf 91' lang='lat' dir='ltr'><strong>ratione</strong></span> <span class='ocrx_word' id='word_1_372' title='bbox 610 3787 861 3834; x_wconf 85' lang='lat' dir='ltr'><strong>versatus</strong></span> <span class='ocrx_word' id='word_1_373' title='bbox 890 3788 1009 3847; x_wconf 91' lang='lat' dir='ltr'><strong>est,</strong></span> <span class='ocrx_word' id='word_1_374' title='bbox 1035 3796 1141 3849; x_wconf 87' lang='lat' dir='ltr'><strong>qua</strong></span> <span class='ocrx_word' id='word_1_375' title='bbox 1183 3781 1421 3838; x_wconf 85' lang='lat' dir='ltr'><strong>Grabius</strong></span> <span class='ocrx_word' id='word_1_376' title='bbox 1458 3794 1514 3840; x_wconf 94' lang='lat' dir='ltr'><strong>et</strong></span> <span class='ocrx_word' id='word_1_377' title='bbox 1555 3784 1859 3846; x_wconf 85' lang='lat' dir='ltr'><strong>Hutchiuus</strong></span> 
     </span>
    </p>
   </div>
   <div class='ocr_carea' id='block_1_53' title="bbox 280 3870 1858 3945">
    <p class='ocr_par' dir='ltr' id='par_1_53' title="bbox 280 3870 1858 3945">
     <span class='ocr_line' id='line_1_53' title="bbox 280 3870 1858 3945; baseline 0.01 -24"><span class='ocrx_word' id='word_1_378' title='bbox 280 3870 336 3921; x_wconf 91' lang='lat' dir='ltr'><strong>in</strong></span> <span class='ocrx_word' id='word_1_379' title='bbox 373 3871 650 3939; x_wconf 75' lang='lat' dir='ltr'><strong>przedictis</strong></span> <span class='ocrx_word' id='word_1_380' title='bbox 683 3872 956 3941; x_wconf 81' lang='lat' dir='ltr'><strong>operibus,</strong></span> <span class='ocrx_word' id='word_1_381' title='bbox 993 3873 1099 3928; x_wconf 86' lang='lat' dir='ltr'><strong>nisi</strong></span> <span class='ocrx_word' id='word_1_382' title='bbox 1136 3876 1282 3943; x_wconf 91' lang='lat' dir='ltr'><strong>quod</strong></span> <span class='ocrx_word' id='word_1_383' title='bbox 1315 3878 1670 3945; x_wconf 87' lang='lat' dir='ltr'><strong>paucissimas</strong></span> <span class='ocrx_word' id='word_1_384' title='bbox 1703 3891 1858 3937; x_wconf 90' lang='lat' dir='ltr'><strong>notas</strong></span> 
     </span>
    </p>
   </div>
   <div class='ocr_carea' id='block_1_54' title="bbox 281 3963 1858 4041">
    <p class='ocr_par' dir='ltr' id='par_1_54' title="bbox 281 3963 1858 4041">
     <span class='ocr_line' id='line_1_54' title="bbox 281 3963 1858 4041; baseline 0.01 -27"><span class='ocrx_word' id='word_1_385' title='bbox 281 3963 557 4032; x_wconf 86' lang='lat' dir='ltr'><strong>apposuit,</strong></span> <span class='ocrx_word' id='word_1_386' title='bbox 587 3978 791 4032; x_wconf 87' lang='lat' dir='ltr'><strong>easque</strong></span> <span class='ocrx_word' id='word_1_387' title='bbox 820 3980 885 4019; x_wconf 84' lang='lat' dir='ltr'><strong>ex</strong></span> <span class='ocrx_word' id='word_1_388' title='bbox 918 3965 1215 4037; x_wconf 79' lang='lat' dir='ltr'><strong>Syihurgio</strong></span> <span class='ocrx_word' id='word_1_389' title='bbox 1257 3967 1369 4023; x_wconf 84' lang='lat' dir='ltr'><strong>fere</strong></span> <span class='ocrx_word' id='word_1_390' title='bbox 1402 3985 1616 4041; x_wconf 90' lang='lat' dir='ltr'><strong>semper</strong></span> <span class='ocrx_word' id='word_1_391' title='bbox 1643 3974 1858 4028; x_wconf 88' lang='lat' dir='ltr'><strong>desum-</strong></span> 
     </span>
    </p>
   </div>
   <div class='ocr_carea' id='block_1_55' title="bbox 275 4054 1852 4127">
    <p class='ocr_par' dir='ltr' id='par_1_55' title="bbox 275 4054 1852 4127">
     <span class='ocr_line' id='line_1_55' title="bbox 275 4054 1852 4127; baseline 0.01 -21"><span class='ocrx_word' id='word_1_392' title='bbox 275 4065 417 4124; x_wconf 88' lang='lat' dir='ltr'><strong>ptas.</strong></span> <span class='ocrx_word' id='word_1_393' title='bbox 443 4054 654 4109; x_wconf 88' lang='lat' dir='ltr'><strong>Prodiit</strong></span> <span class='ocrx_word' id='word_1_394' title='bbox 675 4072 811 4127; x_wconf 89' lang='lat' dir='ltr'><strong>opus</strong></span> <span class='ocrx_word' id='word_1_395' title='bbox 838 4059 1042 4127; x_wconf 88' lang='lat' dir='ltr'><strong>pariter</strong></span> <span class='ocrx_word' id='word_1_396' title='bbox 1072 4060 1127 4113; x_wconf 93' lang='lat' dir='ltr'><strong>in</strong></span> <span class='ocrx_word' id='word_1_397' title='bbox 1156 4059 1212 4114; x_wconf 89' lang='lat'><strong>8°</strong></span> <span class='ocrx_word' id='word_1_398' title='bbox 1246 4060 1477 4118; x_wconf 90' lang='lat' dir='ltr'><strong>Londini</strong></span> <span class='ocrx_word' id='word_1_399' title='bbox 1521 4079 1667 4122; x_wconf 90' lang='lat' dir='ltr'><strong>anno</strong></span> <span class='ocrx_word' id='word_1_400' title='bbox 1691 4066 1852 4122; x_wconf 86' lang='grc'>1719.</span> 
     </span>
    </p>
   </div>
   <div class='ocr_carea' id='block_1_56' title="bbox 350 4144 1856 4209">
    <p class='ocr_par' dir='ltr' id='par_1_56' title="bbox 350 4144 1856 4209">
     <span class='ocr_line' id='line_1_56' title="bbox 350 4144 1856 4209; baseline 0.007 -11"><span class='ocrx_word' id='word_1_401' title='bbox 350 4144 613 4200; x_wconf 88' lang='lat' dir='ltr'><strong>Prodiere</strong></span> <span class='ocrx_word' id='word_1_402' title='bbox 671 4145 903 4201; x_wconf 84' lang='lat' dir='ltr'><strong>Londini</strong></span> <span class='ocrx_word' id='word_1_403' title='bbox 951 4146 1140 4203; x_wconf 69' lang='lat' dir='ltr'><strong>Graece</strong></span> <span class='ocrx_word' id='word_1_404' title='bbox 1193 4159 1249 4205; x_wconf 83' lang='lat' dir='ltr'><strong>et</strong></span> <span class='ocrx_word' id='word_1_405' title='bbox 1295 4149 1490 4205; x_wconf 89' lang='lat' dir='ltr'><strong>Latine</strong></span> <span class='ocrx_word' id='word_1_406' title='bbox 1532 4168 1678 4209; x_wconf 91' lang='lat' dir='ltr'><strong>anno</strong></span> <span class='ocrx_word' id='word_1_407' title='bbox 1715 4156 1856 4209; x_wconf 68' lang='lat'><strong>1722</strong></span> 
     </span>
    </p>
   </div>
   <div class='ocr_carea' id='block_1_57' title="bbox 278 4233 1856 4313">
    <p class='ocr_par' dir='ltr' id='par_1_57' title="bbox 278 4233 1856 4313">
     <span class='ocr_line' id='line_1_57' title="bbox 278 4233 1856 4313; baseline 0.01 -26"><span class='ocrx_word' id='word_1_408' title='bbox 278 4233 481 4290; x_wconf 82' lang='lat' dir='ltr'><strong>Justini</strong></span> <span class='ocrx_word' id='word_1_409' title='bbox 513 4236 809 4307; x_wconf 85' lang='lat' dir='ltr'><strong>philosophi</strong></span> <span class='ocrx_word' id='word_1_410' title='bbox 838 4248 886 4291; x_wconf 90' lang='lat' dir='ltr'><strong>et</strong></span> <span class='ocrx_word' id='word_1_411' title='bbox 917 4241 1165 4310; x_wconf 87' lang='lat' dir='ltr'><strong>martyris</strong></span> <span class='ocrx_word' id='word_1_412' title='bbox 1194 4242 1462 4313; x_wconf 69' lang='lat' dir='ltr'><strong>Apologia</strong></span> <span class='ocrx_word' id='word_1_413' title='bbox 1492 4245 1613 4299; x_wconf 64' lang='lat' dir='ltr'><strong>duae</strong></span> <span class='ocrx_word' id='word_1_414' title='bbox 1641 4257 1689 4301; x_wconf 91' lang='lat' dir='ltr'><strong>et</strong></span> <span class='ocrx_word' id='word_1_415' title='bbox 1721 4247 1856 4302; x_wconf 87' lang='lat' dir='ltr'><strong>Dia-</strong></span> 
     </span>
    </p>
   </div>
   <div class='ocr_carea' id='block_1_58' title="bbox 275 4328 1852 4399">
    <p class='ocr_par' dir='ltr' id='par_1_58' title="bbox 275 4328 1852 4399">
     <span class='ocr_line' id='line_1_58' title="bbox 275 4328 1852 4399; baseline 0.009 -20"><span class='ocrx_word' id='word_1_416' title='bbox 275 4328 425 4397; x_wconf 89' lang='lat' dir='ltr'><strong>logus</strong></span> <span class='ocrx_word' id='word_1_417' title='bbox 455 4345 573 4382; x_wconf 86' lang='lat' dir='ltr'><strong>cum</strong></span> <span class='ocrx_word' id='word_1_418' title='bbox 606 4329 888 4399; x_wconf 77' lang='lat' dir='ltr'><strong>Tryphone</strong></span> <span class='ocrx_word' id='word_1_419' title='bbox 914 4330 1106 4387; x_wconf 69' lang='lat' dir='ltr'><strong>Iudaeo</strong></span> <span class='ocrx_word' id='word_1_420' title='bbox 1138 4350 1253 4388; x_wconf 89' lang='lat' dir='ltr'><strong>cum</strong></span> <span class='ocrx_word' id='word_1_421' title='bbox 1284 4337 1422 4389; x_wconf 89' lang='lat' dir='ltr'><strong>notis</strong></span> <span class='ocrx_word' id='word_1_422' title='bbox 1452 4347 1500 4390; x_wconf 89' lang='lat' dir='ltr'><strong>et</strong></span> <span class='ocrx_word' id='word_1_423' title='bbox 1528 4340 1852 4393; x_wconf 86' lang='lat' dir='ltr'><strong>emendatio-</strong></span> 
     </span>
    </p>
   </div>
   <div class='ocr_carea' id='block_1_59' title="bbox 275 4419 1848 4491">
    <p class='ocr_par' dir='ltr' id='par_1_59' title="bbox 275 4419 1848 4491">
     <span class='ocr_line' id='line_1_59' title="bbox 275 4419 1848 4491; baseline 0.011 -20"><span class='ocrx_word' id='word_1_424' title='bbox 275 4421 431 4475; x_wconf 90' lang='lat' dir='ltr'><strong>nibus</strong></span> <span class='ocrx_word' id='word_1_425' title='bbox 465 4419 654 4491; x_wconf 81' lang='lat' dir='ltr'><strong>Styani</strong></span> <span class='ocrx_word' id='word_1_426' title='bbox 688 4422 940 4479; x_wconf 87' lang='lat' dir='ltr'><strong>Thirlbii.</strong></span> <span class='ocrx_word' id='word_1_427' title='bbox 967 4426 1179 4482; x_wconf 89' lang='lat' dir='ltr'><strong>Eruditi</strong></span> <span class='ocrx_word' id='word_1_428' title='bbox 1211 4427 1312 4481; x_wconf 91' lang='lat' dir='ltr'><strong>viri</strong></span> <span class='ocrx_word' id='word_1_429' title='bbox 1349 4430 1761 4487; x_wconf 83' lang='lat' dir='ltr'><strong>observationes</strong></span> <span class='ocrx_word' id='word_1_430' title='bbox 1794 4434 1848 4487; x_wconf 89' lang='lat' dir='ltr'><strong>in</strong></span> 
     </span>
    </p>
   </div>
   <div class='ocr_carea' id='block_1_60' title="bbox 1841 3181 1930 3240">
    <p class='ocr_par' dir='ltr' id='par_1_60' title="bbox 1841 3181 1930 3240">
     <span class='ocr_line' id='line_1_60' title="bbox 1841 3181 1930 3240; baseline 0 0"><span class='ocrx_word' id='word_1_431' title='bbox 1841 3181 1930 3240; x_wconf 87' lang='lat' dir='ltr'><strong><em>&#39;C</em></strong></span> 
     </span>
    </p>
   </div>
   <div class='ocr_carea' id='block_1_61' title="bbox 1973 1931 3539 2001">
    <p class='ocr_par' dir='ltr' id='par_1_61' title="bbox 1973 1931 3539 2001">
     <span class='ocr_line' id='line_1_61' title="bbox 1973 1931 3539 2001; baseline 0 -18"><span class='ocrx_word' id='word_1_432' title='bbox 1973 1933 2181 2000; x_wconf 84' lang='lat' dir='ltr'><strong>facere,</strong></span> <span class='ocrx_word' id='word_1_433' title='bbox 2215 1932 2305 1985; x_wconf 87' lang='lat' dir='ltr'><strong>sed</strong></span> <span class='ocrx_word' id='word_1_434' title='bbox 2354 1933 2586 2001; x_wconf 87' lang='lat' dir='ltr'><strong>quadam</strong></span> <span class='ocrx_word' id='word_1_435' title='bbox 2633 1932 2875 2001; x_wconf 87' lang='lat' dir='ltr'><strong>populari</strong></span> <span class='ocrx_word' id='word_1_436' title='bbox 2920 1933 3122 1987; x_wconf 89' lang='lat' dir='ltr'><strong>trutina</strong></span> <span class='ocrx_word' id='word_1_437' title='bbox 3170 1931 3446 2000; x_wconf 87' lang='lat' dir='ltr'><strong>leviterque</strong></span> <span class='ocrx_word' id='word_1_438' title='bbox 3488 1939 3539 1984; x_wconf 90' lang='lat' dir='ltr'><strong>et</strong></span> 
     </span>
    </p>
   </div>
   <div class='ocr_carea' id='block_1_62' title="bbox 1973 2023 3538 2095">
    <p class='ocr_par' dir='ltr' id='par_1_62' title="bbox 1973 2023 3538 2095">
     <span class='ocr_line' id='line_1_62' title="bbox 1973 2023 3538 2095; baseline 0 -20"><span class='ocrx_word' id='word_1_439' title='bbox 1973 2024 2208 2089; x_wconf 84' lang='lat' dir='ltr'><strong>remisse,</strong></span> <span class='ocrx_word' id='word_1_440' title='bbox 2226 2034 2283 2077; x_wconf 90' lang='lat' dir='ltr'><strong>ut</strong></span> <span class='ocrx_word' id='word_1_441' title='bbox 2304 2023 2498 2078; x_wconf 91' lang='lat' dir='ltr'><strong>invitus</strong></span> <span class='ocrx_word' id='word_1_442' title='bbox 2520 2035 2567 2079; x_wconf 91' lang='lat' dir='ltr'><strong>et</strong></span> <span class='ocrx_word' id='word_1_443' title='bbox 2590 2024 2839 2079; x_wconf 89' lang='lat' dir='ltr'><strong>humilem</strong></span> <span class='ocrx_word' id='word_1_444' title='bbox 2861 2040 3072 2095; x_wconf 87' lang='lat' dir='ltr'><strong>operam</strong></span> <span class='ocrx_word' id='word_1_445' title='bbox 3102 2040 3237 2094; x_wconf 68' lang='lat' dir='ltr'><strong>(egre</strong></span> <span class='ocrx_word' id='word_1_446' title='bbox 3261 2025 3538 2086; x_wconf 89' lang='lat' dir='ltr'><strong>devorans,</strong></span> 
     </span>
    </p>
   </div>
   <div class='ocr_carea' id='block_1_63' title="bbox 1970 2116 2289 2170">
    <p class='ocr_par' dir='ltr' id='par_1_63' title="bbox 1970 2116 2289 2170">
     <span class='ocr_line' id='line_1_63' title="bbox 1970 2116 2289 2170; baseline 0 -1"><span class='ocrx_word' id='word_1_447' title='bbox 1970 2116 2289 2170; x_wconf 75' lang='lat' dir='ltr'><strong>examinavi.</strong></span> 
     </span>
    </p>
   </div>
   <div class='ocr_carea' id='block_1_64' title="bbox 2039 2204 3539 2275">
    <p class='ocr_par' dir='ltr' id='par_1_64' title="bbox 2039 2204 3539 2275">
     <span class='ocr_line' id='line_1_64' title="bbox 2039 2204 3539 2275; baseline 0 -17"><span class='ocrx_word' id='word_1_448' title='bbox 2039 2204 2124 2259; x_wconf 84' lang='lat' dir='ltr'><strong>Ad</strong></span> <span class='ocrx_word' id='word_1_449' title='bbox 2155 2204 2358 2259; x_wconf 90' lang='lat' dir='ltr'><strong>calcem</strong></span> <span class='ocrx_word' id='word_1_450' title='bbox 2386 2204 2647 2275; x_wconf 75' lang='lat' dir='ltr'><strong>apposita:</strong></span> <span class='ocrx_word' id='word_1_451' title='bbox 2674 2205 3049 2262; x_wconf 88' lang='lat' dir='ltr'><strong>adnotationes</strong></span> <span class='ocrx_word' id='word_1_452' title='bbox 3073 2206 3343 2262; x_wconf 64' lang='lat' dir='ltr'><strong>nonnullae</strong></span> <span class='ocrx_word' id='word_1_453' title='bbox 3372 2205 3539 2260; x_wconf 81' lang='lat' dir='ltr'><strong>Pear-</strong></span> 
     </span>
    </p>
   </div>
   <div class='ocr_carea' id='block_1_65' title="bbox 1972 2290 3539 2366">
    <p class='ocr_par' dir='ltr' id='par_1_65' title="bbox 1972 2290 3539 2366">
     <span class='ocr_line' id='line_1_65' title="bbox 1972 2290 3539 2366; baseline 0 -17"><span class='ocrx_word' id='word_1_454' title='bbox 1972 2294 2116 2350; x_wconf 90' lang='lat' dir='ltr'><strong>sonii</strong></span> <span class='ocrx_word' id='word_1_455' title='bbox 2167 2311 2235 2350; x_wconf 82' lang='lat' dir='ltr'><strong>ex</strong></span> <span class='ocrx_word' id='word_1_456' title='bbox 2280 2296 2614 2351; x_wconf 88' lang='lat' dir='ltr'><strong>bibliotheca</strong></span> <span class='ocrx_word' id='word_1_457' title='bbox 2662 2296 2812 2366; x_wconf 89' lang='lat' dir='ltr'><strong>regia</strong></span> <span class='ocrx_word' id='word_1_458' title='bbox 2847 2290 3289 2366; x_wconf 84' lang='lat' dir='ltr'><strong>Cantabrigiensi</strong></span> <span class='ocrx_word' id='word_1_459' title='bbox 3337 2305 3539 2359; x_wconf 71' lang='lat' dir='ltr'><strong>erutas,</strong></span> 
     </span>
    </p>
   </div>
   <div class='ocr_carea' id='block_1_66' title="bbox 1967 2389 3539 2460">
    <p class='ocr_par' dir='ltr' id='par_1_66' title="bbox 1967 2389 3539 2460">
     <span class='ocr_line' id='line_1_66' title="bbox 1967 2389 3539 2460; baseline 0 -17"><span class='ocrx_word' id='word_1_460' title='bbox 1967 2404 2105 2458; x_wconf 89' lang='lat' dir='ltr'><strong>quas</strong></span> <span class='ocrx_word' id='word_1_461' title='bbox 2148 2390 2342 2445; x_wconf 89' lang='lat' dir='ltr'><strong>doctus</strong></span> <span class='ocrx_word' id='word_1_462' title='bbox 2383 2390 2562 2445; x_wconf 88' lang='lat' dir='ltr'><strong>editor</strong></span> <span class='ocrx_word' id='word_1_463' title='bbox 2615 2405 2721 2444; x_wconf 92' lang='lat' dir='ltr'><strong>non</strong></span> <span class='ocrx_word' id='word_1_464' title='bbox 2777 2389 2960 2460; x_wconf 90' lang='lat' dir='ltr'><strong>magni</strong></span> <span class='ocrx_word' id='word_1_465' title='bbox 3010 2389 3163 2445; x_wconf 79' lang='lat' dir='ltr'><strong>facit.</strong></span> <span class='ocrx_word' id='word_1_466' title='bbox 3221 2390 3539 2460; x_wconf 82' lang='lat' dir='ltr'><strong>Sequuntur</strong></span> 
     </span>
    </p>
   </div>
   <div class='ocr_carea' id='block_1_67' title="bbox 1968 2481 3542 2554">
    <p class='ocr_par' dir='ltr' id='par_1_67' title="bbox 1968 2481 3542 2554">
     <span class='ocr_line' id='line_1_67' title="bbox 1968 2481 3542 2554; baseline 0.001 -19"><span class='ocrx_word' id='word_1_467' title='bbox 1968 2491 2107 2537; x_wconf 76' lang='lat' dir='ltr'><strong>noue</strong></span> <span class='ocrx_word' id='word_1_468' title='bbox 2150 2481 2357 2536; x_wconf 84' lang='lat' dir='ltr'><strong>Davisii</strong></span> <span class='ocrx_word' id='word_1_469' title='bbox 2401 2482 2456 2536; x_wconf 91' lang='lat' dir='ltr'><strong>in</strong></span> <span class='ocrx_word' id='word_1_470' title='bbox 2486 2483 2795 2554; x_wconf 82' lang='lat' dir='ltr'><strong>Apologiam</strong></span> <span class='ocrx_word' id='word_1_471' title='bbox 2827 2484 2881 2548; x_wconf 89' lang='grc'>1,</span> <span class='ocrx_word' id='word_1_472' title='bbox 2919 2499 3053 2554; x_wconf 90' lang='lat' dir='ltr'><strong>quas</strong></span> <span class='ocrx_word' id='word_1_473' title='bbox 3090 2485 3158 2538; x_wconf 91' lang='lat' dir='ltr'><strong>ab</strong></span> <span class='ocrx_word' id='word_1_474' title='bbox 3191 2484 3293 2539; x_wconf 89' lang='lat' dir='ltr'><strong>hoc</strong></span> <span class='ocrx_word' id='word_1_475' title='bbox 3335 2485 3542 2539; x_wconf 83' lang='lat' dir='ltr'><strong>doctis-</strong></span> 
     </span>
    </p>
   </div>
   <div class='ocr_carea' id='block_1_68' title="bbox 1966 2572 3540 2642">
    <p class='ocr_par' dir='ltr' id='par_1_68' title="bbox 1966 2572 3540 2642">
     <span class='ocr_line' id='line_1_68' title="bbox 1966 2572 3540 2642; baseline 0.001 -15"><span class='ocrx_word' id='word_1_476' title='bbox 1966 2572 2109 2627; x_wconf 90' lang='lat' dir='ltr'><strong>simo</strong></span> <span class='ocrx_word' id='word_1_477' title='bbox 2144 2572 2261 2629; x_wconf 89' lang='lat' dir='ltr'><strong>viro</strong></span> <span class='ocrx_word' id='word_1_478' title='bbox 2290 2573 2706 2642; x_wconf 85' lang='lat' dir='ltr'><strong>perhumaniter</strong></span> <span class='ocrx_word' id='word_1_479' title='bbox 2750 2574 2944 2631; x_wconf 87' lang='lat' dir='ltr'><strong>missas</strong></span> <span class='ocrx_word' id='word_1_480' title='bbox 2977 2574 3060 2632; x_wconf 90' lang='lat' dir='ltr'><strong>Cl.</strong></span> <span class='ocrx_word' id='word_1_481' title='bbox 3106 2574 3383 2631; x_wconf 90' lang='lat' dir='ltr'><strong>Thirlbius</strong></span> <span class='ocrx_word' id='word_1_482' title='bbox 3418 2575 3540 2629; x_wconf 90' lang='lat' dir='ltr'><strong>luce</strong></span> 
     </span>
    </p>
   </div>
   <div class='ocr_carea' id='block_1_69' title="bbox 1965 2666 3542 2740">
    <p class='ocr_par' dir='ltr' id='par_1_69' title="bbox 1965 2666 3542 2740">
     <span class='ocr_line' id='line_1_69' title="bbox 1965 2666 3542 2740; baseline 0.003 -19"><span class='ocrx_word' id='word_1_483' title='bbox 1965 2666 2183 2736; x_wconf 88' lang='lat' dir='ltr'><strong>publica</strong></span> <span class='ocrx_word' id='word_1_484' title='bbox 2214 2668 2467 2733; x_wconf 79' lang='lat' dir='ltr'><strong>donavit,</strong></span> <span class='ocrx_word' id='word_1_485' title='bbox 2500 2678 2558 2724; x_wconf 94' lang='lat' dir='ltr'><strong>ut</strong></span> <span class='ocrx_word' id='word_1_486' title='bbox 2587 2678 2641 2724; x_wconf 86' lang='lat' dir='ltr'><strong>et</strong></span> <span class='ocrx_word' id='word_1_487' title='bbox 2670 2670 2810 2740; x_wconf 90' lang='lat' dir='ltr'><strong>grati</strong></span> <span class='ocrx_word' id='word_1_488' title='bbox 2842 2669 3007 2724; x_wconf 88' lang='lat' dir='ltr'><strong>animi</strong></span> <span class='ocrx_word' id='word_1_489' title='bbox 3032 2671 3112 2726; x_wconf 89' lang='lat' dir='ltr'><strong>sui</strong></span> <span class='ocrx_word' id='word_1_490' title='bbox 3141 2678 3197 2725; x_wconf 89' lang='lat' dir='ltr'><strong>et</strong></span> <span class='ocrx_word' id='word_1_491' title='bbox 3220 2670 3542 2725; x_wconf 88' lang='lat' dir='ltr'><strong>eruditionis</strong></span> 
     </span>
    </p>
   </div>
   <div class='ocr_carea' id='block_1_70' title="bbox 1966 2758 3541 2819">
    <p class='ocr_par' dir='ltr' id='par_1_70' title="bbox 1966 2758 3541 2819">
     <span class='ocr_line' id='line_1_70' title="bbox 1966 2758 3541 2819; baseline 0.003 -8"><span class='ocrx_word' id='word_1_492' title='bbox 1966 2758 2171 2814; x_wconf 84' lang='lat' dir='ltr'><strong>Davisii</strong></span> <span class='ocrx_word' id='word_1_493' title='bbox 2200 2770 2617 2816; x_wconf 86' lang='lat' dir='ltr'><strong>monumentum</strong></span> <span class='ocrx_word' id='word_1_494' title='bbox 2649 2772 2857 2819; x_wconf 86' lang='lat' dir='ltr'><strong>essent.</strong></span> <span class='ocrx_word' id='word_1_495' title='bbox 2888 2762 3096 2817; x_wconf 90' lang='lat' dir='ltr'><strong>Indices</strong></span> <span class='ocrx_word' id='word_1_496' title='bbox 3131 2778 3312 2817; x_wconf 91' lang='lat' dir='ltr'><strong>rerum</strong></span> <span class='ocrx_word' id='word_1_497' title='bbox 3342 2772 3397 2817; x_wconf 93' lang='lat' dir='ltr'><strong>et</strong></span> <span class='ocrx_word' id='word_1_498' title='bbox 3421 2778 3541 2817; x_wconf 89' lang='lat' dir='ltr'><strong>ver-</strong></span> 
     </span>
    </p>
   </div>
   <div class='ocr_carea' id='block_1_71' title="bbox 1962 2850 3541 2924">
    <p class='ocr_par' dir='ltr' id='par_1_71' title="bbox 1962 2850 3541 2924">
     <span class='ocr_line' id='line_1_71' title="bbox 1962 2850 3541 2924; baseline 0.003 -18"><span class='ocrx_word' id='word_1_499' title='bbox 1962 2850 2157 2906; x_wconf 89' lang='lat' dir='ltr'><strong>borum</strong></span> <span class='ocrx_word' id='word_1_500' title='bbox 2196 2851 2466 2907; x_wconf 86' lang='lat' dir='ltr'><strong>debentur</strong></span> <span class='ocrx_word' id='word_1_501' title='bbox 2511 2850 2823 2923; x_wconf 86' lang='lat' dir='ltr'><strong>Sylburgio.</strong></span> <span class='ocrx_word' id='word_1_502' title='bbox 2854 2853 2911 2907; x_wconf 90' lang='lat' dir='ltr'><strong>In</strong></span> <span class='ocrx_word' id='word_1_503' title='bbox 2944 2853 3168 2923; x_wconf 86' lang='lat' dir='ltr'><strong>epistola</strong></span> <span class='ocrx_word' id='word_1_504' title='bbox 3204 2867 3541 2924; x_wconf 85' lang='lat' dir='ltr'><strong>nuncupato-</strong></span> 
     </span>
    </p>
   </div>
   <div class='ocr_carea' id='block_1_72' title="bbox 1963 2944 3540 3013">
    <p class='ocr_par' dir='ltr' id='par_1_72' title="bbox 1963 2944 3540 3013">
     <span class='ocr_line' id='line_1_72' title="bbox 1963 2944 3540 3013; baseline 0.004 -15"><span class='ocrx_word' id='word_1_505' title='bbox 1963 2945 2067 3012; x_wconf 87' lang='lat' dir='ltr'><strong>ria,</strong></span> <span class='ocrx_word' id='word_1_506' title='bbox 2097 2959 2218 3013; x_wconf 75' lang='lat' dir='ltr'><strong>qua:</strong></span> <span class='ocrx_word' id='word_1_507' title='bbox 2245 2944 2576 2999; x_wconf 89' lang='lat' dir='ltr'><strong>nobilissimo</strong></span> <span class='ocrx_word' id='word_1_508' title='bbox 2620 2946 2732 3000; x_wconf 90' lang='lat' dir='ltr'><strong>viro</strong></span> <span class='ocrx_word' id='word_1_509' title='bbox 2770 2944 3050 3001; x_wconf 81' lang='lat' dir='ltr'><strong>Guillelmo</strong></span> <span class='ocrx_word' id='word_1_510' title='bbox 3095 2948 3309 3001; x_wconf 88' lang='lat' dir='ltr'><strong>domino</strong></span> <span class='ocrx_word' id='word_1_511' title='bbox 3338 2947 3540 3004; x_wconf 84' lang='lat' dir='ltr'><strong>Craven</strong></span> 
     </span>
    </p>
   </div>
   <div class='ocr_carea' id='block_1_73' title="bbox 1962 3036 3540 3107">
    <p class='ocr_par' dir='ltr' id='par_1_73' title="bbox 1962 3036 3540 3107">
     <span class='ocr_line' id='line_1_73' title="bbox 1962 3036 3540 3107; baseline 0.003 -16"><span class='ocrx_word' id='word_1_512' title='bbox 1962 3037 2223 3107; x_wconf 86' lang='lat' dir='ltr'><strong>inscripta</strong></span> <span class='ocrx_word' id='word_1_513' title='bbox 2276 3036 2615 3106; x_wconf 68' lang='lat' dir='ltr'><strong>praefationis</strong></span> <span class='ocrx_word' id='word_1_514' title='bbox 2668 3037 2846 3094; x_wconf 90' lang='lat' dir='ltr'><strong>locum</strong></span> <span class='ocrx_word' id='word_1_515' title='bbox 2900 3055 2964 3095; x_wconf 84' lang='lat' dir='ltr'><strong>ac</strong></span> <span class='ocrx_word' id='word_1_516' title='bbox 3014 3041 3233 3097; x_wconf 90' lang='lat' dir='ltr'><strong>modum</strong></span> <span class='ocrx_word' id='word_1_517' title='bbox 3286 3046 3540 3106; x_wconf 84' lang='lat' dir='ltr'><strong>sortitur,</strong></span> 
     </span>
    </p>
   </div>
   <div class='ocr_carea' id='block_1_74' title="bbox 1962 3129 3537 3203">
    <p class='ocr_par' dir='ltr' id='par_1_74' title="bbox 1962 3129 3537 3203">
     <span class='ocr_line' id='line_1_74' title="bbox 1962 3129 3537 3203; baseline 0.003 -18"><span class='ocrx_word' id='word_1_518' title='bbox 1962 3129 2152 3185; x_wconf 91' lang='lat' dir='ltr'><strong>doctus</strong></span> <span class='ocrx_word' id='word_1_519' title='bbox 2177 3130 2354 3185; x_wconf 88' lang='lat' dir='ltr'><strong>editor</strong></span> <span class='ocrx_word' id='word_1_520' title='bbox 2382 3142 2700 3187; x_wconf 87' lang='lat' dir='ltr'><strong>sanctorum</strong></span> <span class='ocrx_word' id='word_1_521' title='bbox 2738 3131 2960 3185; x_wconf 87' lang='lat' dir='ltr'><strong>Patrum</strong></span> <span class='ocrx_word' id='word_1_522' title='bbox 3001 3131 3251 3188; x_wconf 85' lang='lat' dir='ltr'><strong>lectionis</strong></span> <span class='ocrx_word' id='word_1_523' title='bbox 3289 3135 3537 3203; x_wconf 81' lang='lat' dir='ltr'><strong>patroci-</strong></span> 
     </span>
    </p>
   </div>
   <div class='ocr_carea' id='block_1_75' title="bbox 1970 3225 3540 3294">
    <p class='ocr_par' dir='ltr' id='par_1_75' title="bbox 1970 3225 3540 3294">
     <span class='ocr_line' id='line_1_75' title="bbox 1970 3225 3540 3294; baseline 0.002 -16"><span class='ocrx_word' id='word_1_524' title='bbox 1970 3226 2121 3279; x_wconf 92' lang='lat' dir='ltr'><strong>nium</strong></span> <span class='ocrx_word' id='word_1_525' title='bbox 2150 3225 2402 3294; x_wconf 85' lang='lat' dir='ltr'><strong>suscipit,</strong></span> <span class='ocrx_word' id='word_1_526' title='bbox 2433 3240 2499 3280; x_wconf 88' lang='lat' dir='ltr'><strong>ac</strong></span> <span class='ocrx_word' id='word_1_527' title='bbox 2538 3226 2605 3279; x_wconf 92' lang='lat' dir='ltr'><strong>de</strong></span> <span class='ocrx_word' id='word_1_528' title='bbox 2635 3225 2846 3281; x_wconf 77' lang='lat' dir='ltr'><strong>criticae</strong></span> <span class='ocrx_word' id='word_1_529' title='bbox 2875 3225 3111 3281; x_wconf 90' lang='lat' dir='ltr'><strong>utilitate</strong></span> <span class='ocrx_word' id='word_1_530' title='bbox 3140 3236 3195 3281; x_wconf 89' lang='lat' dir='ltr'><strong>et</strong></span> <span class='ocrx_word' id='word_1_531' title='bbox 3224 3226 3540 3282; x_wconf 85' lang='lat' dir='ltr'><strong>dillicultate</strong></span> 
     </span>
    </p>
   </div>
   <div class='ocr_carea' id='block_1_76' title="bbox 1960 3315 3531 3389">
    <p class='ocr_par' dir='ltr' id='par_1_76' title="bbox 1960 3315 3531 3389">
     <span class='ocr_line' id='line_1_76' title="bbox 1960 3315 3531 3389; baseline 0 -17"><span class='ocrx_word' id='word_1_532' title='bbox 1960 3317 2205 3381; x_wconf 87' lang='lat' dir='ltr'><strong>disserit,</strong></span> <span class='ocrx_word' id='word_1_533' title='bbox 2237 3326 2348 3372; x_wconf 91' lang='lat' dir='ltr'><strong>tum</strong></span> <span class='ocrx_word' id='word_1_534' title='bbox 2377 3318 2444 3372; x_wconf 90' lang='lat' dir='ltr'><strong>de</strong></span> <span class='ocrx_word' id='word_1_535' title='bbox 2474 3315 2693 3373; x_wconf 79' lang='lat' dir='ltr'><strong>Justino</strong></span> <span class='ocrx_word' id='word_1_536' title='bbox 2713 3316 2978 3386; x_wconf 89' lang='lat' dir='ltr'><strong>judicium</strong></span> <span class='ocrx_word' id='word_1_537' title='bbox 3018 3334 3177 3373; x_wconf 91' lang='lat' dir='ltr'><strong>suum</strong></span> <span class='ocrx_word' id='word_1_538' title='bbox 3205 3320 3531 3389; x_wconf 89' lang='lat' dir='ltr'><strong>interponit,</strong></span> 
     </span>
    </p>
   </div>
   <div class='ocr_carea' id='block_1_77' title="bbox 1960 3408 3242 3480">
    <p class='ocr_par' dir='ltr' id='par_1_77' title="bbox 1960 3408 3242 3480">
     <span class='ocr_line' id='line_1_77' title="bbox 1960 3408 3242 3480; baseline 0.002 -17"><span class='ocrx_word' id='word_1_539' title='bbox 1960 3422 2026 3463; x_wconf 88' lang='lat' dir='ltr'><strong>ac</strong></span> <span class='ocrx_word' id='word_1_540' title='bbox 2055 3408 2274 3462; x_wconf 89' lang='lat' dir='ltr'><strong>demum</strong></span> <span class='ocrx_word' id='word_1_541' title='bbox 2302 3423 2485 3478; x_wconf 68' lang='lat' dir='ltr'><strong>opera:</strong></span> <span class='ocrx_word' id='word_1_542' title='bbox 2514 3424 2627 3465; x_wconf 71' lang='lat' dir='ltr'><strong>sua:</strong></span> <span class='ocrx_word' id='word_1_543' title='bbox 2659 3410 2929 3465; x_wconf 87' lang='lat' dir='ltr'><strong>rationem</strong></span> <span class='ocrx_word' id='word_1_544' title='bbox 2965 3410 3242 3480; x_wconf 78' lang='lat' dir='ltr'><strong>explanat.</strong></span> 
     </span>
    </p>
   </div>
   <div class='ocr_carea' id='block_1_78' title="bbox 2033 3500 3538 3573">
    <p class='ocr_par' dir='ltr' id='par_1_78' title="bbox 2033 3500 3538 3573">
     <span class='ocr_line' id='line_1_78' title="bbox 2033 3500 3538 3573; baseline 0.003 -18"><span class='ocrx_word' id='word_1_545' title='bbox 2033 3501 2153 3558; x_wconf 86' lang='lat' dir='ltr'><strong>Non</strong></span> <span class='ocrx_word' id='word_1_546' title='bbox 2188 3500 2335 3556; x_wconf 88' lang='lat' dir='ltr'><strong>molli</strong></span> <span class='ocrx_word' id='word_1_547' title='bbox 2368 3502 2595 3556; x_wconf 90' lang='lat' dir='ltr'><strong>brachio</strong></span> <span class='ocrx_word' id='word_1_548' title='bbox 2626 3500 2845 3557; x_wconf 89' lang='lat' dir='ltr'><strong>vellicat</strong></span> <span class='ocrx_word' id='word_1_549' title='bbox 2890 3518 3021 3567; x_wconf 87' lang='lat' dir='ltr'><strong>eos,</strong></span> <span class='ocrx_word' id='word_1_550' title='bbox 3067 3504 3264 3573; x_wconf 88' lang='lat' dir='ltr'><strong>quibus</strong></span> <span class='ocrx_word' id='word_1_551' title='bbox 3312 3505 3538 3561; x_wconf 88' lang='lat' dir='ltr'><strong>sordent</strong></span> 
     </span>
    </p>
   </div>
   <div class='ocr_carea' id='block_1_79' title="bbox 1960 3594 3536 3664">
    <p class='ocr_par' dir='ltr' id='par_1_79' title="bbox 1960 3594 3536 3664">
     <span class='ocr_line' id='line_1_79' title="bbox 1960 3594 3536 3664; baseline 0.001 -15"><span class='ocrx_word' id='word_1_552' title='bbox 1960 3595 2167 3663; x_wconf 89' lang='lat' dir='ltr'><strong>antiqui</strong></span> <span class='ocrx_word' id='word_1_553' title='bbox 2216 3594 2431 3651; x_wconf 88' lang='lat' dir='ltr'><strong>Patres.</strong></span> <span class='ocrx_word' id='word_1_554' title='bbox 2465 3594 2558 3648; x_wconf 84' lang='lat' dir='ltr'><strong>Est</strong></span> <span class='ocrx_word' id='word_1_555' title='bbox 2588 3603 2789 3660; x_wconf 90' lang='lat' dir='ltr'><strong>autem,</strong></span> <span class='ocrx_word' id='word_1_556' title='bbox 2830 3596 3027 3664; x_wconf 91' lang='lat' dir='ltr'><strong>inquit,</strong></span> <span class='ocrx_word' id='word_1_557' title='bbox 3071 3596 3218 3650; x_wconf 89' lang='lat' dir='ltr'><strong>aliud</strong></span> <span class='ocrx_word' id='word_1_558' title='bbox 3264 3598 3536 3651; x_wconf 88' lang='lat' dir='ltr'><strong>hominum</strong></span> 
     </span>
    </p>
   </div>
   <div class='ocr_carea' id='block_1_80' title="bbox 1958 3686 3535 3757">
    <p class='ocr_par' dir='ltr' id='par_1_80' title="bbox 1958 3686 3535 3757">
     <span class='ocr_line' id='line_1_80' title="bbox 1958 3686 3535 3757; baseline 0 -18"><span class='ocrx_word' id='word_1_559' title='bbox 1958 3702 2144 3755; x_wconf 89' lang='lat' dir='ltr'><strong>genus,</strong></span> <span class='ocrx_word' id='word_1_560' title='bbox 2187 3686 2308 3756; x_wconf 88' lang='lat' dir='ltr'><strong>qni,</strong></span> <span class='ocrx_word' id='word_1_561' title='bbox 2345 3702 2650 3757; x_wconf 88' lang='lat' dir='ltr'><strong>quanquam</strong></span> <span class='ocrx_word' id='word_1_562' title='bbox 2694 3700 2816 3738; x_wconf 87' lang='lat' dir='ltr'><strong>cum</strong></span> <span class='ocrx_word' id='word_1_563' title='bbox 2858 3686 3083 3739; x_wconf 86' lang='lat' dir='ltr'><strong>indoctis</strong></span> <span class='ocrx_word' id='word_1_564' title='bbox 3125 3688 3399 3753; x_wconf 85' lang='lat' dir='ltr'><strong>disputare</strong></span> <span class='ocrx_word' id='word_1_565' title='bbox 3430 3703 3535 3740; x_wconf 90' lang='lat' dir='ltr'><strong>non</strong></span> 
     </span>
    </p>
   </div>
   <div class='ocr_carea' id='block_1_81' title="bbox 1956 3779 3536 3850">
    <p class='ocr_par' dir='ltr' id='par_1_81' title="bbox 1956 3779 3536 3850">
     <span class='ocr_line' id='line_1_81' title="bbox 1956 3779 3536 3850; baseline -0.001 -15"><span class='ocrx_word' id='word_1_566' title='bbox 1956 3781 2121 3846; x_wconf 90' lang='lat' dir='ltr'><strong>soleo,</strong></span> <span class='ocrx_word' id='word_1_567' title='bbox 2145 3782 2516 3849; x_wconf 88' lang='lat' dir='ltr'><strong>paucistamen</strong></span> <span class='ocrx_word' id='word_1_568' title='bbox 2534 3779 2883 3849; x_wconf 85' lang='lat' dir='ltr'><strong>redarguendi</strong></span> <span class='ocrx_word' id='word_1_569' title='bbox 2904 3790 3047 3835; x_wconf 90' lang='lat' dir='ltr'><strong>sunt.</strong></span> <span class='ocrx_word' id='word_1_570' title='bbox 3070 3779 3116 3833; x_wconf 86' lang='grc' dir='ltr'><em>Η</em></span> <span class='ocrx_word' id='word_1_571' title='bbox 3126 3781 3198 3833; x_wconf 87' lang='lat' dir='ltr'><strong>isi</strong></span> <span class='ocrx_word' id='word_1_572' title='bbox 3218 3780 3536 3850; x_wconf 81' lang='lat' dir='ltr'><strong>theologiam</strong></span> 
     </span>
    </p>
   </div>
   <div class='ocr_carea' id='block_1_82' title="bbox 1958 3863 3535 3945">
    <p class='ocr_par' dir='ltr' id='par_1_82' title="bbox 1958 3863 3535 3945">
     <span class='ocr_line' id='line_1_82' title="bbox 1958 3863 3535 3945; baseline 0 -17"><span class='ocrx_word' id='word_1_573' title='bbox 1958 3876 2222 3941; x_wconf 88' lang='lat' dir='ltr'><strong>nesciunt,</strong></span> <span class='ocrx_word' id='word_1_574' title='bbox 2262 3875 2396 3929; x_wconf 90' lang='lat' dir='ltr'><strong>nihil</strong></span> <span class='ocrx_word' id='word_1_575' title='bbox 2420 3876 2613 3941; x_wconf 87' lang='lat' dir='ltr'><strong>sciunt,</strong></span> <span class='ocrx_word' id='word_1_576' title='bbox 2648 3863 2811 3945; x_wconf 78' lang='lat' dir='ltr'><strong>inque</strong></span> <span class='ocrx_word' id='word_1_577' title='bbox 2854 3874 2911 3927; x_wconf 87' lang='lat' dir='ltr'><strong>id</strong></span> <span class='ocrx_word' id='word_1_578' title='bbox 2956 3876 3194 3928; x_wconf 68' lang='lat' dir='ltr'><strong>studium</strong></span> <span class='ocrx_word' id='word_1_579' title='bbox 3224 3874 3406 3929; x_wconf 87' lang='lat' dir='ltr'><strong>sedulo</strong></span> <span class='ocrx_word' id='word_1_580' title='bbox 3435 3875 3535 3929; x_wconf 85' lang='lat' dir='ltr'><strong>sibi</strong></span> 
     </span>
    </p>
   </div>
   <div class='ocr_carea' id='block_1_83' title="bbox 1958 3966 3532 4037">
    <p class='ocr_par' dir='ltr' id='par_1_83' title="bbox 1958 3966 3532 4037">
     <span class='ocr_line' id='line_1_83' title="bbox 1958 3966 3532 4037; baseline 0.003 -18"><span class='ocrx_word' id='word_1_581' title='bbox 1958 3969 2253 4021; x_wconf 84' lang='lat' dir='ltr'><strong>incumbere</strong></span> <span class='ocrx_word' id='word_1_582' title='bbox 2302 3966 2547 4021; x_wconf 86' lang='lat' dir='ltr'><strong>videntur</strong></span> <span class='ocrx_word' id='word_1_583' title='bbox 2578 3982 2597 4021; x_wconf 89' lang='lat'><strong><em>:</em></strong></span> <span class='ocrx_word' id='word_1_584' title='bbox 2632 3966 2722 4022; x_wconf 87' lang='lat' dir='ltr'><strong>sed</strong></span> <span class='ocrx_word' id='word_1_585' title='bbox 2778 3977 2956 4020; x_wconf 89' lang='lat' dir='ltr'><strong>tamen</strong></span> <span class='ocrx_word' id='word_1_586' title='bbox 3006 3968 3250 4037; x_wconf 88' lang='lat' dir='ltr'><strong>antiquos</strong></span> <span class='ocrx_word' id='word_1_587' title='bbox 3309 3966 3532 4034; x_wconf 86' lang='lat' dir='ltr'><strong>Patres,</strong></span> 
     </span>
    </p>
   </div>
   <div class='ocr_carea' id='block_1_84' title="bbox 1956 4060 3530 4131">
    <p class='ocr_par' dir='ltr' id='par_1_84' title="bbox 1956 4060 3530 4131">
     <span class='ocr_line' id='line_1_84' title="bbox 1956 4060 3530 4131; baseline 0.002 -19"><span class='ocrx_word' id='word_1_588' title='bbox 1956 4060 2061 4113; x_wconf 85' lang='lat' dir='ltr'><strong>sive</strong></span> <span class='ocrx_word' id='word_1_589' title='bbox 2085 4060 2415 4129; x_wconf 80' lang='lat' dir='ltr'><strong>arrogantia,</strong></span> <span class='ocrx_word' id='word_1_590' title='bbox 2445 4076 2538 4115; x_wconf 87' lang='lat' dir='ltr'><strong>seu</strong></span> <span class='ocrx_word' id='word_1_591' title='bbox 2565 4061 2621 4113; x_wconf 89' lang='lat' dir='ltr'><strong>id</strong></span> <span class='ocrx_word' id='word_1_592' title='bbox 2648 4063 2789 4131; x_wconf 90' lang='lat' dir='ltr'><strong>quod</strong></span> <span class='ocrx_word' id='word_1_593' title='bbox 2828 4063 3034 4126; x_wconf 88' lang='lat' dir='ltr'><strong>dicunt,</strong></span> <span class='ocrx_word' id='word_1_594' title='bbox 3062 4078 3241 4116; x_wconf 87' lang='lat' dir='ltr'><strong>revera</strong></span> <span class='ocrx_word' id='word_1_595' title='bbox 3272 4063 3530 4124; x_wconf 89' lang='lat' dir='ltr'><strong>sentiunt,</strong></span> 
     </span>
    </p>
   </div>
   <div class='ocr_carea' id='block_1_85' title="bbox 1955 4153 3532 4225">
    <p class='ocr_par' dir='ltr' id='par_1_85' title="bbox 1955 4153 3532 4225">
     <span class='ocr_line' id='line_1_85' title="bbox 1955 4153 3532 4225; baseline 0.001 -17"><span class='ocrx_word' id='word_1_596' title='bbox 1955 4169 2053 4208; x_wconf 85' lang='lat' dir='ltr'><strong>sua</strong></span> <span class='ocrx_word' id='word_1_597' title='bbox 2080 4153 2302 4207; x_wconf 86' lang='lat' dir='ltr'><strong>lectione</strong></span> <span class='ocrx_word' id='word_1_598' title='bbox 2332 4153 2575 4222; x_wconf 88' lang='lat' dir='ltr'><strong>indignos</strong></span> <span class='ocrx_word' id='word_1_599' title='bbox 2605 4153 2819 4208; x_wconf 87' lang='lat' dir='ltr'><strong>habent.</strong></span> <span class='ocrx_word' id='word_1_600' title='bbox 2853 4153 3126 4210; x_wconf 88' lang='lat' dir='ltr'><strong>Nimirum</strong></span> <span class='ocrx_word' id='word_1_601' title='bbox 3157 4155 3281 4211; x_wconf 90' lang='lat' dir='ltr'><strong>boni</strong></span> <span class='ocrx_word' id='word_1_602' title='bbox 3305 4158 3532 4225; x_wconf 83' lang='lat' dir='ltr'><strong>theologi</strong></span> 
     </span>
    </p>
   </div>
   <div class='ocr_carea' id='block_1_86' title="bbox 1954 4245 3531 4319">
    <p class='ocr_par' dir='ltr' id='par_1_86' title="bbox 1954 4245 3531 4319">
     <span class='ocr_line' id='line_1_86' title="bbox 1954 4245 3531 4319; baseline 0.001 -18"><span class='ocrx_word' id='word_1_603' title='bbox 1954 4263 2066 4300; x_wconf 85' lang='lat' dir='ltr'><strong>esse</strong></span> <span class='ocrx_word' id='word_1_604' title='bbox 2093 4245 2380 4314; x_wconf 84' lang='lat' dir='ltr'><strong>Scriptura</strong></span> <span class='ocrx_word' id='word_1_605' title='bbox 2407 4245 2521 4300; x_wconf 84' lang='lat' dir='ltr'><strong>sola</strong></span> <span class='ocrx_word' id='word_1_606' title='bbox 2553 4248 2650 4300; x_wconf 88' lang='lat' dir='ltr'><strong>niti</strong></span> <span class='ocrx_word' id='word_1_607' title='bbox 2681 4248 3033 4313; x_wconf 89' lang='lat' dir='ltr'><strong>contendunt,</strong></span> <span class='ocrx_word' id='word_1_608' title='bbox 3062 4265 3177 4302; x_wconf 90' lang='lat' dir='ltr'><strong>eam</strong></span> <span class='ocrx_word' id='word_1_609' title='bbox 3205 4260 3251 4303; x_wconf 91' lang='lat' dir='ltr'><strong>et</strong></span> <span class='ocrx_word' id='word_1_610' title='bbox 3272 4250 3531 4319; x_wconf 71' lang='lat' dir='ltr'><strong>quidquid</strong></span> 
     </span>
    </p>
   </div>
   <div class='ocr_carea' id='block_1_87' title="bbox 1954 4340 3528 4412">
    <p class='ocr_par' dir='ltr' id='par_1_87' title="bbox 1954 4340 3528 4412">
     <span class='ocr_line' id='line_1_87' title="bbox 1954 4340 3528 4412; baseline 0 -20"><span class='ocrx_word' id='word_1_611' title='bbox 1954 4349 2139 4393; x_wconf 89' lang='lat' dir='ltr'><strong>nostra</strong></span> <span class='ocrx_word' id='word_1_612' title='bbox 2183 4341 2320 4394; x_wconf 89' lang='lat' dir='ltr'><strong>scire</strong></span> <span class='ocrx_word' id='word_1_613' title='bbox 2364 4340 2594 4406; x_wconf 88' lang='lat' dir='ltr'><strong>intersit,</strong></span> <span class='ocrx_word' id='word_1_614' title='bbox 2627 4351 2672 4394; x_wconf 90' lang='lat' dir='ltr'><strong>et</strong></span> <span class='ocrx_word' id='word_1_615' title='bbox 2708 4341 2965 4411; x_wconf 77' lang='lat' dir='ltr'><strong>quidquid</strong></span> <span class='ocrx_word' id='word_1_616' title='bbox 3012 4342 3083 4394; x_wconf 93' lang='lat' dir='ltr'><strong>ad</strong></span> <span class='ocrx_word' id='word_1_617' title='bbox 3131 4342 3528 4412; x_wconf 78' lang='lat' dir='ltr'><strong>intelligentiam</strong></span> 
     </span>
    </p>
   </div>
   <div class='ocr_carea' id='block_1_88' title="bbox 1952 4433 3505 4503">
    <p class='ocr_par' dir='ltr' id='par_1_88' title="bbox 1952 4433 3505 4503">
     <span class='ocr_line' id='line_1_88' title="bbox 1952 4433 3505 4503; baseline -0.001 -18"><span class='ocrx_word' id='word_1_618' title='bbox 1952 4434 2036 4486; x_wconf 90' lang='lat' dir='ltr'><strong>sui</strong></span> <span class='ocrx_word' id='word_1_619' title='bbox 2061 4448 2193 4501; x_wconf 89' lang='lat' dir='ltr'><strong>opus</strong></span> <span class='ocrx_word' id='word_1_620' title='bbox 2215 4434 2309 4497; x_wconf 86' lang='lat' dir='ltr'><strong>sit,</strong></span> <span class='ocrx_word' id='word_1_621' title='bbox 2339 4433 2604 4486; x_wconf 89' lang='lat' dir='ltr'><strong>continere</strong></span> <span class='ocrx_word' id='word_1_622' title='bbox 2635 4446 2654 4483; x_wconf 90' lang='lat'><strong><em>:</em></strong></span> <span class='ocrx_word' id='word_1_623' title='bbox 2683 4434 2775 4503; x_wconf 90' lang='lat' dir='ltr'><strong>qui</strong></span> <span class='ocrx_word' id='word_1_624' title='bbox 2797 4449 2944 4487; x_wconf 90' lang='lat' dir='ltr'><strong>secus</strong></span> <span class='ocrx_word' id='word_1_625' title='bbox 2969 4434 3225 4500; x_wconf 82' lang='lat' dir='ltr'><strong>sentiunt,</strong></span> <span class='ocrx_word' id='word_1_626' title='bbox 3252 4452 3338 4489; x_wconf 84' lang='lat' dir='ltr'><strong>eos</strong></span> <span class='ocrx_word' id='word_1_627' title='bbox 3362 4433 3505 4485; x_wconf 83' lang='lat' dir='ltr'><strong>harri</strong></span> 
     </span>
    </p>
   </div>
   <div class='ocr_carea' id='block_1_89' title="bbox 274 4513 3525 4601">
    <p class='ocr_par' dir='ltr' id='par_1_89' title="bbox 274 4513 3525 4601">
     <span class='ocr_line' id='line_1_89' title="bbox 274 4513 3525 4601; baseline 0.003 -34"><span class='ocrx_word' id='word_1_628' title='bbox 274 4513 597 4582; x_wconf 86' lang='lat' dir='ltr'><strong>explicanda</strong></span> <span class='ocrx_word' id='word_1_629' title='bbox 628 4516 983 4586; x_wconf 79' lang='lat' dir='ltr'><strong>antiquitate,</strong></span> <span class='ocrx_word' id='word_1_630' title='bbox 1019 4519 1072 4573; x_wconf 91' lang='lat' dir='ltr'><strong>in</strong></span> <span class='ocrx_word' id='word_1_631' title='bbox 1098 4529 1355 4575; x_wconf 83' lang='lat' dir='ltr'><strong>contextu</strong></span> <span class='ocrx_word' id='word_1_632' title='bbox 1379 4526 1739 4591; x_wconf 89' lang='lat' dir='ltr'><strong>emendando,</strong></span> <span class='ocrx_word' id='word_1_633' title='bbox 1766 4535 1849 4581; x_wconf 86' lang='lat' dir='ltr'><strong>at-</strong></span> <span class='ocrx_word' id='word_1_634' title='bbox 1879 4539 1925 4595; x_wconf 79' lang='grc' dir='ltr'><strong>ι)</strong></span> <span class='ocrx_word' id='word_1_635' title='bbox 1954 4523 2059 4577; x_wconf 86' lang='lat' dir='ltr'><strong>bile</strong></span> <span class='ocrx_word' id='word_1_636' title='bbox 2082 4525 2377 4578; x_wconf 80' lang='lat' dir='ltr'><strong>conuitium</strong></span> <span class='ocrx_word' id='word_1_637' title='bbox 2422 4523 2673 4601; x_wconf 84' lang='lat' dir='ltr'><strong>scriptori</strong></span> <span class='ocrx_word' id='word_1_638' title='bbox 2711 4524 2827 4594; x_wconf 85' lang='lat' dir='ltr'><strong>ejus</strong></span> <span class='ocrx_word' id='word_1_639' title='bbox 2855 4524 2965 4579; x_wconf 86' lang='lat' dir='ltr'><strong>Deo</strong></span> <span class='ocrx_word' id='word_1_640' title='bbox 3000 4525 3194 4594; x_wconf 80' lang='lat' dir='ltr'><strong>facere,</strong></span> <span class='ocrx_word' id='word_1_641' title='bbox 3224 4541 3381 4594; x_wconf 89' lang='lat' dir='ltr'><strong>eoque</strong></span> <span class='ocrx_word' id='word_1_642' title='bbox 3412 4522 3525 4577; x_wconf 85' lang='lat' dir='ltr'><strong>Pa-</strong></span> 
     </span>
    </p>
   </div>
   <div class='ocr_carea' id='block_1_90' title="bbox 272 4606 1847 4687">
    <p class='ocr_par' dir='ltr' id='par_1_90' title="bbox 272 4606 1847 4687">
     <span class='ocr_line' id='line_1_90' title="bbox 272 4606 1847 4687; baseline 0.01 -29"><span class='ocrx_word' id='word_1_643' title='bbox 272 4621 379 4675; x_wconf 89' lang='lat' dir='ltr'><strong>que</strong></span> <span class='ocrx_word' id='word_1_644' title='bbox 412 4606 576 4661; x_wconf 90' lang='lat' dir='ltr'><strong>etiam</strong></span> <span class='ocrx_word' id='word_1_645' title='bbox 622 4608 676 4662; x_wconf 93' lang='lat' dir='ltr'><strong>in</strong></span> <span class='ocrx_word' id='word_1_646' title='bbox 707 4609 1055 4666; x_wconf 82' lang='lat' dir='ltr'><strong>conferendis</strong></span> <span class='ocrx_word' id='word_1_647' title='bbox 1085 4613 1547 4687; x_wconf 74' lang='lat' dir='ltr'><strong>Scriptura:_locis</strong></span> <span class='ocrx_word' id='word_1_648' title='bbox 1576 4632 1699 4671; x_wconf 90' lang='lat' dir='ltr'><strong>cum</strong></span> <span class='ocrx_word' id='word_1_649' title='bbox 1730 4618 1847 4673; x_wconf 85' lang='lat' dir='ltr'><strong>edi-</strong></span> 
     </span>
    </p>
   </div>
   <div class='ocr_carea' id='block_1_91' title="bbox 274 4697 1850 4765">
    <p class='ocr_par' dir='ltr' id='par_1_91' title="bbox 274 4697 1850 4765">
     <span class='ocr_line' id='line_1_91' title="bbox 274 4697 1850 4765; baseline 0.01 -15"><span class='ocrx_word' id='word_1_650' title='bbox 274 4697 513 4752; x_wconf 88' lang='lat' dir='ltr'><strong>tionibus</strong></span> <span class='ocrx_word' id='word_1_651' title='bbox 564 4697 867 4754; x_wconf 90' lang='lat' dir='ltr'><strong>Bibliorum</strong></span> <span class='ocrx_word' id='word_1_652' title='bbox 898 4710 955 4755; x_wconf 84' lang='lat' dir='ltr'><strong>et</strong></span> <span class='ocrx_word' id='word_1_653' title='bbox 981 4700 1232 4757; x_wconf 87' lang='lat' dir='ltr'><strong>Patribus</strong></span> <span class='ocrx_word' id='word_1_654' title='bbox 1260 4714 1575 4760; x_wconf 87' lang='lat' dir='ltr'><strong>versantur.</strong></span> <span class='ocrx_word' id='word_1_655' title='bbox 1605 4706 1686 4763; x_wconf 84' lang='lat' dir='ltr'><strong>Ad</strong></span> <span class='ocrx_word' id='word_1_656' title='bbox 1714 4708 1850 4765; x_wconf 87' lang='lat' dir='ltr'><strong>insi-</strong></span> 
     </span>
    </p>
   </div>
   <div class='ocr_carea' id='block_1_92' title="bbox 271 4793 1849 4867">
    <p class='ocr_par' dir='ltr' id='par_1_92' title="bbox 271 4793 1849 4867">
     <span class='ocr_line' id='line_1_92' title="bbox 271 4793 1849 4867; baseline 0.009 -23"><span class='ocrx_word' id='word_1_657' title='bbox 271 4807 429 4863; x_wconf 89' lang='lat' dir='ltr'><strong>gnem</strong></span> <span class='ocrx_word' id='word_1_658' title='bbox 461 4793 527 4847; x_wconf 91' lang='lat' dir='ltr'><strong>de</strong></span> <span class='ocrx_word' id='word_1_659' title='bbox 554 4793 763 4861; x_wconf 77' lang='lat' dir='ltr'><strong>angelis</strong></span> <span class='ocrx_word' id='word_1_660' title='bbox 796 4794 997 4860; x_wconf 90' lang='lat' dir='ltr'><strong>locum,</strong></span> <span class='ocrx_word' id='word_1_661' title='bbox 1036 4795 1103 4850; x_wconf 89' lang='lat' dir='ltr'><strong>de</strong></span> <span class='ocrx_word' id='word_1_662' title='bbox 1128 4811 1238 4866; x_wconf 91' lang='lat' dir='ltr'><strong>quo</strong></span> <span class='ocrx_word' id='word_1_663' title='bbox 1275 4811 1498 4867; x_wconf 86' lang='lat' dir='ltr'><strong>agemus</strong></span> <span class='ocrx_word' id='word_1_664' title='bbox 1528 4799 1581 4853; x_wconf 91' lang='lat' dir='ltr'><strong>in</strong></span> <span class='ocrx_word' id='word_1_665' title='bbox 1606 4804 1849 4858; x_wconf 88' lang='lat' dir='ltr'><strong>secunda</strong></span> 
     </span>
    </p>
   </div>
   <div class='ocr_carea' id='block_1_93' title="bbox 271 4886 1849 4959">
    <p class='ocr_par' dir='ltr' id='par_1_93' title="bbox 271 4886 1849 4959">
     <span class='ocr_line' id='line_1_93' title="bbox 271 4886 1849 4959; baseline 0.006 -19"><span class='ocrx_word' id='word_1_666' title='bbox 271 4886 607 4955; x_wconf 63' lang='lat' dir='ltr'><strong>prmfatiouis</strong></span> <span class='ocrx_word' id='word_1_667' title='bbox 636 4900 813 4959; x_wconf 84' lang='lat' dir='ltr'><strong>parte,</strong></span> <span class='ocrx_word' id='word_1_668' title='bbox 841 4889 1097 4943; x_wconf 89' lang='lat' dir='ltr'><strong>admonet</strong></span> <span class='ocrx_word' id='word_1_669' title='bbox 1123 4889 1225 4944; x_wconf 91' lang='lat' dir='ltr'><strong>sibi</strong></span> <span class='ocrx_word' id='word_1_670' title='bbox 1250 4898 1506 4945; x_wconf 91' lang='lat' dir='ltr'><strong>statutum</strong></span> <span class='ocrx_word' id='word_1_671' title='bbox 1531 4909 1644 4949; x_wconf 87' lang='lat' dir='ltr'><strong>esse</strong></span> <span class='ocrx_word' id='word_1_672' title='bbox 1673 4895 1726 4949; x_wconf 91' lang='lat' dir='ltr'><strong>in</strong></span> <span class='ocrx_word' id='word_1_673' title='bbox 1752 4897 1849 4951; x_wconf 90' lang='lat' dir='ltr'><strong>hoc</strong></span> 
     </span>
    </p>
   </div>
   <div class='ocr_carea' id='block_1_94' title="bbox 270 4986 1851 5057">
    <p class='ocr_par' dir='ltr' id='par_1_94' title="bbox 270 4986 1851 5057">
     <span class='ocr_line' id='line_1_94' title="bbox 270 4986 1851 5057; baseline 0.004 -19"><span class='ocrx_word' id='word_1_674' title='bbox 270 5002 422 5051; x_wconf 89' lang='lat' dir='ltr'><strong>opere</strong></span> <span class='ocrx_word' id='word_1_675' title='bbox 445 4989 830 5043; x_wconf 78' lang='lat' dir='ltr'><strong>controversias</strong></span> <span class='ocrx_word' id='word_1_676' title='bbox 870 4986 1191 5057; x_wconf 78' lang='lat' dir='ltr'><strong>theologicae</strong></span> <span class='ocrx_word' id='word_1_677' title='bbox 1236 5005 1341 5043; x_wconf 90' lang='lat' dir='ltr'><strong>non</strong></span> <span class='ocrx_word' id='word_1_678' title='bbox 1381 4989 1658 5057; x_wconf 86' lang='lat' dir='ltr'><strong>attingere.</strong></span> <span class='ocrx_word' id='word_1_679' title='bbox 1710 4989 1851 5045; x_wconf 83' lang='lat' dir='ltr'><strong>Nus-</strong></span> 
     </span>
    </p>
   </div>
   <div class='ocr_carea' id='block_1_95' title="bbox 271 5081 1506 5153">
    <p class='ocr_par' dir='ltr' id='par_1_95' title="bbox 271 5081 1506 5153">
     <span class='ocr_line' id='line_1_95' title="bbox 271 5081 1506 5153; baseline -0.001 -19"><span class='ocrx_word' id='word_1_680' title='bbox 271 5096 432 5153; x_wconf 88' lang='lat' dir='ltr'><strong>quam</strong></span> <span class='ocrx_word' id='word_1_681' title='bbox 464 5081 684 5135; x_wconf 75' lang='lat' dir='ltr'><strong>vitletur</strong></span> <span class='ocrx_word' id='word_1_682' title='bbox 718 5081 785 5136; x_wconf 91' lang='lat' dir='ltr'><strong>ab</strong></span> <span class='ocrx_word' id='word_1_683' title='bbox 815 5082 921 5135; x_wconf 92' lang='lat' dir='ltr'><strong>hoc</strong></span> <span class='ocrx_word' id='word_1_684' title='bbox 944 5082 1177 5136; x_wconf 90' lang='lat' dir='ltr'><strong>consilio</strong></span> <span class='ocrx_word' id='word_1_685' title='bbox 1208 5081 1506 5136; x_wconf 87' lang='lat' dir='ltr'><strong>discedere.</strong></span> 
     </span>
    </p>
   </div>
   <div class='ocr_carea' id='block_1_96' title="bbox 342 5172 1850 5243">
    <p class='ocr_par' dir='ltr' id='par_1_96' title="bbox 342 5172 1850 5243">
     <span class='ocr_line' id='line_1_96' title="bbox 342 5172 1850 5243; baseline 0.001 -16"><span class='ocrx_word' id='word_1_686' title='bbox 342 5173 531 5227; x_wconf 76' lang='lat' dir='ltr'><strong>Nullus</strong></span> <span class='ocrx_word' id='word_1_687' title='bbox 558 5173 748 5227; x_wconf 90' lang='lat' dir='ltr'><strong>dubito</strong></span> <span class='ocrx_word' id='word_1_688' title='bbox 775 5173 906 5243; x_wconf 91' lang='lat' dir='ltr'><strong>quin</strong></span> <span class='ocrx_word' id='word_1_689' title='bbox 949 5172 1164 5228; x_wconf 87' lang='lat' dir='ltr'><strong>laudem</strong></span> <span class='ocrx_word' id='word_1_690' title='bbox 1194 5182 1251 5227; x_wconf 88' lang='lat' dir='ltr'><strong>et</strong></span> <span class='ocrx_word' id='word_1_691' title='bbox 1277 5173 1726 5243; x_wconf 89' lang='lat' dir='ltr'><strong>approbationem</strong></span> <span class='ocrx_word' id='word_1_692' title='bbox 1765 5174 1850 5228; x_wconf 88' lang='lat' dir='ltr'><strong>vir</strong></span> 
     </span>
    </p>
   </div>
   <div class='ocr_carea' id='block_1_97' title="bbox 269 5264 1847 5337">
    <p class='ocr_par' dir='ltr' id='par_1_97' title="bbox 269 5264 1847 5337">
     <span class='ocr_line' id='line_1_97' title="bbox 269 5264 1847 5337; baseline 0.001 -18"><span class='ocrx_word' id='word_1_693' title='bbox 269 5265 487 5335; x_wconf 64' lang='lat' dir='ltr'><strong>egregie</strong></span> <span class='ocrx_word' id='word_1_694' title='bbox 518 5264 820 5321; x_wconf 79' lang='lat' dir='ltr'><strong>instructus</strong></span> <span class='ocrx_word' id='word_1_695' title='bbox 861 5265 1076 5320; x_wconf 63' lang='lat' dir='ltr'><strong>Graecis</strong></span> <span class='ocrx_word' id='word_1_696' title='bbox 1124 5265 1445 5337; x_wconf 90' lang='lat' dir='ltr'><strong>Latinisque</strong></span> <span class='ocrx_word' id='word_1_697' title='bbox 1486 5266 1691 5323; x_wconf 91' lang='lat' dir='ltr'><strong>litteris</strong></span> <span class='ocrx_word' id='word_1_698' title='bbox 1734 5282 1847 5322; x_wconf 87' lang='lat' dir='ltr'><strong>me-</strong></span> 
     </span>
    </p>
   </div>
   <div class='ocr_carea' id='block_1_98' title="bbox 272 5357 1845 5428">
    <p class='ocr_par' dir='ltr' id='par_1_98' title="bbox 272 5357 1845 5428">
     <span class='ocr_line' id='line_1_98' title="bbox 272 5357 1845 5428; baseline 0.003 -16"><span class='ocrx_word' id='word_1_699' title='bbox 272 5366 491 5426; x_wconf 67' lang='lat' dir='ltr'><strong>ruisset,</strong></span> <span class='ocrx_word' id='word_1_700' title='bbox 522 5358 565 5412; x_wconf 88' lang='lat' dir='ltr'><strong>si</strong></span> <span class='ocrx_word' id='word_1_701' title='bbox 599 5372 793 5411; x_wconf 84' lang='lat' dir='ltr'><strong>novam</strong></span> <span class='ocrx_word' id='word_1_702' title='bbox 826 5357 1154 5414; x_wconf 87' lang='lat' dir='ltr'><strong>adornasset</strong></span> <span class='ocrx_word' id='word_1_703' title='bbox 1181 5359 1719 5428; x_wconf 86' lang='lat' dir='ltr'><strong>interpretationem;</strong></span> <span class='ocrx_word' id='word_1_704' title='bbox 1751 5362 1845 5417; x_wconf 92' lang='lat' dir='ltr'><strong>sed</strong></span> 
     </span>
    </p>
   </div>
   <div class='ocr_carea' id='block_1_99' title="bbox 270 5449 1846 5522">
    <p class='ocr_par' dir='ltr' id='par_1_99' title="bbox 270 5449 1846 5522">
     <span class='ocr_line' id='line_1_99' title="bbox 270 5449 1846 5522; baseline 0.003 -18"><span class='ocrx_word' id='word_1_705' title='bbox 270 5465 372 5504; x_wconf 89' lang='lat' dir='ltr'><strong>cur</strong></span> <span class='ocrx_word' id='word_1_706' title='bbox 400 5451 468 5505; x_wconf 89' lang='lat' dir='ltr'><strong>ab</strong></span> <span class='ocrx_word' id='word_1_707' title='bbox 499 5450 602 5506; x_wconf 90' lang='lat' dir='ltr'><strong>hoc</strong></span> <span class='ocrx_word' id='word_1_708' title='bbox 622 5449 815 5505; x_wconf 81' lang='lat' dir='ltr'><strong>labore</strong></span> <span class='ocrx_word' id='word_1_709' title='bbox 844 5449 1125 5522; x_wconf 83' lang='lat' dir='ltr'><strong>refugerit,</strong></span> <span class='ocrx_word' id='word_1_710' title='bbox 1160 5452 1245 5506; x_wconf 91' lang='lat' dir='ltr'><strong>his</strong></span> <span class='ocrx_word' id='word_1_711' title='bbox 1268 5465 1326 5506; x_wconf 89' lang='lat' dir='ltr'><strong>se</strong></span> <span class='ocrx_word' id='word_1_712' title='bbox 1350 5467 1507 5506; x_wconf 90' lang='lat' dir='ltr'><strong>usutn</strong></span> <span class='ocrx_word' id='word_1_713' title='bbox 1542 5453 1846 5509; x_wconf 90' lang='lat' dir='ltr'><strong>rationibus</strong></span> 
     </span>
    </p>
   </div>
   <div class='ocr_carea' id='block_1_100' title="bbox 267 5540 1842 5614">
    <p class='ocr_par' dir='ltr' id='par_1_100' title="bbox 267 5540 1842 5614">
     <span class='ocr_line' id='line_1_100' title="bbox 267 5540 1842 5614; baseline 0.002 -18"><span class='ocrx_word' id='word_1_714' title='bbox 267 5542 531 5598; x_wconf 70' lang='lat' dir='ltr'><strong>declarat.</strong></span> <span class='ocrx_word' id='word_1_715' title='bbox 586 5540 817 5596; x_wconf 89' lang='lat' dir='ltr'><strong>Tantum</strong></span> <span class='ocrx_word' id='word_1_716' title='bbox 864 5544 1066 5612; x_wconf 76' lang='lat' dir='ltr'><strong>abfuit,</strong></span> <span class='ocrx_word' id='word_1_717' title='bbox 1121 5544 1336 5614; x_wconf 87' lang='lat' dir='ltr'><strong>inquit,</strong></span> <span class='ocrx_word' id='word_1_718' title='bbox 1383 5554 1438 5598; x_wconf 91' lang='lat' dir='ltr'><strong>ut</strong></span> <span class='ocrx_word' id='word_1_719' title='bbox 1478 5562 1660 5599; x_wconf 88' lang='lat' dir='ltr'><strong>novam</strong></span> <span class='ocrx_word' id='word_1_720' title='bbox 1712 5546 1842 5599; x_wconf 82' lang='lat' dir='ltr'><strong>mihi</strong></span> 
     </span>
    </p>
   </div>
   <div class='ocr_carea' id='block_1_101' title="bbox 268 5635 1846 5707">
    <p class='ocr_par' dir='ltr' id='par_1_101' title="bbox 268 5635 1846 5707">
     <span class='ocr_line' id='line_1_101' title="bbox 268 5635 1846 5707; baseline 0.003 -19"><span class='ocrx_word' id='word_1_721' title='bbox 268 5637 553 5689; x_wconf 82' lang='lat' dir='ltr'><strong>versionem</strong></span> <span class='ocrx_word' id='word_1_722' title='bbox 612 5635 993 5703; x_wconf 85' lang='lat' dir='ltr'><strong>conﬁciendam</strong></span> <span class='ocrx_word' id='word_1_723' title='bbox 1042 5653 1157 5691; x_wconf 90' lang='lat' dir='ltr'><strong>esse</strong></span> <span class='ocrx_word' id='word_1_724' title='bbox 1193 5649 1472 5706; x_wconf 88' lang='lat' dir='ltr'><strong>putarem,</strong></span> <span class='ocrx_word' id='word_1_725' title='bbox 1527 5647 1585 5692; x_wconf 93' lang='lat' dir='ltr'><strong>ut</strong></span> <span class='ocrx_word' id='word_1_726' title='bbox 1628 5640 1846 5707; x_wconf 78' lang='lat' dir='ltr'><strong>propius</strong></span> 
     </span>
    </p>
   </div>
   <div class='ocr_carea' id='block_1_102' title="bbox 270 5727 1844 5801">
    <p class='ocr_par' dir='ltr' id='par_1_102' title="bbox 270 5727 1844 5801">
     <span class='ocr_line' id='line_1_102' title="bbox 270 5727 1844 5801; baseline 0.003 -20"><span class='ocrx_word' id='word_1_727' title='bbox 270 5727 398 5781; x_wconf 88' lang='lat' dir='ltr'><strong>nihil</strong></span> <span class='ocrx_word' id='word_1_728' title='bbox 446 5730 645 5797; x_wconf 78' lang='lat' dir='ltr'><strong>factum</strong></span> <span class='ocrx_word' id='word_1_729' title='bbox 686 5731 793 5794; x_wconf 89' lang='lat' dir='ltr'><strong>sit,</strong></span> <span class='ocrx_word' id='word_1_730' title='bbox 844 5746 1001 5797; x_wconf 88' lang='lat' dir='ltr'><strong>quam</strong></span> <span class='ocrx_word' id='word_1_731' title='bbox 1038 5740 1093 5783; x_wconf 93' lang='lat' dir='ltr'><strong>ut</strong></span> <span class='ocrx_word' id='word_1_732' title='bbox 1134 5730 1329 5784; x_wconf 86' lang='lat' dir='ltr'><strong>nullam</strong></span> <span class='ocrx_word' id='word_1_733' title='bbox 1370 5732 1621 5785; x_wconf 85' lang='lat' dir='ltr'><strong>ederem:</strong></span> <span class='ocrx_word' id='word_1_734' title='bbox 1653 5732 1844 5801; x_wconf 87' lang='lat' dir='ltr'><strong>quippe</strong></span> 
     </span>
    </p>
   </div>
   <div class='ocr_carea' id='block_1_103' title="bbox 264 5820 1840 5894">
    <p class='ocr_par' dir='ltr' id='par_1_103' title="bbox 264 5820 1840 5894">
     <span class='ocr_line' id='line_1_103' title="bbox 264 5820 1840 5894; baseline 0.005 -23"><span class='ocrx_word' id='word_1_735' title='bbox 264 5820 360 5881; x_wconf 84' lang='lat' dir='ltr'><strong>qui</strong></span> <span class='ocrx_word' id='word_1_736' title='bbox 384 5831 431 5875; x_wconf 92' lang='lat' dir='ltr'><strong>et</strong></span> <span class='ocrx_word' id='word_1_737' title='bbox 464 5822 702 5876; x_wconf 82' lang='lat' dir='ltr'><strong>omnibus</strong></span> <span class='ocrx_word' id='word_1_738' title='bbox 736 5823 1060 5878; x_wconf 83' lang='lat' dir='ltr'><strong>versionibus</strong></span> <span class='ocrx_word' id='word_1_739' title='bbox 1093 5822 1155 5879; x_wconf 86' lang='lat' dir='ltr'><strong>de</strong></span> <span class='ocrx_word' id='word_1_740' title='bbox 1186 5820 1369 5880; x_wconf 77' lang='lat' dir='ltr'><strong>Gra&#39;ca</strong></span> <span class='ocrx_word' id='word_1_741' title='bbox 1396 5823 1578 5894; x_wconf 85' lang='lat' dir='ltr'><strong>lingua</strong></span> <span class='ocrx_word' id='word_1_742' title='bbox 1607 5826 1661 5879; x_wconf 89' lang='lat' dir='ltr'><strong>in</strong></span> <span class='ocrx_word' id='word_1_743' title='bbox 1684 5823 1840 5881; x_wconf 83' lang='lat' dir='ltr'><strong>Lati-</strong></span> 
     </span>
    </p>
   </div>
   <div class='ocr_carea' id='block_1_104' title="bbox 1952 4618 3528 4687">
    <p class='ocr_par' dir='ltr' id='par_1_104' title="bbox 1952 4618 3528 4687">
     <span class='ocr_line' id='line_1_104' title="bbox 1952 4618 3528 4687; baseline 0.001 -18"><span class='ocrx_word' id='word_1_744' title='bbox 1952 4628 2093 4669; x_wconf 88' lang='lat' dir='ltr'><strong>trnm</strong></span> <span class='ocrx_word' id='word_1_745' title='bbox 2127 4618 2338 4670; x_wconf 85' lang='lat' dir='ltr'><strong>nullum</strong></span> <span class='ocrx_word' id='word_1_746' title='bbox 2365 4633 2520 4671; x_wconf 77' lang='lat' dir='ltr'><strong>usum</strong></span> <span class='ocrx_word' id='word_1_747' title='bbox 2546 4633 2659 4671; x_wconf 84' lang='lat' dir='ltr'><strong>esse</strong></span> <span class='ocrx_word' id='word_1_748' title='bbox 2694 4634 2865 4687; x_wconf 89' lang='lat' dir='ltr'><strong>posse,</strong></span> <span class='ocrx_word' id='word_1_749' title='bbox 2904 4635 3066 4687; x_wconf 89' lang='lat' dir='ltr'><strong>neque</strong></span> <span class='ocrx_word' id='word_1_750' title='bbox 3106 4620 3269 4671; x_wconf 89' lang='lat' dir='ltr'><strong>ullam</strong></span> <span class='ocrx_word' id='word_1_751' title='bbox 3294 4620 3528 4671; x_wconf 88' lang='lat' dir='ltr'><strong>auctori-</strong></span> 
     </span>
    </p>
   </div>
   <div class='ocr_carea' id='block_1_105' title="bbox 1951 4711 3526 4784">
    <p class='ocr_par' dir='ltr' id='par_1_105' title="bbox 1951 4711 3526 4784">
     <span class='ocr_line' id='line_1_105' title="bbox 1951 4711 3526 4784; baseline 0.001 -22"><span class='ocrx_word' id='word_1_752' title='bbox 1951 4721 2112 4764; x_wconf 88' lang='lat' dir='ltr'><strong>tatem</strong></span> <span class='ocrx_word' id='word_1_753' title='bbox 2164 4711 2531 4781; x_wconf 87' lang='lat' dir='ltr'><strong>antiquitatis,</strong></span> <span class='ocrx_word' id='word_1_754' title='bbox 2586 4729 2749 4784; x_wconf 89' lang='lat' dir='ltr'><strong>neque</strong></span> <span class='ocrx_word' id='word_1_755' title='bbox 2802 4714 3180 4769; x_wconf 87' lang='lat' dir='ltr'><strong>vetustissimos</strong></span> <span class='ocrx_word' id='word_1_756' title='bbox 3233 4711 3526 4779; x_wconf 67' lang='lat' dir='ltr'><strong>Scriptura:</strong></span> 
     </span>
    </p>
   </div>
   <div class='ocr_carea' id='block_1_106' title="bbox 1950 4801 3523 4872">
    <p class='ocr_par' dir='ltr' id='par_1_106' title="bbox 1950 4801 3523 4872">
     <span class='ocr_line' id='line_1_106' title="bbox 1950 4801 3523 4872; baseline 0.001 -16"><span class='ocrx_word' id='word_1_757' title='bbox 1950 4805 2259 4872; x_wconf 85' lang='lat' dir='ltr'><strong>interpretes</strong></span> <span class='ocrx_word' id='word_1_758' title='bbox 2303 4805 2670 4869; x_wconf 81' lang='lat' dir='ltr'><strong>anteferendos</strong></span> <span class='ocrx_word' id='word_1_759' title='bbox 2700 4823 2811 4861; x_wconf 87' lang='lat' dir='ltr'><strong>esse</strong></span> <span class='ocrx_word' id='word_1_760' title='bbox 2840 4805 3224 4860; x_wconf 84' lang='lat' dir='ltr'><strong>recentissimis.</strong></span> <span class='ocrx_word' id='word_1_761' title='bbox 3268 4801 3420 4868; x_wconf 82' lang='lat' dir='ltr'><strong>Quod</strong></span> <span class='ocrx_word' id='word_1_762' title='bbox 3458 4802 3523 4857; x_wconf 83' lang='lat' dir='ltr'><strong>de</strong></span> 
     </span>
    </p>
   </div>
   <div class='ocr_carea' id='block_1_107' title="bbox 1949 4894 3522 4966">
    <p class='ocr_par' dir='ltr' id='par_1_107' title="bbox 1949 4894 3522 4966">
     <span class='ocr_line' id='line_1_107' title="bbox 1949 4894 3522 4966; baseline -0.002 -17"><span class='ocrx_word' id='word_1_763' title='bbox 1949 4898 2327 4965; x_wconf 84' lang='lat' dir='ltr'><strong>perspicuitate</strong></span> <span class='ocrx_word' id='word_1_764' title='bbox 2371 4897 2668 4966; x_wconf 73' lang='lat' dir='ltr'><strong>Scripturw</strong></span> <span class='ocrx_word' id='word_1_765' title='bbox 2695 4899 2901 4964; x_wconf 87' lang='lat' dir='ltr'><strong>dicunt,</strong></span> <span class='ocrx_word' id='word_1_766' title='bbox 2929 4899 3102 4966; x_wconf 86' lang='lat' dir='ltr'><strong>primo</strong></span> <span class='ocrx_word' id='word_1_767' title='bbox 3144 4894 3522 4965; x_wconf 87' lang='lat' dir='ltr'><strong>perridiculum</strong></span> 
     </span>
    </p>
   </div>
   <div class='ocr_carea' id='block_1_108' title="bbox 1950 4986 3523 5059">
    <p class='ocr_par' dir='ltr' id='par_1_108' title="bbox 1950 4986 3523 5059">
     <span class='ocr_line' id='line_1_108' title="bbox 1950 4986 3523 5059; baseline -0.004 -15"><span class='ocrx_word' id='word_1_768' title='bbox 1950 5000 1999 5044; x_wconf 89' lang='lat' dir='ltr'><strong>et</strong></span> <span class='ocrx_word' id='word_1_769' title='bbox 2043 4991 2333 5045; x_wconf 89' lang='lat' dir='ltr'><strong>absurdum</strong></span> <span class='ocrx_word' id='word_1_770' title='bbox 2364 5004 2473 5056; x_wconf 87' lang='lat' dir='ltr'><strong>est;</strong></span> <span class='ocrx_word' id='word_1_771' title='bbox 2502 4991 2693 5045; x_wconf 86' lang='lat' dir='ltr'><strong>deinde</strong></span> <span class='ocrx_word' id='word_1_772' title='bbox 2732 4990 2884 5059; x_wconf 88' lang='lat' dir='ltr'><strong>cujus</strong></span> <span class='ocrx_word' id='word_1_773' title='bbox 2934 4989 3168 5043; x_wconf 85' lang='lat' dir='ltr'><strong>criminis</strong></span> <span class='ocrx_word' id='word_1_774' title='bbox 3198 4986 3523 5041; x_wconf 87' lang='lat' dir='ltr'><strong>adversarios</strong></span> 
     </span>
    </p>
   </div>
   <div class='ocr_carea' id='block_1_109' title="bbox 1950 5077 3519 5153">
    <p class='ocr_par' dir='ltr' id='par_1_109' title="bbox 1950 5077 3519 5153">
     <span class='ocr_line' id='line_1_109' title="bbox 1950 5077 3519 5153; baseline -0.004 -17"><span class='ocrx_word' id='word_1_775' title='bbox 1950 5084 2122 5148; x_wconf 87' lang='lat' dir='ltr'><strong>inepte</strong></span> <span class='ocrx_word' id='word_1_776' title='bbox 2138 5100 2252 5139; x_wconf 88' lang='lat' dir='ltr'><strong>reos</strong></span> <span class='ocrx_word' id='word_1_777' title='bbox 2278 5094 2459 5153; x_wconf 91' lang='lat' dir='ltr'><strong>agunt,</strong></span> <span class='ocrx_word' id='word_1_778' title='bbox 2490 5084 2647 5137; x_wconf 90' lang='lat' dir='ltr'><strong>etiam</strong></span> <span class='ocrx_word' id='word_1_779' title='bbox 2667 5084 2907 5152; x_wconf 90' lang='lat' dir='ltr'><strong>impium.</strong></span> <span class='ocrx_word' id='word_1_780' title='bbox 2936 5082 3235 5135; x_wconf 82' lang='lat' dir='ltr'><strong>Absurdum</strong></span> <span class='ocrx_word' id='word_1_781' title='bbox 3256 5089 3353 5142; x_wconf 86' lang='lat' dir='ltr'><strong>est,</strong></span> <span class='ocrx_word' id='word_1_782' title='bbox 3381 5077 3519 5147; x_wconf 85' lang='lat' dir='ltr'><strong>quod</strong></span> 
     </span>
    </p>
   </div>
   <div class='ocr_carea' id='block_1_110' title="bbox 1950 5172 3522 5247">
    <p class='ocr_par' dir='ltr' id='par_1_110' title="bbox 1950 5172 3522 5247">
     <span class='ocr_line' id='line_1_110' title="bbox 1950 5172 3522 5247; baseline -0.005 -15"><span class='ocrx_word' id='word_1_783' title='bbox 1950 5192 2128 5233; x_wconf 86' lang='lat' dir='ltr'><strong>omnes</strong></span> <span class='ocrx_word' id='word_1_784' title='bbox 2158 5178 2384 5231; x_wconf 85' lang='lat' dir='ltr'><strong>sentiunt</strong></span> <span class='ocrx_word' id='word_1_785' title='bbox 2418 5194 2523 5231; x_wconf 83' lang='lat' dir='ltr'><strong>non</strong></span> <span class='ocrx_word' id='word_1_786' title='bbox 2554 5194 2665 5232; x_wconf 89' lang='lat' dir='ltr'><strong>esse</strong></span> <span class='ocrx_word' id='word_1_787' title='bbox 2688 5176 3043 5247; x_wconf 85' lang='lat' dir='ltr'><strong>perspicuum,</strong></span> <span class='ocrx_word' id='word_1_788' title='bbox 3066 5173 3121 5227; x_wconf 88' lang='lat' dir='ltr'><strong>id</strong></span> <span class='ocrx_word' id='word_1_789' title='bbox 3145 5172 3380 5226; x_wconf 85' lang='lat' dir='ltr'><strong>omnibus</strong></span> <span class='ocrx_word' id='word_1_790' title='bbox 3408 5186 3522 5225; x_wconf 88' lang='lat' dir='ltr'><strong>esse</strong></span> 
     </span>
    </p>
   </div>
   <div class='ocr_carea' id='block_1_111' title="bbox 1949 5264 3520 5340">
    <p class='ocr_par' dir='ltr' id='par_1_111' title="bbox 1949 5264 3520 5340">
     <span class='ocr_line' id='line_1_111' title="bbox 1949 5264 3520 5340; baseline -0.006 -15"><span class='ocrx_word' id='word_1_791' title='bbox 1949 5271 2277 5340; x_wconf 85' lang='lat' dir='ltr'><strong>perspicuum</strong></span> <span class='ocrx_word' id='word_1_792' title='bbox 2306 5271 2528 5340; x_wconf 89' lang='lat' dir='ltr'><strong>probare</strong></span> <span class='ocrx_word' id='word_1_793' title='bbox 2559 5271 2761 5324; x_wconf 88' lang='lat' dir='ltr'><strong>conari.</strong></span> <span class='ocrx_word' id='word_1_794' title='bbox 2785 5268 3015 5338; x_wconf 90' lang='lat' dir='ltr'><strong>Impium</strong></span> <span class='ocrx_word' id='word_1_795' title='bbox 3036 5278 3133 5335; x_wconf 88' lang='lat' dir='ltr'><strong>est,</strong></span> <span class='ocrx_word' id='word_1_796' title='bbox 3154 5264 3293 5337; x_wconf 90' lang='lat' dir='ltr'><strong>quod</strong></span> <span class='ocrx_word' id='word_1_797' title='bbox 3321 5264 3520 5332; x_wconf 84' lang='lat' dir='ltr'><strong>factum</strong></span> 
     </span>
    </p>
   </div>
   <div class='ocr_carea' id='block_1_112' title="bbox 1951 5354 3519 5431">
    <p class='ocr_par' dir='ltr' id='par_1_112' title="bbox 1951 5354 3519 5431">
     <span class='ocr_line' id='line_1_112' title="bbox 1951 5354 3519 5431; baseline -0.006 -15"><span class='ocrx_word' id='word_1_798' title='bbox 1951 5378 2056 5416; x_wconf 88' lang='lat' dir='ltr'><strong>non</strong></span> <span class='ocrx_word' id='word_1_799' title='bbox 2079 5378 2192 5417; x_wconf 89' lang='lat' dir='ltr'><strong>esse</strong></span> <span class='ocrx_word' id='word_1_800' title='bbox 2214 5362 2548 5431; x_wconf 75' lang='lat' dir='ltr'><strong>manifestum</strong></span> <span class='ocrx_word' id='word_1_801' title='bbox 2562 5361 2719 5426; x_wconf 86' lang='lat' dir='ltr'><strong>sit,id</strong></span> <span class='ocrx_word' id='word_1_802' title='bbox 2734 5359 2900 5414; x_wconf 88' lang='lat' dir='ltr'><strong>Deum</strong></span> <span class='ocrx_word' id='word_1_803' title='bbox 2924 5370 3014 5414; x_wconf 92' lang='lat' dir='ltr'><strong>aut</strong></span> <span class='ocrx_word' id='word_1_804' title='bbox 3031 5359 3236 5427; x_wconf 77' lang='lat' dir='ltr'><strong>fecisse,</strong></span> <span class='ocrx_word' id='word_1_805' title='bbox 3253 5365 3344 5409; x_wconf 91' lang='lat' dir='ltr'><strong>aut</strong></span> <span class='ocrx_word' id='word_1_806' title='bbox 3365 5354 3519 5408; x_wconf 86' lang='lat' dir='ltr'><strong>rebus</strong></span> 
     </span>
    </p>
   </div>
   <div class='ocr_carea' id='block_1_113' title="bbox 1948 5446 3523 5521">
    <p class='ocr_par' dir='ltr' id='par_1_113' title="bbox 1948 5446 3523 5521">
     <span class='ocr_line' id='line_1_113' title="bbox 1948 5446 3523 5521; baseline -0.004 -15"><span class='ocrx_word' id='word_1_807' title='bbox 1948 5454 2196 5508; x_wconf 87' lang='lat' dir='ltr'><strong>humanis</strong></span> <span class='ocrx_word' id='word_1_808' title='bbox 2234 5470 2338 5509; x_wconf 88' lang='lat' dir='ltr'><strong>non</strong></span> <span class='ocrx_word' id='word_1_809' title='bbox 2368 5455 2499 5509; x_wconf 89' lang='lat' dir='ltr'><strong>satis</strong></span> <span class='ocrx_word' id='word_1_810' title='bbox 2524 5453 2856 5508; x_wconf 87' lang='lat' dir='ltr'><strong>consuluisse</strong></span> <span class='ocrx_word' id='word_1_811' title='bbox 2877 5452 3158 5521; x_wconf 70' lang='lat' dir='ltr'><strong>adirmare.</strong></span> <span class='ocrx_word' id='word_1_812' title='bbox 3185 5446 3398 5501; x_wconf 86' lang='lat' dir='ltr'><strong>Nemini</strong></span> <span class='ocrx_word' id='word_1_813' title='bbox 3432 5461 3523 5499; x_wconf 86' lang='lat' dir='ltr'><strong>ve-</strong></span> 
     </span>
    </p>
   </div>
   <div class='ocr_carea' id='block_1_114' title="bbox 1949 5542 3521 5618">
    <p class='ocr_par' dir='ltr' id='par_1_114' title="bbox 1949 5542 3521 5618">
     <span class='ocr_line' id='line_1_114' title="bbox 1949 5542 3521 5618; baseline -0.005 -16"><span class='ocrx_word' id='word_1_814' title='bbox 1949 5548 2170 5603; x_wconf 87' lang='lat' dir='ltr'><strong>ritatem</strong></span> <span class='ocrx_word' id='word_1_815' title='bbox 2201 5548 2408 5602; x_wconf 73' lang='lat' dir='ltr'><strong>atrianti</strong></span> <span class='ocrx_word' id='word_1_816' title='bbox 2431 5562 2537 5603; x_wconf 92' lang='lat' dir='ltr'><strong>non</strong></span> <span class='ocrx_word' id='word_1_817' title='bbox 2559 5547 2795 5618; x_wconf 82' lang='lat' dir='ltr'><strong>placebit</strong></span> <span class='ocrx_word' id='word_1_818' title='bbox 2815 5548 2919 5601; x_wconf 92' lang='lat' dir='ltr'><strong>hoc</strong></span> <span class='ocrx_word' id='word_1_819' title='bbox 2940 5546 3005 5600; x_wconf 90' lang='lat' dir='ltr'><strong>de</strong></span> <span class='ocrx_word' id='word_1_820' title='bbox 3023 5542 3333 5600; x_wconf 88' lang='lat' dir='ltr'><strong>hominibus</strong></span> <span class='ocrx_word' id='word_1_821' title='bbox 3354 5554 3521 5610; x_wconf 87' lang='lat' dir='ltr'><strong>supra</strong></span> 
     </span>
    </p>
   </div>
   <div class='ocr_carea' id='block_1_115' title="bbox 1948 5638 2704 5708">
    <p class='ocr_par' dir='ltr' id='par_1_115' title="bbox 1948 5638 2704 5708">
     <span class='ocr_line' id='line_1_115' title="bbox 1948 5638 2704 5708; baseline 0 -15"><span class='ocrx_word' id='word_1_822' title='bbox 1948 5649 2110 5708; x_wconf 85' lang='lat' dir='ltr'><strong>caput</strong></span> <span class='ocrx_word' id='word_1_823' title='bbox 2145 5640 2393 5695; x_wconf 82' lang='lat' dir='ltr'><strong>absurdis</strong></span> <span class='ocrx_word' id='word_1_824' title='bbox 2416 5638 2704 5706; x_wconf 85' lang='lat' dir='ltr'><strong>judicium.</strong></span> 
     </span>
    </p>
   </div>
   <div class='ocr_carea' id='block_1_116' title="bbox 2020 5721 3519 5799">
    <p class='ocr_par' dir='ltr' id='par_1_116' title="bbox 2020 5721 3519 5799">
     <span class='ocr_line' id='line_1_116' title="bbox 2020 5721 3519 5799; baseline -0.008 -14"><span class='ocrx_word' id='word_1_825' title='bbox 2020 5732 2192 5799; x_wconf 84' lang='lat' dir='ltr'><strong>Quam</strong></span> <span class='ocrx_word' id='word_1_826' title='bbox 2225 5733 2395 5785; x_wconf 86' lang='lat' dir='ltr'><strong>ardua</strong></span> <span class='ocrx_word' id='word_1_827' title='bbox 2427 5745 2517 5786; x_wconf 87' lang='lat' dir='ltr'><strong>res</strong></span> <span class='ocrx_word' id='word_1_828' title='bbox 2544 5730 2613 5785; x_wconf 90' lang='lat' dir='ltr'><strong>sit</strong></span> <span class='ocrx_word' id='word_1_829' title='bbox 2642 5737 2698 5783; x_wconf 89' lang='lat' dir='ltr'><strong>et</strong></span> <span class='ocrx_word' id='word_1_830' title='bbox 2734 5725 2971 5781; x_wconf 80' lang='lat' dir='ltr'><strong>diﬂicilis</strong></span> <span class='ocrx_word' id='word_1_831' title='bbox 2994 5725 3209 5789; x_wconf 88' lang='lat' dir='ltr'><strong>critica,</strong></span> <span class='ocrx_word' id='word_1_832' title='bbox 3242 5722 3345 5778; x_wconf 89' lang='lat' dir='ltr'><strong>hac</strong></span> <span class='ocrx_word' id='word_1_833' title='bbox 3376 5721 3519 5776; x_wconf 86' lang='lat' dir='ltr'><strong>inter</strong></span> 
     </span>
    </p>
   </div>
   <div class='ocr_carea' id='block_1_117' title="bbox 1948 5816 3518 5889">
    <p class='ocr_par' dir='ltr' id='par_1_117' title="bbox 1948 5816 3518 5889">
     <span class='ocr_line' id='line_1_117' title="bbox 1948 5816 3518 5889; baseline -0.006 -11"><span class='ocrx_word' id='word_1_834' title='bbox 1948 5824 2084 5881; x_wconf 87' lang='lat' dir='ltr'><strong>alias</strong></span> <span class='ocrx_word' id='word_1_835' title='bbox 2112 5826 2323 5881; x_wconf 75' lang='lat' dir='ltr'><strong>ratione</strong></span> <span class='ocrx_word' id='word_1_836' title='bbox 2352 5824 2711 5880; x_wconf 85' lang='lat' dir='ltr'><strong>demonstrat.</strong></span> <span class='ocrx_word' id='word_1_837' title='bbox 2748 5821 2888 5887; x_wconf 81' lang='lat' dir='ltr'><strong>Quid</strong></span> <span class='ocrx_word' id='word_1_838' title='bbox 2923 5820 3084 5883; x_wconf 85' lang='lat' dir='ltr'><strong>enim,</strong></span> <span class='ocrx_word' id='word_1_839' title='bbox 3117 5817 3324 5889; x_wconf 91' lang='lat' dir='ltr'><strong>inquit,</strong></span> <span class='ocrx_word' id='word_1_840' title='bbox 3370 5816 3518 5870; x_wconf 76' lang='lat' dir='ltr'><strong>aliud</strong></span> 
     </span>
    </p>
   </div>
  </div>
