3932 6258
358 346 421 403 17
1391 341 1452 398 D.
1493 342 1759 401 MARANI
1790 342 2180 401 PREFATIO.
2221 375 2291 384 —
2326 342 2507 399 PARS
2539 341 2580 398 1.
3555 342 3620 396 18

359 481 528 519 causa
567 478 677 517 esse
702 471 899 530 potest,
935 478 1042 517 cur
1072 462 1133 517 in
1161 469 1310 517 tanta
1337 463 1672 519 multitudine
1702 465 1947 519 emenda-
1973 468 2020 527 Α
2119 463 2176 518 1η
2203 461 2429 531 epistola
2484 458 2905 529 nuncupatoria,
2937 472 3058 529 qua
3090 456 3344 513 Willelmi
3378 458 3621 529 episcopi

363 572 558 619 terunt,
602 572 703 608 non
742 562 957 610 tantum
1009 555 1161 623 apud
1194 571 1324 622 nos,
1363 555 1693 625 reliquosque
1729 557 1945 627 populos

366 649 713 717 aquilonares,
740 663 872 717 quos
896 647 1130 718 iniquus
1155 647 1256 715 sol,
1279 645 1367 701 ille
1387 663 1536 702 verus
1562 644 1809 711 Phabus,
1842 664 1945 718 quo

368 743 584 811 agitante
625 742 895 794 calescunt
946 742 1199 810 ingenia,
1244 741 1343 795 nisi
1386 739 1527 794 limis
1559 756 1624 794 ea:
1665 740 1945 811 longinquo

368 846 459 882 non
487 830 721 897 respicit,
750 846 935 884 rerum
979 832 1144 884 etiam
1176 831 1315 899 apud
1338 829 1535 884 vividos
1566 830 1685 884 illos
1712 831 1946 900 ingenio-

364 940 535 992 sasqee
568 920 787 987 Gallos,
828 924 1172 993 omniumque
1206 937 1476 976 musarum
1518 922 1599 976 vel
1628 924 1935 993 populares,

364 1012 433 1067 sel
458 1014 676 1075 uicinos,
708 1014 902 1067 divina
935 1014 1169 1069 solertia:
1196 1014 1451 1078 homines,
1489 1011 1689 1075 Italos,
1716 1016 1802 1068 via:
1827 1017 1942 1070 sin-

360 1106 490 1175 gulis
518 1107 767 1159 letalibus
815 1115 923 1160 tres
966 1106 1138 1176 aliqui
1179 1116 1270 1160 aut
1302 1115 1532 1176 quatuor
1571 1124 1680 1162 rem
1721 1108 1945 1177 feliciter

360 1199 647 1266 gesserint,
688 1198 795 1251 nisi
848 1200 927 1252 rei
977 1198 1227 1269 quadam
1276 1199 1599 1253 incredibilis
1634 1202 1942 1268 magnitudo

360 1306 421 1343 ac
448 1290 731 1359 diﬁcultas
755 1293 780 1345 Ρ
815 1291 942 1346 Hac
972 1306 1038 1346 ea
1073 1300 1254 1346 mente
1281 1305 1312 1345 a
1346 1304 1432 1345 me
1467 1306 1571 1346 non
1610 1292 1937 1361 referuntur,

362 1392 418 1433 ut
444 1382 526 1435 vel
557 1382 625 1437 iis
657 1382 1014 1452 applaudam,
1050 1398 1173 1455 qua
1198 1384 1266 1438 de
1298 1382 1652 1454 popularibus
1684 1384 1797 1440 suis
1831 1400 1939 1440 non

362 1473 579 1537 timide,
616 1475 704 1530 vel
738 1490 801 1531 ea
835 1484 1111 1532 ostentem
1132 1517 1148 1543 ,
1183 1492 1304 1548 qua
1337 1477 1403 1531 de
1430 1474 1603 1532 Gallis
1641 1477 1941 1534 honoriﬁce

359 1566 583 1630 statuit,
631 1570 729 1622 sed
776 1574 837 1622 ut
887 1584 956 1625 ex
1014 1569 1103 1624 bis
1134 1572 1299 1625 etiam
1332 1569 1563 1639 quisque
1612 1571 1937 1639 perspiciat,

356 1674 515 1727 quam
551 1660 785 1727 ingenua
829 1672 887 1716 et
920 1662 1141 1718 sincera
1188 1664 1261 1718 sit
1306 1662 1513 1717 eruditi
1559 1663 1662 1720 viri
1708 1672 1764 1718 et
1809 1676 1937 1718 sen-

362 1752 521 1807 tiendi
554 1762 614 1807 et
639 1754 772 1823 quid
808 1755 1015 1810 sentiat
1047 1743 1259 1810 dicendi
1291 1754 1534 1810 libertas.

978 1885 1207 1943 CAPUT
1240 1887 1341 1943 lll.‘

354 2022 431 2078 De
457 2024 617 2079 rariis
638 2025 957 2081 editionibsts
986 2025 1223 2098 Tatiani,
1251 2025 1629 2098 Athenagorae,
1661 2023 1940 2094 Theophili

984 2106 1033 2150 et
1067 2095 1320 2151 Hermian

422 2210 606 2267 Prima
629 2213 879 2268 omnium
906 2212 1124 2268 Tatiani
1158 2212 1427 2269 Orationis
1458 2211 1757 2269 editionum
1781 2211 1940 2267 debe-

355 2313 442 2359 tur
469 2303 670 2361 Joanni
703 2305 907 2370 Frisio,
945 2307 1041 2377 qui
1086 2321 1208 2361 cum
1242 2306 1404 2377 hujus
1434 2305 1707 2362 Orationis
1749 2320 1935 2361 exem-

353 2396 473 2466 plar
498 2399 966 2468 manuscriptum,
1002 2412 1067 2452 ac
1092 2398 1261 2454 variis
1282 2413 1360 2477 _ex
1393 2398 1502 2453 alio
1532 2397 1723 2453 codice
1750 2396 1937 2451 lectio-

351 2488 513 2544 nibus
544 2490 850 2559 inspersum
886 2488 1134 2545 Venetiis
1161 2488 1230 2544 ab
1257 2488 1498 2544 Arnoldo
1516 2488 1735 2543 Arlenio
1766 2488 1935 2543 Para-

354 2580 481 2648 xylo
533 2580 880 2648 accepisset,
929 2581 1037 2635 hoc
1086 2580 1340 2650 prasidio
1399 2578 1574 2634 fretus
1623 2578 1935 2635 Orationem

353 2672 567 2725 Τειιίπηί
595 2670 1012 2743 TiguriGrace
1037 2673 1278 2743 vulgavit
1320 2672 1373 2727 in
1421 2672 1551 2727 folio
1589 2686 1733 2727 anno
1771 2671 1933 2739 1546,

351 2768 489 2836 apud
540 2766 1023 2832 Froschoverum,
1062 2783 1187 2821 cum
1230 2767 1450 2823 Antonii
1484 2766 1700 2822 Melissa
1734 2776 1791 2822 et
1819 2766 1935 2822 Ma-

351 2860 481 2913 ximi
535 2860 825 2915 sententiis
874 2874 938 2914 ac
990 2858 1291 2930 TheOphilo
1333 2860 1403 2913 ad
1450 2858 1800 2931 Autolycum.
1849 2860 1933 2915 Ad

348 2966 501 3004 oram
532 2951 699 3018 hujus
725 2950 986 3007 editionis
1015 2950 1271 3021 leguntur
1304 2964 1429 3005 eum
1455 2951 1620 3006 varia
1656 2950 1765 3006 illa
1797 2965 1933 3020 quas

350 3044 457 3097 dixi
484 3042 786 3110 lectiones,
818 3051 931 3098 tum
958 3043 1128 3097 etiam
1163 3043 1356 3099 breves
1388 3042 1661 3098 nonnulla
1692 3042 1928 3098 Conradi

350 3133 579 3189 Gesneri
612 3146 779 3200 nota,
814 3134 1035 3204 quicum
1066 3134 1275 3189 Frisius
1300 3133 1545 3189 codicem
1588 3148 1743 3188 suum
1775 3147 1926 3187 como
1954 3169 1997 3228 α

352 3228 745 3284 municaverat.
781 3227 983 3283 Eodem
1009 3241 1155 3282 anno
1187 3242 1251 3283 ac
1281 3226 1473 3281 eadem
1522 3226 1575 3280 in
1624 3226 1758 3281 urbe
1782 3226 1927 3282 Con-

353 3318 515 3374 radus
548 3321 833 3376 Gesnerus
873 3320 1119 3392 vulgavit
1158 3320 1213 3374 in
1258 3320 1388 3374 folio
1425 3318 1674 3374 Latinam
1716 3319 1929 3375 Tatiani

348 3427 470 3465 cum
506 3412 744 3480 prolixis
796 3413 945 3468 notis
998 3413 1506 3482 interpretationem
1531 3453 1546 3479 ,
1591 3427 1710 3481 qua
1739 3421 1928 3482 postea

349 3505 549 3571 sapius
580 3519 777 3559 recusa
815 3506 868 3558 in
904 3504 1259 3560 Bibliothecis
1295 3505 1563 3573 Patrum,
1610 3506 1790 3560 Paris.
1833 3521 1923 3563 an.

354 3597 509 3664 l575,
537 3597 699 3663 1589,
741 3599 914 3663 1610,
939 3598 1129 3654 Colon.
1159 3597 1319 3662 1618,
1350 3597 1599 3668 Lugdun.
1634 3598 1794 3654 1677.

413 3690 608 3744 Graece
646 3698 705 3743 et
738 3688 931 3743 Latine
968 3688 1173 3759 prodiit
1215 3687 1480 3743 Tatianus
1521 3688 1750 3743 Basilea
1784 3689 1928 3745 inter

350 3782 897 3853 Orthodoxographos
922 3797 1067 3836 anno
1098 3780 1234 3836 1555
1260 3789 1318 3835 et
1352 3780 1578 3837 Parisiis
1607 3784 1662 3836 in
1688 3782 1924 3837 Anctua-

347 3878 427 3930 rio
460 3876 819 3930 Bibliotheca
847 3874 1070 3928 Patrum
1103 3889 1195 3929 an.
1230 3872 1405 3938 1624,
1440 3888 1564 3927 cum
1594 3872 1776 3928 Ducai
1822 3888 1924 3929 no-

347 3969 453 4029 tis.
488 3977 544 4022 et
584 3975 708 4037 post
739 3981 902 4035 opera
943 3963 1146 4019 Justini
1200 3964 1461 4035 martyris
1502 3963 1557 4018 in
1596 3963 1925 4019 editionibus

344 4059 520 4115 Paris.
574 4074 667 4113 an.
711 4058 850 4113 1615
886 4068 943 4111 et
968 4056 1128 4124 1656,
1166 4065 1221 4111 et
1249 4054 1443 4111 Colon.
1483 4069 1580 4111 seu
1623 4055 1803 4125 potius
1827 4056 1923 4110 Vi-

346 4150 654 4219 tebergensi
679 4163 823 4203 anno
852 4147 1015 4214 l686,
1037 4147 1125 4203 cui
1156 4154 1446 4214 postrema
1467 4146 1691 4202 editioni
1721 4147 1923 4204 addita

346 4241 616 4296 Kortholti
648 4251 815 4298 nota.

415 4332 522 4386 Sed
548 4332 650 4387 has
671 4345 862 4387 omnes
889 4331 1159 4388 editiones
1182 4333 1479 4404 diligentia
1505 4341 1563 4389 et
1593 4332 1921 4389 eruditionis

346 4415 505 4471 laude
532 4429 757 4490 superat
802 4420 1126 4476 Oxoniensis
1171 4422 1225 4476 in
1268 4424 1328 4479 8'
1380 4423 1516 4477 anni
1560 4422 1719 4485 1700,
1752 4439 1917 4493 quam

2045 553 2446 623 Wigorniensis
2495 561 2551 605 et
2596 550 2730 621 regii
2777 549 3191 620 eleemosynarii
3229 565 3427 605 nomen
3484 565 3623 621 pra-

2044 645 2171 709 l‘ert,
2200 644 2445 700 declarat
2480 644 2734 699 eruditus
2765 642 2945 711 editor
2992 640 3152 711 hujus
3190 641 3400 699 laboris
3443 643 3622 698 susci-

2044 736 2226 807 piendi
2257 736 2396 791 hanc
2428 735 2531 790 sibi
2584 733 2928 789 occasionem
2965 742 3021 788 et
3058 748 3279 789 causam
3304 735 3614 797 exstitisse,

2042 831 2183 899 quod
2226 845 2344 883 cum
2395 829 2652 899 {eruerent
2708 824 2854 880 haud
2901 825 2978 881 ita
3020 828 3223 897 pridem
3252 828 3311 882 in
3340 827 3529 898 Anglia
3556 827 3623 880 de

2042 921 2263 975 summis
2302 920 2427 989 fidei
2453 921 2715 988 capitibus
2745 921 3137 985 controversiae,
3168 936 3230 973 ac
3255 935 3435 974 omnes
3457 919 3622 973 athei-

2042 1013 2142 1066 smi
2177 1012 2453 1066 machinas
2500 1012 2555 1065 in
2602 1011 2699 1066 hoc
2733 1027 3015 1067 conversas
3043 1012 3260 1077 videret,
3294 1021 3351 1065 ut
3379 1012 3475 1066 sub
3504 1028 3621 1080 spe-

2042 1104 2119 1158 cie
2138 1102 2395 1158 naturalis
2419 1103 2692 1173 religionis
2715 1103 3017 1159 excolendae
3039 1104 3349 1174 paganismo
3377 1106 3459 1159 via
3484 1115 3621 1159 ster-

2042 1201 2300 1263 neretur;
2330 1194 2552 1250 Tatiani
2606 1193 2917 1249 Orationem
2955 1194 3023 1248 ad
3074 1195 3453 1265 reprimendos
3510 1196 3617 1249 im-

2042 1287 2254 1358 pietatis
2321 1301 2645 1358 progressus
2678 1288 2869 1343 utilem
2924 1286 3044 1343 fore
3091 1296 3387 1359 sperasset,
3418 1289 3619 1358 quippe

2043 1378 2139 1448 qui
2200 1378 2637 1436 luculentissime
2703 1381 3041 1435 demonstret
3117 1381 3427 1451 religionem
3480 1380 3617 1435 hanc

2041 1488 2246 1527 omnem
2297 1472 2595 1527 naturalem
2640 1490 2799 1545 quam
2847 1474 3098 1541 dicimus,
3162 1475 3425 1530 misellum
3464 1475 3618 1544 quid-

2040 1565 2166 1619 dam
2210 1582 2343 1633 esse,
2396 1581 2687 1636 parumque
2733 1566 3016 1621 admodum
3053 1566 3226 1622 valere
3254 1569 3326 1622 ad
3374 1569 3618 1624 excolen-

2039 1655 2167 1709 dum
2208 1657 2467 1724 animum,
2516 1673 2790 1728 moresque
2842 1658 3235 1728 informandos,
3268 1661 3370 1715 nisi
3400 1661 3618 1729 insuper

2039 1746 2167 1818 legis
2198 1747 2515 1805 Christiana
2542 1750 2717 1805 lumen
2746 1752 2983 1805 accedat.

1972 1819 2023 1881 Β
2116 1838 2483 1909 Athenagora
2519 1840 2679 1898 Liber
2726 1843 2791 1898 de
2843 1837 3231 1899 resurrectione
3284 1857 3615 1901 mortuorum

2041 1941 2168 1987 ante
2221 1931 2567 2003 Legationem
2641 1935 2758 1991 sive
2827 1934 3142 2005 Apologiam
3182 1937 3408 2006 prodiit.
3458 1937 3614 1995 Hunc

2039 2022 2189 2077 enim
2233 2022 2430 2080 Latine
2481 2026 2726 2081 reddidit
2751 2025 3021 2097 Georgius
3050 2026 3229 2092 Valla,
3257 2028 3412 2097 cuius
3447 2031 3617 2086 inter-

2039 2116 2275 2185 pretatio
2308 2118 2549 2174 Venetils
2585 2119 2639 2175 in
2675 2119 2774 2175 fol.
2806 2121 3160 2191 excusajcum
3184 2123 3306 2182 aliis
3340 2126 3613 2180 variorum

2037 2209 2317 2278 operibus,
2350 2224 2497 2266 anno
2525 2212 2686 2270 H98.
2742 2211 2909 2268 Multa
2934 2214 3102 2270 etiam
3125 2230 3191 2271 ex
3227 2217 3334 2273 hoc
3356 2217 3497 2273 libro
3526 2219 3615 2272 in-

2038 2309 2367 2372 terpretatus
2392 2312 2477 2359 est
2503 2304 2773 2362 Marsilius
2803 2306 3043 2379 Ficinus,
3092 2325 3213 2380 qua
3262 2311 3316 2366 in
3370 2313 3611 2368 secundo

2038 2390 2181 2447 illius
2206 2408 2429 2465 cperum
2459 2407 2603 2451 tomo
2626 2397 2899 2469 leguntur.
2925 2401 3072 2458 ldem
3108 2419 3245 2474 opus
3277 2405 3477 2463 litteris
3502 2408 3609 2462 La-

2038 2483 2172 2539 tinis
2219 2485 2516 2542 illustravit
2561 2488 2760 2547 Petrus
2799 2490 3070 2559 Nannius,
3097 2509 3162 2552 ac
3183 2498 3394 2565 primus
3422 2498 3614 2555 Grace

2035 2575 2276 2648 vulgavit
2303 2593 2425 2634 cum
2465 2596 2562 2635 sua
2596 2582 3054 2653 interpretatione
3092 2588 3272 2645 Paris.
3299 2598 3355 2645 et
3382 2589 3611 2646 Lovanii

2035 2682 2179 2723 anno
2226 2670 2357 2725 1541
2407 2671 2462 2727 in
2494 2672 2573 2727 4⁸.
2605 2673 2733 2732 Hac
2773 2677 2944 2734 editio
2987 2678 3410 2739 Graeco-Latina
3452 2699 3613 2754 repe-

2035 2762 2131 2817 tita
2157 2772 2242 2819 est
2266 2762 2492 2820 Basilea
2533 2766 2585 2820 in
2624 2767 2755 2823 folio
2786 2785 2934 2826 anno
2960 2771 3099 2828 1550
3136 2773 3190 2828 in
3223 2774 3611 2848 Micropresby-

2033 2855 2159 2922 tico,
2189 2864 2245 2910 et
2282 2856 2428 2911 inter
2458 2856 3003 2932 Orthodoxographos
3050 2879 3196 2920 anno
3225 2865 3367 2922 1555
3422 2868 3476 2923 in
3515 2869 3609 2924 fol.

2032 2947 2227 3004 Latine
2258 2958 2467 3005 tantum
2499 2952 2643 3007 idem
2673 2968 2813 3024 opus
2838 2970 2904 3011 ex
2936 2954 3130 3012 Nannii
3156 2958 3615 3032 interpretatione

2032 3041 2268 3097 refertur
2289 3051 2411 3111 post
2438 3042 2690 3101 Philonis
2714 3044 2886 3103 Judai
2909 3063 3076 3121 opera
3103 3049 3296 3107 Latine
3327 3053 3538 3109 reddita
3579 3069 3610 3108 a

2032 3131 2257 3188 Gelenio
2284 3133 2451 3189 Basil.
2482 3135 2626 3191 1552
2658 3136 2710 3190 in
2740 3137 2820 3193 8ο.

2098 3223 2158 3278 In
2182 3223 2471 3294 Legatione
2498 3227 2614 3282 sive
2641 3226 2899 3298 Apologia
2923 3235 3036 3284 tres
3061 3227 3390 3299 interpretes
3421 3231 3608 3287 elabo-

2030 3325 2248 3382 rarunt,
2295 3316 2582 3373 Conradus
2635 3317 2936 3385 Gesnerus,
2985 3320 3077 3388 qui
3120 3320 3310 3377 Grace
3336 3331 3390 3377 et
3415 3323 3609 3378 Latine

2029 3408 2154 3460 c'um
2182 3406 2328 3461 notis
2377 3407 2481 3463 hoc
2519 3422 2657 3475 opus
2681 3408 2855 3463 edidit
2885 3409 2940 3462 in
2976 3409 3036 3464 8·
3072 3409 3260 3480 Tiguri
3291 3426 3435 3467 anno
3467 3414 3607 3468 1557

2028 3506 2086 3551 et
2107 3495 2330 3550 Basilea
2367 3512 2515 3553 anno
2566 3498 2736 3565 1558;
2777 3499 3013 3554 Joannes
3044 3504 3291 3572 Langus,
3328 3505 3425 3573 qui
3459 3506 3605 3560 inter

2027 3602 2193 3656 opera
2237 3587 2437 3644 Justini
2476 3589 2670 3646 Latine
2694 3606 2723 3644 a
2755 3605 2816 3648 se
2839 3593 2985 3647 edita
3022 3593 3076 3647 in
3121 3593 3216 3648 fol.
3252 3596 3481 3653 Basilea
3508 3614 3603 3655 an.

2027 3679 2167 3736 1565
2222 3681 2533 3752 Apologiam
2562 3683 2928 3753 Athenagora
2952 3687 3023 3742 ob
3049 3690 3291 3744 materia
3334 3690 3602 3746 similitu-

2026 3773 2208 3828 dinem
2258 3775 2524 3843 inseruit;
2566 3778 2763 3833 tertius
2812 3780 3050 3851 denique
3106 3782 3377 3841 Suﬁ'ridus
3429 3785 3599 3853 Petri,

2026 3864 2117 3934 qui
2146 3882 2269 3922 cum
2301 3867 2650 3926 uberioribus
2681 3872 2827 3927 notis
2882 3872 3029 3929 idem
3073 3891 3211 3946 opus
3243 3877 3437 3934 Latine
3471 3880 3598 3934 red-

2023 3957 2196 4012 ditum
2239 3959 2486 4030 vulgavit
2529 3962 2765 4019 Colonia
2796 3963 2853 4018 in
2880 3963 2940 4019 8°
2982 3983 3073 4025 an.
3115 3969 3273 4023 1567.
3306 3970 3476 4040 Langi
3518 3972 3603 4025 in-

2025 4052 2343 4119 terpretatio
2377 4065 2592 4110 servata
2618 4057 2797 4114 fuitin
2819 4061 3064 4118 editione
3086 4062 3382 4118 Basileensi
3413 4082 3427 4118 :
3474 4064 3603 4119 Sul-

2022 4141 2165 4197 lrido
2194 4143 2368 4199 honor
2394 4145 2616 4205 habitus
2644 4150 2698 4204 in
2723 4151 3058 4211 editionibus
3092 4154 3470 4224 Lipsiensibus
3501 4172 3599 4210 an-

2020 4238 2109 4291 nis
2148 4234 2289 4295 1684
2332 4249 2389 4295 et
2441 4241 2607 4299 1685.
2653 4243 2880 4302 Catera
2914 4264 3052 4318 quas
3103 4250 3364 4321 deinceps
3410 4266 3601 4307 nume—

2019 4331 2260 4386 rabimus
2288 4331 2791 4403 interpretationem
2822 4335 3050 4393 Gesneri
3094 4342 3465 4398 retinuerunt.

2091 4421 2396 4494 Utrumque
2419 4440 2576 4497 opus,
2612 4427 2834 4499 Legatio
2859 4439 2916 4486 et
2941 4430 3099 4486 Liber
3119 4433 3186 4487 de
3212 4436 3597 4490 resurrectione

346 4510 604 4566 delicatus
647 4513 960 4569 Willhelmo
1006 4514 1203 4570 worth
1249 4516 1640 4573 archidiacono
1694 4517 1912 4588 Wigor.
1944 4524 1991 4580 ι)
2018 4523 2368 4583 mortuorum,
2413 4516 2608 4576 Latine
2637 4520 2843 4575 editum
2874 4530 2957 4578 est
2988 4522 3041 4577 in
3080 4521 3435 4589 Bibliothecis
3485 4524 3591 4579 Pa—

346 4603 545 4656 niensi.
586 4602 640 4658 Is
669 4604 903 4661 Conradi
949 4607 1183 4663 Gesneri
1226 4610 1735 4676 interpretationem
1779 4630 1916 4670 non-

344 4695 504 4749 nullis
536 4696 589 4750 in
623 4697 762 4755 locis
798 4702 1150 4766 emendavit,
1194 4716 1336 4771 opus
1377 4704 1431 4757 in
1478 4712 1626 4757 certa
1670 4705 1914 4773 quadam

342 4790 522 4854 capita
562 4788 873 4857 distribuit,
907 4792 1141 4847 aliorum
1184 4794 1330 4849 notis
1366 4794 1620 4865 adjunxit
1666 4810 1815 4858 suas,
1850 4812 1915 4850 ac

340 4880 521 4934 varias
560 4881 828 4938 lectiones
856 4899 887 4938 e
915 4884 1085 4939 tribus
1116 4897 1406 4956 excerptas
1445 4887 1724 4944 codicibus
1771 4887 1915 4942 inter

342 4980 658 5026 contextum
688 4982 744 5027 et
776 4984 938 5030 notas
966 4976 1159 5030 ordine
1181 4976 1472 5045 disposuit.

408 5064 491 5115 Ad
520 5064 723 5119 calcem
756 5068 1017 5137 apposita
1046 5067 1269 5139 Georgii
1311 5068 1455 5123 Bulli
1501 5069 1913 5126 observationes

340 5156 403 5210 de
420 5156 625 5209 Christi
659 5158 968 5225 divinitate,
999 5159 1272 5215 Kortholti
1302 5171 1468 5226 nota,
1502 5171 1560 5217 et
1594 5163 1915 5218 dissertatio

338 5247 517 5301 domui
545 5248 753 5303 Nicolai
797 5250 847 5305 le
894 5250 1096 5307 Nourri
1142 5254 1392 5310 monachi
1422 5254 1782 5311 Benedictini.
1811 5255 1910 5312 Se-

338 5340 521 5405 quitur
592 5340 829 5396 llermia
886 5344 1244 5412 opusculum,
1303 5346 1449 5414 quod
1504 5360 1626 5401 cum
1676 5345 1909 5402 Tatiano

339 5427 599 5486 Worthus
635 5432 1079 5506 coniungendum
1120 5436 1322 5502 duxit;
1356 5437 1556 5494 deinde
1592 5438 1803 5495 indices
1843 5456 1907 5496 ac

337 5524 549 5577 tandem
590 5527 803 5581 erudita
846 5527 1191 5585 celeberrimi
1236 5530 1451 5585 abbatis
1486 5533 1555 5587 de
1582 5531 1908 5603 Longuerue

338 5615 679 5686 dissertatio,
721 5635 885 5689 quam
926 5620 1188 5679 Worthus
1234 5639 1264 5676 a
1307 5623 1473 5679 Petro
1511 5625 1743 5681 Hallixio
1783 5635 1908 5698 post

340 5708 632 5765 absolutum
658 5728 796 5783 opus
826 5723 1123 5784 acceperat
1154 5731 1219 5771 ea
1252 5716 1369 5788 lege
1391 5726 1446 5772 et
1481 5720 1815 5789 conditione,
1848 5730 1905 5777 ut

341 5801 576 5859 eruditus
609 5804 1014 5865 dissertationis
1042 5817 1232 5865 auctor
1261 5811 1549 5870 celarctur.

2022 4614 2187 4673 trum,
2238 4606 2466 4666 Lutetia
2526 4611 2686 4668 annis
2723 4612 2884 4681 1575,
2919 4614 3082 4681 1589,
3117 4615 3257 4671 1609
3292 4634 3307 4683 ;
3352 4616 3595 4672 Coloniae

2020 4702 2196 4767 1618;
2224 4691 2481 4776 ιυεάυηὶ’
2510 4707 2644 4761 1677
2674 4707 2864 4765 Graece
2909 4718 2964 4765 et
2990 4709 3185 4767 Latine
3235 4727 3358 4766 cum
3416 4712 3592 4775 notis;

2017 4793 2245 4851 Parisiis
2270 4796 2323 4849 in
2345 4795 2423 4865 8°,
2449 4812 2540 4852 an.
2569 4798 2730 4866 1657,
2767 4799 2836 4855 ab
2869 4799 3105 4856 Henrico
3128 4802 3407 4870 Stephano
3429 4816 3593 4870 quem

2018 4887 2292 4942 immerito
2336 4899 2528 4946 auctor
2553 4890 2815 4946 Historia
2860 4893 3092 4964 general.
3136 4893 3456 4961 scriptorum
3503 4910 3593 4947 sa-

2014 4994 2226 5032 orarum
2285 4988 2334 5033 et
2391 4982 2869 5038 ecclesiasticarum
2927 4998 3126 5038 novam
3176 4984 3593 5052 interpretatio-

2015 5087 2139 5125 nem
2181 5070 2475 5129 adornasse
2505 5076 2875 5131 existimavit:
2929 5077 3058 5130 item
3101 5076 3289 5145 Tiguri
3346 5075 3486 5130 1559
3534 5085 3591 5130 et

2015 5167 2154 5223 1560
2180 5168 2271 5224 fol.
2314 5170 2457 5225 inter
2497 5172 2879 5243 theologorum
2920 5174 3129 5241 aliquot
3158 5172 3471 5228 Graecorum
3496 5189 3589 5226 ve-

2014 5269 2189 5314 terum
2234 5262 2665 5317 ortbodoxorum
2695 5265 2933 5334 scripta;
2969 5264 3024 5317 in
3058 5267 3350 5319 Auctuario
3386 5264 3588 5321 Biblio-

2012 5351 2184 5406 theca
2234 5351 2484 5421 Patrum,
2530 5354 2762 5411 Parisiis
2794 5357 2958 5421 1624,
2988 5357 3118 5411 item
3148 5366 3271 5427 post
3296 5373 3462 5429 opera
3494 5357 3588 5411 .lu-

2011 5443 2139 5498 stini
2172 5442 2331 5511 1615,
2362 5446 2725 5513 1656,1686;
2763 5448 2961 5504 Oxonii
2989 5450 3043 5503 in
3064 5450 3151 5515 12,
3183 5465 3304 5504 cum
3329 5452 3585 5507 brevibus

2010 5537 2155 5591 notis
2192 5536 2326 5592 Felli
2358 5539 2594 5609 episcopi
2636 5539 2968 5598 Oxoniensis
2999 5543 3169 5609 1682;
3214 5542 3414 5612 Lipsiae
3445 5544 3499 5597 in
3526 5544 3584 5597 8-

2010 5626 2171 5694 1684,
2203 5629 2364 5696 1685,
2396 5646 2518 5685 cum
2545 5632 2689 5688 notis
2730 5631 3152 5707 Rechenbergii,
3179 5636 3270 5704 qui
3313 5636 3583 5704 interpre-

2012 5720 2269 5775 tationem
2295 5719 2516 5776 Suﬂ'ridi
2551 5724 2798 5779 retinuit.

2084 5814 2203 5868 Alia
2227 5811 2448 5871 Omnia
2481 5816 2684 5883 prodiit
2730 5817 2897 5874 editio
2926 5831 3067 5873 anno
3108 5815 3244 5871 1706
3275 5816 3329 5871 in
3355 5814 3443 5885 ‘3',
3482 5827 3577 5867 fae-
