3932 6258
284 313 353 366 19
1198 312 1255 369 S.
1297 312 1629 369 JUSTINUS
1660 312 2139 369 PHILOSOPHUS
2170 313 2258 369 ET
2291 312 2599 369 MARTYR.
3457 319 3525 373 20

287 435 427 489 teris
453 433 837 504 praestantior,
862 448 1028 505 opera
1078 433 1315 492 Eduardi
1352 436 1610 501 Dechair,
1638 438 1732 507 qui
1757 452 1851 491 va-
1882 448 1929 502 Α
1958 436 2027 491 tei
2052 438 2234 491 codice
2272 435 2521 499 collatus,
2566 434 2765 487 additis
2798 434 3029 502 ejusdem
3052 433 3223 500 Galei,
3247 438 3337 507 qui
3370 435 3528 490 Theo-

288 528 399 582 rias
427 526 692 582 lectiones
719 542 788 583 ex
811 543 921 582 uno
948 528 1138 584 codice
1179 527 1361 599 Regiae
1384 528 1730 585 bibliothecae
1757 529 1860 585 Pa-

287 618 537 675 risiensis
572 631 628 676 et
660 622 937 677 nonnullis
983 621 1302 693 Anglicanis
1336 633 1553 692 nactus,
1586 626 1692 680 hoc
1721 640 1860 695 prae»

286 709 427 764 sidio
460 710 528 765 ad
570 720 883 767 contextum
916 717 1312 770 emendandum
1360 730 1495 772 usus
1537 726 1640 781 est,
1689 718 1857 772 inter-

287 801 625 866 pretationes
654 802 882 859 Gesneri
908 813 962 859 et
994 804 1191 860 Nannii
1224 806 1471 877 pluribus
1502 807 1643 863 locis
1671 822 1859 863 emen-

288 891 461 956 davit,
521 902 788 963 notasque
838 895 1080 950 eruditas
1133 897 1400 966 adiunxit,
1428 907 1486 955 et
1533 899 1603 953 ad
1647 899 1855 955 calcem

285 983 700 1039 observationes
761 985 1010 1051 Sutlridi,
1057 986 1267 1058 Langi,
1317 988 1591 1045 Kortholti
1642 999 1699 1045 et
1751 990 1856 1046 Re-

287 1075 685 1145 «Iienbergii,et
729 1077 987 1133 nonnulla
1015 1092 1081 1134 ex
1126 1078 1383 1147 Baronio,
1415 1079 1704 1147 Halloixio,
1730 1081 1865 1139 Dod-

277 1160 436 1214 wello
487 1166 541 1215 et
602 1168 759 1224 Bullo
782 1181 1041 1242 excerpta
1071 1174 1343 1242 apposuit.

356 1257 473 1311 Non
505 1257 729 1313 defuere
758 1260 851 1330 qui
886 1262 1290 1331 Athenagoram
1320 1262 1518 1320 litteris
1539 1264 1855 1320 vernaculis

284 1350 643 1408 illustrarent.
676 1350 894 1405 Librum
936 1352 1001 1406 de
1042 1356 1425 1409 resurrectione
1477 1354 1665 1411 ltalice
1691 1358 1855 1413 vertit

284 1442 648 1515 Hieronymus
668 1444 838 1499 Faleti
872 1445 1112 1502 Venetiis
1137 1448 1278 1517 apud
1295 1448 1492 1504 Aldum
1518 1450 1572 1503 in
1598 1449 1676 1519 4ο,
1706 1465 1850 1506 anno

283 1534 445 1602 1557,
481 1535 528 1591 si
568 1534 822 1592 Fabricio
858 1538 1160 1605 credimus;
1194 1539 1357 1608 1556,
1388 1542 1433 1596 si
1466 1544 1677 1598 auctori
1705 1543 1849 1601 Hist.

284 1625 515 1695 general.
545 1629 787 1698 scriptor.
833 1646 971 1683 sacr.
995 1631 1250 1687 etfeccles.
1283 1634 1501 1688 Annum
1532 1635 1673 1691 1546
1714 1640 1854 1694 assi-

281 1728 415 1786 gnat
462 1719 715 1775 eruditus
766 1720 946 1774 editor
988 1719 1273 1778 Eduardus
1327 1725 1583 1781 Dechair.
1622 1729 1851 1799 Anglice

1964 530 2142 583 dorito
2171 529 2446 599 juniorem
2475 543 2587 582 esse
2618 526 2897 581 Hermiam
2943 529 3234 594 existimat,
3285 538 3333 581 et
3359 528 3526 584 Wiln.

1965 620 2175 675 Worthi
2203 620 2338 674 notis
2360 619 2430 673 ad
2464 618 2659 673 calcem
2690 617 2923 683 Tatiani,
2953 617 3125 673 Oxon.
3158 618 3316 688 1700,
3344 619 3420 675 8'.

2566 730 2792 787 CAPUT
2830 733 2918 787 IV.

1942 820 2163 877 'Paucis
2212 821 2498 892 exponitur
2542 822 2668 892 quid
2699 823 2751 876 in
2783 823 2881 904 h_ac
2913 839 3044 878 nova
3095 825 3325 880 editione
3353 834 3524 881 tenta-

2624 903 2734 947 tum
2772 903 2861 947 δτι.

2029 982 2146 1040 Νοη
2174 984 2331 1056 longa
2363 983 2611 1061 oratione
2651 984 2887 1041 lectores
2934 986 3156 1053 tenebo,
3186 997 3246 1042 ut
3275 990 3353 1043 eis
3374 988 3526 1044 labo-

1957 1077 2034 1131 ris
2060 1076 2164 1131 mei
2192 1078 2461 1131 rationem
2486 1089 2780 1146 exponam,
2810 1075 2901 1146 qui
2937 1076 3151 1145 quidem
3195 1079 3525 1133 eruditorum

1950 1169 2161 1238 judicio
2196 1170 2545 1236 commissus,
2606 1186 2715 1225 non
2761 1178 2871 1237 tam
2927 1185 2956 1223 a
2998 1186 3084 1225 me
3129 1169 3426 1227 laudandus
3464 1189 3528 1228 ac

1957 1262 2340 1331 praedicandus
2387 1271 2492 1328 est,
2543 1277 2709 1332 quam
2740 1264 3120 1320 excusationis
3146 1265 3301 1319 venia
3330 1266 3528 1320 erratis

1954 1364 2011 1409 et
2040 1354 2287 1422 maculis,
2334 1369 2457 1425 qua:
2498 1355 2554 1410 in
2590 1356 2762 1411 arduo
2790 1366 2846 1412 et
2870 1355 3094 1413 .diﬂicili
3138 1372 3301 1427 opere
3334 1373 3526 1428 parum

1954 1447 2097 1511 cavi,
2111 1462 2174 1503 ex
2180 1447 2472 1517 poscenda.

2026 1538 2209 1596 Multa:
2244 1540 2491 1610 profecto
2514 1556 2836 1612 magnaeque
2865 1540 3209 1597 dilﬂcultates
3241 1543 3292 1596 in
3323 1542 3409 1597 his
3431 1555 3528 1597 ve~

1954 1632 2161 1689 teribus
2189 1635 2563 1689 monumentis
2575 1643 2952 1690 occurrerunt.
2976 1634 3164 1703 Magna
3185 1634 3395 1689 librarii
3410 1635 3530 1690 vul-

1955 1738 2085 1777 nera
2120 1723 2317 1788 fecere,
2365 1725 2481 1780 sive
2504 1725 2779 1781 norniullis
2807 1725 3145 1789 omittendis,
3188 1740 3303 1780 srve
3327 1725 3527 1779 immu—

282 1809 423 1862 idem
475 1824 613 1880 Opus
662 1812 866 1880 prodiit
909 1812 1209 1885 interprete
1260 1816 1536 1874 Richardo
1585 1795 1850 1888 Ροιιᾶετο,
1883 1795 1926 1850 Β
1960 1814 2158 1881 tandis,
2190 1814 2305 1871 sive
2326 1815 2517 1880 etiam,
2550 1816 2604 1870 id
2636 1816 2778 1885 quod
2814 1815 2871 1870 in
2907 1824 3019 1871 toto
3043 1815 3218 1885 capite
3264 1815 3529 1885 Apologia:

280 1898 513 1954 Londini
541 1915 689 1955 anno
712 1902 871 1957 1575.
903 1902 1218 1974 Apologiam
1248 1905 1454 1963 Gallice
1478 1908 1647 1964 edidit
1674 1909 1855 1968 Guido

280 1991 612 2048 Gaussartus
635 1993 692 2047 in
718 1992 800 2059 8°,
838 1992 1020 2051 Paris.
1069 1996 1231 2054 1574.
1285 1999 1511 2071 Anglice
1562 2011 1855 2073 utrumque

280 2098 415 2151 opus
460 2084 630 2140 David
653 2084 1033 2156 Humphreyus
1057 2088 1110 2142 in
1147 2090 1229 2155 8°,
1279 2090 1511 2147 Londini
1545 2094 1705 2151 1714.
1743 2096 1849 2151 Te-

280 2184 459 2228 statur
479 2174 831 2232 doctissimus
858 2178 1144 2236 Fabricius
1171 2190 1397 2238 exstare
1421 2186 1706 2256 utriusque
1732 2204 1855 2259 ope-

280 2268 358 2322 ris
391 2266 658 2324 Gallicam
711 2270 1247 2341 interpretationem,
1299 2288 1421 2345 qute
1449 2277 1693 2335 Arnoldo
1723 2279 1855 2335 Fer-

279 2374 415 2415 rono
436 2361 685 2417 debetur.

350 2452 472 2509 Jam
502 2455 740 2512 diximus
776 2457 834 2513 S.
868 2458 1226 2529 Theophilum
1261 2462 1450 2518 Graece
1480 2465 1713 2534 primum
1738 2481 1856 2536 pro-

279 2545 465 2611 diisse,
496 2561 605 2602 una
634 2563 761 2603 cum
787 2548 1050 2619 Taliane,
1078 2552 1261 2624 Tiguri
1292 2554 1345 2608 in
1377 2555 1475 2610 fol.
1510 2571 1653 2613 anno
1692 2558 1855 2626 1546,

278 2652 443 2707 Opera
498 2638 724 2697 Joannis
763 2641 950 2697 Frisii.
1003 2643 1060 2697 lu
1114 2646 1302 2700 eadem
1345 2647 1481 2703 urbe
1539 2663 1605 2705 ac
1664 2653 1852 2706 eodem

279 2744 426 2783 anno
472 2733 675 2801 prodiit
732 2732 924 2788 Latine
970 2750 1037 2790 ex
1098 2738 1556 2808 interpretatione
1610 2740 1850 2797 Conradi

278 2821 546 2891 Clauseri,
580 2838 700 2893 quae
743 2825 963 2895 quidem
995 2826 1381 2898 interpretatio
1426 2832 1663 2888 habetur
1688 2834 1739 2888 in
1768 2835 1855 2889 Bi-

277 2913 570 2971 bliothecis
596 2916 844 2983 Patrum,
872 2917 1049 2973 Paris.
1082 2921 1242 2987 1575,
1268 2922 1428 2989 1589,
1461 2924 1620 2992 1609,
1668 2927 1809 2982 1644
1835 2945 1850 2995 ;

278 3006 471 3064 Colon.
508 3006 683 3075 1618;
712 3008 887 3081 Lugd.
922 3010 1082 3064 £677.
1113 3011 1301 3068 (ἴε-κερ,
1347 3027 1528 3072 autem
1559 3028 1612 3072 et
1657 3018 1852 3073 Latine

277 3107 459 3203 exstat
486 3100 591 3157 hoc
619 3116 756 3169 opus
800 3103 938 3156 inter
967 3102 1506 3178 Orthodoxographos
1540 3126 1632 3165 an.
1677 3110 1847 3173 1555;
1882 3145 1923 3203 ε

276 3190 445 3247 Basil.
495 3192 550 3246 in
600 3193 697 3250 fol.
748 3194 800 3249 in
834 3197 1129 3250 Auctuario
1188 3197 1537 3255 Bibliotheca:
1589 3202 1847 3269 Patrum;

276 3282 453 3340 Paris.
494 3286 659 3350 1624,
688 3304 811 3344 cum
843 3293 986 3347 notis
1013 3293 1305 3348 Frontonis
1334 3293 1547 3348 Ducaei:
1581 3305 1705 3363 post
1732 3311 1857 3366 ope-

279 3390 340 3428 ra
380 3376 441 3432 S.
471 3376 668 3434 Justini
694 3379 871 3437 Paris.
900 3382 1062 3448 1615,
1096 3383 1233 3439 1656
1264 3394 1319 3440 et
1339 3384 1531 3441 Colon.
1556 3401 1650 3442 seu
1674 3388 1855 3455 potius

278 3472 610 3547 Vittebergaa
640 3476 801 3531 1686.

348 3570 509 3622 Αηηο
542 3568 683 3624 1684
724 3571 927 3640 prodiit
979 3572 1175 3628 Oxonii
1209 3573 1264 3627 in
1294 3573 1372 3627 l2.
1393 3588 1528 3629 nova
1575 3574 1743 3630 editio
1785 3574 1854 3629 li—

276 3660 501 3715 brorum
526 3662 593 3717 ad
618 3663 968 3735 Autolycum,
1020 3680 1187 3735 opera
1215 3665 1443 3722 Joannis
1472 3667 1608 3722 Felli
1643 3668 1854 3737 episco-

280 3754 332 3821 pi
362 3752 716 3822 Oxoniensis,
748 3758 841 3826 qui
864 3758 1108 3813 codicem
1152 3773 1257 3813 ms.
1288 3774 1319 3813 e
1346 3758 1674 3813 bibliotheca
1714 3760 1855 3815 Bod-

280 3846 458 3901 leiana
510 3847 722 3915 habuit,
758 3864 822 3904 ac
856 3851 1368 3919 interpretationem
1419 3849 1669 3905 Clauseri
1705 3867 1845 3908 non-

279 3939 444 3995 uullis
497 3940 553 3995 in
609 3940 748 3997 locis
806 3942 1140 4012 emendavit,
1191 3945 1494 4015 brevesque
1548 3955 1707 4001 notas
1758 3949 1854 4003 ad-

274 4030 476 4100 junxit.

351 4122 674 4179 Concedunt
722 4125 803 4179 hae
849 4138 1042 4181 omnes
1097 4126 1365 4182 editiones
1412 4125 1851 4197 llamburgensi,

280 4229 408 4283 qua:
442 4215 648 4285 prodiit
685 4229 829 4270 anno
879 4215 1019 4271 1724
1052 4216 1106 4270 in
1140 4217 1197 4273 8°
1244 4232 1409 4288 opera
1457 4214 1545 4271 Jo.
1598 4216 1851 4271 Christo-

279 4307 437 4375 phori
497 4305 684 4361 Wolﬁi
734 4309 973 4375 pastoris
1002 4308 1069 4362 ad
1110 4307 1175 4362 D.
1205 4307 1428 4364 Cathar.
1465 4306 1767 4378 llamburg.
1797 4316 1853 4363 et

278 4397 639 4456 scholarchae.
692 4398 743 4454 Is
768 4408 1079 4454 contextum
1110 4400 1348 4456 contulit
1381 4416 1503 4456 cum
1560 4400 1852 4456 Bodleiano

1960 1905 1995 1959 2
2021 1904 2082 1961 S.
2114 1906 2315 1961 Justini
2347 1907 2654 1976 observavi,
2690 1908 2743 1963 in
2783 1908 2959 1963 locum
2999 1923 3104 1962 non
3150 1922 3307 1963 suum
3346 1916 3531 1961 trans-

1957 2000 2219 2055 ferendis.
2249 2000 2365 2056 Huc
2388 2002 2598 2057 accedit
2624 2002 2797 2073 stylus
2823 2018 2922 2058 nec
2950 2003 3235 2057 verborum
3265 2002 3530 2057 electione

1956 2090 2277 2157 concinnus,
2300 2104 2399 2146 nec
2425 2093 2839 2146 constructione
2884 2100 3195 2157 accuratus,
3222 2092 3527 2160 praesertim

1956 2182 2009 2236 in
2031 2181 2257 2252 Dialogo
2294 2180 2353 2239 S.
2395 2181 2622 2248 Justini,
2655 2182 2745 2253 qui
2765 2184 2890 2237 dum
2924 2183 3106 2238 Studio
3128 2182 3306 2238 i‘ervet
3337 2181 3527 2235 defen-

1957 2275 2148 2329 dendae
2198 2274 2479 2340 veritatis,
2518 2290 2626 2329 non
2659 2275 2819 2329 modo
2851 2273 3067 2345 prcjicit
3096 2283 3419 2329 ornamenta
3449 2274 3531 2328 di-

1957 2366 2138 2429 cendi,
2196 2366 2291 2421 sed
2352 2367 2514 2421 etiam
2586 2367 2857 2421 sermonis
2910 2366 3282 2437 perspicuitati
3336 2380 3528 2435 parum

1957 2457 2221 2513 consulit.
2260 2457 2476 2513 Tatiani
2510 2458 2722 2529 lepores
2745 2459 3128 2528 elegantesque
3148 2459 3370 2529 picturae
3388 2471 3530 2527 saepe

1956 2567 2065 2605 non
2123 2554 2303 2608 minus
2360 2552 2561 2622 negotii
2612 2551 2927 2619 facessunt,
2991 2566 3157 2620 quam
3222 2551 3530 2619 incomptus

1958 2647 2357 2718 inornatusque
2380 2662 2585 2714 sermo,
2614 2649 2750 2704 adeo
2781 2656 2839 2701 ut
2870 2646 3018 2700 visus
3039 2645 3112 2700 sit
3145 2644 3530 2712 interpretibus

1956 2751 2011 2794 et
2060 2740 2266 2795 criticis
2310 2738 2660 2797 Crescentem
2710 2739 2973 2810 Cynicum
3019 2737 3223 2793 aculeis
3269 2735 3527 2807 deligere,

1960 2838 2090 2893 dum
2150 2838 2350 2894 mimos
2384 2838 2587 2893 nativis
2640 2836 2920 2892 coloribus
2953 2835 3241 2891 describit.
3288 2832 3530 2903 Operosa

1958 2943 2347 2998 nonnunquam
2381 2943 2563 2983 rerum
2616 2927 2971 2997 profanarum
2996 2926 3138 2996 apud
3167 2926 3269 2979 hos
3295 2923 3531 2992 scripto-

1960 3035 2047 3075 res
2085 3020 2431 3089 explanatio;
2456 3019 2551 3075 sed
2585 3020 2729 3074 haud
2760 3020 2873 3074 scio
2924 3034 2991 3073 an
3021 3018 3303 3089 operosius
3343 3015 3529 3079 fuerit,

1960 3125 2066 3165 non
2095 3111 2221 3166 dico
2242 3110 2371 3180 quid
2402 3112 2479 3165 illi
2503 3111 2570 3166 de
2599 3110 3106 3166 Christidivinitate
3136 3110 3377 3164 sentiant
3409 3122 3534 3177 per-

1959 3202 2171 3270 spicere
2198 3202 2394 3271 (mirus
2420 3203 2563 3256 enim
2591 3212 2676 3256 est
2696 3201 2915 3255 illorum
2947 3201 3111 3255 ardor
3141 3199 3321 3265 animi
3346 3200 3398 3251 in
3429 3198 3532 3251 hoc

1958 3293 2298 3347 delendendo
2327 3291 2581 3363 dogmate
2610 3302 2663 3347 et
2689 3302 2879 3363 aperta
2918 3295 2975 3348 in
3000 3292 3349 3362 praedicando
3381 3289 3533 3344 testi-

1962 3385 2187 3456 monia),
2236 3385 2332 3441 sed
2383 3395 2702 3455 argumenta
2748 3385 3032 3449 nonnulla,
3084 3385 3283 3455 quibus
3336 3386 3390 3440 iu
3426 3386 3531 3439 hoc

1959 3492 2158 3545 genere
2211 3488 2459 3545 utuntur,
2514 3477 2814 3544 explanare
2866 3485 2924 3532 et
2973 3475 3231 3531 omnibus
3284 3475 3529 3545 vestigiis

1957 3570 2232 3638 persequi.

2030 3661 2287 3717 Subsidio
2319 3660 2470 3718 fuere
2500 3661 2567 3716 ad
2598 3661 2716 3717 btec
2745 3659 3084 3731 expedienda
3116 3673 3252 3716 mss.
3285 3658 3530 3724 codices,

1956 3752 2411 3822 interpunctionis
2441 3753 2694 3817 mutatio,
2715 3751 3081 3821 parenthesis,
3110 3751 3205 3806 ubi
3243 3764 3379 3820 opus
3406 3749 3528 3813 fuit,

1957 3845 2245 3915 appositio,
2272 3854 2481 3899 attenta
2523 3844 2760 3914 denique
2802 3844 3046 3898 locorum
3080 3842 3375 3897 dillicilium
3401 3856 3532 3897 cou-

1959 3938 2221 3994 sideratio
2248 3947 2304 3992 et
2337 3950 2463 3991 cum
2501 3936 2626 3990 aliis
2655 3936 2899 4006 ejusdem
2926 3945 3022 3990 aut
3052 3936 3257 3991 diversi
3298 3936 3532 4004 scripto-

1956 4027 2037 4082 ris
2061 4027 2299 4083 collatio.
2326 4026 2451 4081 llaec
2489 4036 2675 4082 autem
2714 4026 2834 4081 sine
2865 4026 3116 4097 pluribus
3149 4026 3318 4092 notis,
3349 4025 3533 4095 iisque

1958 4120 2236 4176 interdum
2291 4120 2543 4189 prolixis,
2589 4122 2779 4176 navari
2820 4137 2929 4176 non
2960 4131 3288 4190 potuerunt;
3322 4122 3415 4176 sed
3449 4131 3531 4175 ta-

1957 4227 2087 4266 men
2120 4213 2306 4268 habita
2336 4222 2422 4268 est
2458 4228 2590 4268 cura
2615 4214 2925 4270 brevitatis.
2972 4215 3213 4269 Taedium
3245 4214 3379 4269 mihi
3408 4228 3534 4284 pro-

1957 4304 2102 4360 fecto
2153 4315 2209 4361 et
2251 4305 2560 4375 legentibus
2622 4308 2973 4377 peperissem,
3026 4306 3287 4376 justeque
3312 4308 3533 4378 gravior

1956 4395 2253 4452 voluminis
2300 4397 2522 4453 sarcina
2556 4397 2771 4465 luisset,
2800 4398 2847 4454 si
2877 4398 3298 4453 commentarios
3339 4397 3529 4466 Langi,

278 4490 466 4545 codice
490 4498 546 4545 et
574 4490 726 4560 regio
774 4489 1092 4557 Parisiensi,
1140 4494 1360 4562 suisque
1398 4502 1454 4547 et
1492 4493 1725 4547 aliorum
1758 4507 1855 4546 no-
1884 4495 1935 4554 D
1964 4489 2227 4557 Perionii,
2253 4489 2528 4545 Kortholti
2547 4500 2603 4545 et
2631 4491 2868 4545 aliorum
2899 4490 3290 4559 apposuissem,
3328 4490 3374 4543 si
3398 4487 3530 4543 locis

279 4584 349 4636 tis
396 4582 695 4638 illustravit
740 4596 805 4638 ac
855 4584 1361 4654 interpretationem
1416 4584 1665 4655 pluribus
1714 4584 1850 4640 locis

275 4674 608 4728 emendavit.

354 4766 626 4834 llermias,
674 4770 853 4839 inquit
884 4769 1168 4825 Fabricius
1200 4812 1216 4837 ,
1250 4770 1381 4824 vidit
1420 4770 1589 4825 lucem
1621 4772 1853 4841 primum

277 4878 342 4914 ea;
375 4860 468 4915 Jo.
501 4862 690 4918 Jacobi
718 4863 949 4934 Fuggeri
972 4865 1152 4919 codice
1192 4882 1313 4918 cum
1344 4866 1578 4920 versione
1610 4864 1851 4934 Raplme-

279 4954 348 5009 lis
381 4955 571 5011 Seileri
595 4956 917 5027 Augustani,
948 4956 1119 5012 Basil.
1146 4957 1286 5013 1555
1314 4958 1368 5012 in
1394 4959 1471 5024 8°,
1497 4957 1721 5012 additus
1751 4956 1852 5012 De-

280 5051 459 5104 metrii
508 5049 732 5120 Cydonii
756 5050 988 5104 orationi
1012 5049 1076 5103 de
1102 5058 1269 5104 morte
1314 5051 1733 5104 contemnenda:
1766 5064 1852 5104 at-

280 5160 379 5213 que
404 5145 541 5197 inter
582 5154 777 5197 ueteres
821 5144 1025 5215 aliquot
1052 5142 1320 5212 theologos
1348 5140 1586 5208 Gra’cos,
1631 5158 1850 5196 excusas

282 5236 471 5306 Tiguri
514 5252 653 5289 anno
678 5236 817 5290 1560
840 5235 964 5305 fol.,
997 5234 1178 5290 Greece
1200 5246 1248 5288 et
1289 5234 1479 5290 Latine
1505 5245 1722 5289 curante
1745 5234 1850 5290 Ge-

280 5344 453 5382 snero.
508 5326 707 5379 Deinde
760 5336 819 5380 ut
869 5326 1092 5381 Latinas
1122 5327 1379 5380 editiones
1406 5328 1461 5380 in
1503 5327 1849 5383 Bibliothecis

278 5419 510 5472 Patrum
560 5420 807 5489 repetitas
836 5421 1099 5484 omittam,
1137 5418 1320 5473 Graece
1354 5428 1406 5472 et
1425 5417 1615 5474 Latine
1658 5421 1852 5473 iterum

279 5529 400 5564 cum
426 5513 866 5582 castigationibus
909 5510 1195 5566 Frontonis
1240 5511 1425 5566 Πειιωὶ
1470 5513 1526 5567 in
1557 5514 1853 5567 Auctuario

280 5607 551 5661 Ducwano
585 5603 760 5659 Paris.
795 5606 934 5659 1624
961 5607 1017 5659 in
1059 5605 1181 5674 fol.,
1206 5615 1332 5659 tom.
1365 5603 1420 5673 Ι,
1449 5614 1499 5659 et
1542 5607 1611 5659 ad
1655 5607 1853 5659 calcent

280 5700 485 5752 Justini
516 5700 765 5768 martyris
813 5696 993 5754 Paris.
1045 5698 1205 5757 1615.
1242 5699 1380 5752 1656
1428 5708 1479 5752 et
1511 5698 1699 5753 Colon.
1737 5703 1851 5754 sive

278 5790 452 5853 potius
503 5790 813 5861 Vitteberga:
846 5789 985 5846 1686
1008 5792 1061 5845 in
1092 5791 1188 5861 fol.
1216 5791 1452 5860 Denique
1483 5806 1600 5846 cum
1625 5789 1720 5848 Th.
1748 5790 1853 5847 Ga-

1959 4583 2341 4638 communibus
2368 4598 2459 4639 res
2488 4584 2892 4638 ecclesiasticas
2921 4593 2977 4637 et
2998 4584 3252 4652 profanas
3283 4582 3528 4636 illustra-

1960 4690 2019 4730 re
2069 4676 2342 4741 libuisset,
2382 4686 2438 4731 et
2468 4675 2731 4745 quidquid
2775 4674 2867 4729 alii
2917 4686 3009 4729 aut
3049 4675 3227 4730 minus
3247 4676 3532 4730 commode

1957 4768 2305 4839 interpretati
2343 4777 2491 4835 sunt,
2545 4778 2639 4823 aut
2691 4768 2874 4823 minus
2910 4768 3073 4824 docte
3111 4770 3343 4837 opinati,
3376 4767 3533 4837 quid-

1956 4864 2087 4932 quid
2116 4878 2145 4916 a
2173 4863 2365 4918 Bibliis
2422 4863 2627 4917 nostris
2667 4862 2872 4917 habent
2921 4862 3255 4917 discriminis
3303 4862 3466 4916 citata
3499 4877 3531 4915 a

1956 4955 2169 5011 Justino
2199 4964 2255 5010 et
2290 4953 2593 5024 Tbeophilo
2647 4956 2979 5020 testimonia,
3038 4954 3319 5024 colligere.
3364 4955 3419 5008 ln
3446 4954 3532 5009 his

1956 5047 2213 5103 omnibus
2264 5047 2478 5103 delectu
2522 5062 2658 5116 opus
2707 5062 2829 5103 esse
2891 5047 3058 5103 duxi:
3105 5045 3530 5100 Adnotationum

1955 5155 2177 5209 operam
2210 5139 2352 5194 intra
2383 5149 2674 5195 contextus
2706 5151 2762 5195 et
2790 5140 3081 5211 scriptoris
3115 5139 3401 5194 sententiae
3453 5139 3534 5190 in-

1959 5234 2317 5305 telligentiam
2369 5235 2520 5289 soleo
2566 5248 2863 5299 coercere;
2896 5236 3135 5289 virorum
3169 5232 3528 5297 eruditorum,

1956 5329 2047 5396 qui
2085 5338 2213 5381 ante
2240 5342 2326 5382 me
2351 5328 2561 5381 utiliter
2588 5325 2928 5393 laborarunt,
2980 5324 3409 5387 observationes,
3441 5324 3531 5376 ubi

1957 5419 2089 5474 mihi
2130 5420 2310 5474 minus
2362 5420 2686 5488 probantur,
2725 5418 2918 5487 paucis
2968 5416 3192 5472 refello:
3224 5417 3315 5471 ubi
3348 5416 3534 5470 viden-

1961 5522 2049 5566 tur
2072 5506 2416 5581 adoptandae,
2450 5511 2685 5567 libenter
2710 5511 2946 5576 ascisco,
2995 5513 3079 5566 sic
3128 5519 3307 5564 tamen
3337 5519 3397 5563 ut
3427 5511 3534 5578 ple-

1957 5622 2189 5676 rumque
2234 5607 2289 5661 in
2319 5606 2543 5662 brevius
2577 5617 2869 5676 cogantur,
2903 5620 3005 5661 nec
3033 5605 3215 5661 debita
3246 5605 3531 5674 quisquam

1956 5699 2115 5754 laude
2144 5699 2456 5754 lraudetur.

2026 5790 2234 5848 Novam
2292 5791 2804 5861 interpretationem
2836 5791 3109 5864 praecipue
3149 5788 3532 5847 desiderabant
