3932 6258
288 607 553 673 Dialogus,
579 603 946 669 Athenagorae
979 599 1153 652 Liber
1181 599 1244 650 de
1267 593 1645 649 resurrectione
1675 596 1731 642 et
1761 595 1870 640 tres

293 700 405 752 libri
432 692 737 762 Theophili.
789 691 947 745 Satis
1002 688 1114 743 luit
1176 688 1231 742 in
1286 684 1540 740 Oratione
1566 679 1766 734 Justini
1803 676 1871 730 ad

299 790 507 846 Crenas,
557 786 802 856 Epistola
851 785 925 836 ad
971 782 1305 851 Diognetum
1348 786 1402 832 et
1457 774 1692 830 Hermiaa
1741 786 1876 841 opu-

303 876 444 935 sculo
470 878 991 948 interpretationem
1020 874 1276 945 pluribus
1296 871 1434 926 locis
1467 866 1780 922 emendare.
1814 861 1872 916 ln

300 975 388 1026 hoc
411 982 589 1024 autem
622 969 811 1023 labore
835 968 892 1021 id
921 981 1075 1022 curae
1107 964 1236 1028 fuit,
1287 969 1348 1015 ut
1373 957 1598 1015 verbum
1621 957 1788 1011 verbo
1814 953 1877 1007 li-

298 1066 386 1119 dus
416 1063 696 1130 interpres
729 1058 1052 1121 redderem,
1098 1071 1206 1110 nec
1254 1052 1384 1106 mihi
1420 1052 1536 1105 sine
1563 1046 1877 1104 necessaria

297 1172 448 1212 causa
475 1153 759 1208 licentiam
792 1163 1093 1204 sumerem.
1151 1146 1330 1215 Eque
1353 1143 1498 1199 enim
1524 1140 1715 1210 religio
1736 1147 1879 1193 esset

295 1260 381 1303 aut
400 1249 465 1302 de
487 1246 734 1301 veritate
758 1243 1059 1312 quidquam
1103 1237 1432 1309 negligentia
1481 1234 1752 1296 deterere,
1785 1237 1879 1283 aut

297 1357 430 1407 eam,
461 1337 621 1409 quasi
652 1335 855 1390 debilis
878 1343 934 1388 et
962 1332 1181 1387 inﬁrma
1226 1331 1315 1392 sit,
1353 1337 1472 1382 astu
1519 1336 1875 1396 exaggerare.

298 1435 472 1502 Itaque
504 1429 803 1485 molestum
857 1424 1094 1480 fortasse
1126 1420 1405 1476 nonnullis
1427 1419 1534 1474 erit
1562 1415 1879 1473 testimonia

298 1526 360 1580 ad
383 1527 698 1593 dogmatnm
734 1517 1113 1575 defensionem
1143 1512 1585 1583 praeclarissima,
1622 1509 1718 1564 sed
1762 1521 1882 1576 quae

298 1619 406 1674 sola
434 1620 806 1684 interpretum
837 1609 1166 1665 auctoritate
1194 1606 1530 1668 nitebantur,
1556 1604 1609 1657 in
1629 1603 1732 1656 hac
1763 1615 1883 1655 mea

298 1716 755 1787 interpretatione
789 1726 898 1766 non
929 1705 1209 1777 reperire;
1241 1700 1405 1770 quale
1433 1705 1518 1752 est
1538 1694 1672 1750 illud
1703 1709 1769 1749 ex
1790 1691 1884 1746 Ju-

296 1812 417 1867 stini
438 1785 702 1878 Dialogo,
734 1821 794 1859 n.
823 1802 932 1858 88:
971 1797 1279 1852 Humanum
1322 1805 1485 1863 genus
1513 1804 1606 1858 per
1625 1785 1798 1841 Adam
1829 1785 1886 1838 in

297 1916 506 1961 mortem
536 1914 589 1958 et
629 1899 879 1971 fraudem
921 1891 1384 1956 seductionemque
1412 1883 1666 1953 serpentis
1699 1880 1877 1935 conci-

294 2001 472 2057 derat;
515 2006 572 2047 ut
599 1992 818 2046 interim
843 1985 1117 2056 propriam
1149 1995 1244 2050 pro
1278 1993 1332 2031 se
1354 1977 1583 2045 maligne
1613 1972 1880 2042 agentium

295 2089 547 2158 cujusque
591 2085 807 2153 culpam
848 2090 1068 2132 taceam.
1118 2071 1357 2128 Citatum
1421 2069 1583 2124 etiam
1618 2065 1718 2119 fuit
1749 2062 1882 2118 illud

294 2179 585 2250 Theophili
619 2193 689 2232 ex
717 2176 858 2230 libro
888 2189 959 2228 tt:
994 2168 1146 2236 Quod
1179 2174 1353 2219 autem
1384 2163 1484 2217 sibi
1507 2178 1599 2231 per
1628 2158 1885 2229 injuriam

297 2286 343 2328 et
389 2269 821 2327 inobedientiam
856 2268 1011 2320 homo
1064 2261 1436 2322 accersiverat,
1466 2255 1520 2308 id
1544 2254 1592 2308 ei
1621 2267 1761 2307 nunc
1786 2249 1885 2301 do-

299 2379 382 2420 nat
420 2365 593 2429 Deus,
630 2379 729 2431 per
769 2375 924 2415 suam
958 2355 1344 2410 humanitatem
1377 2358 1424 2403 et
1464 2341 1888 2400 misericordiam

299 2462 498 2529 faciens
529 2457 777 2510 homines
811 2452 910 2506 sibi
934 2450 1294 2514 obsequentes.
1317 2443 1624 2498 Contentus
1647 2437 1700 2490 in
1728 2448 1890 2489 causa

298 2551 531 2613 exstitit,
567 2563 670 2602 cur
711 2546 798 2601 his
833 2540 1162 2599 testimoniis
1190 2550 1310 2592 mea
1340 2529 1721 2601 interpretatio
1745 2540 1895 2582 care-

299 2653 400 2695 ret.
428 2640 544 2695 Sed
571 2640 684 2692 hoc
717 2637 998 2701 damnum,
1032 2633 1078 2687 si
1110 2640 1292 2686 tamen
1320 2628 1578 2682 damnum
1609 2620 1778 2675 videri
1809 2618 1896 2671 de-

299 2735 412 2797 bet,
466 2729 646 2785 multa
701 2729 810 2782 alia
859 2724 1313 2790 compensabant,
1365 2731 1486 2786 quae
1523 2713 1691 2769 certis
1726 2708 1897 2764 ratio-

302 2827 461 2879 nibus
495 2821 780 2876 adductus
805 2820 881 2873 ita
914 2816 1152 2881 reddidi,
1186 2820 1246 2866 ut
1289 2808 1574 2880 scriptoris
1618 2801 1893 2859 sententia

304 2918 354 2970 in
387 2913 709 2968 clarissima
756 2910 877 2963 luce
905 2907 1085 2978 posita
1117 2905 1211 2970 sit,
1238 2917 1300 2957 ac
1323 2909 1441 2956 tota
1483 2898 1550 2952 lis
1588 2895 1895 2951 dirimatur.

367 3007 619 3078 Operum
649 3002 900 3058 ordinem
925 3041 939 3065 ,
971 3000 1062 3068 qui
1095 2997 1162 3052 ad
1192 2994 1475 3050 arbitrium
1511 2991 1564 3044 in
1601 2985 1899 3058 superiori-

306 3077 791 3156 buseditionibus
823 3094 1102 3149 institutus
1137 3088 1337 3151 fuerat,
1365 3101 1433 3140 ex
1465 3081 1724 3152 temporis
1755 3077 1900 3132 notis

310 3193 660 3263 dirigendnm
687 3202 815 3242 esse
842 3186 992 3239 duxi.
1034 3181 1150 3236 Non
1184 3189 1361 3234 tamen
1406 3175 1690 3246 disiuncta:
1801 3169 1900 3224 Ju-

309 3261 438 3341 stini
464 3284 769 3353 Apologia}.
798 3277 1005 3346 Rejecti
1029 3277 1082 3330 in
1108 3272 1472 3342 Appendicem
1505 3265 1772 3338 suppositi
1802 3261 1901 3318 Ju-

311 3380 453 3432 stino
489 3375 659 3438 libri,
703 3373 846 3426 inter
873 3384 1007 3439 quos
1046 3376 1440 3437 praeceptorum
1472 3361 1675 3431 pietate
1705 3356 1907 3412 eminet

315 3468 558 3538 Epistola
600 3467 673 3519 ad
709 3463 910 3518 Zenam
931 3473 977 3515 et
1012 3460 1269 3516 Serenum
1295 3473 1314 3512 :
1347 3455 1445 3510 sed
1490 3467 1652 3522 quam
1697 3456 1906 3506 certum

315 3571 372 3615 et
398 3558 756 3614 manifestum
803 3564 889 3609 est
919 3567 1039 3607 eam
1071 3550 1267 3605 Justini
1305 3562 1413 3602 non
1454 3558 1575 3600 esse
1599 3582 1614 3608 ,
1662 3551 1770 3595 tam
1815 3539 1912 3594 ob-

322 3665 542 3709 scurum
576 3658 634 3703 et
666 3646 944 3699 incertum
972 3649 1057 3695 est
1089 3652 1196 3707 quo
1229 3634 1573 3706 potissimum
1606 3629 1807 3697 scripta
1842 3625 1914 3681 sit

325 3754 586 3810 tempore.
613 3736 934 3804 Sequuntur
961 3734 1067 3786 duo
1088 3743 1271 3798 opera,
1306 3726 1365 3780 S.
1397 3721 1660 3793 martyris
1692 3718 1913 3788 quidem

325 3838 540 3891 nomine
568 3832 641 3889 ob
680 3841 936 3886 errorum
974 3835 1243 3876 venenum
1288 3818 1546 3887 indigna,
1591 3814 1686 3868 sed
1735 3823 1915 3866 tamen

331 3928 460 3982 satis
503 3927 695 3981 idonea
721 3962 745 3988 ,.
787 3933 914 3991 quae
961 3917 1172 3986 legendi
1221 3923 1277 3968 et
1325 3905 1690 3979 cognoscendi
1734 3900 1917 3958 studia

331 4024 698 4074 commoveant
727 4029 744 4070 :
779 4008 1066 4080 Eapositio
1103 4015 1257 4057 recta:
1287 3997 1634 4067 confessionis
1664 4033 1680 4059 ,
1721 3993 1775 4047 in
1809 4003 1918 4061 qua

334 4111 493 4179 spirat
517 4109 741 4164 hzeresis
769 4101 1148 4162 Nestoriana;
1175 4102 1227 4150 et
1257 4092 1589 4158 Quwstiones
1615 4103 1678 4143 ac
1703 4099 1919 4153 respon-

335 4176 492 4257 siones
532 4204 602 4255 ad
645 4201 1019 4257 orthodoxos,
1052 4203 1174 4259 quae
1213 4183 1524 4256 Pelagianis
1570 4177 1800 4235 maculis
1844 4176 1925 4229 in-

331 4297 492 4366 signes
538 4305 686 4352 sunt.
732 4292 884 4348 Aliae

317 4364 423 4445 telis
447 4392 761 4462 dogmatum
793 4379 1065 4440 mirabili
1101 4376 1228 4447 styli
1275 4369 1635 4430 similitudine
1671 4364 1927 4420 eumdem

307 4456 567 4552 parentem
599 4482 878 4538 referunt
907 4489 981 4528 ac
1019 4469 1351 4535 Qutestiones
1373 4475 1421 4519 et
1457 4459 1827 4531 responsiones
1859 4456 1927 4508 ad

299 4581 630 4636 ort/todoxos.

1314 381 1376 436 D.
1416 370 1681 432 MARANI
1716 361 2106 425 PREFATIO.
2146 389 2215 399 —
2249 356 2428 413 PARS
2458 356 2495 408 l.

281 527 501 581 utraque
548 509 738 565 Justini
779 505 1086 575 Apologia,
1141 502 1305 556 Liber
1348 501 1411 554 de
1465 494 1774 552 monarchia
1817 494 1948 556 et;
1976 485 2120 540 Actis
2181 479 2441 550 martyrii
2484 475 2542 531 S.
2593 471 2827 534 Justini,
2873 481 2994 581 qua:
3041 465 3230 520 Graece
3263 471 3316 516 et

3479 329 3549 384 29.

3362 460 3550 514 Latine

1974 585 2096 649 post
2155 569 2585 644 Papebrochium
2636 564 2820 627 edidi,
2864 568 2920 615 et
2967 557 3285 628 fragmentis
3326 567 3550 623 operum

1975 647 2383 737 deperditorum
2421 659 2619 716 Justini
2632 697 2646 721 ,
2684 653 2898 710 Tatiani
2924 661 2980 707 et
3007 647 3315 720 Theophili.

2046 736 2178 814 Usui
2215 755 2369 811 fuere
2411 753 2517 808 duo
2564 756 2814 805 recentes
2875 758 3006 798 mss.
3059 741 3310 806 codices,
3357 736 3554 807 quibus

1975 849 2158 908 omnia
2187 845 2388 903 Justini
2421 851 2534 898 tam
2573 840 2802 912 genuina
2847 851 3010 906 quam
3062 833 3342 902 supposita
3387 843 3554 898 opera

1978 940 2347 1003 continentur,
2399 933 2539 989 alter
2583 947 2614 986 e
2645 928 2814 998 Regia
2857 926 3182 982 bibliotheca
3222 922 3349 976 olim
3388 919 3554 981 2270,

1979 1046 2124 1087 nunc
2178 1028 2325 1094 450,
2375 1026 2511 1081 alter
2559 1038 2626 1079 ex
2677 1020 3120 1076 Claromontana.
3167 1016 3436 1070 Praeterea
3485 1012 3554 1064 ad

1983 1123 2414 1180 Cohortationem
2438 1115 2663 1173 adhibiti
2690 1113 2822 1184 regii
2841 1110 3054 1167 codices
3073 1105 3560 1178 perantiqui,nunc

1981 1217 2080 1273 451
2129 1223 2182 1272 et
2212 1214 2350 1279 474,
2386 1211 2515 1268 olim
2550 1209 2688 1266 227i
2712 1249 2729 1273 ,
2761 1216 2816 1262 et
2849 1205 3024 1270 2919;
3072 1211 3128 1258 et
3172 1199 3553 1260 Colbertinus,

1982 1308 2074 1380 qui
2105 1321 2250 1362 nunc
2280 1304 2462 1375 regius
2489 1312 2574 1358 est
2604 1301 2694 1357 l9.
2724 1302 2806 1354 Ad
2839 1295 3138 1367 Epistolam
3179 1293 3251 1348 ad
3289 1289 3488 1346 Zenam
3513 1299 3561 1343 et

1985 1399 2242 1454 Serenum
2273 1394 2407 1463 regii
2433 1393 2649 1449 codices
2681 1390 2777 1445 451
2807 1398 2863 1444 et
2897 1386 2995 1443 174
3015 1427 3030 1453 ,
3061 1400 3125 1440 ac
3156 1391 3421 1453 prmterea
3453 1381 3560 1434 duo

1982 1489 2423 1553 Claromontani,
2458 1486 2550 1558 qui
2591 1494 2770 1539 tamen
2817 1484 2894 1538 ita
2937 1480 3152 1552 gemelli
3194 1484 3353 1542 sunt,
3388 1484 3450 1530 ut
3495 1491 3564 1529 ex

1984 1584 2173 1639 eodem
2205 1581 2391 1637 codice
2427 1587 2657 1646 uterque
2689 1573 2996 1643 descriptus
3047 1571 3119 1627 sit
3167 1570 3254 1627 vel
3303 1570 3446 1624 alter
3497 1581 3566 1621 ex

1986 1677 2177 1731 altero.
2221 1673 2389 1728 [idem
2416 1667 2827 1726 Claromontani
2857 1666 3072 1721 codices
3103 1679 3227 1720 cum
3260 1663 3428 1733 regiis
3459 1662 3566 1718 958

1986 1778 2043 1823 ct
2084 1765 2249 1832 1268,
2295 1772 2352 1820 et
2398 1763 2611 1818 duobus
2658 1757 3027 1825 Coislinianis,
3077 1770 3307 1827 quorum
3359 1753 3569 1824 primus

1981 1861 2176 1918 decimi
2223 1858 2410 1914 saeculi
2445 1871 2569 1912 esse
2609 1855 2873 1917 creditur,
2906 1852 2975 1906 ad
3016 1848 3413 1917 Expositionem
3443 1846 3569 1913 ﬁdei

1984 1952 2382 2010 emendandam
2411 1945 2752 2019 profuerunt.
2805 1942 3108 2012 Confutatio
3141 1939 3438 1994 Aristotelis
3479 1937 3572 1990 do-

1983 2051 2219 2113 gmatum
2245 2040 2443 2097 collata
2472 2053 2596 2093 cum
2613 2036 2760 2106 regio
2781 2034 2945 2089 2155.
2968 2033 3329 2101 Athenagorae
3357 2028 3571 2099 Legatio

1986 2135 2179 2190 collata
2201 2149 2324 2188 cum
2349 2131 2556 2188 duobus
2580 2129 2742 2199 regiis
2763 2128 2894 2192 451,
2926 2124 3052 2190 174,
3079 2122 3253 2178 tribus
3284 2119 3574 2184 Romanis,

1987 2239 2216 2293 quorum
2245 2225 2351 2278 duo
2380 2236 2448 2276 ex
2487 2219 2873 2279 Ottoboniana,
2911 2215 3052 2270 alius
3087 2228 3155 2269 ex
3188 2212 3460 2268 Vaticana
3487 2209 3576 2264 bi-

1989 2315 2283 2379 bliotheca,
2314 2310 2737 2366 Claromontano
2781 2316 2838 2363 et
2866 2305 2977 2361 alio
3024 2319 3094 2359 ex
3129 2303 3452 2360 bibliotheca
3489 2302 3580 2356 in-

1993 2406 2296 2463 stitutionis
2330 2403 2567 2459 Oratorii
2617 2400 2971 2456 Parisiensis.
3027 2397 3282 2467 Ejusdem
3323 2394 3480 2449 Liber
3517 2395 3583 2449 de

1994 2495 2376 2552 resurrectione
2403 2493 2636 2549 collatus
2665 2506 2788 2547 cum
2843 2490 3042 2544 iisdem
3099 2485 3382 2542 codicibus
3418 2484 3583 2554 regiis

1993 2589 2120 2656 451,
2154 2586 2282 2653 1⁸14,
2331 2585 2459 2650 450,
2491 2594 2547 2638 et
2597 2582 2807 2637 duobus
2859 2575 3302 2634 Claromontanis
3328 2614 3344 2640 ,
3378 2575 3578 2644 quibus

1997 2692 2276 2735 accessere
2316 2676 2482 2729 varia:
2523 2673 2785 2729 lectiones
2821 2671 2951 2726 olim
2979 2671 3046 2725 ab
3077 2667 3452 2724 eruditissimo
3483 2664 3577 2719 Bi-

1997 2780 2091 2843 got
2113 2786 2144 2827 e
2173 2785 2278 2827 ms.
2307 2768 2498 2824 codice
2523 2765 2809 2828 collectae',
2840 2777 2961 2831 quae
2993 2763 3050 2817 in
3075 2759 3404 2817 bibliotheca
3439 2758 3576 2812 San-

1998 2862 2340 2936 germanensi
2382 2867 2754 2916 asservantur.
2792 2856 2956 2912 Liber
2997 2871 3061 2912 ιιι
3105 2852 3391 2922 Theophili
3421 2851 3588 2907 colla-

2003 2967 2090 3011 tus
2117 2971 2239 3011 cum
2271 2954 2420 3025 regio
2446 2951 2570 3008 887.
2599 2949 2851 3006 Hermias
2883 2963 3006 3002 cum
3059 2946 3273 3003 duobus
3304 2944 3589 3008 Romanis,

2006 3049 2182 3103 altero
2212 3047 2472 3102 Vaticano
2511 3053 2566 3100 et
2607 3043 2782 3098 altero
2807 3039 3192 3097 Ottoboniano.
3223 3039 3590 3093 Romanorum

2004 3140 2252 3196 codicum
2300 3139 2482 3194 varias
2532 3137 2795 3192 lectiones
2869 3134 3039 3191 debeo
3097 3130 3307 3186 duobus
3363 3129 3594 3185 eruditis

1929 3255 1976 3319 ρ
2006 3243 2207 3290 nostra:
2235 3231 2674 3302 congregationis
2721 3229 2772 3282 in
2819 3227 2969 3282 curia
3001 3226 3241 3279 Romana
3272 3229 3594 3293 procurato-

2015 3328 2188 3390 ribus,
2219 3327 2283 3381 D.
2308 3325 2563 3380 Etiennot
2588 3336 2645 3380 et
2668 3323 2735 3376 D.
2769 3320 2934 3376 Petro
2970 3318 3183 3378 Maloet,
3221 3330 3450 3385 quorum
3483 3313 3596 3384 pri-

2015 3432 2138 3473 mus
2173 3415 2516 3486 Legationem
2559 3417 2921 3484 Athenagora:
2967 3425 3092 3464 cum
3127 3407 3339 3464 duobus
3368 3405 3596 3460 Ottobo-

2013 3511 2194 3568 nianis
2225 3509 2479 3567 contulit.
2523 3507 2769 3563 Postulat
2801 3504 2943 3576 grati
2971 3502 3140 3557 animi
3169 3499 3426 3564 ollicium,
3461 3507 3520 3552 ut
3543 3507 3599 3552 et

2015 3603 2456 3662 doctissimorum
2485 3599 2668 3670 Regiae
2698 3595 3041 3653 bibliothecae
3071 3593 3352 3648 custodum
3381 3589 3446 3644 D.
3473 3588 3601 3644 Boi-

2016 3698 2110 3753 vin
2139 3705 2195 3751 et
2219 3696 2282 3750 Ι).
2315 3695 2380 3750 de
2403 3693 2666 3760 Targnies
2688 3700 2744 3746 et
2769 3703 2978 3752 eorum,
3001 3688 3095 3758 qui
3127 3685 3234 3741 illis
3258 3696 3597 3745 successere,

2019 3791 2276 3848 eximiam
2303 3789 2358 3843 in
2387 3802 2473 3842 me
2500 3784 2804 3854 adjuvando
2837 3780 3235 3836 humanitatem
3269 3786 3600 3832 commemo-

2018 3902 2154 3942 rem.
2196 3882 2411 3938 Prolixa
2434 3881 2601 3935 etiam
2630 3887 2685 3932 et
2729 3875 2974 3931 beneﬁca
3016 3872 3071 3926 in
3105 3886 3192 3925 me
3216 3869 3471 3924 voluntas
3507 3878 3603 3918 ex-

2021 3981 2160 4034 stitit
2190 3973 2470 4032 reverendi
2499 3970 2678 4024 Patris
2707 3965 2973 4021 Harduini
3001 4003 3016 4029 ,
3045 3976 3208 4031 quem
3240 3973 3399 4013 nemo
3423 3957 3606 4012 nescit

2026 4070 2381 4130 bibliotheca:
2413 4062 2629 4134 collegii
2671 4057 2999 4114 Parisiensis
3041 4053 3318 4111 societatis
3355 4048 3488 4105 Jesu
3517 4047 3608 4103 diu

2024 4165 2339 4239 praelectum
2377 4158 2570 4213 fuisse.
2621 4155 2704 4208 Ad
2751 4149 3058 4208 testimonia
3105 4144 3334 4210 Justini,
3376 4155 3499 4212 qua:
3541 4139 3610 4193 ab

925 4240 1267 4353 Quwitiones
1293 4240 1684 4345 etuConfutatio
1717 4270 1928 4324 Aristo-
2028 4259 2267 4326 Eusebio
2321 4253 2674 4315 referuntur,
2726 4245 2950 4303 adhibui
3005 4244 3188 4298 varias
3235 4240 3497 4296 lectiones
3541 4250 3610 4290 ex

2737 4350 2744 4353 _
3302 4331 3364 4353 ,μ
3399 4342 3506 4353 κη
3543 4339 3609 4353 Δ,

2029 4353 2309 4411 codicibus
2354 4361 2487 4403 mss.
2531 4350 2840 4411 excerptas,
2874 4351 2996 4401 quae
3044 4349 3255 4391 mecum
3299 4331 3368 4386 ab
3399 4342 3508 4383 uno
3541 4339 3610 4379 ex

2034 4446 2234 4502 nostris
2281 4456 2479 4498 novam
2524 4437 2819 4494 editionem
2866 4428 3086 4487 Eusebii
3121 4429 3374 4484 Historia:
3405 4436 3611 4491 praepa-

669 4569 962 4634 Secunda
1001 4528 1141 4636 pars
1171 4558 1497 4632 Appendicis
1529 4528 1802 4621 assignata
1830 4547 1936 4602 fuit
2037 4550 2198 4597 rante
2249 4534 2672 4593 communicatae
2716 4528 2960 4585 fuerunt.
