3932 6258
386 302 459 360 ‘23
1316 315 1373 370 S.
1412 316 1753 377 JUSTINUS
1787 321 2268 384 PHILOSOPHUS
2301 327 2391 385 ET
2429 329 2739 390 MARTYR.
3577 354 3648 405 ‘2‘

406 468 3610 526 Ἥ...

1286 606 2140 708 ΡΒᾹΞΓΑΤΙΟΝΙΞ
2228 616 2520 711 PARS
2595 622 2686 711 ΙΙ

481 778 555 841 In
605 796 736 862 qua
780 781 984 850 multa
1011 790 1470 866 expenduntur
1510 794 1591 859 ad
1644 799 1882 865 Justini
1928 799 2302 943 ettaliprum
2350 802 2692 885 religionis
2736 804 3147 871 defensorum
3179 806 3529 871 doctrinam

1841 896 1992 943 snec
2024 897 2101 942 an
2136 898 2217 943 ιδ.

1841 896 2217 958 spectantia.

876 1103 1107 1161 CAPUT
1149 1107 1439 1168 PRIMUM.

431 1285 644 1357 atinas?
666 1286 748 1339 An
774 1288 885 1355 ipse
907 1288 1156 1345 Justinus
1185 1293 1324 1348 hanc
1349 1296 1414 1351 de
1448 1296 1614 1353 Verbo
1638 1285 1935 1357 doctrinam

426 1354 487 1406 in
541 1352 803 1411 Platonis
827 1359 1012 1413 schola
1060 1365 1328 1433 percepit?

353 1460 393 1513 Ι.
418 1464 643 1545 Platonis
666 1470 951 1545 testimonia
977 1472 1041 1522 de
1078 1474 1205 1545 ideis
1229 1482 1285 1526 et
1308 1489 1416 1545 At]?
1436 1494 1523 1545 ‘ex
1538 1481 1730 1545 Timaeo
1752 1483 1927 1545 Locro.

425 1506 441 1514 -
464 1506 643 1515 ---πη-..-
668 1506 951 1521 “mu-uvam
977 1506 1041 1522 υυ
1079 1506 1205 1525 nucum
1229 1506 1285 1526 σι
1320 1506 1363 1529 ιο
1456 1506 1523 1531 c1
1554 1506 1730 1533 ιιιιιωυ
1752 1506 1927 1536 ιιυιῖΐυ.

414 1526 475 1602 ii.
500 1528 892 1602 {iliacas-Timaeo
913 1538 1282 1602 expenduntur.
1308 1506 1551 1602 lIfQuid
1575 1546 1641 1594 sit
1664 1544 1799 1602 apud
1820 1549 1932 1598 Pla-

413 1593 917 1668 gonergiunlgenitus,
947 1593 1084 1668 D_'_eus
1106 1601 1323 1668 genitus,
1352 1593 1647 1668 Dei‘imago.
1680 1593 1931 1659 Num—uin-

407 1649 522 1731 grum
546 1649 1014 1731 Plato'e'xistim'avit
1035 1649 1326 1731 perfectam:
1352 1649 1925 1731 Esgé'pé‘ifnﬁééiﬁéﬁi.

407 1672 689 1701 uumrlaw
708 1672 1014 1706 existimavit
1074 1672 1307 1711 enectam
1352 1678 1464 1714 esse
1498 1672 1591 1716 Dei
1638 1672 1923 1731 imaginem.

407 1709 901 1793 XLIEocus‘ce‘lebris,
927 1720 1011 1789 ubi
1035 1672 1177 1771 βιαιο
1199 1724 1263 1793 de
1288 1725 1475 1793 'l‘riat_le_
1490 1728 1623 1793 loqui
1668 1734 1800 1781 visus
1820 1742 1923 1793 .est,

405 1770 669 1845 Tetradem
705 1770 1078 1845 i’ythagoricam
1104 1770 1800 1843 νροιήἷηἒίίῂῖῗΙίξθ-ιίὶιίιξίυ

401 1833 533 1918 guis
547 1833 942 1918 ξιξίειιιιρλεθζει
980 1845 1179 1918 veritas.
1208 1833 1318 1918 vn.
1336 1833 1775 1918 Nih'ii'd'e'f'v'é'i-BS
1794 1833 1923 1918 εἶιῙᾶ

402 1896 941 1976 Platonem‘jigerunt
971 1908 1238 1976 scriptores
1263 1896 1470 1976 Justino
1510 1896 1924 1976 antiquioresraut

399 1960 631 2019 mquales.
658 1960 788 2012 VIII.
815 1965 1040 2017 Justinus
1066 1960 1213 2032 hujus
1244 1960 1479 2024 doctrinae
1491 1960 1921 2039 jé‘j'dii'dsi'id‘ﬁél

399 2021 599 2065 clcsiam
623 2027 833 2065 accessit

397 2027 599 2069 ctcstam
623 2027 849 2076 accessit.

405 2104 520 2160 Non
549 2112 885 2179 propositum
919 2114 1053 2170 mihi
1079 2124 1163 2172 est
1186 2118 1455 2189 quidquid
1484 2121 1571 2179 his
1598 2123 1651 2178 in
1687 2127 1914 2197 scriptis

331 2198 399 2251 ad
445 2200 754 2257 doctrinam
805 2207 1067 2275 pertinet,
1118 2210 1222 2265 hoc
1271 2211 1391 2267 loco
1445 2214 1706 2286 colligere
1745 2218 1914 2288 (hunc

327 2290 472 2346 enim
520 2292 574 2347 in
619 2309 774 2351 usum
817 2299 1070 2368 copiosus
1104 2301 1264 2359 index
1296 2305 1595 2364 instructus
1634 2309 1781 2380 est),
1810 2311 1906 2365 sed

325 2398 388 2437 ea
435 2392 642 2441 tantum
690 2393 1018 2462 expendere,
1050 2409 1173 2465 quas
1221 2399 1306 2453 vel
1350 2399 1565 2456 alienos
1607 2402 1660 2457 in
1712 2418 1905 2460 sensus

323 2478 556 2543 detorta,
587 2478 669 2534 vel
691 2495 791 2537 sua
820 2493 1012 2554 sponte
1038 2488 1271 2544 obscura
1300 2501 1356 2546 et
1378 2491 1614 2549 diﬂicilia
1641 2494 1696 2549 in
1728 2496 1899 2551 adno-
1932 2504 1974 2560 B

320 2570 620 2629 talionibus
648 2573 913 2632 illustrari
947 2589 1005 2635 et
1032 2581 1297 2652 explicari
1326 2600 1436 2641 non
1468 2597 1783 2655 potuerunt.
1823 2589 1900 2647 De

316 2661 519 2718 Christi
549 2665 770 2735 quidem
800 2669 1089 2728 divinitate
1117 2674 1395 2730 uberrima
1424 2686 1571 2733 esset
1592 2678 1897 2737 disserendi

314 2766 505 2824 seges,
536 2755 582 2811 si
614 2771 721 2812 non
752 2758 857 2817 hoc
880 2761 1069 2820 labore
1096 2780 1260 2835 quam
1291 2768 1441 2837 potui
1480 2772 1897 2829 accuratissime

314 2846 368 2896 in
401 2844 544 2901 notis
571 2847 860 2907 defunctus
885 2867 1085 2910 essem.
1116 2856 1225 2912 Sed
1270 2871 1518 2930 superest
1564 2863 1618 2918 in
1664 2864 1768 2921 hoc
1796 2880 1898 2937 ge-

312 2948 445 2990 nere
475 2952 580 2993 non
611 2947 1005 3003 contemnenda
1035 2950 1296 3017 quaestio,
1328 2968 1450 3022 qua:
1489 2955 1624 3010 mihi
1656 2959 1895 3015 maxime

311 3024 525 3080 videtur
549 3030 653 3084 mei
672 3045 794 3088 esse
818 3033 1073 3093 instituti.
1098 3037 1204 3106 Qui
1228 3040 1284 3096 in
1310 3042 1515 3099 Christi
1544 3046 1888 3105 divinitatem

308 3123 600 3185 postremis
678 3126 896 3181 sarculis
952 3129 1149 3199 impias
1207 3132 1424 3202 linguas
1476 3151 1781 3209 acuerunt,
1834 3144 1889 3199 hi

306 3208 592 3270 clamitare
638 3231 744 3273 non
793 3220 1011 3278 desiere
1056 3224 1213 3295 λόγον
1245 3230 1387 3293 apud
1434 3229 1716 3289 Platonem
1765 3208 1889 3291 esse

304 3316 594 3371 personam
617 3323 648 3363 a
669 3324 885 3369 summo
916 3314 1028 3371 Deo
1049 3317 1384 3390 distinctam,
1416 3333 1473 3379 et
1512 3325 1653 3380 hanc
1680 3326 1887 3383 doctri-

303 3409 430 3450 nam
460 3412 491 3453 e
520 3397 763 3459 Platonis
795 3407 978 3462 schola
1010 3410 1064 3465 in
1098 3410 1394 3469 Ecclesiam
1416 3458 1431 3483 ,
1455 3416 1598 3473 duce
1624 3418 1884 3477 facinoris

302 3483 585 3545 Piatonico
626 3489 846 3549 Justino
872 3537 888 3564 ,
937 3514 1210 3559 manasse.
1258 3504 1500 3563 Joannes
1532 3509 1780 3567 Clericus
1823 3512 1883 3569 in

300 3576 555 3645 Epistolis
582 3586 783 3640 criticis
807 3588 862 3653 7,
898 3589 951 3657 8,
981 3591 1035 3658 9,
1067 3591 1285 3651 Judaeos
1320 3598 1470 3667 ipsos
1508 3614 1575 3656 ac
1604 3601 1659 3657 in
1684 3603 1877 3673 primis

296 3667 581 3761 Philonem
626 3689 656 3730 e
685 3675 932 3736 Platonis
968 3681 1211 3741 fontibus
1255 3687 1505 3745 hausisse
1546 3667 1875 3761 pronuntiat

296 3760 560 3831 quidquid
609 3765 677 3820 de
721 3765 903 3825 Verbo
951 3771 1045 3828 Dei
1097 3774 1236 3831 Filio
1277 3788 1332 3833 et
1378 3760 1624 3838 omnium
1674 3788 1875 3857 opifice

294 3854 620 3911 docuerunt.
651 3858 709 3913 in
736 3859 841 3916 hoc
866 3861 1185 3920 Platonismi
1229 3870 1284 3924 in
1329 3871 1629 3930 Ecclesiam
1663 3854 1873 3937 inducti

292 3954 602 4000 commento
627 3987 643 4015 ,
676 3956 934 4020 tanquam
964 3954 1019 4009 in
1060 3972 1120 4014 re
1148 3969 1298 4015 certa
1333 3970 1389 4017 et
1419 3965 1696 4035 explorata
1720 4009 1735 4036 ,
1772 3985 1876 4025 nu-

291 4034 529 4101 perrime
574 4037 902 4102 Laurentius
953 4046 1291 4111 Moshemius
1340 4034 1694 4117 fundamenta
1720 4034 1875 4134 ijecit

290 4127 532 4184 omnium
565 4148 857 4203 nugarum,
889 4154 1024 4209 quas
1054 4142 1107 4197 in
1137 4143 1523 4206 dissertatione
1550 4151 1627 4207 De
1652 4127 1870 4211 tur-baut

288 4233 382 4285 per
408 4218 716 4280 Platonicos
748 4228 985 4287 Ecclesia
1013 4233 1267 4294 devolvit.
1298 4239 1432 4297 Cum
1473 4244 1589 4315 ipsa
1626 4245 1870 4307 Platonis

292 4312 728 4374 testimoniorum
761 4326 1129 4386 consideratio
1158 4332 1373 4389 videtur
1410 4337 1712 4408 legentium
1742 4345 1862 4400 ani-

286 4420 406 4463 mos
446 4411 649 4466 morari
691 4424 746 4469 et
774 4416 1050 4477 oblectare
1077 4438 1266 4493 posse;
1300 4437 1411 4483 tum
1446 4445 1579 4487 vero
1607 4434 1674 4489 de
1700 4434 1861 4493 Chri-

284 4498 465 4556 stiana
507 4504 789 4575 doctrina,
835 4524 1001 4580 quam
1038 4522 1219 4573 tamen
1265 4518 1321 4574 in
1370 4530 1521 4577 tanta
1570 4527 1863 4585 evidentiae

282 4591 406 4648 luce
451 4593 627 4651 fateor
656 4614 820 4670 opera
855 4619 975 4660 mea
1008 4621 1115 4663 non
1146 4609 1391 4681 indigere
1414 4654 1429 4676 ,
1461 4616 1599 4672 bene
1629 4622 1860 4676 meritu-

280 4698 400 4738 rum
431 4701 518 4741 me
545 4703 728 4760 spero,
752 4694 796 4748 si
823 4695 1228 4767 demonstrem,
1258 4718 1358 4760 nec
1386 4706 1668 4767 Platonem
1694 4716 1856 4771 Chri-

278 4776 444 4833 stiani
473 4780 541 4837 de
572 4781 712 4839 Filio
740 4785 833 4842 Dei
866 4788 1138 4859 dogmatis
1168 4795 1275 4851 ulla
1308 4814 1532 4867 prorsus
1561 4822 1695 4862 aura
1726 4825 1853 4880 per-

274 4869 459 4928 ﬂatum
492 4877 692 4949 fuisse,
726 4898 830 4940 nec
857 4883 1135 4943 Iustinum
1165 4889 1273 4947 ulle
1303 4892 1549 4955 Platonis
1593 4912 1689 4957 aut
1726 4869 1852 4960 Pla-

274 4966 579 5025 tonicorum
627 4975 894 5035 beneﬁcio
942 4980 1045 5038 hac
1093 4985 1144 5038 in
1179 5001 1238 5042 re
1265 5002 1420 5043 usum
1464 4989 1655 5048 fuisse.
1684 4992 1853 5052 Nobis

272 5059 436 5128 igitur
486 5063 875 5135 inquirendum
907 5084 1032 5142 est,
1068 5078 1195 5145 quid
1239 5081 1311 5136 sit
1356 5083 1498 5151 apud
1556 5084 1845 5144 Platonem

2036 1327 2152 1398 ipse
2183 1329 2381 1398 refert,
2411 1346 2533 1401 quae
2575 1347 2641 1390 ex
2676 1333 2881 1391 Timaeo
2912 1334 3123 1401 Locro,
3163 1337 3380 1409 insigni
3421 1339 3624 1412 Pythao

2034 1421 2221 1489 gorico
2260 1461 2276 1488 ,
2309 1423 2584 1481 audierat.
2619 1425 2710 1481 Sic
2753 1427 2944 1497 incipit
2977 1429 3068 1489 hic
3099 1429 3312 1487 libellus
3343 1451 3358 1488 :
3386 1433 3620 1505 Τίμαιος

2029 1514 2059 1566 ὁ
2091 1515 2303 1587 Λόκρος
2347 1516 2476 1570 τάδε
2510 1518 2615 1587 ἔφα
2644 1536 2657 1549 ·
2685 1520 2788 1576 Δύο
2827 1521 3006 1587 αἰτίας
3038 1520 3192 1595 εἶμεν
3220 1525 3328 1579 τῶν
3368 1528 3622 1599 ξυμπάνη

2028 1621 2137 1658 των
2158 1621 2171 1635 ·
2207 1606 2326 1660 νόον
2363 1608 2461 1679 μὲν
2489 1609 2596 1662 τῶν
2625 1611 2764 1666 κατὰ
2794 1612 2951 1683 λόγον
2981 1617 3312 1688 γιγνομένων
3334 1636 3347 1650 '
3370 1622 3616 1690 ἀνάγκαν

2024 1695 2081 1749 δὲ
2128 1696 2236 1750 τῶν
2291 1698 2386 1771 βίᾳ.
2432 1701 2647 1766 καττὰς
2675 1702 2936 1775 δυνάμεις
2987 1708 3096 1763 τῶν
3131 1710 3419 1782 σωμάτων.
3471 1717 3612 1770 Του-

2023 1786 2158 1841 τέων
2189 1789 2247 1842 δὲ
2279 1793 2379 1855 τᾶς
2410 1792 2631 1862 τάγαθῶ
2664 1794 2853 1864 φύσιος
2885 1793 3068 1869 εἴμεν,
3102 1800 3236 1856 Θεόν
3279 1822 3337 1858 τε
3390 1806 3612 1878 ὀνομαί-

2020 1880 2205 1934 νεσθαι
2228 1923 2243 1948 ,
2278 1884 2452 1956 ἀρχάν
2483 1904 2543 1940 τε
2575 1887 2686 1943 τῶν
2714 1891 2899 1962 ἀρχῶν
2922 1908 2935 1921 ο
2961 1892 3029 1946 τὰ
3061 1894 3118 1947 δὲ
3143 1896 3388 1967 ἑπόμενά
3420 1917 3478 1952 τε
3514 1902 3607 1954 καὶ

2020 1972 2265 2028 συναίτια
2315 1978 2396 2039 εἰς
2445 1977 2693 2047 ἀνάγκαν
2742 1981 3059 2051 ἀνάγεσθαι.
3095 1986 3178 2040 Τὰ
3210 1987 3267 2041 δὲ
3316 1987 3609 2059 ξύμπαντα

2019 2062 2165 2118 ἰδέαν
2187 2105 2203 2131 ,
2238 2065 2391 2133 ὕλαν,
2426 2069 2683 2141 αἰσθητόν
2715 2089 2794 2138 τε,
2819 2070 2928 2127 οἷον
2960 2074 3183 2145 ἔκγονον
3215 2080 3465 2135 τουτέων.
3491 2083 3607 2136 Καὶ

2012 2153 2072 2207 τὸ
2108 2156 2207 2225 μὲν
2239 2152 2392 2228 εἰμεν
2422 2159 2684 2229 ἀγένατόν
2716 2180 2774 2216 τε
2834 2165 2928 2218 καὶ
2979 2167 3256 2235 ἁκίνατον,
3309 2172 3402 2226 καὶ
3440 2173 3602 2243 μένον

2012 2260 2071 2296 τε
2084 2245 2176 2297 καὶ
2189 2248 2287 2310 τᾶς
2297 2248 2479 2302 ταύτῶ
2491 2249 2700 2319 φύσιος,
2715 2255 2905 2308 νοατόν
2929 2273 2986 2310 τε
3009 2259 3102 2312 καὶ
3116 2260 3465 2333 παράδειγμα
3490 2262 3601 2316 τῶν

2010 2340 2390 2410 γεννωμένων,
2446 2344 2611 2398 ὁκόσα
2678 2348 2737 2401 ὲν
2800 2348 3069 2422 μεταϐολᾷ
3143 2352 3275 2407 ἐντί.
3345 2354 3601 2419 Τοιοῦτον

2006 2428 2114 2501 γάρ
2137 2449 2190 2485 τι
2208 2432 2308 2487 τὰν
2332 2434 2474 2489 ἰδέαν
2489 2435 2743 2506 λέγεσθαί
2758 2457 2816 2493 τε
2840 2442 2933 2495 καὶ
2945 2443 3199 2497 νοεῖσθαι.
3227 2446 3337 2500 Τὰν
3370 2446 3427 2500 δὲ
3460 2447 3595 2503 ὕλαν

2003 2525 2296 2594 ἐκμαγεῖον
2342 2527 2436 2581 καὶ
2472 2530 2680 2602 ματέρα
2702 2571 2717 2597 ,
2759 2533 2983 2589 πθάναν
3030 2554 3092 2590 τε
3138 2537 3231 2591 καὶ
3263 2542 3595 2607 γεννατικὰν

2001 2611 2153 2687 εἶμεν
2185 2618 2285 2682 τᾶς
2315 2619 2504 2691 τρίτας
2536 2623 2837 2687 οὕσίας.....
2869 2625 2974 2681 Δύο
3005 2621 3084 2681 ὧν
3134 2628 3250 2683 αἵδε
3300 2631 3468 2702 ἀρχαὶ
3510 2634 3593 2685 ὲν-

1998 2708 2178 2762 αντίαι
2201 2726 2213 2739 °
2251 2703 2326 2763 ὧν
2358 2711 2419 2764 τὸ
2455 2712 2555 2783 μὲν
2603 2710 2740 2781 εἶδος
2789 2717 2946 2788 λόγον
2980 2718 3093 2791 ἔχει
3128 2721 3365 2793 ἄρρενός
3398 2741 3455 2777 τε
3491 2726 3588 2779 καὶ

1997 2802 2203 2873 πατρός
2226 2818 2240 2831 ·
2273 2802 2309 2855 ἀ
2342 2804 2399 2856 δὲ
2432 2802 2532 2857 ὕλα
2566 2806 2754 2878 θήλεός
2786 2826 2846 2862 τε
2880 2810 2974 2864 καὶ
3022 2812 3275 2885 ματέρος.
3301 2833 3320 2866 ι
3348 2814 3586 2873 Timaeus

1995 2887 2203 2946 Locrus
2234 2892 2349 2948 htec
2369 2893 2540 2949 dixit:
2573 2896 2720 2955 Duas
2740 2912 2863 2955 esse
2895 2903 3137 2957 omnium
3168 2918 3394 2962 causas:
3428 2922 3582 2963 men-

1998 2991 2102 3037 tem
2128 2984 2349 3054 quidem
2381 3002 2574 3044 eorum
2602 3004 2723 3059 quae
2752 2995 3052 3049 secundum
3089 2996 3362 3053 rationem
3398 3000 3537 3055 fiunt
3561 3041 3580 3067 ,

1990 3076 2371 3132 necessitatem
2419 3094 2549 3134 vero
2597 3094 2785 3136 eorum
2835 3098 2956 3153 quae
3001 3084 3056 3140 vi
3099 3087 3337 3155 quadam
3382 3104 3580 3144 secun-

1990 3167 2116 3222 dum
2142 3181 2435 3237 corporum
2458 3172 2749 3239 potentias.
2783 3171 2987 3229 Harum
3017 3190 3312 3233 causarum
3348 3180 3576 3237 alteram

1987 3273 2113 3314 esse
2133 3269 2345 3317 natura
2368 3261 2529 3328 illius,
2548 3276 2671 3331 quae
2697 3264 2824 3320 boni
2844 3265 3074 3335 dicitur;
3094 3279 3149 3325 et
3172 3270 3339 3325 Deum
3364 3274 3572 3339 vocari,

1986 3367 2051 3407 ac
2096 3367 2316 3408 causam
2361 3368 2653 3411 causarum
2686 3372 2851 3428 :quaa
2900 3374 3031 3417 vero
3066 3374 3477 3434 consequuntur
3515 3375 3573 3421 ει

1987 3450 2244 3513 tanquam
2280 3444 2603 3515 adiuvantes
2651 3464 2833 3505 causae
2890 3454 3178 3522 accedunt,
3222 3456 3288 3510 ad
3327 3460 3570 3513 necessi-

1983 3544 2148 3590 tatem
2204 3537 2433 3607 referri;
2486 3543 2701 3597 tandem
2754 3547 2937 3601 omnia
2968 3563 3089 3603 esse
3111 3590 3126 3615 ,
3162 3549 3362 3616 ideam,
3396 3562 3566 3607 mate-

1980 3626 2139 3695 riam,
2186 3630 2390 3685 sensiie
2436 3632 2587 3687 velut
2624 3635 2906 3705 utriusque
2957 3637 3151 3695 fetum.
3202 3641 3383 3712 Atque
3428 3642 3567 3698 illud

1979 3719 2199 3788 quidem
2234 3736 2353 3778 esse
2382 3723 2683 3795 ingenitum
2719 3736 2775 3782 et
2805 3728 3088 3786 immobile
3113 3740 3168 3787 et
3202 3748 3555 3802 permanens,

1978 3818 2033 3866 et
2052 3810 2170 3880 ejus
2208 3824 2445 3886 naturae,
2478 3831 2598 3887 qua:
2627 3817 2831 3874 dicitur
2862 3822 3106 3893 ejusdem
3128 3865 3144 3892 ,
3174 3825 3515 3897 intelligibile
3537 3868 3555 3894 ,

1974 3909 2253 3979 exemplar
2281 3911 2591 3981 genitarum
2637 3929 2855 3981 rerum,
2894 3930 3232 3988 quazcunque
3277 3919 3331 3975 in
3378 3931 3554 3976 muta-

1975 3998 2120 4053 tione
2152 4012 2459 4057 versantur.
2492 4004 2622 4061 Tale
2665 4006 2811 4062 enim
2845 4008 2975 4078 quid
3011 4011 3187 4064 ideam
3215 4010 3322 4067 dici
3356 4022 3411 4067 et
3456 4029 3552 4069 co—

1971 4091 2155 4160 gitari.
2185 4091 2469 4149 Materiam
2514 4108 2696 4153 autem
2730 4115 2853 4157 esse
2875 4116 3199 4172 expressum
3241 4121 3423 4164 rerum
3473 4109 3548 4163 si.

1969 4181 2306 4249 mulacrum,
2339 4193 2394 4240 et
2442 4197 2671 4244 matrem
2705 4200 2761 4246 et
2801 4195 3123 4263 genitricem
3164 4201 3336 4256 tertiae
3362 4216 3551 4256 essen-

1967 4269 2198 4327 tiam...
2240 4273 2379 4328 Sunt
2426 4276 2591 4343 igitur
2622 4279 2739 4335 haec
2771 4283 2878 4337 duo
2916 4289 3193 4344 contraria
3231 4292 3501 4362 principia
3528 4310 3547 4346 ι

1967 4375 2195 4430 quorum
2224 4365 2342 4420 idea
2388 4368 2660 4424 rationem
2692 4372 2858 4429 habet
2893 4378 3064 4432 maris
3091 4390 3145 4433 et
3172 4382 3344 4450 patris
3364 4421 3380 4447 ,
3428 4398 3543 4436 ma-

1965 4455 2101 4510 teria
2152 4472 2283 4514 vero
2323 4460 2537 4518 femina:
2559 4472 2613 4518 et
2638 4467 2849 4523 matris.
2891 4485 2911 4520 ι
2950 4466 3008 4523 In
3039 4470 3141 4526 hac
3164 4472 3350 4530 Timaei
3381 4473 3543 4530 Locri

1960 4549 2243 4621 oratione,
2313 4570 2489 4621 mens,
2564 4558 2732 4625 Deus,
2793 4560 2945 4626 idea,
3003 4564 3289 4635 exemplar
3344 4568 3537 4624 eodem

1960 4652 2188 4708 prorsus
2220 4658 2378 4699 sensu
2415 4659 2772 4716 usurpantur.
2800 4649 2922 4706 idea
2950 4654 3279 4724 principium
3310 4658 3538 4713 minime

1957 4730 2227 4799 otiosum,
2260 4734 2354 4788 sed
2395 4736 2541 4804 quod
2582 4736 2759 4794 locum
2810 4741 2979 4797 habet
3012 4746 3179 4801 maris
3228 4758 3282 4803 et
3328 4749 3532 4816 patris,

1952 4832 2011 4877 et
2051 4823 2352 4895 ingenitum
2378 4827 2660 4898 quidpiam
2688 4840 2771 4887 est
2805 4841 2859 4888 et
2889 4834 3168 4891 immobile
3211 4847 3265 4893 et
3310 4854 3532 4908 perma-

1951 4932 2109 4973 nens.
2157 4918 2376 4974 Nullum
2424 4921 2514 4977 hic
2564 4922 2728 4981 Verbi
2778 4941 2809 4981 a
2858 4942 3072 4984 summo
3121 4931 3233 4986 Deo
3279 4931 3527 4988 distincti

1949 5009 2263 5080 vestigium.

2017 5100 2073 5154 Id
2109 5103 2467 5161 conﬁrmatur
2511 5122 2579 5163 ex
2614 5109 2698 5166 his
2731 5126 2852 5180 quae
2897 5122 3243 5182 sequuntur:
3280 5117 3416 5188 Πρὶν
3445 5111 3524 5173 ὧν

268 5153 387 5208 me“
435 5165 488 5210 ει
520 5156 678 5229 λόγος
728 5178 755 5217 a
801 5167 1001 5235 quibus
1056 5171 1309 5229 conditus
1348 5184 1432 5230 est
1482 5180 1749 5247 mundus,
1781 5191 1882 5258 et]

268 5244 394 5276 ...ΛΑ
430 5251 566 5276 ...υ-,1
595 5255 838 5276 λη....ι--..
896 5255 1034 5276 ηιξ---
1080 5261 1117 5276 η
1158 5263 1170 5274 .
1242 5272 1251 5276 ,
1295 5264 1307 5276 .
1516 5270 1547 5276 _
1598 5271 1609 5276 -
1692 5273 1703 5276 _
1791 5275 1798 5276 ,

1990 5153 2432 5263 pavo—vv
2482 5153 2645 5272 λδγῳ,
2672 5153 2847 5276 getiam
2882 5153 2993 5259 tes;
3040 5224 3099 5259 τε
3131 5208 3225 5261 καὶ⁸
3262 5153 3392 5261 in:
3428 5211 3522 5263 καὶ

266 5244 395 5310 quid
428 5251 566 5318 apud
593 5255 843 5310 eumdem
892 5255 1040 5314 ﬁlius
1080 5261 1172 5317 Dei
1204 5272 1259 5318 et
1294 5264 1472 5337 imago
1515 5270 1610 5325 Dei
1659 5244 1835 5344 signi-

266 5335 450 5396 licent.

334 5432 411 5487 De
440 5433 576 5491 ideis
605 5451 669 5492 ac
696 5439 763 5495 de
797 5444 1007 5502 ratione
1042 5448 1138 5505 Dei
1180 5467 1286 5507 non
1320 5468 1494 5523 pauca
1528 5473 1833 5520 occurrunt

261 5522 400 5590 apud
447 5522 726 5628 Platonem
761 5549 775 5585 :
812 5534 911 5591 has
962 5550 1139 5595 autem
1193 5522 1379 5615 ideas,
1432 5549 1575 5607 hunc
1611 5553 1768 5628 logon
1799 5575 1831 5615 a

258 5627 473 5671 summo
515 5615 625 5671 Deo
659 5620 978 5680 distinctum
1009 5628 1211 5696 fuisse,
1246 5641 1305 5687 ut
1330 5650 1618 5704 personam
1651 5615 1720 5699 avb
1763 5660 1827 5702 eo

254 5705 530 5773 genitam,
598 5725 667 5766 ne
727 5718 1033 5785 Suspicatus
1085 5724 1303 5791 quidem
1358 5727 1589 5787 videtur.
1650 5736 1821 5804 Ipsius

256 5800 581 5857 sententiam
630 5806 894 5875 praeclare
923 5826 1240 5883 expressam
1274 5820 1540 5881 habemus
1562 5866 1576 5895 ,
1610 5842 1731 5883 cum
1767 5829 1821 5887 in

1943 5284 1972 5336 ὁ
1996 5284 2127 5348 Θεὸς
2149 5286 2475 5360 δημιουργὸς
2503 5291 2580 5345 τῶ
2609 5292 2893 5364 βελτίονος.
2932 5298 3080 5351 Ἐπεὶ
3104 5299 3161 5353 δὲ
3189 5300 3248 5353 τὸ
3282 5302 3519 5373 πρεσϐύ-

1943 5392 2099 5445 τερον
2138 5378 2339 5450 κὰρῤον
2382 5382 2497 5436 ἐστὶ
2528 5383 2605 5437 τῶ
2644 5386 2912 5459 νεωτέρω,
2950 5390 3042 5443 καί¹
3092 5391 3152 5445 τὸ
3191 5395 3518 5465 τεταγμένον

1943 5467 2049 5536 πρὸ
2076 5468 2152 5521 τῶ
2180 5471 2415 5526 ἁτάκτω·
2449 5473 2651 5544 ἀγαθὸς
2679 5477 2807 5532 ἃ)νὸ
2839 5479 2989 5545 Θεὸς,
3005 5482 3147 5554 ὀρῶν
3179 5502 3237 5538 τε
3264 5486 3361 5539 τὰν
3388 5486 3517 5540 ὕλαν

1940 5558 2232 5631 δεχομέναν
2254 5564 2351 5618 τὰν
2384 5566 2525 5620 ἰδέαν
2557 5570 2649 5621 καὶ
2683 5571 3064 5643 ἀλλοιουμέναν
3095 5577 3360 5640 παντοίως
3392 5577 3510 5648 μὲν,

1940 5652 2189 5717 ἀτάκτως
2214 5655 2289 5721 δὲ,
2311 5657 2416 5711 ἔδει
2448 5661 2496 5712 τ’
2529 5661 2608 5723 εἰς
2640 5661 2790 5729 τάξιν
2820 5664 2990 5718 αὐτὰν
3024 5667 3175 5735 ἄγεν,
3212 5670 3303 5721 καὶ
3336 5668 3394 5735 ἐξ
3422 5670 3513 5722 ἀο-

1940 5740 2138 5811 ρίστων
2170 5746 2475 5815 μεταϐολῶν
2521 5752 2601 5816 εἰς
2647 5753 2957 5825 ὡρισμέναν
3002 5762 3368 5823 καταστᾶσαι,
3420 5762 3506 5815 ἵνα

1933 5834 2181 5907 ὁμόλογοι
2211 5840 2299 5895 ταὶ
2329 5840 2627 5915 διακρίσεις
2654 5846 2760 5901 τῶν
2789 5849 3053 5919 σωμάτων
3094 5852 3380 5920 γίγνοιντο,
3414 5856 3503 5908 καὶ
