3932 6258
217 347 279 402 25

1278 348 1345 405 D.
1391 346 1664 405 MARANI
1700 344 2091 402 PREFATIO.
2121 378 2191 389 —
2220 344 2401 401 PARS
2437 345 2503 399 Il.

3451 347 3522 404 20

216 466 282 536 μὴ
302 465 420 517 κατ’
440 463 760 535 αὐτόματον
783 464 1017 538 τροπὰς
1036 466 1286 538 δέχοιντο
1303 487 1316 502 ·
1335 469 1588 541 ἐποίησεν
1609 469 1687 523 ὦν
1700 467 1844 522 τόνδε

1954 469 2301 523 ratiocinatio
2329 467 2502 522 levem
2539 464 2686 519 illum
2713 473 2767 518 et
2797 464 3143 534 aequabilem,
3169 473 3223 519 et
3247 478 3313 519 ex
3344 467 3525 521 medio

211 558 293 610 τὸν
340 556 544 625 κόσμον
596 556 660 623 ἐξ
710 558 957 623 ἁπάσας
996 561 1124 628 τᾶς⁸
1157 560 1305 626 ὔλας.
1356 579 1375 613 t
1402 562 1703 630 Antequam
1746 561 1845 631 igi-

217 661 295 702 tur
334 648 525 703 enatum
582 648 822 703 ratione
881 652 1074 719 ﬁeret,
1102 662 1261 708 erant
1300 654 1416 709 idea
1455 662 1512 710 et
1566 654 1841 709 materia:

221 740 345 792 Deus
372 747 550 791 autem
594 739 874 797 melioris
931 742 1157 811 Opifex,
1209 745 1251 800 si
1302 744 1521 814 quidem
1558 744 1841 815 antiquius

217 830 405 898 juniore
433 840 702 898 praestat,
743 840 812 887 et
846 836 1007 902 quod
1038 835 1352 891 ordinatum
1388 845 1475 891 est
1505 836 1839 894 inordinate.

222 922 341 975 Deus
382 920 550 991 igitur
606 937 748 976 cum
803 925 886 979 sit
928 926 1150 991 bonus,
1194 936 1248 982 et
1291 926 1504 981 videret
1540 926 1836 981 materiam

217 1023 441 1079 capacem
472 1010 621 1065 idea:
656 1028 828 1080 esse,
860 1029 933 1068 ac
968 1014 1228 1071 omnibus
1262 1016 1480 1088 quidem
1513 1016 1714 1084 modis,
1744 1016 1841 1072 sed

218 1114 372 1155 tamen
403 1102 549 1156 citra
605 1104 892 1160 ordinem
930 1108 1181 1175 moveri;
1234 1123 1467 1178 cumque
1515 1122 1654 1177 opus
1696 1116 1842 1163 esset

217 1208 321 1247 eam
351 1195 403 1247 in
432 1193 702 1252 ordinem
746 1198 975 1270 redigi,
1001 1210 1060 1257 et
1094 1214 1163 1256 ex
1194 1200 1417 1256 inﬁnitis
1447 1201 1843 1257 mutationibus

218 1287 275 1338 ad
303 1298 505 1340 certam
540 1303 613 1342 ac
658 1288 982 1346 deﬁnitam
1024 1293 1306 1362 constitui,
1348 1301 1408 1347 ut
1436 1308 1726 1364 corporum
1755 1295 1841 1349 di-

214 1375 435 1431 visiones
476 1378 632 1433 inter
685 1395 755 1435 se
802 1396 924 1435 non
960 1382 1360 1452 discreparent,
1407 1398 1507 1439 nec
1541 1392 1743 1440 temere
1778 1398 1844 1438 ac

220 1466 428 1521 fortuito
458 1469 918 1528 vicissitudines
959 1474 1303 1543 acciperent;
1338 1474 1469 1530 fecit
1498 1475 1664 1546 igitur
1693 1477 1843 1533 hunc

222 1565 462 1615 mundum
506 1577 575 1617 ex
619 1572 744 1618 tota
779 1556 1063 1620 "materia.
1088 1584 1109 1618 ι
1142 1566 1347 1621 Caelum
1378 1582 1508 1640 ergo
1533 1567 1675 1640 λόγῳ
1708 1584 1842 1625 con-

227 1651 378 1797 ditur,
416 1654 513 1708 sed
537 1654 647 1735 .bic
685 1655 868 1725 λόγος
918 1672 1029 1713 non
1064 1657 1418 1730 distinguitur
1459 1660 1529 1715 ab
1559 1662 1700 1730 idea,
1741 1677 1843 1717 nec

227 1743 244 1796 i
280 1760 335 1797 ea
361 1761 389 1797 a
425 1747 564 1797 Deo.

227 1743 335 1797 idea
361 1761 389 1798 a
425 1747 564 1801 Deo.

1949 561 2310 631 undequaque
2356 557 2657 628 aqualem,
2704 566 2758 613 et
2795 565 2963 611 totum
3015 567 3071 612 et
3113 557 3411 628 perfectum
3457 573 3524 612 ex

1945 647 2204 719 perfectis
2232 648 2553 718 corporibus
2582 660 2777 717 corpus
2807 645 3005 701 eﬁ‘ecit.
3031 665 3052 699 ι

2017 742 2294 796 Immerito
2324 741 2469 795 hunc
2499 750 2831 810 postremum
2864 738 3040 793 locum
3073 739 3325 793 idoneum
3358 737 3527 793 fuisse

1945 831 2190 887 Clericus
2210 830 2507 895 existimat,
2531 829 2625 897 qui
2651 828 2977 883 Christianis
3001 829 3357 897 persuaderet
3382 828 3525 881 idem

1946 927 2012 979 de
2041 923 2221 981 Verbo
2265 921 2579 993 Seripturas
2629 930 2850 977 sanctas
2887 936 2953 975 ac
2988 920 3271 976 Platonem
3306 922 3525 975 docere.

1947 1017 2074 1073 Haec
2117 1017 2263 1072 enim
2299 1015 2396 1071 Dei
2446 1015 2814 1081 ratiocinatio,
2857 1015 3021 1069 etiam
3064 1015 3112 1068 si
3162 1015 3286 1083 quis
3335 1025 3529 1082 sponte

1944 1109 2219 1174 cmcutiat,
2241 1121 2517 1176 nunquam
2534 1106 2704 1162 videri
2736 1105 2914 1175 possit
2950 1119 3183 1176 persona
3216 1118 3245 1157 a
3278 1104 3386 1158 Deo
3413 1102 3529 1157 dis-

1947 1202 2134 1266 tincta,
2176 1216 2277 1255 nec
2312 1200 2461 1255 aliud
2508 1209 2615 1267 est,
2660 1214 2823 1269 quam
2858 1200 2974 1268 ipsa
3024 1197 3117 1251 Dei
3148 1196 3425 1267 cogitatio,
3468 1204 3529 1250 ut

1945 1294 1998 1348 in
2027 1295 2208 1364 priore
2233 1292 2548 1347 testimonio
2570 1291 2802 1361 appellat
2832 1289 3008 1345 Plato.
3036 1289 3113 1343 Eo
3141 1298 3320 1342 autem
3348 1289 3528 1343 minus

1944 1385 2167 1439 dubium
2202 1392 2308 1449 est,
2340 1384 2470 1452 quin
2503 1381 2658 1437 Plato
2689 1383 2756 1437 de
2785 1382 2898 1437 sola
2939 1380 3037 1435 Dei
3072 1380 3404 1451 cogitatione
3450 1378 3530 1433 lo-

1944 1485 2163 1549 quatur,
2201 1477 2344 1546 quod
2376 1477 2430 1531 in
2464 1487 2704 1545 utroque
2752 1474 2872 1529 loco
2921 1472 3255 1544 singularem
3296 1471 3405 1525 Deo
3433 1485 3530 1525 co-

1944 1568 2261 1638 gitationem
2305 1574 2359 1621 et
2405 1566 2877 1622 ratiocinationem
2932 1564 3213 1618 attribuat.
3256 1562 3313 1616 ln
3354 1562 3532 1632 primo

1946 1658 2091 1713 enim
2152 1657 2230 1712 ait
2297 1666 2513 1726 tempus
2568 1656 2747 1712 creari
2818 1655 3102 1719 debuisse,
3156 1663 3216 1708 ut
3271 1652 3533 1722 quemad-

1943 1749 2165 1804 modum
2200 1748 2389 1802 mundi
2422 1747 2703 1817 exemplar
2728 1754 2813 1800 est
2855 1760 2956 1815 per
2998 1759 3162 1799 omne
3192 1758 3389 1809 aavum,
3418 1743 3534 1797 sive

289 1835 400 1892 Non
435 1840 615 1895 multo
651 1850 791 1911 post
827 1841 954 1897 idea
994 1851 1223 1898 vocatur
1257 1843 1622 1916 intelligibilis
1652 1860 1839 1901 essen-
1870 1830 1914 1887 Β
1943 1856 2041 1911 per
2086 1854 2307 1896 omnem
2366 1839 2784 1902 aeternitatem;
2843 1837 2916 1890 ita
2972 1836 3207 1890 mundus
3249 1841 3393 1889 esset
3436 1849 3534 1904 per

229 1931 315 1995 tia,
352 1949 469 2000 qua:
499 1937 704 1989 omnia
738 1935 1011 1991 animalia
1053 1936 1106 1990 in
1138 1952 1197 1991 se
1226 1938 1630 2007 complectitur.
1679 1938 1841 2010 Κρά-

228 2039 395 2087 τιπος
423 2024 467 2077 δ’
502 2026 629 2077 ἐστὶ
662 2026 973 2093 γεννατῶν,
1005 2028 1129 2079 ἐπεὶ
1151 2027 1255 2081 ὑπὸ
1277 2028 1354 2080 τῶ
1379 2030 1660 2101 κρατίστω
1686 2029 1844 2082 attrito

231 2116 451 2182 ἐγένετο,
468 2116 807 2188 ἀφορῶντος
822 2119 924 2170 οὐκ
944 2120 1024 2182 εἰς
1043 2120 1381 2191 χειρόκματα
1401 2121 1841 2192 παραδείγματα,

357 2210 440 2271 εἰς
476 2208 583 2261 τᾶν
621 2209 776 2262 ἰδέαν
810 2211 903 2262 καὶ
931 2212 989 2274 ὲς
1021 2209 1120 2263 τὰν
1148 2212 1346 2266 νοατὰν
1380 2213 1568 2268 οὐσίαν
1589 2232 1602 2245 ·
1635 2215 1753 2269 ποθ’
1777 2217 1843 2271 ἄν

234 2318 327 2372 πρ
370 2301 431 2353 τὸ
481 2299 847 2371 γεννώμενον
885 2300 1272 2372 ὰπακριϐωθὲν
1323 2302 1609 2359 κάλλιστόν
1642 2323 1703 2359 τε
1749 2305 1844 2360 καὶ

238 2394 716 2465 ἀπαρεγχείρητον
764 2394 1034 2462 γίγνεται.
1082 2394 1298 2459 Τέλειος
1345 2396 1390 2449 δ’
1430 2396 1518 2449 ἀεὶ
1571 2396 1715 2451 κατὰ
1775 2397 1844 2451 τὰ

234 2489 461 2559 αἰσθητά
511 2492 696 2553 ἐστιν,
739 2488 824 2540 ὅτι
860 2488 1046 2541 καὶτὸ
1097 2490 1451 2561 παράδειγμα
1502 2491 1634 2561 τῆνο
1678 2490 1844 2544 αὐτοῦ

234 2580 479 2651 περιέχον
514 2580 710 2633 πάντα
748 2578 817 2632 τὰ
845 2579 1013 2633 vostri
1042 2580 1156 2645 ζῶα
1201 2582 1259 2634 ὲν
1287 2580 1455 2652 αὐτῷ,
1491 2581 1644 2635 οὐδὲν
1687 2583 1846 2644 ἐκτὸς

234 2672 494 2725 ἀπέλιπεν
539 2673 697 2738 ἄλλο,
739 2674 867 2746 ὅρος
895 2673 971 2729 ὢν
1002 2675 1207 2729 νοατῶν
1238 2675 1527 2746 παντελὴς,
1560 2674 1637 2739 ὡς
1693 2674 1779 2727 ὅδε
1816 2674 1845 2726 ὁ

235 2767 435 2835 κόσμος
496 2766 814 2838 αἰσθητῶν.
874 2766 1180 2836 «Optimus
1235 2775 1413 2821 autem
1473 2774 1557 2821 est
1610 2765 1845 2819 mundus

238 2859 479 2911 omnium
543 2874 737 2913 rerum
793 2859 1141 2928 genitarum,
1192 2857 1461 2928 siquidem
1508 2856 1576 2913 ab
1637 2856 1843 2925 optima

241 2968 395 3007 causa
442 2952 635 3007 factus
671 2962 795 3019 est,
843 2966 952 3007 non
988 2967 1153 3006 manu
1202 2952 1348 3006 facta
1398 2950 1727 3019 exemplaria
1763 2951 1848 3004 in-

244 3055 441 3115 tuente,
488 3046 591 3100 sed
640 3044 819 3100 ideam
863 3054 920 3100 et
963 3042 1366 3115 intelligibilem
1403 3044 1735 3107 essentiam,
1777 3041 1845 3096 ad

239 3154 395 3205 quam
430 3148 708 3193 accurate
744 3152 1065 3208 expressum
1099 3136 1151 3191 id
1184 3137 1329 3205 quod
1362 3134 1548 3201 ﬁebat,
1591 3134 1846 3203 pulcher-

240 3230 428 3282 rituum
463 3238 553 3283 est
594 3235 656 3282 et
688 3227 1128 3297 inexpugnabile.
1168 3225 1448 3282 Perfectus
1485 3237 1667 3280 autem
1699 3238 1843 3279 sem-

241 3334 331 3385 per
356 3331 442 3375 est
476 3322 533 3373 in
582 3321 752 3374 rebus
802 3318 1140 3375 sensilibus:
1175 3327 1459 3388 propterea
1512 3316 1656 3387 quod
1696 3317 1842 3371 illius

238 3412 557 3479 exemplar,
599 3411 747 3481 quod
798 3412 986 3467 omnia
1050 3409 1413 3480 intelligibilia
1469 3408 1729 3463 animalia
1788 3409 1843 3463 in

242 3505 421 3574 seipso
472 3505 907 3573 complectitur,
963 3503 1101 3558 nihil
1165 3512 1318 3558 extra
1372 3502 1597 3573 reliquit
1646 3502 1838 3568 aliud;

242 3601 437 3670 quippe
474 3614 603 3653 cum
649 3597 1080 3668 intelligibilium
1125 3595 1402 3667 perfectus
1441 3595 1514 3651 sit
1552 3595 1840 3662 terminus,

246 3692 710 3759 quemadmodum
740 3687 831 3742 hic
859 3687 1094 3741 mundus
1126 3685 1430 3741 sensilium.
1452 3704 1471 3738 ι
1517 3684 1664 3739 Nihil
1694 3685 1843 3740 aliud

249 3781 403 3851 igitur
431 3790 516 3835 est
554 3781 701 3846 idea,
746 3779 954 3834 Timazo
977 3778 1183 3849 judice,
1213 3794 1377 3849 quam
1408 3779 1645 3834 essentia
1681 3777 1845 3833 intel-

250 3874 493 3944 ligibilis,
519 3888 646 3943 qua:
680 3874 865 3926 omnia
896 3872 1301 3941 complectitur,
1336 3887 1438 3927 nec
1467 3871 1628 3927 Otiosi
1657 3886 1844 3925 exem-

252 3968 414 4034 plaris
447 3974 638 4037 partes
667 3965 907 4020 sustinet
931 3964 983 4018 in
1022 3963 1226 4019 mundo
1255 3963 1515 4030 creando,
1544 3958 1844 4017 sedmatris

253 4070 304 4113 et
331 4061 529 4129 patris,
558 4067 751 4127 utpote
783 4059 904 4126 ipse
937 4057 1098 4111 Deus.

321 4150 387 4209 ll.
426 4151 605 4205 Totus
639 4148 882 4203 Platonis
927 4146 1162 4202 Timaeus
1217 4146 1356 4202 nihil
1392 4145 1537 4202 aliud
1577 4145 1694 4202 fere
1732 4155 1844 4214 est,

256 4259 413 4311 quam
449 4242 723 4313 prolixior
771 4240 1038 4310 expositio
1090 4239 1250 4309 hujus
1299 4239 1488 4294 Timaei
1536 4238 1699 4293 Locri
1745 4238 1842 4293 do-

257 4338 462 4390 ctrinae.
496 4333 555 4388 In
592 4335 697 4389 hoc
727 4344 907 4388 autem
946 4333 1160 4403 dialogo
1194 4333 1336 4388 ratio
1366 4342 1424 4389 et
1472 4334 1608 4389 ideze
1649 4332 1844 4387 divinae

256 4444 522 4499 nusquam
552 4428 623 4482 ab
658 4429 774 4496 ipso
808 4426 915 4480 Deo
942 4425 1376 4496 distinguuntur.
1407 4423 1695 4479 Rationem
1730 4423 1845 4478 sive

258 4521 413 4589 λόγον
466 4519 607 4573 nihil
662 4518 809 4573 aliud
862 4531 1013 4579 esse,
1061 4533 1220 4587 quam
1274 4516 1370 4571 Dei
1421 4516 1842 4585 cogitationem,

258 4622 407 4681 patet
436 4627 503 4665 ex
536 4611 625 4665 his
656 4610 837 4664 verbis
872 4625 923 4678 p.
950 4607 1088 4662 1052
1116 4626 1129 4662 :
1172 4608 1262 4674 Ἐξ
1291 4604 1385 4661 οὖν
1416 4606 1576 4676 λόγου
1611 4605 1705 4659 καὶ
1731 4605 1849 4658 δια-

260 4703 404 4766 νοέας
438 4700 577 4754 Θεοῦ
610 4699 865 4770 τοιαύτης
907 4697 1043 4771 πρὸς
1090 4700 1283 4769 χρόνου
1324 4698 1557 4765 γένεσιν,
1605 4696 1692 4748 ἴνα
1720 4711 1847 4763 γεν-

260 4796 391 4867 νηθῇ
420 4795 635 4865 χῴνος,
662 4791 811 4862 ἥλιος
837 4792 931 4843 καὶ
964 4790 1157 4862 σελήνη
1186 4791 1276 4843 καὶ
1308 4790 1465 4843 πέντε
1490 4788 1626 4842 ἄλλα
1650 4787 1845 4858 ἄστρα,

258 4889 484 4957 ἐπίκλην
516 4886 711 4955 ἔχοντα
741 4884 1029 4953 πλάνητες,
1062 4885 1140 4947 εἱς
1171 4882 1445 4955 διορισμὸν
1478 4883 1570 4935 καὶ
1602 4882 1848 4954 φυλακὴν

260 4979 505 5051 ἀριθμῶν
537 4981 730 5049 χρόνον
776 4978 988 5047 γέγονε.
1043 4996 1061 5029 t
1096 4979 1174 5032 Ex
1224 4978 1327 5031 hac
1374 4976 1536 5047 igitur
1574 4975 1668 5030 Dei
1701 4975 1848 5031 circa

261 5071 519 5141 temporis
547 5070 881 5124 creationem
914 5070 1120 5123 ratione
1142 5080 1197 5123 et
1223 5068 1577 5138 cogitatione,
1613 5078 1673 5120 ut
1706 5078 1849 5121 tem-

260 5178 361 5232 pus
407 5172 721 5226 crearetur,
750 5162 832 5217 sol
881 5170 937 5216 et
978 5161 1105 5215 luna
1151 5170 1208 5217 et
1255 5161 1359 5215 alia
1401 5162 1639 5231 quinque
1670 5168 1843 5224 astra,

258 5269 379 5322 quae
421 5254 890 5321 cognominantur
935 5253 1188 5322 planetae,
1234 5254 1305 5306 ad
1350 5253 1756 5307 distinctionem
1790 5260 1847 5307 et

260 5344 701 5400 observationem
749 5361 1105 5401 numerorum
1152 5345 1414 5415 temporis
1459 5345 1601 5399 facta
1646 5353 1794 5399 sunt.
1821 5363 1842 5397 ι

259 5436 321 5491 Et
355 5452 406 5505 p.
434 5438 607 5494 1049;
644 5438 831 5501 Οὕτως
862 5437 920 5490 δὲ
955 5438 1061 5501 πᾶς
1106 5438 1276 5502 ὅντως
1305 5438 1391 5493 ἀεὶ
1421 5437 1680 5509 λογισμὸς
1714 5435 1848 5491 Θεοῦ

262 5534 387 5605 περὶ
433 5534 525 5587 τόν
570 5535 701 5588 ποτε
752 5535 1016 5606 ἐσόμενον
1057 5526 1188 5587 Θεὸν
1238 5533 1537 5603 λογισθεὶς,
1580 5535 1724 5590 λεῖον
1756 5536 1851 5590 καὶ

261 5626 455 5696 tua)!»
474 5666 489 5690 ,
532 5626 785 5698 πανταχῆ
832 5644 893 5680 τε
928 5628 995 5680 ὲκ
1031 5625 1196 5698 μέσου
1249 5625 1363 5680 ἴσον
1381 5667 1397 5693 ,
1451 5628 1545 5681 καὶ
1593 5627 1712 5682 ὅλον
1755 5629 1851 5683 καὶ

263 5720 438 5774 τέλεον
492 5722 554 5774 ἐκ
604 5721 805 5775 τελέων
865 5721 1141 5792 σωμάτων
1196 5719 1357 5790 σῶμα
1414 5720 1654 5792 ἐποίησε.
1705 5739 1723 5773 t
1760 5721 1851 5777 Sic

267 5814 427 5883 igitur
459 5814 548 5871 Dei
592 5817 740 5871 circa
774 5816 1023 5871 futurum
1063 5813 1359 5887 aliquando
1392 5812 1559 5869 Deunt
1599 5813 1849 5871 instituta

1870 3186 1913 3244 C

1944 1947 2106 1988 omne
2136 1943 2371 2001 tempus,
2401 1940 2457 1986 et
2504 1938 2728 1999 propter
2772 1930 2914 1983 hanc
2964 1929 3058 1984 Dei
3107 1927 3531 1997 cogitationem,

1945 2025 2151 2080 factum
2189 2040 2310 2081 esse
2339 2024 2531 2081 solem.
2564 2020 2624 2078 ln
2653 2022 2824 2077 altero
2854 2031 3033 2077 autem
3079 2022 3225 2076 hanc
3259 2022 3529 2077 rationem

1945 2114 2140 2182 aﬁ‘ert,
2190 2130 2291 2170 cur
2322 2115 2558 2169 mundus
2606 2114 2709 2169 hac
2746 2112 2919 2167 forma
2964 2113 3197 2167 donatus
3243 2111 3351 2175 sit,
3382 2114 3527 2181 quod

1946 2213 2089 2267 Deus
2117 2225 2242 2265 eum
2273 2208 2709 2279 praestantiorem
2742 2206 2862 2262 fore
2893 2206 3142 2271 duxerit,
3174 2206 3219 2258 si
3268 2206 3369 2260 sibi
3418 2206 3534 2274 ipse

1945 2305 2249 2371 suﬁiceret,
2299 2318 2401 2359 nec
2445 2301 2639 2358 alienis
2682 2300 3029 2357 adminiculis
3075 2306 3285 2370 egeret.
3328 2298 3532 2353 Eadem

1945 2397 2204 2468 loquendi
2232 2397 2374 2452 ratio
2402 2397 2605 2466 passim
2631 2394 2895 2449 occurrit.
2919 2392 3011 2447 Sic
3037 2407 3162 2462 pag.
3194 2391 3329 2447 1048
3351 2408 3364 2443 :
3390 2390 3536 2444 Deus

1944 2489 2333 2558 λογισάμενος,
2394 2505 2412 2538 ι
2442 2501 2566 2540 cum
2620 2484 2994 2555 cogitasset,»
3052 2482 3257 2536 invenit
3302 2494 3365 2534 ea
3414 2494 3535 2549 quae

1946 2588 2187 2636 mentem
2246 2578 2447 2634 habent
2493 2575 2807 2646 pulchriora
2854 2572 2922 2628 iis
2968 2587 3111 2639 esse,
3140 2587 3263 2642 quae
3309 2579 3529 2635 carent,

1947 2679 2183 2726 mentem
2211 2679 2391 2725 autem
2424 2669 2543 2724 sine
2570 2668 2752 2723 anima
2775 2678 2898 2721 esse
2926 2680 3034 2719 non
3067 2679 3247 2734 posse,
3278 2674 3333 2717 et
3363 2681 3382 2714 ι
3410 2676 3536 2730 pro-

1944 2775 2065 2837 pter
2094 2767 2237 2820 hanc
2283 2764 2691 2836 cogitationem,
2718 2781 2737 2815 ο
2779 2760 2867 2815 διὰ
2909 2760 3000 2814 τὸν
3046 2758 3305 2829 λογισμὸν
3360 2756 3533 2823 τόνδε,

1947 2868 2187 2914 mentem
2220 2858 2275 2913 in
2304 2859 2512 2923 anima,
2560 2857 2799 2911 animam
2844 2855 2898 2910 in
2953 2867 3184 2921 corpore
3230 2850 3533 2905 constituit.

1948 2952 2040 3008 Sic
2069 2952 2239 3007 etiam
2291 2949 2469 3006 1049:
2502 2950 2637 3005 Cum
2670 2948 2882 3002 videret
2914 2947 3058 3001 Deus
3088 2944 3262 3014 frigus
3300 2953 3356 2997 et
3389 2941 3537 2995 calo-

1946 3058 2068 3097 rem
2098 3041 2315 3112 corpori
2362 3055 2590 3105 nocere;
2637 3038 2727 3092 διὰ
2755 3038 2853 3110 τὴν
2887 3036 3067 3090 αἰτίαν
3113 3034 3208 3088 καὶ
3259 3033 3351 3087 τὸν
3385 3032 3537 3101 λογι-

1948 3133 2082 3205 σμὸν
2109 3133 2281 3198 τόνδε,
2319 3151 2339 3184 ‹
2366 3140 2587 3202 propter
2630 3130 2773 3183 hanc
2819 3142 3041 3183 causam
3090 3135 3146 3181 et
3184 3124 3484 3186 rationem,
3508 3139 3530 3173 ι

1946 3241 2117 3281 unum
2164 3234 2339 3279 totum
2384 3240 2454 3280 ex
2504 3223 2759 3279 omnibus
2811 3218 3142 3290 perfectum,
3190 3231 3258 3273 ac
3303 3215 3443 3272 senii
3480 3225 3536 3270 et

1944 3317 2121 3373 morbi
2147 3324 2430 3386 expertem
2464 3315 2729 3369 mundum
2766 3311 3073 3369 constituit.

2013 3405 2159 3462 Nihil
2188 3421 2393 3471 moror,
2443 3405 2588 3475 quod
2634 3403 2893 3473 objicitur
2931 3415 3001 3456 ex
3051 3397 3408 3468 Epinomide,
3442 3397 3536 3451 ubi

1946 3501 2209 3555 mundum
2246 3497 2400 3552 Plato
2436 3512 2467 3551 a
2514 3495 2659 3565 λόγῳ
2704 3502 2949 3549 creatum
2988 3490 3121 3545 dicit
3169 3490 3255 3542 his
3308 3486 3486 3541 verbis
3519 3506 3535 3544 :

1943 3590 2132 3663 Ταύτῃ
2177 3591 2367 3663 μηδεὶς
2410 3589 2567 3652 ἄλλος
2602 3586 2735 3641 ποτὲ
2768 3584 2966 3657 νομίσῃ
2999 3582 3218 3636 πάντων
3259 3580 3418 3652 ἡμῶν
3460 3578 3536 3643 ὡς

1942 3684 1992 3738 οἱ
2029 3682 2128 3755 μὲν
2174 3680 2284 3734 θεοί
2336 3682 2472 3735 εἰσιν
2523 3678 2723 3745 αὐτῶν,
2765 3679 2815 3730 οἱ
2861 3676 2906 3730 δ’
2937 3674 3027 3728 οὔθ
3066 3674 3189 3745 μηδ’
3228 3673 3302 3736 ὡς
3342 3673 3391 3725 οἱ
3436 3672 3534 3742 μὲν

1942 3777 2178 3846 γνήσιοι,
2201 3775 2250 3827 οἱ
2286 3774 2343 3827 δὲ
2381 3771 2613 3827 τοιοῦτοί
2646 3786 2790 3833 τινες
2828 3769 2974 3830 οἴους
3005 3767 3124 3819 οὐδὲ
3164 3766 3319 3836 θέμις
3359 3765 3537 3816 εἰπεῖν

1944 3868 2103 3941 ήμῶν
2148 3866 2339 3920 οὐδενί.
2386 3866 2597 3929 Πάντες
2626 3863 2684 3916 δὲ
2728 3862 2793 3932 δὴ
2825 3861 3031 3923 πάντας
3065 3857 3310 3928 λέγωμέν
3343 3873 3402 3909 τε
3440 3855 3534 3908 καὶ

1944 3961 2135 4032 φῶμεν
2182 3958 2451 4028 ἀδελφούς
2491 3960 2538 4011 τ’
2579 3952 2717 4009 εἶναι
2759 3955 2852 4008 καὶ
2887 3956 2944 4007 ὲν
2978 3952 3232 4020 ἀδελφαῖς
3285 3949 3531 4020 μοίραιςο

1944 4053 2038 4109 καὶ
2071 4051 2237 4123 τιμὰς
2268 4049 2629 4121 ἀποδιδῶμεν,
2674 4048 2749 4119 μὴ
2784 4045 2860 4117 τῷ
2916 4045 3012 4117 μὲν
3065 4042 3328 4106 ἐνιαυτὸν,
3362 4039 3439 4111 τῷ
3474 4038 3535 4092 δὲ

1946 4146 2113 4217 μῆνα,
2141 4146 2252 4206 τοῖς
2281 4142 2337 4195 δὲ
2366 4142 2503 4213 μήτε
2534 4139 2656 4193 τινὰ
2691 4140 2884 4209 μοῖραν
2910 4136 3215 4204 τάττωμεν,
3246 4132 3384 4203 μήτε
3413 4128 3539 4184 τινὰ

1944 4237 2154 4309 χρόνον,
2198 4238 2255 4288 ὲν
2288 4228 2332 4301 ᾧ
2360 4232 2695 4305 διεξέρχεται
2726 4230 2819 4283 τὸν
2866 4227 3030 4282 αὐτοῦ
3084 4225 3263 4289 πόλον,
3304 4223 3535 4289 ξυναπο-

1942 4328 2114 4382 τελῶν
2148 4328 2352 4398 κόσμον
2396 4324 2456 4378 ὃν
2505 4320 2661 4387 ἔταξε
2706 4321 2861 4390 λόγος
2910 4322 2938 4373 ὁ
2986 4320 3201 4373 πάντων
3259 4314 3539 4377 θειότατος

1942 4420 2167 4492 ὁρατόν⁴
2202 4417 2258 4471 ὃν
2287 4419 2315 4470 ὁ
2350 4415 2448 4487 μὲν
2483 4413 2755 4485 εὐδαίμων
2791 4410 3006 4485 πρῶτον
3060 4409 3156 4480 μὲν
3202 4406 3532 4478 ἐθαύμασεν,

1879 4533 1923 4590 D
1949 4512 2140 4565 ἔπειτα
2174 4509 2229 4562 δὲ
2257 4508 2437 4581 ἔρωτα
2466 4506 2622 4577 ἔσχεν
2651 4503 2745 4558 τοῦ
2786 4501 3121 4574 καταμαθεῖν
3158 4501 3333 4554 ὁπόσα
3364 4498 3539 4569 θνητῇ

1951 4604 2114 4674 φύσει
2144 4601 2367 4658 δυνατά.
2409 4619 2427 4652 t
2458 4599 2630 4654 Nemo
2675 4597 2901 4651 omnino
2937 4611 3005 4648 ex
3052 4592 3208 4649 nobis
3255 4592 3533 4647 existimet

1950 4698 2086 4752 alios
2129 4696 2345 4765 quidem
2377 4694 2509 4747 deos
2536 4703 2683 4755 esse,
2726 4688 2862 4744 alios
2901 4701 3029 4741 vero
3072 4701 3215 4751 non;
3255 4692 3346 4738 aut
3390 4681 3535 4736 alios

1955 4788 2263 4855 legitimos,
2292 4784 2427 4840 tales
2457 4798 2588 4839 vero
2619 4782 2777 4848 alios,
2817 4780 3007 4851 quales
3037 4779 3187 4834 nefas
3228 4777 3300 4831 sit
3326 4774 3528 4829 dicere.

1950 4884 2058 4939 Sed
2090 4881 2296 4937 fratres
2338 4893 2532 4935 omnes
2563 4892 2627 4932 ac
2654 4877 2708 4931 in
2739 4875 2994 4931 fraternis
3031 4871 3270 4927 sortibus
3301 4883 3418 4923 esse
3449 4867 3537 4921 di-

1947 4992 2165 5039 camus,
2216 4975 2393 5044 iisque
2437 4975 2674 5028 honores
2712 4968 3100 5027 adhibeamus,
3147 4978 3253 5017 non
3291 4961 3383 5015 alii
3430 4974 3532 5014 an-

1948 5083 2101 5134 num,
2128 5066 2219 5120 alii
2252 5078 2518 5128 mensem,
2548 5061 2639 5115 alii
2671 5075 2800 5116 vero
2826 5058 3026 5113 nullam
3044 5064 3251 5126 partem
3277 5054 3528 5121 assigne—

1948 5173 2101 5225 mus,
2150 5170 2253 5210 nec
2297 5164 2510 5223 tempus
2552 5152 2760 5214 ullum,
2808 5149 2861 5203 in
2910 5162 3018 5217 quo
3064 5143 3326 5198 circulum
3370 5156 3529 5196 suum

1949 5256 2243 5327 percurrit,
2283 5254 2545 5307 mundum
2572 5250 2883 5320 perﬁciens,
2919 5260 3079 5314 quem
3115 5243 3256 5297 ratio
3285 5240 3525 5296 omnium

1951 5349 2288 5406 divinissima
2347 5344 2613 5400 visibilem
2668 5341 2861 5397 statuit
2903 5356 2918 5393 :
2961 5351 3123 5407 quem
3175 5334 3395 5404 quidem
3444 5330 3528 5384 vir

1950 5440 2143 5495 beatus
2182 5438 2358 5507 primo
2408 5434 2735 5494 admiratur,
2782 5426 2974 5483 deinde
3023 5424 3179 5480 ardet
3229 5421 3525 5492 cupiditate

1951 5549 2016 5591 ea
2045 5532 2324 5598 discendi,
2353 5539 2691 5600 quaecunque
2728 5532 2925 5578 natura
2961 5517 3207 5575 mortalis
3243 5515 3526 5586 percipere

1950 5635 2149 5698 potest.
2181 5643 2200 5676 ι

2029 5717 2161 5772 Haec
2202 5717 2607 5781 verba,'quetn
2647 5713 2827 5766 beatus
2873 5711 2955 5765 vir
2995 5709 3164 5781 primo
3207 5702 3522 5761 admiratur,

1952 5828 2061 5868 non
2093 5811 2159 5866 ad
2188 5810 2365 5880 λόγον,
2390 5809 2483 5866 sed
2512 5808 2579 5865 ad
2611 5807 2871 5863 mundum
2905 5803 3094 5861 referri
3128 5799 3344 5862 debent,
3370 5796 3525 5866 cujus
