  <div class='ocr_page' id='page_1' title='image "/cluster/home/n/w/nwhite01/storage/ocr_20150623/6/mdp.39015004289917/021.png"; bbox 0 0 3932 6258; ppageno 0'>
   <div class='ocr_carea' id='block_1_1' title="bbox 394 369 3647 435">
    <p class='ocr_par' dir='ltr' id='par_1_1' title="bbox 394 369 3647 435">
     <span class='ocr_line' id='line_1_1' title="bbox 394 369 3647 435; baseline 0.003 -10"><span class='ocrx_word' id='word_1_1' title='bbox 394 370 464 426; x_wconf 73' lang='grc'><strong>27</strong></span> <span class='ocrx_word' id='word_1_2' title='bbox 1268 371 1328 427; x_wconf 89' lang='lat' dir='ltr'><strong>S.</strong></span> <span class='ocrx_word' id='word_1_3' title='bbox 1368 369 1704 427; x_wconf 77' lang='lat' dir='ltr'><strong>JUSTINUS</strong></span> <span class='ocrx_word' id='word_1_4' title='bbox 1732 370 2213 428; x_wconf 77' lang='lat' dir='ltr'><strong>PHILOSOPHUS</strong></span> <span class='ocrx_word' id='word_1_5' title='bbox 2243 373 2330 430; x_wconf 87' lang='lat' dir='ltr'><strong>ET</strong></span> <span class='ocrx_word' id='word_1_6' title='bbox 2364 374 2675 432; x_wconf 76' lang='lat' dir='ltr'><strong>MARTYR.</strong></span> <span class='ocrx_word' id='word_1_7' title='bbox 3569 380 3647 435; x_wconf 68' lang='lat'><strong>9.8</strong></span> 
     </span>
    </p>
   </div>
   <div class='ocr_carea' id='block_1_2' title="bbox 397 493 3644 582">
    <p class='ocr_par' dir='ltr' id='par_1_2' title="bbox 397 493 3644 582">
     <span class='ocr_line' id='line_1_2' title="bbox 397 493 3644 582; baseline 0.002 -19"><span class='ocrx_word' id='word_1_8' title='bbox 397 508 687 563; x_wconf 86' lang='lat' dir='ltr'><strong>admiratio</strong></span> <span class='ocrx_word' id='word_1_9' title='bbox 741 508 897 582; x_wconf 86' lang='lat' dir='ltr'><strong>initia</strong></span> <span class='ocrx_word' id='word_1_10' title='bbox 953 509 1110 564; x_wconf 85' lang='lat' dir='ltr'><strong>nobis</strong></span> <span class='ocrx_word' id='word_1_11' title='bbox 1163 508 1405 566; x_wconf 81' lang='lat' dir='ltr'><strong>discendi</strong></span> <span class='ocrx_word' id='word_1_12' title='bbox 1456 521 1512 566; x_wconf 89' lang='lat' dir='ltr'><strong>et</strong></span> <span class='ocrx_word' id='word_1_13' title='bbox 1559 513 1733 581; x_wconf 88' lang='lat' dir='ltr'><strong>prima</strong></span> <span class='ocrx_word' id='word_1_14' title='bbox 1794 512 1961 567; x_wconf 84' lang='lat' dir='ltr'><strong>veluti</strong></span> <span class='ocrx_word' id='word_1_15' title='bbox 1992 500 2039 557; x_wconf 83' lang='lat' dir='ltr'><strong>A</strong></span> <span class='ocrx_word' id='word_1_16' title='bbox 2142 493 2275 549; x_wconf 75' lang='lat' dir='ltr'><strong>Coeli</strong></span> <span class='ocrx_word' id='word_1_17' title='bbox 2307 498 2527 551; x_wconf 77' lang='lat' dir='ltr'><strong>nomine</strong></span> <span class='ocrx_word' id='word_1_18' title='bbox 2552 497 2811 552; x_wconf 82' lang='lat' dir='ltr'><strong>mundum</strong></span> <span class='ocrx_word' id='word_1_19' title='bbox 2844 511 2873 550; x_wconf 77' lang='lat' dir='ltr'><strong>a</strong></span> <span class='ocrx_word' id='word_1_20' title='bbox 2925 495 3150 551; x_wconf 68' lang='lat' dir='ltr'><strong>Platone</strong></span> <span class='ocrx_word' id='word_1_21' title='bbox 3191 496 3461 567; x_wconf 66' lang='lat' dir='ltr'><strong>designari</strong></span> <span class='ocrx_word' id='word_1_22' title='bbox 3493 509 3644 567; x_wconf 67' lang='lat' dir='ltr'><strong>patet</strong></span> 
     </span>
    </p>
   </div>
   <div class='ocr_carea' id='block_1_3' title="bbox 396 599 1966 669">
    <p class='ocr_par' dir='ltr' id='par_1_3' title="bbox 396 599 1966 669">
     <span class='ocr_line' id='line_1_3' title="bbox 396 599 1966 669; baseline 0.001 -16"><span class='ocrx_word' id='word_1_23' title='bbox 396 600 665 654; x_wconf 90' lang='lat' dir='ltr'><strong>elementa</strong></span> <span class='ocrx_word' id='word_1_24' title='bbox 696 599 1035 667; x_wconf 76' lang='lat' dir='ltr'><strong>suppeditat,</strong></span> <span class='ocrx_word' id='word_1_25' title='bbox 1084 600 1226 669; x_wconf 92' lang='lat' dir='ltr'><strong>quod</strong></span> <span class='ocrx_word' id='word_1_26' title='bbox 1261 601 1327 655; x_wconf 91' lang='lat' dir='ltr'><strong>de</strong></span> <span class='ocrx_word' id='word_1_27' title='bbox 1364 601 1567 656; x_wconf 88' lang='lat' dir='ltr'><strong>divinae</strong></span> <span class='ocrx_word' id='word_1_28' title='bbox 1608 602 1835 656; x_wconf 81' lang='lat' dir='ltr'><strong>rationis</strong></span> <span class='ocrx_word' id='word_1_29' title='bbox 1867 602 1966 655; x_wconf 90' lang='lat' dir='ltr'><strong>ad-</strong></span> 
     </span>
    </p>
   </div>
   <div class='ocr_carea' id='block_1_4' title="bbox 396 691 1967 763">
    <p class='ocr_par' dir='ltr' id='par_1_4' title="bbox 396 691 1967 763">
     <span class='ocr_line' id='line_1_4' title="bbox 396 691 1967 763; baseline 0 -17"><span class='ocrx_word' id='word_1_30' title='bbox 396 692 695 747; x_wconf 84' lang='lat' dir='ltr'><strong>miratione</strong></span> <span class='ocrx_word' id='word_1_31' title='bbox 740 691 848 746; x_wconf 87' lang='lat' dir='ltr'><strong>dici</strong></span> <span class='ocrx_word' id='word_1_32' title='bbox 902 706 1008 745; x_wconf 91' lang='lat' dir='ltr'><strong>non</strong></span> <span class='ocrx_word' id='word_1_33' title='bbox 1062 700 1261 761; x_wconf 91' lang='lat' dir='ltr'><strong>potest.</strong></span> <span class='ocrx_word' id='word_1_34' title='bbox 1301 691 1396 747; x_wconf 86' lang='lat' dir='ltr'><strong>Ille</strong></span> <span class='ocrx_word' id='word_1_35' title='bbox 1439 704 1619 747; x_wconf 90' lang='lat' dir='ltr'><strong>autem</strong></span> <span class='ocrx_word' id='word_1_36' title='bbox 1673 693 1831 761; x_wconf 83' lang='grc' dir='ltr'>λόγος</span> <span class='ocrx_word' id='word_1_37' title='bbox 1874 692 1967 763; x_wconf 88' lang='lat' dir='ltr'><strong>qui</strong></span> 
     </span>
    </p>
   </div>
   <div class='ocr_carea' id='block_1_5' title="bbox 397 783 1968 854">
    <p class='ocr_par' dir='ltr' id='par_1_5' title="bbox 397 783 1968 854">
     <span class='ocr_line' id='line_1_5' title="bbox 397 783 1968 854; baseline 0.001 -16"><span class='ocrx_word' id='word_1_38' title='bbox 397 784 654 839; x_wconf 89' lang='lat' dir='ltr'><strong>mundum</strong></span> <span class='ocrx_word' id='word_1_39' title='bbox 687 783 913 845; x_wconf 83' lang='lat' dir='ltr'><strong>creavit,</strong></span> <span class='ocrx_word' id='word_1_40' title='bbox 942 800 1046 837; x_wconf 87' lang='lat' dir='ltr'><strong>non</strong></span> <span class='ocrx_word' id='word_1_41' title='bbox 1077 784 1252 853; x_wconf 85' lang='lat' dir='ltr'><strong>magis</strong></span> <span class='ocrx_word' id='word_1_42' title='bbox 1284 799 1578 854; x_wconf 83' lang='lat' dir='ltr'><strong>personam</strong></span> <span class='ocrx_word' id='word_1_43' title='bbox 1607 800 1635 838; x_wconf 87' lang='lat' dir='ltr'><strong>a</strong></span> <span class='ocrx_word' id='word_1_44' title='bbox 1668 785 1777 840; x_wconf 86' lang='lat' dir='ltr'><strong>Deo</strong></span> <span class='ocrx_word' id='word_1_45' title='bbox 1807 786 1968 840; x_wconf 88' lang='lat' dir='ltr'><strong>Patre</strong></span> 
     </span>
    </p>
   </div>
   <div class='ocr_carea' id='block_1_6' title="bbox 396 872 1964 942">
    <p class='ocr_par' dir='ltr' id='par_1_6' title="bbox 396 872 1964 942">
     <span class='ocr_line' id='line_1_6' title="bbox 396 872 1964 942; baseline 0.001 -17"><span class='ocrx_word' id='word_1_46' title='bbox 396 874 707 927; x_wconf 89' lang='lat' dir='ltr'><strong>distinctam</strong></span> <span class='ocrx_word' id='word_1_47' title='bbox 741 873 843 927; x_wconf 91' lang='lat' dir='ltr'><strong>hoc</strong></span> <span class='ocrx_word' id='word_1_48' title='bbox 888 872 1008 926; x_wconf 92' lang='lat' dir='ltr'><strong>loco</strong></span> <span class='ocrx_word' id='word_1_49' title='bbox 1039 872 1309 942; x_wconf 89' lang='lat' dir='ltr'><strong>designat,</strong></span> <span class='ocrx_word' id='word_1_50' title='bbox 1349 888 1513 942; x_wconf 86' lang='lat' dir='ltr'><strong>quam</strong></span> <span class='ocrx_word' id='word_1_51' title='bbox 1554 874 1609 928; x_wconf 92' lang='lat' dir='ltr'><strong>in</strong></span> <span class='ocrx_word' id='word_1_52' title='bbox 1640 872 1761 928; x_wconf 91' lang='lat' dir='ltr'><strong>aliis</strong></span> <span class='ocrx_word' id='word_1_53' title='bbox 1800 889 1964 940; x_wconf 82' lang='lat' dir='ltr'><strong>supra</strong></span> 
     </span>
    </p>
   </div>
   <div class='ocr_carea' id='block_1_7' title="bbox 395 964 1965 1033">
    <p class='ocr_par' dir='ltr' id='par_1_7' title="bbox 395 964 1965 1033">
     <span class='ocr_line' id='line_1_7' title="bbox 395 964 1965 1033; baseline 0.001 -16"><span class='ocrx_word' id='word_1_54' title='bbox 395 964 597 1030; x_wconf 82' lang='lat' dir='ltr'><strong>allatis,</strong></span> <span class='ocrx_word' id='word_1_55' title='bbox 625 972 717 1017; x_wconf 92' lang='lat' dir='ltr'><strong>aut</strong></span> <span class='ocrx_word' id='word_1_56' title='bbox 742 964 905 1019; x_wconf 89' lang='lat' dir='ltr'><strong>etiam</strong></span> <span class='ocrx_word' id='word_1_57' title='bbox 947 964 1001 1017; x_wconf 93' lang='lat' dir='ltr'><strong>in</strong></span> <span class='ocrx_word' id='word_1_58' title='bbox 1035 964 1138 1019; x_wconf 92' lang='lat' dir='ltr'><strong>isto</strong></span> <span class='ocrx_word' id='word_1_59' title='bbox 1166 980 1232 1018; x_wconf 75' lang='lat' dir='ltr'><strong>ex</strong></span> <span class='ocrx_word' id='word_1_60' title='bbox 1266 964 1533 1018; x_wconf 77' lang='lat' dir='ltr'><strong>Phazdone</strong></span> <span class='ocrx_word' id='word_1_61' title='bbox 1557 980 1609 1033; x_wconf 92' lang='lat' dir='ltr'><strong>p.</strong></span> <span class='ocrx_word' id='word_1_62' title='bbox 1636 966 1705 1021; x_wconf 85' lang='lat'><strong>85</strong></span> <span class='ocrx_word' id='word_1_63' title='bbox 1733 983 1747 1019; x_wconf 88' lang='lat'><strong>:</strong></span> <span class='ocrx_word' id='word_1_64' title='bbox 1788 983 1806 1017; x_wconf 74' lang='grc' dir='ltr'><strong>ι</strong></span> <span class='ocrx_word' id='word_1_65' title='bbox 1837 964 1965 1018; x_wconf 87' lang='lat' dir='ltr'><strong>Ela-</strong></span> 
     </span>
    </p>
   </div>
   <div class='ocr_carea' id='block_1_8' title="bbox 396 1058 1966 1128">
    <p class='ocr_par' dir='ltr' id='par_1_8' title="bbox 396 1058 1966 1128">
     <span class='ocr_line' id='line_1_8' title="bbox 396 1058 1966 1128; baseline -0.003 -14"><span class='ocrx_word' id='word_1_66' title='bbox 396 1060 699 1114; x_wconf 81' lang='lat' dir='ltr'><strong>liorandum</strong></span> <span class='ocrx_word' id='word_1_67' title='bbox 728 1067 843 1123; x_wconf 90' lang='lat' dir='ltr'><strong>est,</strong></span> <span class='ocrx_word' id='word_1_68' title='bbox 877 1065 936 1111; x_wconf 89' lang='lat' dir='ltr'><strong>ut</strong></span> <span class='ocrx_word' id='word_1_69' title='bbox 983 1058 1340 1113; x_wconf 88' lang='lat' dir='ltr'><strong>humanarum</strong></span> <span class='ocrx_word' id='word_1_70' title='bbox 1383 1059 1655 1112; x_wconf 87' lang='lat' dir='ltr'><strong>rationum</strong></span> <span class='ocrx_word' id='word_1_71' title='bbox 1703 1058 1966 1128; x_wconf 89' lang='lat' dir='ltr'><strong>optimam</strong></span> 
     </span>
    </p>
   </div>
   <div class='ocr_carea' id='block_1_9' title="bbox 395 1148 1969 1221">
    <p class='ocr_par' dir='ltr' id='par_1_9' title="bbox 395 1148 1969 1221">
     <span class='ocr_line' id='line_1_9' title="bbox 395 1148 1969 1221; baseline 0 -18"><span class='ocrx_word' id='word_1_72' title='bbox 395 1158 451 1203; x_wconf 90' lang='lat' dir='ltr'><strong>et</strong></span> <span class='ocrx_word' id='word_1_73' title='bbox 482 1164 601 1219; x_wconf 70' lang='lat' dir='ltr'><strong>quae</strong></span> <span class='ocrx_word' id='word_1_74' title='bbox 640 1148 863 1205; x_wconf 91' lang='lat' dir='ltr'><strong>minime</strong></span> <span class='ocrx_word' id='word_1_75' title='bbox 896 1148 1120 1203; x_wconf 81' lang='lat' dir='ltr'><strong>refutari</strong></span> <span class='ocrx_word' id='word_1_76' title='bbox 1166 1151 1377 1218; x_wconf 89' lang='lat' dir='ltr'><strong>possit,</strong></span> <span class='ocrx_word' id='word_1_77' title='bbox 1426 1150 1709 1221; x_wconf 75' lang='lat' dir='ltr'><strong>eligentes,</strong></span> <span class='ocrx_word' id='word_1_78' title='bbox 1754 1151 1800 1204; x_wconf 88' lang='lat' dir='ltr'><strong>ci</strong></span> <span class='ocrx_word' id='word_1_79' title='bbox 1836 1149 1969 1204; x_wconf 91' lang='lat' dir='ltr'><strong>insi-</strong></span> 
     </span>
    </p>
   </div>
   <div class='ocr_carea' id='block_1_10' title="bbox 396 1239 1969 1310">
    <p class='ocr_par' dir='ltr' id='par_1_10' title="bbox 396 1239 1969 1310">
     <span class='ocr_line' id='line_1_10' title="bbox 396 1239 1969 1310; baseline 0.001 -17"><span class='ocrx_word' id='word_1_80' title='bbox 396 1240 645 1304; x_wconf 90' lang='lat' dir='ltr'><strong>deamus,</strong></span> <span class='ocrx_word' id='word_1_81' title='bbox 680 1251 739 1293; x_wconf 90' lang='lat' dir='ltr'><strong>ut</strong></span> <span class='ocrx_word' id='word_1_82' title='bbox 776 1239 865 1294; x_wconf 93' lang='lat' dir='ltr'><strong>illa</strong></span> <span class='ocrx_word' id='word_1_83' title='bbox 901 1248 1155 1309; x_wconf 90' lang='lat' dir='ltr'><strong>tanquam</strong></span> <span class='ocrx_word' id='word_1_84' title='bbox 1191 1251 1305 1295; x_wconf 90' lang='lat' dir='ltr'><strong>rate</strong></span> <span class='ocrx_word' id='word_1_85' title='bbox 1335 1242 1495 1307; x_wconf 86' lang='lat' dir='ltr'><strong>vecti,</strong></span> <span class='ocrx_word' id='word_1_86' title='bbox 1531 1242 1651 1295; x_wconf 82' lang='lat' dir='ltr'><strong>vitae</strong></span> <span class='ocrx_word' id='word_1_87' title='bbox 1692 1241 1845 1295; x_wconf 90' lang='lat' dir='ltr'><strong>istius</strong></span> <span class='ocrx_word' id='word_1_88' title='bbox 1877 1255 1969 1310; x_wconf 91' lang='lat' dir='ltr'><strong>pe-</strong></span> 
     </span>
    </p>
   </div>
   <div class='ocr_carea' id='block_1_11' title="bbox 395 1331 1969 1405">
    <p class='ocr_par' dir='ltr' id='par_1_11' title="bbox 395 1331 1969 1405">
     <span class='ocr_line' id='line_1_11' title="bbox 395 1331 1969 1405; baseline 0.001 -20"><span class='ocrx_word' id='word_1_89' title='bbox 395 1331 565 1386; x_wconf 89' lang='lat' dir='ltr'><strong>ricula</strong></span> <span class='ocrx_word' id='word_1_90' title='bbox 596 1333 981 1403; x_wconf 87' lang='lat' dir='ltr'><strong>enavigemus;</strong></span> <span class='ocrx_word' id='word_1_91' title='bbox 1017 1336 1121 1390; x_wconf 90' lang='lat' dir='ltr'><strong>nisi</strong></span> <span class='ocrx_word' id='word_1_92' title='bbox 1153 1336 1275 1404; x_wconf 92' lang='lat' dir='ltr'><strong>quis</strong></span> <span class='ocrx_word' id='word_1_93' title='bbox 1316 1335 1486 1405; x_wconf 85' lang='lat' dir='ltr'><strong>possit</strong></span> <span class='ocrx_word' id='word_1_94' title='bbox 1530 1335 1771 1389; x_wconf 88' lang='lat' dir='ltr'><strong>certiore</strong></span> <span class='ocrx_word' id='word_1_95' title='bbox 1805 1333 1969 1387; x_wconf 86' lang='lat' dir='ltr'><strong>tutio-</strong></span> 
     </span>
    </p>
   </div>
   <div class='ocr_carea' id='block_1_12' title="bbox 394 1424 1966 1491">
    <p class='ocr_par' dir='ltr' id='par_1_12' title="bbox 394 1424 1966 1491">
     <span class='ocr_line' id='line_1_12' title="bbox 394 1424 1966 1491; baseline 0 -15"><span class='ocrx_word' id='word_1_96' title='bbox 394 1437 564 1491; x_wconf 88' lang='lat' dir='ltr'><strong>reque</strong></span> <span class='ocrx_word' id='word_1_97' title='bbox 602 1424 780 1488; x_wconf 90' lang='lat' dir='ltr'><strong>modo,</strong></span> <span class='ocrx_word' id='word_1_98' title='bbox 823 1424 1019 1479; x_wconf 85' lang='lat' dir='ltr'><strong>tutiore</strong></span> <span class='ocrx_word' id='word_1_99' title='bbox 1047 1427 1299 1481; x_wconf 82' lang='lat' dir='ltr'><strong>videlicet</strong></span> <span class='ocrx_word' id='word_1_100' title='bbox 1345 1426 1613 1489; x_wconf 82' lang='lat' dir='ltr'><strong>vehiculo,</strong></span> <span class='ocrx_word' id='word_1_101' title='bbox 1658 1434 1755 1478; x_wconf 84' lang='lat' dir='ltr'><strong>aut</strong></span> <span class='ocrx_word' id='word_1_102' title='bbox 1784 1424 1966 1477; x_wconf 91' lang='lat' dir='ltr'><strong>divina</strong></span> 
     </span>
    </p>
   </div>
   <div class='ocr_carea' id='block_1_13' title="bbox 393 1513 1967 1583">
    <p class='ocr_par' dir='ltr' id='par_1_13' title="bbox 393 1513 1967 1583">
     <span class='ocr_line' id='line_1_13' title="bbox 393 1513 1967 1583; baseline 0 -18"><span class='ocrx_word' id='word_1_103' title='bbox 393 1514 573 1583; x_wconf 90' lang='lat' dir='ltr'><strong>aliqua</strong></span> <span class='ocrx_word' id='word_1_104' title='bbox 606 1515 819 1570; x_wconf 84' lang='lat' dir='ltr'><strong>ratione</strong></span> <span class='ocrx_word' id='word_1_105' title='bbox 853 1516 1058 1570; x_wconf 88' lang='lat' dir='ltr'><strong>traduci</strong></span> <span class='ocrx_word' id='word_1_106' title='bbox 1105 1528 1268 1582; x_wconf 89' lang='lat' dir='ltr'><strong>atque</strong></span> <span class='ocrx_word' id='word_1_107' title='bbox 1303 1516 1619 1579; x_wconf 86' lang='lat' dir='ltr'><strong>transmitti,</strong></span> <span class='ocrx_word' id='word_1_108' title='bbox 1652 1534 1671 1567; x_wconf 82' lang='grc'><strong>»</strong></span> <span class='ocrx_word' id='word_1_109' title='bbox 1725 1517 1818 1570; x_wconf 74' lang='grc' dir='ltr'><strong>ἐπὶ</strong></span> <span class='ocrx_word' id='word_1_110' title='bbox 1878 1513 1967 1583; x_wconf 88' lang='grc' dir='ltr'><strong>βε-</strong></span> 
     </span>
    </p>
   </div>
   <div class='ocr_carea' id='block_1_14' title="bbox 394 1605 1965 1680">
    <p class='ocr_par' dir='ltr' id='par_1_14' title="bbox 394 1605 1965 1680">
     <span class='ocr_line' id='line_1_14' title="bbox 394 1605 1965 1680; baseline 0.002 -23"><span class='ocrx_word' id='word_1_111' title='bbox 394 1605 673 1678; x_wconf 78' lang='grc' dir='ltr'>ϐαιοτέρου</span> <span class='ocrx_word' id='word_1_112' title='bbox 720 1608 993 1680; x_wconf 80' lang='grc' dir='ltr'>ὀχήματος</span> <span class='ocrx_word' id='word_1_113' title='bbox 1024 1610 1057 1680; x_wconf 86' lang='grc' dir='ltr'>ἢ</span> <span class='ocrx_word' id='word_1_114' title='bbox 1090 1610 1246 1679; x_wconf 90' lang='grc' dir='ltr'>λόγου</span> <span class='ocrx_word' id='word_1_115' title='bbox 1296 1608 1439 1662; x_wconf 86' lang='grc' dir='ltr'>θείου</span> <span class='ocrx_word' id='word_1_116' title='bbox 1488 1624 1631 1673; x_wconf 87' lang='grc' dir='ltr'>τινος</span> <span class='ocrx_word' id='word_1_117' title='bbox 1679 1608 1965 1679; x_wconf 88' lang='grc' dir='ltr'>διαπορευ-</span> 
     </span>
    </p>
   </div>
   <div class='ocr_carea' id='block_1_15' title="bbox 392 1695 572 1768">
    <p class='ocr_par' dir='ltr' id='par_1_15' title="bbox 392 1695 572 1768">
     <span class='ocr_line' id='line_1_15' title="bbox 392 1695 572 1768; baseline 0.017 -20"><span class='ocrx_word' id='word_1_118' title='bbox 392 1695 572 1768; x_wconf 85' lang='grc' dir='ltr'><strong>θῆναι.</strong></span> 
     </span>
    </p>
   </div>
   <div class='ocr_carea' id='block_1_16' title="bbox 460 1789 1967 1862">
    <p class='ocr_par' dir='ltr' id='par_1_16' title="bbox 460 1789 1967 1862">
     <span class='ocr_line' id='line_1_16' title="bbox 460 1789 1967 1862; baseline 0.001 -19"><span class='ocrx_word' id='word_1_119' title='bbox 460 1789 546 1844; x_wconf 91' lang='lat' dir='ltr'><strong>Ill.</strong></span> <span class='ocrx_word' id='word_1_120' title='bbox 580 1791 806 1862; x_wconf 89' lang='lat' dir='ltr'><strong>Propius</strong></span> <span class='ocrx_word' id='word_1_121' title='bbox 837 1793 1100 1849; x_wconf 88' lang='lat' dir='ltr'><strong>accedere</strong></span> <span class='ocrx_word' id='word_1_122' title='bbox 1132 1793 1347 1849; x_wconf 85' lang='lat' dir='ltr'><strong>videtur</strong></span> <span class='ocrx_word' id='word_1_123' title='bbox 1376 1792 1445 1848; x_wconf 89' lang='lat' dir='ltr'><strong>ad</strong></span> <span class='ocrx_word' id='word_1_124' title='bbox 1478 1791 1774 1848; x_wconf 83' lang='lat' dir='ltr'><strong>Christiani</strong></span> <span class='ocrx_word' id='word_1_125' title='bbox 1808 1790 1967 1845; x_wconf 91' lang='lat' dir='ltr'><strong>insli-</strong></span> 
     </span>
    </p>
   </div>
   <div class='ocr_carea' id='block_1_17' title="bbox 393 1881 1965 1954">
    <p class='ocr_par' dir='ltr' id='par_1_17' title="bbox 393 1881 1965 1954">
     <span class='ocr_line' id='line_1_17' title="bbox 393 1881 1965 1954; baseline 0 -20"><span class='ocrx_word' id='word_1_126' title='bbox 393 1882 495 1935; x_wconf 91' lang='lat' dir='ltr'><strong>tuti</strong></span> <span class='ocrx_word' id='word_1_127' title='bbox 541 1883 973 1949; x_wconf 87' lang='lat' dir='ltr'><strong>similitudinem,</strong></span> <span class='ocrx_word' id='word_1_128' title='bbox 1004 1884 1056 1938; x_wconf 93' lang='lat' dir='ltr'><strong>in</strong></span> <span class='ocrx_word' id='word_1_129' title='bbox 1089 1882 1334 1954; x_wconf 78' lang='lat' dir='ltr'><strong>Epistola</strong></span> <span class='ocrx_word' id='word_1_130' title='bbox 1367 1884 1436 1937; x_wconf 86' lang='lat' dir='ltr'><strong>ad</strong></span> <span class='ocrx_word' id='word_1_131' title='bbox 1486 1882 1785 1947; x_wconf 86' lang='lat' dir='ltr'><strong>Ilermiam,</strong></span> <span class='ocrx_word' id='word_1_132' title='bbox 1822 1881 1965 1935; x_wconf 82' lang='lat' dir='ltr'><strong>Fra-</strong></span> 
     </span>
    </p>
   </div>
   <div class='ocr_carea' id='block_1_18' title="bbox 390 1973 1970 2046">
    <p class='ocr_par' dir='ltr' id='par_1_18' title="bbox 390 1973 1970 2046">
     <span class='ocr_line' id='line_1_18' title="bbox 390 1973 1970 2046; baseline -0.003 -18"><span class='ocrx_word' id='word_1_133' title='bbox 390 1987 528 2029; x_wconf 76' lang='lat' dir='ltr'><strong>stum</strong></span> <span class='ocrx_word' id='word_1_134' title='bbox 555 1984 602 2028; x_wconf 87' lang='lat' dir='ltr'><strong>et</strong></span> <span class='ocrx_word' id='word_1_135' title='bbox 634 1974 927 2042; x_wconf 83' lang='lat' dir='ltr'><strong>Coriscum,</strong></span> <span class='ocrx_word' id='word_1_136' title='bbox 955 1990 1090 2046; x_wconf 91' lang='lat' dir='ltr'><strong>quos</strong></span> <span class='ocrx_word' id='word_1_137' title='bbox 1115 1976 1390 2041; x_wconf 79' lang='lat' dir='ltr'><strong>hortatur,</strong></span> <span class='ocrx_word' id='word_1_138' title='bbox 1418 1985 1475 2029; x_wconf 93' lang='lat' dir='ltr'><strong>ut</strong></span> <span class='ocrx_word' id='word_1_139' title='bbox 1504 1974 1800 2029; x_wconf 91' lang='lat' dir='ltr'><strong>amicitiam</strong></span> <span class='ocrx_word' id='word_1_140' title='bbox 1830 1973 1970 2026; x_wconf 92' lang='lat' dir='ltr'><strong>inter</strong></span> 
     </span>
    </p>
   </div>
   <div class='ocr_carea' id='block_1_19' title="bbox 390 2065 1964 2136">
    <p class='ocr_par' dir='ltr' id='par_1_19' title="bbox 390 2065 1964 2136">
     <span class='ocr_line' id='line_1_19' title="bbox 390 2065 1964 2136; baseline -0.001 -17"><span class='ocrx_word' id='word_1_141' title='bbox 390 2080 451 2120; x_wconf 89' lang='lat' dir='ltr'><strong>se</strong></span> <span class='ocrx_word' id='word_1_142' title='bbox 498 2066 718 2135; x_wconf 89' lang='lat' dir='ltr'><strong>ineant,</strong></span> <span class='ocrx_word' id='word_1_143' title='bbox 767 2081 996 2136; x_wconf 86' lang='lat' dir='ltr'><strong>eamque</strong></span> <span class='ocrx_word' id='word_1_144' title='bbox 1056 2069 1159 2122; x_wconf 90' lang='lat' dir='ltr'><strong>hoc</strong></span> <span class='ocrx_word' id='word_1_145' title='bbox 1196 2067 1548 2135; x_wconf 84' lang='lat' dir='ltr'><strong>jurejurando</strong></span> <span class='ocrx_word' id='word_1_146' title='bbox 1597 2065 1964 2121; x_wconf 80' lang='lat' dir='ltr'><strong>confirment:</strong></span> 
     </span>
    </p>
   </div>
   <div class='ocr_carea' id='block_1_20' title="bbox 402 2152 1967 2228">
    <p class='ocr_par' dir='ltr' id='par_1_20' title="bbox 402 2152 1967 2228">
     <span class='ocr_line' id='line_1_20' title="bbox 402 2152 1967 2228; baseline -0.002 -18"><span class='ocrx_word' id='word_1_147' title='bbox 402 2157 767 2228; x_wconf 83' lang='grc' dir='ltr'>Ἐπομνύντας</span> <span class='ocrx_word' id='word_1_148' title='bbox 799 2158 998 2227; x_wconf 80' lang='grc' dir='ltr'>σπουδῇ</span> <span class='ocrx_word' id='word_1_149' title='bbox 1028 2175 1083 2210; x_wconf 92' lang='grc' dir='ltr'><strong>τε</strong></span> <span class='ocrx_word' id='word_1_150' title='bbox 1117 2157 1231 2228; x_wconf 77' lang='grc' dir='ltr'>ἅμα</span> <span class='ocrx_word' id='word_1_151' title='bbox 1265 2158 1337 2228; x_wconf 86' lang='grc' dir='ltr'>μὴ</span> <span class='ocrx_word' id='word_1_152' title='bbox 1374 2156 1597 2227; x_wconf 86' lang='grc' dir='ltr'>ἀμούσῳ</span> <span class='ocrx_word' id='word_1_153' title='bbox 1625 2156 1719 2209; x_wconf 76' lang='grc' dir='ltr'><strong>καὶ</strong></span> <span class='ocrx_word' id='word_1_154' title='bbox 1762 2157 1826 2225; x_wconf 81' lang='grc' dir='ltr'>τῇ</span> <span class='ocrx_word' id='word_1_155' title='bbox 1867 2152 1967 2223; x_wconf 84' lang='grc' dir='ltr'>τῆς</span> 
     </span>
    </p>
   </div>
   <div class='ocr_carea' id='block_1_21' title="bbox 388 2244 1965 2320">
    <p class='ocr_par' dir='ltr' id='par_1_21' title="bbox 388 2244 1965 2320">
     <span class='ocr_line' id='line_1_21' title="bbox 388 2244 1965 2320; baseline -0.002 -21"><span class='ocrx_word' id='word_1_156' title='bbox 388 2248 627 2318; x_wconf 79' lang='grc' dir='ltr'>σπουδῆς</span> <span class='ocrx_word' id='word_1_157' title='bbox 658 2249 857 2320; x_wconf 74' lang='grc' dir='ltr'>ἀδελφῇ</span> <span class='ocrx_word' id='word_1_158' title='bbox 893 2249 1139 2319; x_wconf 82' lang='grc' dir='ltr'>παιδείᾳ,</span> <span class='ocrx_word' id='word_1_159' title='bbox 1176 2248 1266 2301; x_wconf 77' lang='grc' dir='ltr'>καὶ</span> <span class='ocrx_word' id='word_1_160' title='bbox 1306 2247 1395 2300; x_wconf 69' lang='grc' dir='ltr'><strong>τὸν</strong></span> <span class='ocrx_word' id='word_1_161' title='bbox 1436 2246 1545 2300; x_wconf 85' lang='grc' dir='ltr'>τῶν</span> <span class='ocrx_word' id='word_1_162' title='bbox 1587 2246 1802 2299; x_wconf 85' lang='grc' dir='ltr'>πάντων</span> <span class='ocrx_word' id='word_1_163' title='bbox 1834 2244 1965 2296; x_wconf 84' lang='grc' dir='ltr'><strong>Θεὸν</strong></span> 
     </span>
    </p>
   </div>
   <div class='ocr_carea' id='block_1_22' title="bbox 385 2336 1964 2410">
    <p class='ocr_par' dir='ltr' id='par_1_22' title="bbox 385 2336 1964 2410">
     <span class='ocr_line' id='line_1_22' title="bbox 385 2336 1964 2410; baseline -0.001 -19"><span class='ocrx_word' id='word_1_164' title='bbox 385 2341 630 2410; x_wconf 81' lang='grc' dir='ltr'><strong>ἡγεμόνα</strong></span> <span class='ocrx_word' id='word_1_165' title='bbox 672 2341 779 2393; x_wconf 84' lang='grc' dir='ltr'>τῶν</span> <span class='ocrx_word' id='word_1_166' title='bbox 810 2358 867 2394; x_wconf 90' lang='grc' dir='ltr'><strong>τε</strong></span> <span class='ocrx_word' id='word_1_167' title='bbox 913 2340 1082 2393; x_wconf 78' lang='grc' dir='ltr'>ὄντων</span> <span class='ocrx_word' id='word_1_168' title='bbox 1122 2339 1214 2392; x_wconf 76' lang='grc' dir='ltr'>καὶ</span> <span class='ocrx_word' id='word_1_169' title='bbox 1264 2339 1371 2392; x_wconf 85' lang='grc' dir='ltr'><strong>τῶν</strong></span> <span class='ocrx_word' id='word_1_170' title='bbox 1420 2338 1738 2409; x_wconf 85' lang='grc' dir='ltr'><strong>μελλόντων,</strong></span> <span class='ocrx_word' id='word_1_171' title='bbox 1769 2336 1863 2391; x_wconf 79' lang='grc' dir='ltr'>τοῦ</span> <span class='ocrx_word' id='word_1_172' title='bbox 1904 2354 1964 2389; x_wconf 91' lang='grc' dir='ltr'><strong>τε</strong></span> 
     </span>
    </p>
   </div>
   <div class='ocr_carea' id='block_1_23' title="bbox 386 2430 1963 2505">
    <p class='ocr_par' dir='ltr' id='par_1_23' title="bbox 386 2430 1963 2505">
     <span class='ocr_line' id='line_1_23' title="bbox 386 2430 1963 2505; baseline -0.002 -20"><span class='ocrx_word' id='word_1_173' title='bbox 386 2434 651 2503; x_wconf 79' lang='grc' dir='ltr'>ἡγεμόνος</span> <span class='ocrx_word' id='word_1_174' title='bbox 679 2435 771 2488; x_wconf 75' lang='grc' dir='ltr'><strong>καὶ</strong></span> <span class='ocrx_word' id='word_1_175' title='bbox 808 2434 979 2487; x_wconf 79' lang='grc' dir='ltr'>αἰτίου</span> <span class='ocrx_word' id='word_1_176' title='bbox 1014 2434 1221 2504; x_wconf 80' lang='grc' dir='ltr'>πατέρα</span> <span class='ocrx_word' id='word_1_177' title='bbox 1255 2432 1462 2505; x_wconf 87' lang='grc' dir='ltr'>κύριον,</span> <span class='ocrx_word' id='word_1_178' title='bbox 1495 2430 1852 2502; x_wconf 78' lang='grc' dir='ltr'>ἐπομνύντας,</span> <span class='ocrx_word' id='word_1_179' title='bbox 1883 2430 1963 2495; x_wconf 83' lang='grc' dir='ltr'><strong>ὃν,</strong></span> 
     </span>
    </p>
   </div>
   <div class='ocr_carea' id='block_1_24' title="bbox 385 2522 1965 2596">
    <p class='ocr_par' dir='ltr' id='par_1_24' title="bbox 385 2522 1965 2596">
     <span class='ocr_line' id='line_1_24' title="bbox 385 2522 1965 2596; baseline 0 -21"><span class='ocrx_word' id='word_1_180' title='bbox 385 2522 451 2575; x_wconf 85' lang='grc' dir='ltr'><strong>ἂν</strong></span> <span class='ocrx_word' id='word_1_181' title='bbox 480 2523 646 2587; x_wconf 78' lang='grc' dir='ltr'>ὄντως</span> <span class='ocrx_word' id='word_1_182' title='bbox 681 2524 1076 2596; x_wconf 74' lang='grc' dir='ltr'>φιλοσοφῶμεν,</span> <span class='ocrx_word' id='word_1_183' title='bbox 1116 2525 1375 2596; x_wconf 79' lang='grc' dir='ltr'>εἰσόμεθα</span> <span class='ocrx_word' id='word_1_184' title='bbox 1408 2525 1607 2587; x_wconf 80' lang='grc' dir='ltr'>πάντες</span> <span class='ocrx_word' id='word_1_185' title='bbox 1655 2523 1841 2593; x_wconf 69' lang='grc' dir='ltr'>σαφῶς</span> <span class='ocrx_word' id='word_1_186' title='bbox 1884 2524 1965 2586; x_wconf 86' lang='grc' dir='ltr'><strong>εἰς</strong></span> 
     </span>
    </p>
   </div>
   <div class='ocr_carea' id='block_1_25' title="bbox 385 2611 1965 2688">
    <p class='ocr_par' dir='ltr' id='par_1_25' title="bbox 385 2611 1965 2688">
     <span class='ocr_line' id='line_1_25' title="bbox 385 2611 1965 2688; baseline 0.003 -23"><span class='ocrx_word' id='word_1_187' title='bbox 385 2611 613 2683; x_wconf 87' lang='grc' dir='ltr'>δύναμιν</span> <span class='ocrx_word' id='word_1_188' title='bbox 649 2614 950 2687; x_wconf 82' lang='grc' dir='ltr'>ἀνθρώπων</span> <span class='ocrx_word' id='word_1_189' title='bbox 984 2616 1331 2688; x_wconf 76' lang='grc' dir='ltr'>εὐδαιμόνων.</span> <span class='ocrx_word' id='word_1_190' title='bbox 1370 2634 1388 2666; x_wconf 71' lang='grc' dir='ltr'><strong>ι</strong></span> <span class='ocrx_word' id='word_1_191' title='bbox 1412 2613 1669 2669; x_wconf 84' lang='lat' dir='ltr'><strong>Jurantes</strong></span> <span class='ocrx_word' id='word_1_192' title='bbox 1710 2630 1816 2667; x_wconf 91' lang='lat' dir='ltr'><strong>non</strong></span> <span class='ocrx_word' id='word_1_193' title='bbox 1849 2616 1965 2669; x_wconf 89' lang='lat' dir='ltr'><strong>sine</strong></span> 
     </span>
    </p>
   </div>
   <div class='ocr_carea' id='block_1_26' title="bbox 386 2702 1957 2774">
    <p class='ocr_par' dir='ltr' id='par_1_26' title="bbox 386 2702 1957 2774">
     <span class='ocr_line' id='line_1_26' title="bbox 386 2702 1957 2774; baseline 0.003 -19"><span class='ocrx_word' id='word_1_194' title='bbox 386 2702 620 2772; x_wconf 83' lang='lat' dir='ltr'><strong>eleganti</strong></span> <span class='ocrx_word' id='word_1_195' title='bbox 656 2706 858 2771; x_wconf 90' lang='lat' dir='ltr'><strong>studio,</strong></span> <span class='ocrx_word' id='word_1_196' title='bbox 902 2716 957 2760; x_wconf 91' lang='lat' dir='ltr'><strong>et</strong></span> <span class='ocrx_word' id='word_1_197' title='bbox 989 2721 1178 2761; x_wconf 84' lang='lat' dir='ltr'><strong>sorore</strong></span> <span class='ocrx_word' id='word_1_198' title='bbox 1209 2706 1373 2761; x_wconf 92' lang='lat' dir='ltr'><strong>studii</strong></span> <span class='ocrx_word' id='word_1_199' title='bbox 1411 2706 1721 2774; x_wconf 88' lang='lat' dir='ltr'><strong>disciplina,</strong></span> <span class='ocrx_word' id='word_1_200' title='bbox 1759 2715 1812 2760; x_wconf 93' lang='lat' dir='ltr'><strong>et</strong></span> <span class='ocrx_word' id='word_1_201' title='bbox 1841 2722 1957 2760; x_wconf 92' lang='lat' dir='ltr'><strong>om-</strong></span> 
     </span>
    </p>
   </div>
   <div class='ocr_carea' id='block_1_27' title="bbox 385 2795 1961 2869">
    <p class='ocr_par' dir='ltr' id='par_1_27' title="bbox 385 2795 1961 2869">
     <span class='ocr_line' id='line_1_27' title="bbox 385 2795 1961 2869; baseline 0.001 -20"><span class='ocrx_word' id='word_1_202' title='bbox 385 2795 533 2849; x_wconf 88' lang='lat' dir='ltr'><strong>nium</strong></span> <span class='ocrx_word' id='word_1_203' title='bbox 568 2797 733 2850; x_wconf 89' lang='lat' dir='ltr'><strong>Deum</strong></span> <span class='ocrx_word' id='word_1_204' title='bbox 779 2798 968 2853; x_wconf 91' lang='lat' dir='ltr'><strong>ducem</strong></span> <span class='ocrx_word' id='word_1_205' title='bbox 1010 2808 1068 2854; x_wconf 91' lang='lat' dir='ltr'><strong>et</strong></span> <span class='ocrx_word' id='word_1_206' title='bbox 1107 2814 1294 2854; x_wconf 91' lang='lat' dir='ltr'><strong>eorum</strong></span> <span class='ocrx_word' id='word_1_207' title='bbox 1341 2814 1460 2869; x_wconf 76' lang='lat' dir='ltr'><strong>qua:</strong></span> <span class='ocrx_word' id='word_1_208' title='bbox 1492 2807 1640 2859; x_wconf 83' lang='lat' dir='ltr'><strong>sunt.</strong></span> <span class='ocrx_word' id='word_1_209' title='bbox 1677 2805 1734 2853; x_wconf 92' lang='lat' dir='ltr'><strong>et</strong></span> <span class='ocrx_word' id='word_1_210' title='bbox 1773 2812 1961 2852; x_wconf 91' lang='lat' dir='ltr'><strong>eorum</strong></span> 
     </span>
    </p>
   </div>
   <div class='ocr_carea' id='block_1_28' title="bbox 386 2887 1964 2958">
    <p class='ocr_par' dir='ltr' id='par_1_28' title="bbox 386 2887 1964 2958">
     <span class='ocr_line' id='line_1_28' title="bbox 386 2887 1964 2958; baseline 0.002 -17"><span class='ocrx_word' id='word_1_211' title='bbox 386 2902 509 2955; x_wconf 65' lang='lat' dir='ltr'><strong>qua:</strong></span> <span class='ocrx_word' id='word_1_212' title='bbox 538 2887 719 2943; x_wconf 83' lang='lat' dir='ltr'><strong>futura</strong></span> <span class='ocrx_word' id='word_1_213' title='bbox 758 2898 914 2954; x_wconf 91' lang='lat' dir='ltr'><strong>sunt,</strong></span> <span class='ocrx_word' id='word_1_214' title='bbox 947 2905 1011 2944; x_wconf 90' lang='lat' dir='ltr'><strong>ac</strong></span> <span class='ocrx_word' id='word_1_215' title='bbox 1039 2891 1193 2945; x_wconf 90' lang='lat' dir='ltr'><strong>ducis</strong></span> <span class='ocrx_word' id='word_1_216' title='bbox 1227 2899 1283 2944; x_wconf 89' lang='lat' dir='ltr'><strong>et</strong></span> <span class='ocrx_word' id='word_1_217' title='bbox 1324 2905 1506 2945; x_wconf 86' lang='lat' dir='ltr'><strong>causae</strong></span> <span class='ocrx_word' id='word_1_218' title='bbox 1538 2894 1757 2958; x_wconf 81' lang='lat' dir='ltr'><strong>patrem’</strong></span> <span class='ocrx_word' id='word_1_219' title='bbox 1783 2900 1837 2942; x_wconf 89' lang='lat' dir='ltr'><strong>et</strong></span> <span class='ocrx_word' id='word_1_220' title='bbox 1869 2889 1964 2944; x_wconf 90' lang='lat' dir='ltr'><strong>do-</strong></span> 
     </span>
    </p>
   </div>
   <div class='ocr_carea' id='block_1_29' title="bbox 386 2978 1963 3049">
    <p class='ocr_par' dir='ltr' id='par_1_29' title="bbox 386 2978 1963 3049">
     <span class='ocr_line' id='line_1_29' title="bbox 386 2978 1963 3049; baseline 0.003 -20"><span class='ocrx_word' id='word_1_221' title='bbox 386 2978 591 3030; x_wconf 87' lang='lat' dir='ltr'><strong>minum</strong></span> <span class='ocrx_word' id='word_1_222' title='bbox 644 2985 834 3033; x_wconf 88' lang='lat' dir='ltr'><strong>testem</strong></span> <span class='ocrx_word' id='word_1_223' title='bbox 888 2979 1241 3035; x_wconf 87' lang='lat' dir='ltr'><strong>invocantes:</strong></span> <span class='ocrx_word' id='word_1_224' title='bbox 1274 2995 1434 3049; x_wconf 89' lang='lat' dir='ltr'><strong>quem</strong></span> <span class='ocrx_word' id='word_1_225' title='bbox 1483 2980 1721 3049; x_wconf 89' lang='lat' dir='ltr'><strong>quidem,</strong></span> <span class='ocrx_word' id='word_1_226' title='bbox 1753 2979 1800 3034; x_wconf 91' lang='lat' dir='ltr'><strong>si</strong></span> <span class='ocrx_word' id='word_1_227' title='bbox 1838 2993 1963 3033; x_wconf 86' lang='lat' dir='ltr'><strong>vere</strong></span> 
     </span>
    </p>
   </div>
   <div class='ocr_carea' id='block_1_30' title="bbox 385 3064 1960 3137">
    <p class='ocr_par' dir='ltr' id='par_1_30' title="bbox 385 3064 1960 3137">
     <span class='ocr_line' id='line_1_30' title="bbox 385 3064 1960 3137; baseline 0.003 -21"><span class='ocrx_word' id='word_1_228' title='bbox 385 3064 865 3135; x_wconf 75' lang='lat' dir='ltr'><strong>pliilOSOphemur,</strong></span> <span class='ocrx_word' id='word_1_229' title='bbox 923 3083 1112 3122; x_wconf 86' lang='lat' dir='ltr'><strong>omnes</strong></span> <span class='ocrx_word' id='word_1_230' title='bbox 1177 3068 1463 3137; x_wconf 87' lang='lat' dir='ltr'><strong>perspicue</strong></span> <span class='ocrx_word' id='word_1_231' title='bbox 1534 3082 1960 3137; x_wconf 85' lang='lat' dir='ltr'><strong>cognoscemus,</strong></span> 
     </span>
    </p>
   </div>
   <div class='ocr_carea' id='block_1_31' title="bbox 386 3156 1480 3225">
    <p class='ocr_par' dir='ltr' id='par_1_31' title="bbox 386 3156 1480 3225">
     <span class='ocr_line' id='line_1_31' title="bbox 386 3156 1480 3225; baseline 0.005 -17"><span class='ocrx_word' id='word_1_232' title='bbox 386 3167 647 3225; x_wconf 87' lang='lat' dir='ltr'><strong>quantum</strong></span> <span class='ocrx_word' id='word_1_233' title='bbox 680 3156 761 3213; x_wconf 80' lang='lat' dir='ltr'><strong>fas</strong></span> <span class='ocrx_word' id='word_1_234' title='bbox 788 3167 871 3213; x_wconf 87' lang='lat' dir='ltr'><strong>est</strong></span> <span class='ocrx_word' id='word_1_235' title='bbox 902 3160 1212 3215; x_wconf 86' lang='lat' dir='ltr'><strong>hominibus</strong></span> <span class='ocrx_word' id='word_1_236' title='bbox 1242 3160 1438 3216; x_wconf 83' lang='lat' dir='ltr'><strong>beatis.</strong></span> <span class='ocrx_word' id='word_1_237' title='bbox 1461 3180 1480 3214; x_wconf 70' lang='grc' dir='ltr'><strong>ι</strong></span> 
     </span>
    </p>
   </div>
   <div class='ocr_carea' id='block_1_32' title="bbox 456 3251 1958 3325">
    <p class='ocr_par' dir='ltr' id='par_1_32' title="bbox 456 3251 1958 3325">
     <span class='ocr_line' id='line_1_32' title="bbox 456 3251 1958 3325; baseline 0 -20"><span class='ocrx_word' id='word_1_238' title='bbox 456 3251 583 3308; x_wconf 81' lang='lat' dir='ltr'><strong>Haec</strong></span> <span class='ocrx_word' id='word_1_239' title='bbox 626 3254 693 3308; x_wconf 90' lang='lat' dir='ltr'><strong>de</strong></span> <span class='ocrx_word' id='word_1_240' title='bbox 735 3253 914 3309; x_wconf 81' lang='lat' dir='ltr'><strong>Verbo</strong></span> <span class='ocrx_word' id='word_1_241' title='bbox 941 3265 997 3308; x_wconf 91' lang='lat' dir='ltr'><strong>et</strong></span> <span class='ocrx_word' id='word_1_242' title='bbox 1024 3254 1163 3310; x_wconf 86' lang='lat' dir='ltr'><strong>Filio</strong></span> <span class='ocrx_word' id='word_1_243' title='bbox 1199 3256 1291 3311; x_wconf 92' lang='lat' dir='ltr'><strong>Dei</strong></span> <span class='ocrx_word' id='word_1_244' title='bbox 1326 3256 1469 3309; x_wconf 87' lang='lat' dir='ltr'><strong>dicta</strong></span> <span class='ocrx_word' id='word_1_245' title='bbox 1510 3254 1684 3309; x_wconf 88' lang='lat' dir='ltr'><strong>videri</strong></span> <span class='ocrx_word' id='word_1_246' title='bbox 1715 3262 1958 3325; x_wconf 77' lang='lat' dir='ltr'><strong>possent,</strong></span> 
     </span>
    </p>
   </div>
   <div class='ocr_carea' id='block_1_33' title="bbox 386 3344 1962 3417">
    <p class='ocr_par' dir='ltr' id='par_1_33' title="bbox 386 3344 1962 3417">
     <span class='ocr_line' id='line_1_33' title="bbox 386 3344 1962 3417; baseline 0.001 -20"><span class='ocrx_word' id='word_1_247' title='bbox 386 3344 431 3398; x_wconf 88' lang='lat' dir='ltr'><strong>si</strong></span> <span class='ocrx_word' id='word_1_248' title='bbox 479 3344 530 3398; x_wconf 89' lang='lat' dir='ltr'><strong>id</strong></span> <span class='ocrx_word' id='word_1_249' title='bbox 569 3360 668 3415; x_wconf 90' lang='lat' dir='ltr'><strong>pcr</strong></span> <span class='ocrx_word' id='word_1_250' title='bbox 713 3344 993 3400; x_wconf 85' lang='lat' dir='ltr'><strong>Platonem</strong></span> <span class='ocrx_word' id='word_1_251' title='bbox 1040 3346 1271 3413; x_wconf 86' lang='lat' dir='ltr'><strong>liceret,</strong></span> <span class='ocrx_word' id='word_1_252' title='bbox 1320 3350 1412 3417; x_wconf 90' lang='lat' dir='ltr'><strong>qui</strong></span> <span class='ocrx_word' id='word_1_253' title='bbox 1461 3347 1707 3401; x_wconf 91' lang='lat' dir='ltr'><strong>omnium</strong></span> <span class='ocrx_word' id='word_1_254' title='bbox 1767 3347 1962 3401; x_wconf 91' lang='lat' dir='ltr'><strong>ducem</strong></span> 
     </span>
    </p>
   </div>
   <div class='ocr_carea' id='block_1_34' title="bbox 387 3436 1964 3510">
    <p class='ocr_par' dir='ltr' id='par_1_34' title="bbox 387 3436 1964 3510">
     <span class='ocr_line' id='line_1_34' title="bbox 387 3436 1964 3510; baseline 0.003 -21"><span class='ocrx_word' id='word_1_255' title='bbox 387 3436 555 3491; x_wconf 88' lang='lat' dir='ltr'><strong>Deum</strong></span> <span class='ocrx_word' id='word_1_256' title='bbox 599 3446 653 3491; x_wconf 91' lang='lat' dir='ltr'><strong>et</strong></span> <span class='ocrx_word' id='word_1_257' title='bbox 688 3452 905 3492; x_wconf 84' lang='lat' dir='ltr'><strong>causam</strong></span> <span class='ocrx_word' id='word_1_258' title='bbox 953 3439 1071 3508; x_wconf 90' lang='lat' dir='ltr'><strong>ipse</strong></span> <span class='ocrx_word' id='word_1_259' title='bbox 1112 3442 1192 3494; x_wconf 92' lang='lat' dir='ltr'><strong>sui</strong></span> <span class='ocrx_word' id='word_1_260' title='bbox 1236 3440 1504 3510; x_wconf 88' lang='lat' dir='ltr'><strong>interpres</strong></span> <span class='ocrx_word' id='word_1_261' title='bbox 1552 3438 1812 3493; x_wconf 85' lang='lat' dir='ltr'><strong>mundum</strong></span> <span class='ocrx_word' id='word_1_262' title='bbox 1843 3453 1964 3493; x_wconf 92' lang='lat' dir='ltr'><strong>esse</strong></span> 
     </span>
    </p>
   </div>
   <div class='ocr_carea' id='block_1_35' title="bbox 386 3528 1959 3600">
    <p class='ocr_par' dir='ltr' id='par_1_35' title="bbox 386 3528 1959 3600">
     <span class='ocr_line' id='line_1_35' title="bbox 386 3528 1959 3600; baseline 0.002 -20"><span class='ocrx_word' id='word_1_263' title='bbox 386 3528 648 3583; x_wconf 85' lang='lat' dir='ltr'><strong>declarat.</strong></span> <span class='ocrx_word' id='word_1_264' title='bbox 680 3528 771 3585; x_wconf 89' lang='lat' dir='ltr'><strong>Sic</strong></span> <span class='ocrx_word' id='word_1_265' title='bbox 794 3531 939 3583; x_wconf 83' lang='lat' dir='ltr'><strong>enim</strong></span> <span class='ocrx_word' id='word_1_266' title='bbox 970 3531 1213 3600; x_wconf 82' lang='lat' dir='ltr'><strong>loquitur</strong></span> <span class='ocrx_word' id='word_1_267' title='bbox 1243 3531 1295 3585; x_wconf 92' lang='lat' dir='ltr'><strong>in</strong></span> <span class='ocrx_word' id='word_1_268' title='bbox 1328 3532 1660 3600; x_wconf 84' lang='lat' dir='ltr'><strong>Epinomide,</strong></span> <span class='ocrx_word' id='word_1_269' title='bbox 1693 3548 1745 3599; x_wconf 92' lang='lat' dir='ltr'><strong>p.</strong></span> <span class='ocrx_word' id='word_1_270' title='bbox 1785 3530 1920 3584; x_wconf 69' lang='lat'><strong>1005</strong></span> <span class='ocrx_word' id='word_1_271' title='bbox 1946 3548 1959 3583; x_wconf 86' lang='lat'><strong>:</strong></span> 
     </span>
    </p>
   </div>
   <div class='ocr_carea' id='block_1_36' title="bbox 385 3617 1965 3693">
    <p class='ocr_par' dir='ltr' id='par_1_36' title="bbox 385 3617 1965 3693">
     <span class='ocr_line' id='line_1_36' title="bbox 385 3617 1965 3693; baseline 0.003 -24"><span class='ocrx_word' id='word_1_272' title='bbox 385 3617 517 3669; x_wconf 84' lang='grc' dir='ltr'>Θεὸν</span> <span class='ocrx_word' id='word_1_273' title='bbox 562 3619 607 3671; x_wconf 85' lang='grc' dir='ltr'>δ’</span> <span class='ocrx_word' id='word_1_274' title='bbox 646 3620 809 3673; x_wconf 81' lang='grc' dir='ltr'>αὑτὸν</span> <span class='ocrx_word' id='word_1_275' title='bbox 845 3619 1043 3690; x_wconf 75' lang='grc' dir='ltr'>μᾶλλον</span> <span class='ocrx_word' id='word_1_276' title='bbox 1074 3622 1108 3690; x_wconf 78' lang='grc' dir='ltr'>ἢ</span> <span class='ocrx_word' id='word_1_277' title='bbox 1153 3621 1274 3674; x_wconf 77' lang='grc' dir='ltr'>τινὰ</span> <span class='ocrx_word' id='word_1_278' title='bbox 1306 3622 1475 3692; x_wconf 86' lang='grc' dir='ltr'>τύχην</span> <span class='ocrx_word' id='word_1_279' title='bbox 1524 3621 1767 3693; x_wconf 76' lang='grc' dir='ltr'>ἠγοῦμαι</span> <span class='ocrx_word' id='word_1_280' title='bbox 1808 3621 1965 3673; x_wconf 89' lang='grc' dir='ltr'>δόντα</span> 
     </span>
    </p>
   </div>
   <div class='ocr_carea' id='block_1_37' title="bbox 385 3709 1965 3801">
    <p class='ocr_par' dir='ltr' id='par_1_37' title="bbox 385 3709 1965 3801">
     <span class='ocr_line' id='line_1_37' title="bbox 385 3709 1965 3801; baseline 0.003 -38"><span class='ocrx_word' id='word_1_281' title='bbox 385 3712 519 3801; x_wconf 73' lang='grc' dir='ltr'>ἡμῖν</span> <span class='ocrx_word' id='word_1_282' title='bbox 558 3709 750 3773; x_wconf 79' lang='grc' dir='ltr'>σώζειν</span> <span class='ocrx_word' id='word_1_283' title='bbox 796 3714 960 3782; x_wconf 79' lang='grc' dir='ltr'>ἡμᾶς.</span> <span class='ocrx_word' id='word_1_284' title='bbox 1004 3714 1101 3765; x_wconf 90' lang='grc' dir='ltr'>Ὃν</span> <span class='ocrx_word' id='word_1_285' title='bbox 1138 3712 1195 3765; x_wconf 86' lang='grc' dir='ltr'>δὲ</span> <span class='ocrx_word' id='word_1_286' title='bbox 1245 3712 1376 3765; x_wconf 85' lang='grc' dir='ltr'>Θεὸν</span> <span class='ocrx_word' id='word_1_287' title='bbox 1423 3714 1694 3785; x_wconf 78' lang='grc' dir='ltr'>ἡγοῦμαι,</span> <span class='ocrx_word' id='word_1_288' title='bbox 1741 3713 1965 3785; x_wconf 75' lang='grc' dir='ltr'>φράζειν</span> 
     </span>
    </p>
   </div>
   <div class='ocr_carea' id='block_1_38' title="bbox 386 3800 1962 3873">
    <p class='ocr_par' dir='ltr' id='par_1_38' title="bbox 386 3800 1962 3873">
     <span class='ocr_line' id='line_1_38' title="bbox 386 3800 1962 3873; baseline 0.004 -21"><span class='ocrx_word' id='word_1_289' title='bbox 386 3800 513 3872; x_wconf 81' lang='grc' dir='ltr'>χρὴ,</span> <span class='ocrx_word' id='word_1_290' title='bbox 544 3801 744 3873; x_wconf 87' lang='grc' dir='ltr'>καίπερ</span> <span class='ocrx_word' id='word_1_291' title='bbox 781 3803 979 3856; x_wconf 77' lang='grc' dir='ltr'>ἄτοπον</span> <span class='ocrx_word' id='word_1_292' title='bbox 1009 3803 1158 3866; x_wconf 76' lang='grc' dir='ltr'>ὄντα,</span> <span class='ocrx_word' id='word_1_293' title='bbox 1202 3804 1294 3857; x_wconf 90' lang='grc' dir='ltr'><strong>καί</strong></span> <span class='ocrx_word' id='word_1_294' title='bbox 1346 3824 1464 3869; x_wconf 88' lang='grc' dir='ltr'><strong>πως</strong></span> <span class='ocrx_word' id='word_1_295' title='bbox 1504 3807 1603 3859; x_wconf 83' lang='grc' dir='ltr'>οὐκ</span> <span class='ocrx_word' id='word_1_296' title='bbox 1635 3807 1832 3860; x_wconf 80' lang='grc' dir='ltr'>ἄτοπον</span> <span class='ocrx_word' id='word_1_297' title='bbox 1874 3802 1962 3859; x_wconf 78' lang='grc' dir='ltr'><strong>αὖ.</strong></span> 
     </span>
    </p>
   </div>
   <div class='ocr_carea' id='block_1_39' title="bbox 387 3892 1965 3969">
    <p class='ocr_par' dir='ltr' id='par_1_39' title="bbox 387 3892 1965 3969">
     <span class='ocr_line' id='line_1_39' title="bbox 387 3892 1965 3969; baseline 0.006 -25"><span class='ocrx_word' id='word_1_298' title='bbox 387 3892 511 3956; x_wconf 83' lang='grc' dir='ltr'><strong>Πῶς</strong></span> <span class='ocrx_word' id='word_1_299' title='bbox 534 3895 642 3965; x_wconf 83' lang='grc' dir='ltr'>γὰρ</span> <span class='ocrx_word' id='word_1_300' title='bbox 669 3893 777 3947; x_wconf 84' lang='grc' dir='ltr'>τῶν</span> <span class='ocrx_word' id='word_1_301' title='bbox 798 3894 1018 3963; x_wconf 80' lang='grc' dir='ltr'>ἀγαθῶν</span> <span class='ocrx_word' id='word_1_302' title='bbox 1054 3896 1225 3949; x_wconf 78' lang='grc' dir='ltr'>αἴτιον</span> <span class='ocrx_word' id='word_1_303' title='bbox 1247 3900 1378 3967; x_wconf 78' lang='grc' dir='ltr'>ἡμῖν</span> <span class='ocrx_word' id='word_1_304' title='bbox 1402 3897 1748 3969; x_wconf 71' lang='grc' dir='ltr'>ξυμπάντων,</span> <span class='ocrx_word' id='word_1_305' title='bbox 1781 3900 1841 3952; x_wconf 86' lang='grc' dir='ltr'><strong>ού</strong></span> <span class='ocrx_word' id='word_1_306' title='bbox 1873 3901 1965 3953; x_wconf 72' lang='grc' dir='ltr'>καὶ</span> 
     </span>
    </p>
   </div>
   <div class='ocr_carea' id='block_1_40' title="bbox 386 3981 1967 4061">
    <p class='ocr_par' dir='ltr' id='par_1_40' title="bbox 386 3981 1967 4061">
     <span class='ocr_line' id='line_1_40' title="bbox 386 3981 1967 4061; baseline 0.005 -27"><span class='ocrx_word' id='word_1_307' title='bbox 386 3981 480 4035; x_wconf 82' lang='grc' dir='ltr'>τοῦ</span> <span class='ocrx_word' id='word_1_308' title='bbox 512 3982 645 4036; x_wconf 78' lang='grc' dir='ltr'>πολὺ</span> <span class='ocrx_word' id='word_1_309' title='bbox 682 3985 959 4054; x_wconf 89' lang='grc' dir='ltr'>μεγίστου,</span> <span class='ocrx_word' id='word_1_310' title='bbox 994 3986 1093 4055; x_wconf 79' lang='grc' dir='ltr'><strong>τῆς</strong></span> <span class='ocrx_word' id='word_1_311' title='bbox 1139 3990 1476 4058; x_wconf 80' lang='grc' dir='ltr'>φρονήσεως,</span> <span class='ocrx_word' id='word_1_312' title='bbox 1509 3988 1680 4042; x_wconf 81' lang='grc' dir='ltr'>αἴτιον</span> <span class='ocrx_word' id='word_1_313' title='bbox 1716 3989 1967 4061; x_wconf 80' lang='grc' dir='ltr'>ἡγεῖσθαι</span> 
     </span>
    </p>
   </div>
   <div class='ocr_carea' id='block_1_41' title="bbox 386 4073 1965 4150">
    <p class='ocr_par' dir='ltr' id='par_1_41' title="bbox 386 4073 1965 4150">
     <span class='ocr_line' id='line_1_41' title="bbox 386 4073 1965 4150; baseline 0.006 -25"><span class='ocrx_word' id='word_1_314' title='bbox 386 4073 469 4126; x_wconf 82' lang='grc' dir='ltr'><strong>δεῖ</strong></span> <span class='ocrx_word' id='word_1_315' title='bbox 494 4076 805 4143; x_wconf 83' lang='grc' dir='ltr'>γεγονέναι;</span> <span class='ocrx_word' id='word_1_316' title='bbox 832 4078 966 4131; x_wconf 89' lang='grc' dir='ltr'>Τίνα</span> <span class='ocrx_word' id='word_1_317' title='bbox 986 4079 1043 4132; x_wconf 88' lang='grc' dir='ltr'><strong>δὲ</strong></span> <span class='ocrx_word' id='word_1_318' title='bbox 1066 4080 1158 4133; x_wconf 80' lang='grc' dir='ltr'><strong>καὶ</strong></span> <span class='ocrx_word' id='word_1_319' title='bbox 1188 4079 1466 4150; x_wconf 91' lang='grc' dir='ltr'>σεμνύνων</span> <span class='ocrx_word' id='word_1_320' title='bbox 1490 4082 1619 4134; x_wconf 83' lang='grc' dir='ltr'>ποτὲ</span> <span class='ocrx_word' id='word_1_321' title='bbox 1648 4082 1791 4149; x_wconf 81' lang='grc' dir='ltr'>λέγω</span> <span class='ocrx_word' id='word_1_322' title='bbox 1813 4081 1965 4147; x_wconf 84' lang='grc' dir='ltr'>Θεὸν,</span> 
     </span>
    </p>
   </div>
   <div class='ocr_carea' id='block_1_42' title="bbox 388 4159 1968 4243">
    <p class='ocr_par' dir='ltr' id='par_1_42' title="bbox 388 4159 1968 4243">
     <span class='ocr_line' id='line_1_42' title="bbox 388 4159 1968 4243; baseline 0.005 -24"><span class='ocrx_word' id='word_1_323' title='bbox 388 4159 433 4218; x_wconf 77' lang='grc' dir='ltr'><strong>ὦ</strong></span> <span class='ocrx_word' id='word_1_324' title='bbox 463 4168 698 4236; x_wconf 86' lang='grc' dir='ltr'>Μέγιλλὲ</span> <span class='ocrx_word' id='word_1_325' title='bbox 729 4186 788 4223; x_wconf 90' lang='grc' dir='ltr'><strong>τε</strong></span> <span class='ocrx_word' id='word_1_326' title='bbox 821 4171 912 4223; x_wconf 75' lang='grc' dir='ltr'>καὶ</span> <span class='ocrx_word' id='word_1_327' title='bbox 946 4170 1199 4237; x_wconf 85' lang='grc' dir='ltr'>Κλεινία;</span> <span class='ocrx_word' id='word_1_328' title='bbox 1237 4172 1421 4242; x_wconf 86' lang='grc' dir='ltr'>σχεδὸν</span> <span class='ocrx_word' id='word_1_329' title='bbox 1469 4173 1716 4243; x_wconf 78' lang='grc' dir='ltr'>οὐρανόν.</span> <span class='ocrx_word' id='word_1_330' title='bbox 1751 4174 1846 4227; x_wconf 87' lang='grc' dir='ltr'>Ὃν</span> <span class='ocrx_word' id='word_1_331' title='bbox 1876 4175 1968 4227; x_wconf 79' lang='grc' dir='ltr'><strong>καὶ</strong></span> 
     </span>
    </p>
   </div>
   <div class='ocr_carea' id='block_1_43' title="bbox 388 4258 1969 4334">
    <p class='ocr_par' dir='ltr' id='par_1_43' title="bbox 388 4258 1969 4334">
     <span class='ocr_line' id='line_1_43' title="bbox 388 4258 1969 4334; baseline 0.004 -23"><span class='ocrx_word' id='word_1_332' title='bbox 388 4258 744 4325; x_wconf 87' lang='grc' dir='ltr'>δικαίοτατον,</span> <span class='ocrx_word' id='word_1_333' title='bbox 775 4260 850 4324; x_wconf 85' lang='grc' dir='ltr'>ὼς</span> <span class='ocrx_word' id='word_1_334' title='bbox 894 4258 1200 4331; x_wconf 87' lang='grc' dir='ltr'>ξύμπαντες</span> <span class='ocrx_word' id='word_1_335' title='bbox 1244 4262 1391 4316; x_wconf 78' lang='grc' dir='ltr'>ἄλλοι</span> <span class='ocrx_word' id='word_1_336' title='bbox 1431 4263 1682 4333; x_wconf 82' lang='grc' dir='ltr'>δαίμονες</span> <span class='ocrx_word' id='word_1_337' title='bbox 1715 4263 1830 4334; x_wconf 77' lang='grc' dir='ltr'><strong>ἅμα</strong></span> <span class='ocrx_word' id='word_1_338' title='bbox 1875 4266 1969 4317; x_wconf 76' lang='grc' dir='ltr'><strong>καὶ</strong></span> 
     </span>
    </p>
   </div>
   <div class='ocr_carea' id='block_1_44' title="bbox 389 4348 1971 4426">
    <p class='ocr_par' dir='ltr' id='par_1_44' title="bbox 389 4348 1971 4426">
     <span class='ocr_line' id='line_1_44' title="bbox 389 4348 1971 4426; baseline 0.004 -24"><span class='ocrx_word' id='word_1_339' title='bbox 389 4348 523 4413; x_wconf 74' lang='grc' dir='ltr'>θεοὶ,</span> <span class='ocrx_word' id='word_1_340' title='bbox 567 4353 729 4422; x_wconf 79' lang='grc' dir='ltr'>τιμᾷν</span> <span class='ocrx_word' id='word_1_341' title='bbox 759 4370 818 4405; x_wconf 90' lang='grc' dir='ltr'><strong>τε</strong></span> <span class='ocrx_word' id='word_1_342' title='bbox 866 4354 959 4406; x_wconf 79' lang='grc' dir='ltr'><strong>καὶ</strong></span> <span class='ocrx_word' id='word_1_343' title='bbox 1006 4352 1260 4423; x_wconf 73' lang='grc' dir='ltr'>εὔχεσθαι</span> <span class='ocrx_word' id='word_1_344' title='bbox 1292 4353 1658 4425; x_wconf 84' lang='grc' dir='ltr'>διαφερόντως</span> <span class='ocrx_word' id='word_1_345' title='bbox 1691 4354 1858 4426; x_wconf 80' lang='grc' dir='ltr'>αὐτῷ.</span> <span class='ocrx_word' id='word_1_346' title='bbox 1897 4357 1971 4409; x_wconf 90' lang='grc' dir='ltr'><strong>Τὸ</strong></span> 
     </span>
    </p>
   </div>
   <div class='ocr_carea' id='block_1_45' title="bbox 387 4442 1968 4517">
    <p class='ocr_par' dir='ltr' id='par_1_45' title="bbox 387 4442 1968 4517">
     <span class='ocr_line' id='line_1_45' title="bbox 387 4442 1968 4517; baseline 0.003 -20"><span class='ocrx_word' id='word_1_347' title='bbox 387 4442 445 4497; x_wconf 84' lang='grc' dir='ltr'>δὲ</span> <span class='ocrx_word' id='word_1_348' title='bbox 480 4444 573 4498; x_wconf 71' lang='grc' dir='ltr'>καὶ</span> <span class='ocrx_word' id='word_1_349' title='bbox 604 4444 711 4498; x_wconf 85' lang='grc' dir='ltr'>τῶν</span> <span class='ocrx_word' id='word_1_350' title='bbox 740 4444 915 4499; x_wconf 78' lang='grc' dir='ltr'>ἄλλων</span> <span class='ocrx_word' id='word_1_351' title='bbox 946 4444 1118 4498; x_wconf 77' lang='grc' dir='ltr'>αἴτιον</span> <span class='ocrx_word' id='word_1_352' title='bbox 1151 4445 1368 4515; x_wconf 86' lang='grc' dir='ltr'>ἀγαθῶν</span> <span class='ocrx_word' id='word_1_353' title='bbox 1402 4446 1619 4500; x_wconf 84' lang='grc' dir='ltr'>πάντων</span> <span class='ocrx_word' id='word_1_354' title='bbox 1652 4448 1784 4517; x_wconf 78' lang='grc' dir='ltr'>ἡμῖν</span> <span class='ocrx_word' id='word_1_355' title='bbox 1808 4447 1968 4501; x_wconf 80' lang='grc' dir='ltr'>αὐτὸν</span> 
     </span>
    </p>
   </div>
   <div class='ocr_carea' id='block_1_46' title="bbox 2068 585 3647 660">
    <p class='ocr_par' dir='ltr' id='par_1_46' title="bbox 2068 585 3647 660">
     <span class='ocr_line' id='line_1_46' title="bbox 2068 585 3647 660; baseline 0.001 -18"><span class='ocrx_word' id='word_1_356' title='bbox 2068 602 2136 642; x_wconf 77' lang='lat' dir='ltr'><strong>ex</strong></span> <span class='ocrx_word' id='word_1_357' title='bbox 2158 588 2244 641; x_wconf 91' lang='lat' dir='ltr'><strong>his</strong></span> <span class='ocrx_word' id='word_1_358' title='bbox 2266 588 2450 642; x_wconf 89' lang='lat' dir='ltr'><strong>verbis</strong></span> <span class='ocrx_word' id='word_1_359' title='bbox 2475 585 2682 654; x_wconf 66' lang='lat' dir='ltr'><strong>Timeri,</strong></span> <span class='ocrx_word' id='word_1_360' title='bbox 2723 604 2779 658; x_wconf 90' lang='lat' dir='ltr'><strong>p.</strong></span> <span class='ocrx_word' id='word_1_361' title='bbox 2808 588 2947 643; x_wconf 71' lang='grc'><strong>1047</strong></span> <span class='ocrx_word' id='word_1_362' title='bbox 2974 606 2990 642; x_wconf 90' lang='lat'><strong>:</strong></span> <span class='ocrx_word' id='word_1_363' title='bbox 3035 590 3093 641; x_wconf 81' lang='grc' dir='ltr'>ὐ</span> <span class='ocrx_word' id='word_1_364' title='bbox 3121 588 3184 659; x_wconf 83' lang='grc' dir='ltr'>δὴ</span> <span class='ocrx_word' id='word_1_365' title='bbox 3214 590 3319 652; x_wconf 78' lang='grc' dir='ltr'>πᾶς</span> <span class='ocrx_word' id='word_1_366' title='bbox 3343 586 3568 660; x_wconf 83' lang='grc' dir='ltr'>οὐρανὸς</span> <span class='ocrx_word' id='word_1_367' title='bbox 3601 590 3647 660; x_wconf 67' lang='grc' dir='ltr'>ἢ</span> 
     </span>
    </p>
   </div>
   <div class='ocr_carea' id='block_1_47' title="bbox 2068 678 3640 752">
    <p class='ocr_par' dir='ltr' id='par_1_47' title="bbox 2068 678 3640 752">
     <span class='ocr_line' id='line_1_47' title="bbox 2068 678 3640 752; baseline 0.001 -19"><span class='ocrx_word' id='word_1_368' title='bbox 2068 679 2293 748; x_wconf 84' lang='grc' dir='ltr'>κόσμος,</span> <span class='ocrx_word' id='word_1_369' title='bbox 2326 678 2359 750; x_wconf 76' lang='grc' dir='ltr'>ἢ</span> <span class='ocrx_word' id='word_1_370' title='bbox 2389 679 2481 733; x_wconf 77' lang='grc' dir='ltr'>καὶ</span> <span class='ocrx_word' id='word_1_371' title='bbox 2508 679 2654 745; x_wconf 78' lang='grc' dir='ltr'>ἄλλο,</span> <span class='ocrx_word' id='word_1_372' title='bbox 2686 680 2714 732; x_wconf 83' lang='grc' dir='ltr'>ὅ</span> <span class='ocrx_word' id='word_1_373' title='bbox 2739 679 2793 733; x_wconf 90' lang='grc' dir='ltr'><strong>τί</strong></span> <span class='ocrx_word' id='word_1_374' title='bbox 2818 698 2948 733; x_wconf 86' lang='grc' dir='ltr'>ποτε</span> <span class='ocrx_word' id='word_1_375' title='bbox 2987 680 3384 752; x_wconf 81' lang='grc' dir='ltr'>ὀνομαζόμενος</span> <span class='ocrx_word' id='word_1_376' title='bbox 3426 680 3640 751; x_wconf 82' lang='grc' dir='ltr'>μάλιστ’</span> 
     </span>
    </p>
   </div>
   <div class='ocr_carea' id='block_1_48' title="bbox 2068 768 3646 841">
    <p class='ocr_par' dir='ltr' id='par_1_48' title="bbox 2068 768 3646 841">
     <span class='ocr_line' id='line_1_48' title="bbox 2068 768 3646 841; baseline 0.001 -17"><span class='ocrx_word' id='word_1_377' title='bbox 2068 769 2132 824; x_wconf 84' lang='grc' dir='ltr'><strong>ἂν</strong></span> <span class='ocrx_word' id='word_1_378' title='bbox 2150 769 2377 841; x_wconf 80' lang='grc' dir='ltr'>δέχοιτο,</span> <span class='ocrx_word' id='word_1_379' title='bbox 2392 768 2537 822; x_wconf 80' lang='grc' dir='ltr'>τοῦθ’</span> <span class='ocrx_word' id='word_1_380' title='bbox 2567 771 2697 840; x_wconf 77' lang='grc' dir='ltr'>ἡμῖν</span> <span class='ocrx_word' id='word_1_381' title='bbox 2717 770 3036 841; x_wconf 85' lang='grc' dir='ltr'>ὠνομάσθω.</span> <span class='ocrx_word' id='word_1_382' title='bbox 3061 788 3079 822; x_wconf 73' lang='grc' dir='ltr'><strong>ι</strong></span> <span class='ocrx_word' id='word_1_383' title='bbox 3104 771 3213 826; x_wconf 86' lang='lat' dir='ltr'><strong>Hoc</strong></span> <span class='ocrx_word' id='word_1_384' title='bbox 3231 781 3407 826; x_wconf 82' lang='lat' dir='ltr'><strong>autem</strong></span> <span class='ocrx_word' id='word_1_385' title='bbox 3423 773 3646 826; x_wconf 82' lang='lat' dir='ltr'><strong>univer-</strong></span> 
     </span>
    </p>
   </div>
   <div class='ocr_carea' id='block_1_49' title="bbox 2068 861 3641 935">
    <p class='ocr_par' dir='ltr' id='par_1_49' title="bbox 2068 861 3641 935">
     <span class='ocr_line' id='line_1_49' title="bbox 2068 861 3641 935; baseline 0.001 -20"><span class='ocrx_word' id='word_1_386' title='bbox 2068 876 2186 915; x_wconf 91' lang='lat' dir='ltr'><strong>sum</strong></span> <span class='ocrx_word' id='word_1_387' title='bbox 2208 862 2403 916; x_wconf 74' lang='lat' dir='ltr'><strong>ctelum</strong></span> <span class='ocrx_word' id='word_1_388' title='bbox 2427 861 2507 916; x_wconf 92' lang='lat' dir='ltr'><strong>vel</strong></span> <span class='ocrx_word' id='word_1_389' title='bbox 2530 863 2780 928; x_wconf 90' lang='lat' dir='ltr'><strong>mundus,</strong></span> <span class='ocrx_word' id='word_1_390' title='bbox 2812 877 2905 916; x_wconf 87' lang='lat' dir='ltr'><strong>seu</strong></span> <span class='ocrx_word' id='word_1_391' title='bbox 2933 877 3041 931; x_wconf 92' lang='lat' dir='ltr'><strong>quo</strong></span> <span class='ocrx_word' id='word_1_392' title='bbox 3074 863 3181 917; x_wconf 90' lang='lat' dir='ltr'><strong>alio</strong></span> <span class='ocrx_word' id='word_1_393' title='bbox 3208 863 3429 917; x_wconf 91' lang='lat' dir='ltr'><strong>nomine</strong></span> <span class='ocrx_word' id='word_1_394' title='bbox 3452 863 3641 935; x_wconf 79' lang='lat' dir='ltr'><strong>appel-</strong></span> 
     </span>
    </p>
   </div>
   <div class='ocr_carea' id='block_1_50' title="bbox 2066 950 3641 1023">
    <p class='ocr_par' dir='ltr' id='par_1_50' title="bbox 2066 950 3641 1023">
     <span class='ocr_line' id='line_1_50' title="bbox 2066 950 3641 1023; baseline 0.003 -19"><span class='ocrx_word' id='word_1_395' title='bbox 2066 950 2167 1005; x_wconf 89' lang='lat' dir='ltr'><strong>lari</strong></span> <span class='ocrx_word' id='word_1_396' title='bbox 2185 966 2244 1006; x_wconf 90' lang='lat' dir='ltr'><strong>se</strong></span> <span class='ocrx_word' id='word_1_397' title='bbox 2270 951 2504 1006; x_wconf 80' lang='lat' dir='ltr'><strong>maxime</strong></span> <span class='ocrx_word' id='word_1_398' title='bbox 2523 952 2739 1021; x_wconf 89' lang='lat' dir='ltr'><strong>probet,</strong></span> <span class='ocrx_word' id='word_1_399' title='bbox 2762 968 2790 1007; x_wconf 90' lang='lat' dir='ltr'><strong>a</strong></span> <span class='ocrx_word' id='word_1_400' title='bbox 2808 952 2962 1007; x_wconf 92' lang='lat' dir='ltr'><strong>nobis</strong></span> <span class='ocrx_word' id='word_1_401' title='bbox 2985 951 3331 1023; x_wconf 65' lang='lat' dir='ltr'><strong>appelletur.»</strong></span> <span class='ocrx_word' id='word_1_402' title='bbox 3348 952 3481 1008; x_wconf 88' lang='lat' dir='ltr'><strong>Cum</strong></span> <span class='ocrx_word' id='word_1_403' title='bbox 3504 969 3641 1023; x_wconf 87' lang='lat' dir='ltr'><strong>ergo</strong></span> 
     </span>
    </p>
   </div>
   <div class='ocr_carea' id='block_1_51' title="bbox 2069 1045 3637 1105">
    <p class='ocr_par' dir='ltr' id='par_1_51' title="bbox 2069 1045 3637 1105">
     <span class='ocr_line' id='line_1_51' title="bbox 2069 1045 3637 1105; baseline 0.004 -9"><span class='ocrx_word' id='word_1_404' title='bbox 2069 1045 2301 1101; x_wconf 90' lang='lat' dir='ltr'><strong>mundus</strong></span> <span class='ocrx_word' id='word_1_405' title='bbox 2358 1048 2464 1102; x_wconf 89' lang='lat' dir='ltr'><strong>hoc</strong></span> <span class='ocrx_word' id='word_1_406' title='bbox 2515 1047 2639 1103; x_wconf 88' lang='lat' dir='ltr'><strong>loco</strong></span> <span class='ocrx_word' id='word_1_407' title='bbox 2699 1064 2728 1103; x_wconf 93' lang='lat' dir='ltr'><strong>a</strong></span> <span class='ocrx_word' id='word_1_408' title='bbox 2788 1049 3015 1105; x_wconf 90' lang='lat' dir='ltr'><strong>Platone</strong></span> <span class='ocrx_word' id='word_1_409' title='bbox 3076 1051 3314 1105; x_wconf 91' lang='lat' dir='ltr'><strong>omnium</strong></span> <span class='ocrx_word' id='word_1_410' title='bbox 3365 1049 3637 1103; x_wconf 89' lang='lat' dir='ltr'><strong>bonorum</strong></span> 
     </span>
    </p>
   </div>
   <div class='ocr_carea' id='block_1_52' title="bbox 2067 1138 3637 1196">
    <p class='ocr_par' dir='ltr' id='par_1_52' title="bbox 2067 1138 3637 1196">
     <span class='ocr_line' id='line_1_52' title="bbox 2067 1138 3637 1196; baseline 0.001 -6"><span class='ocrx_word' id='word_1_411' title='bbox 2067 1152 2229 1191; x_wconf 91' lang='lat' dir='ltr'><strong>causa</strong></span> <span class='ocrx_word' id='word_1_412' title='bbox 2268 1148 2325 1193; x_wconf 89' lang='lat' dir='ltr'><strong>et</strong></span> <span class='ocrx_word' id='word_1_413' title='bbox 2363 1138 2506 1193; x_wconf 86' lang='lat' dir='ltr'><strong>Deus</strong></span> <span class='ocrx_word' id='word_1_414' title='bbox 2536 1149 2590 1194; x_wconf 88' lang='lat' dir='ltr'><strong>et</strong></span> <span class='ocrx_word' id='word_1_415' title='bbox 2616 1155 2645 1193; x_wconf 90' lang='lat' dir='ltr'><strong>a</strong></span> <span class='ocrx_word' id='word_1_416' title='bbox 2675 1142 2891 1195; x_wconf 88' lang='lat' dir='ltr'><strong>caeteris</strong></span> <span class='ocrx_word' id='word_1_417' title='bbox 2918 1142 3022 1196; x_wconf 91' lang='lat' dir='ltr'><strong>diis</strong></span> <span class='ocrx_word' id='word_1_418' title='bbox 3066 1151 3121 1195; x_wconf 89' lang='lat' dir='ltr'><strong>et</strong></span> <span class='ocrx_word' id='word_1_419' title='bbox 3162 1141 3495 1195; x_wconf 73' lang='lat' dir='ltr'><strong>daemonibus</strong></span> <span class='ocrx_word' id='word_1_420' title='bbox 3526 1139 3637 1195; x_wconf 85' lang='lat' dir='ltr'><strong>coli</strong></span> 
     </span>
    </p>
   </div>
   <div class='ocr_carea' id='block_1_53' title="bbox 2067 1227 3642 1302">
    <p class='ocr_par' dir='ltr' id='par_1_53' title="bbox 2067 1227 3642 1302">
     <span class='ocr_line' id='line_1_53' title="bbox 2067 1227 3642 1302; baseline 0.003 -21"><span class='ocrx_word' id='word_1_421' title='bbox 2067 1227 2259 1283; x_wconf 90' lang='lat' dir='ltr'><strong>solitus</strong></span> <span class='ocrx_word' id='word_1_422' title='bbox 2282 1228 2528 1296; x_wconf 88' lang='lat' dir='ltr'><strong>dicatur;</strong></span> <span class='ocrx_word' id='word_1_423' title='bbox 2578 1232 2625 1286; x_wconf 92' lang='lat' dir='ltr'><strong>is</strong></span> <span class='ocrx_word' id='word_1_424' title='bbox 2654 1232 2720 1286; x_wconf 93' lang='lat' dir='ltr'><strong>de</strong></span> <span class='ocrx_word' id='word_1_425' title='bbox 2746 1247 2853 1301; x_wconf 91' lang='lat' dir='ltr'><strong>quo</strong></span> <span class='ocrx_word' id='word_1_426' title='bbox 2907 1232 2963 1286; x_wconf 92' lang='lat' dir='ltr'><strong>in</strong></span> <span class='ocrx_word' id='word_1_427' title='bbox 3004 1232 3284 1302; x_wconf 88' lang='lat' dir='ltr'><strong>superiore</strong></span> <span class='ocrx_word' id='word_1_428' title='bbox 3320 1232 3642 1286; x_wconf 82' lang='lat' dir='ltr'><strong>testimonio</strong></span> 
     </span>
    </p>
   </div>
   <div class='ocr_carea' id='block_1_54' title="bbox 2066 1321 3649 1393">
    <p class='ocr_par' dir='ltr' id='par_1_54' title="bbox 2066 1321 3649 1393">
     <span class='ocr_line' id='line_1_54' title="bbox 2066 1321 3649 1393; baseline 0.001 -19"><span class='ocrx_word' id='word_1_429' title='bbox 2066 1323 2258 1375; x_wconf 89' lang='lat' dir='ltr'><strong>eadem</strong></span> <span class='ocrx_word' id='word_1_430' title='bbox 2319 1321 2615 1389; x_wconf 88' lang='lat' dir='ltr'><strong>dicuntur,</strong></span> <span class='ocrx_word' id='word_1_431' title='bbox 2669 1325 2905 1378; x_wconf 91' lang='lat' dir='ltr'><strong>mundus</strong></span> <span class='ocrx_word' id='word_1_432' title='bbox 2944 1324 3185 1393; x_wconf 84' lang='lat' dir='ltr'><strong>profecto</strong></span> <span class='ocrx_word' id='word_1_433' title='bbox 3236 1322 3649 1378; x_wconf 66' lang='lat' dir='ltr'><strong>existimandus</strong></span> 
     </span>
    </p>
   </div>
   <div class='ocr_carea' id='block_1_55' title="bbox 2067 1411 3638 1485">
    <p class='ocr_par' dir='ltr' id='par_1_55' title="bbox 2067 1411 3638 1485">
     <span class='ocr_line' id='line_1_55' title="bbox 2067 1411 3638 1485; baseline 0.003 -19"><span class='ocrx_word' id='word_1_434' title='bbox 2067 1420 2172 1467; x_wconf 91' lang='lat' dir='ltr'><strong>est.</strong></span> <span class='ocrx_word' id='word_1_435' title='bbox 2206 1411 2345 1480; x_wconf 86' lang='lat' dir='ltr'><strong>Quin</strong></span> <span class='ocrx_word' id='word_1_436' title='bbox 2378 1414 2543 1468; x_wconf 89' lang='lat' dir='ltr'><strong>etiam</strong></span> <span class='ocrx_word' id='word_1_437' title='bbox 2576 1432 2644 1469; x_wconf 79' lang='lat' dir='ltr'><strong>ex</strong></span> <span class='ocrx_word' id='word_1_438' title='bbox 2695 1416 3004 1485; x_wconf 90' lang='lat' dir='ltr'><strong>posteriore</strong></span> <span class='ocrx_word' id='word_1_439' title='bbox 3034 1415 3346 1471; x_wconf 89' lang='lat' dir='ltr'><strong>testimonio</strong></span> <span class='ocrx_word' id='word_1_440' title='bbox 3378 1416 3638 1483; x_wconf 85' lang='lat' dir='ltr'><strong>superius</strong></span> 
     </span>
    </p>
   </div>
   <div class='ocr_carea' id='block_1_56' title="bbox 2067 1501 3637 1575">
    <p class='ocr_par' dir='ltr' id='par_1_56' title="bbox 2067 1501 3637 1575">
     <span class='ocr_line' id='line_1_56' title="bbox 2067 1501 3637 1575; baseline -0.001 -18"><span class='ocrx_word' id='word_1_441' title='bbox 2067 1501 2147 1557; x_wconf 91' lang='lat' dir='ltr'><strong>sic</strong></span> <span class='ocrx_word' id='word_1_442' title='bbox 2168 1502 2385 1557; x_wconf 80' lang='lat' dir='ltr'><strong>videtur</strong></span> <span class='ocrx_word' id='word_1_443' title='bbox 2412 1506 2829 1569; x_wconf 87' lang='lat' dir='ltr'><strong>emendandum,</strong></span> <span class='ocrx_word' id='word_1_444' title='bbox 2858 1504 2948 1557; x_wconf 89' lang='grc' dir='ltr'><strong>τὸν</strong></span> <span class='ocrx_word' id='word_1_445' title='bbox 2970 1504 3078 1558; x_wconf 80' lang='grc' dir='ltr'><strong>τῶν</strong></span> <span class='ocrx_word' id='word_1_446' title='bbox 3105 1504 3320 1557; x_wconf 87' lang='grc' dir='ltr'>πάντων</span> <span class='ocrx_word' id='word_1_447' title='bbox 3344 1503 3480 1556; x_wconf 84' lang='grc' dir='ltr'>θεῶν</span> <span class='ocrx_word' id='word_1_448' title='bbox 3503 1506 3637 1575; x_wconf 80' lang='grc' dir='ltr'>ἡγε-</span> 
     </span>
    </p>
   </div>
   <div class='ocr_carea' id='block_1_57' title="bbox 2070 1596 3635 1665">
    <p class='ocr_par' dir='ltr' id='par_1_57' title="bbox 2070 1596 3635 1665">
     <span class='ocr_line' id='line_1_57' title="bbox 2070 1596 3635 1665; baseline 0.004 -18"><span class='ocrx_word' id='word_1_449' title='bbox 2070 1596 2229 1665; x_wconf 89' lang='grc' dir='ltr'>μόνα,</span> <span class='ocrx_word' id='word_1_450' title='bbox 2261 1598 2494 1649; x_wconf 84' lang='lat' dir='ltr'><strong>omnium</strong></span> <span class='ocrx_word' id='word_1_451' title='bbox 2519 1598 2737 1651; x_wconf 87' lang='lat' dir='ltr'><strong>deorum</strong></span> <span class='ocrx_word' id='word_1_452' title='bbox 2760 1598 2943 1651; x_wconf 84' lang='lat' dir='ltr'><strong>ducem</strong></span> <span class='ocrx_word' id='word_1_453' title='bbox 2971 1599 3289 1665; x_wconf 76' lang='lat' dir='ltr'><strong>invocantes,</strong></span> <span class='ocrx_word' id='word_1_454' title='bbox 3321 1600 3465 1655; x_wconf 90' lang='lat' dir='ltr'><strong>hunc</strong></span> <span class='ocrx_word' id='word_1_455' title='bbox 3485 1601 3635 1655; x_wconf 87' lang='lat' dir='ltr'><strong>enim</strong></span> 
     </span>
    </p>
   </div>
   <div class='ocr_carea' id='block_1_58' title="bbox 2067 1687 3638 1747">
    <p class='ocr_par' dir='ltr' id='par_1_58' title="bbox 2067 1687 3638 1747">
     <span class='ocr_line' id='line_1_58' title="bbox 2067 1687 3638 1747; baseline 0.006 -10"><span class='ocrx_word' id='word_1_456' title='bbox 2067 1701 2245 1739; x_wconf 81' lang='lat' dir='ltr'><strong>omnes</strong></span> <span class='ocrx_word' id='word_1_457' title='bbox 2284 1687 2379 1740; x_wconf 82' lang='lat' dir='ltr'><strong>alii</strong></span> <span class='ocrx_word' id='word_1_458' title='bbox 2402 1688 2663 1742; x_wconf 65' lang='lat' dir='ltr'><strong>daemones</strong></span> <span class='ocrx_word' id='word_1_459' title='bbox 2686 1688 2843 1743; x_wconf 79' lang='lat' dir='ltr'><strong>simul</strong></span> <span class='ocrx_word' id='word_1_460' title='bbox 2864 1698 2912 1741; x_wconf 87' lang='lat' dir='ltr'><strong>et</strong></span> <span class='ocrx_word' id='word_1_461' title='bbox 2951 1690 3031 1743; x_wconf 87' lang='lat' dir='ltr'><strong>dii</strong></span> <span class='ocrx_word' id='word_1_462' title='bbox 3068 1690 3267 1747; x_wconf 80' lang='lat' dir='ltr'><strong>colunt.</strong></span> <span class='ocrx_word' id='word_1_463' title='bbox 3297 1690 3417 1745; x_wconf 79' lang='lat' dir='ltr'><strong>Mox</strong></span> <span class='ocrx_word' id='word_1_464' title='bbox 3444 1694 3638 1747; x_wconf 81' lang='lat' dir='ltr'><strong>deesse</strong></span> 
     </span>
    </p>
   </div>
   <div class='ocr_carea' id='block_1_59' title="bbox 2068 1776 3636 1852">
    <p class='ocr_par' dir='ltr' id='par_1_59' title="bbox 2068 1776 3636 1852">
     <span class='ocr_line' id='line_1_59' title="bbox 2068 1776 3636 1852; baseline 0.006 -25"><span class='ocrx_word' id='word_1_465' title='bbox 2068 1776 2282 1831; x_wconf 88' lang='lat' dir='ltr'><strong>videtur</strong></span> <span class='ocrx_word' id='word_1_466' title='bbox 2318 1778 2510 1842; x_wconf 77' lang='grc' dir='ltr'>αἴτιον,</span> <span class='ocrx_word' id='word_1_467' title='bbox 2569 1780 2645 1833; x_wconf 89' lang='lat' dir='ltr'><strong>ita</strong></span> <span class='ocrx_word' id='word_1_468' title='bbox 2682 1790 2739 1833; x_wconf 94' lang='lat' dir='ltr'><strong>ut</strong></span> <span class='ocrx_word' id='word_1_469' title='bbox 2788 1781 3105 1834; x_wconf 89' lang='lat' dir='ltr'><strong>vertendum</strong></span> <span class='ocrx_word' id='word_1_470' title='bbox 3142 1782 3232 1847; x_wconf 86' lang='lat' dir='ltr'><strong>sit,</strong></span> <span class='ocrx_word' id='word_1_471' title='bbox 3281 1797 3461 1835; x_wconf 88' lang='lat' dir='ltr'><strong>eorum</strong></span> <span class='ocrx_word' id='word_1_472' title='bbox 3512 1799 3636 1852; x_wconf 76' lang='lat' dir='ltr'><strong>qua:</strong></span> 
     </span>
    </p>
   </div>
   <div class='ocr_carea' id='block_1_60' title="bbox 2066 1871 3635 1940">
    <p class='ocr_par' dir='ltr' id='par_1_60' title="bbox 2066 1871 3635 1940">
     <span class='ocr_line' id='line_1_60' title="bbox 2066 1871 3635 1940; baseline 0.003 -18"><span class='ocrx_word' id='word_1_473' title='bbox 2066 1877 2257 1922; x_wconf 79' lang='lat' dir='ltr'><strong>suntet</strong></span> <span class='ocrx_word' id='word_1_474' title='bbox 2287 1884 2469 1922; x_wconf 81' lang='lat' dir='ltr'><strong>eorum</strong></span> <span class='ocrx_word' id='word_1_475' title='bbox 2496 1886 2614 1938; x_wconf 67' lang='lat' dir='ltr'><strong>quae</strong></span> <span class='ocrx_word' id='word_1_476' title='bbox 2636 1871 2819 1940; x_wconf 79' lang='lat' dir='ltr'><strong>futura</strong></span> <span class='ocrx_word' id='word_1_477' title='bbox 2869 1882 3016 1936; x_wconf 78' lang='lat' dir='ltr'><strong>sunt,</strong></span> <span class='ocrx_word' id='word_1_478' title='bbox 3049 1890 3286 1933; x_wconf 79' lang='lat' dir='ltr'><strong>causam.</strong></span> <span class='ocrx_word' id='word_1_479' title='bbox 3337 1872 3534 1929; x_wconf 81' lang='lat' dir='ltr'><strong>Vocem</strong></span> <span class='ocrx_word' id='word_1_480' title='bbox 3564 1875 3635 1928; x_wconf 84' lang='lat' dir='ltr'><strong>il-</strong></span> 
     </span>
    </p>
   </div>
   <div class='ocr_carea' id='block_1_61' title="bbox 2067 1957 3634 2035">
    <p class='ocr_par' dir='ltr' id='par_1_61' title="bbox 2067 1957 3634 2035">
     <span class='ocr_line' id='line_1_61' title="bbox 2067 1957 3634 2035; baseline 0.005 -24"><span class='ocrx_word' id='word_1_481' title='bbox 2067 1957 2195 2024; x_wconf 90' lang='lat' dir='ltr'><strong>lam,</strong></span> <span class='ocrx_word' id='word_1_482' title='bbox 2252 1960 2443 2025; x_wconf 68' lang='grc' dir='ltr'>αἴτιον,</span> <span class='ocrx_word' id='word_1_483' title='bbox 2494 1963 2761 2017; x_wconf 78' lang='lat' dir='ltr'><strong>excidisse</strong></span> <span class='ocrx_word' id='word_1_484' title='bbox 2812 1964 3044 2032; x_wconf 92' lang='lat' dir='ltr'><strong>probant</strong></span> <span class='ocrx_word' id='word_1_485' title='bbox 3091 1965 3399 2035; x_wconf 90' lang='lat' dir='ltr'><strong>sequentia,</strong></span> <span class='ocrx_word' id='word_1_486' title='bbox 3443 1964 3537 2019; x_wconf 82' lang='grc' dir='ltr'>τοῦ</span> <span class='ocrx_word' id='word_1_487' title='bbox 3571 1984 3634 2019; x_wconf 87' lang='grc' dir='ltr'><strong>τε</strong></span> 
     </span>
    </p>
   </div>
   <div class='ocr_carea' id='block_1_62' title="bbox 2065 2052 2916 2127">
    <p class='ocr_par' dir='ltr' id='par_1_62' title="bbox 2065 2052 2916 2127">
     <span class='ocr_line' id='line_1_62' title="bbox 2065 2052 2916 2127; baseline 0.005 -22"><span class='ocrx_word' id='word_1_488' title='bbox 2065 2052 2334 2123; x_wconf 81' lang='grc' dir='ltr'>ἡγεμόνος</span> <span class='ocrx_word' id='word_1_489' title='bbox 2366 2056 2459 2107; x_wconf 75' lang='grc' dir='ltr'><strong>καὶ</strong></span> <span class='ocrx_word' id='word_1_490' title='bbox 2480 2056 2655 2108; x_wconf 90' lang='grc' dir='ltr'>αἰτίου</span> <span class='ocrx_word' id='word_1_491' title='bbox 2687 2056 2916 2127; x_wconf 79' lang='grc' dir='ltr'>πατέρα.</span> 
     </span>
    </p>
   </div>
   <div class='ocr_carea' id='block_1_63' title="bbox 2135 2144 3640 2205">
    <p class='ocr_par' dir='ltr' id='par_1_63' title="bbox 2135 2144 3640 2205">
     <span class='ocr_line' id='line_1_63' title="bbox 2135 2144 3640 2205; baseline 0.005 -7"><span class='ocrx_word' id='word_1_492' title='bbox 2135 2144 2301 2199; x_wconf 78' lang='lat' dir='ltr'><strong>Multa</strong></span> <span class='ocrx_word' id='word_1_493' title='bbox 2336 2146 2443 2200; x_wconf 88' lang='lat' dir='ltr'><strong>alia</strong></span> <span class='ocrx_word' id='word_1_494' title='bbox 2476 2147 2543 2201; x_wconf 93' lang='lat' dir='ltr'><strong>de</strong></span> <span class='ocrx_word' id='word_1_495' title='bbox 2576 2149 2777 2203; x_wconf 90' lang='lat' dir='ltr'><strong>mundo</strong></span> <span class='ocrx_word' id='word_1_496' title='bbox 2819 2150 2873 2202; x_wconf 92' lang='lat' dir='ltr'><strong>in</strong></span> <span class='ocrx_word' id='word_1_497' title='bbox 2902 2148 3145 2204; x_wconf 88' lang='lat' dir='ltr'><strong>eamdem</strong></span> <span class='ocrx_word' id='word_1_498' title='bbox 3193 2151 3524 2205; x_wconf 91' lang='lat' dir='ltr'><strong>sententiam</strong></span> <span class='ocrx_word' id='word_1_499' title='bbox 3548 2152 3640 2205; x_wconf 88' lang='lat' dir='ltr'><strong>di-</strong></span> 
     </span>
    </p>
   </div>
   <div class='ocr_carea' id='block_1_64' title="bbox 2064 2238 3639 2316">
    <p class='ocr_par' dir='ltr' id='par_1_64' title="bbox 2064 2238 3639 2316">
     <span class='ocr_line' id='line_1_64' title="bbox 2064 2238 3639 2316; baseline 0.006 -27"><span class='ocrx_word' id='word_1_500' title='bbox 2064 2244 2153 2289; x_wconf 91' lang='lat' dir='ltr'><strong>cta</strong></span> <span class='ocrx_word' id='word_1_501' title='bbox 2189 2238 2457 2306; x_wconf 87' lang='lat' dir='ltr'><strong>reperias.</strong></span> <span class='ocrx_word' id='word_1_502' title='bbox 2491 2238 2548 2293; x_wconf 84' lang='lat' dir='ltr'><strong>In</strong></span> <span class='ocrx_word' id='word_1_503' title='bbox 2603 2240 2826 2306; x_wconf 76' lang='lat' dir='ltr'><strong>Timwo,</strong></span> <span class='ocrx_word' id='word_1_504' title='bbox 2890 2258 2944 2312; x_wconf 92' lang='lat' dir='ltr'><strong>p.</strong></span> <span class='ocrx_word' id='word_1_505' title='bbox 3006 2242 3184 2298; x_wconf 69' lang='lat'><strong>1049:</strong></span> <span class='ocrx_word' id='word_1_506' title='bbox 3247 2243 3347 2298; x_wconf 86' lang='grc' dir='ltr'><strong>Διὰ</strong></span> <span class='ocrx_word' id='word_1_507' title='bbox 3372 2246 3546 2299; x_wconf 80' lang='grc' dir='ltr'>πάντα</span> <span class='ocrx_word' id='word_1_508' title='bbox 3567 2245 3639 2316; x_wconf 84' lang='grc' dir='ltr'>δὴ</span> 
     </span>
    </p>
   </div>
   <div class='ocr_carea' id='block_1_65' title="bbox 2061 2328 3635 2405">
    <p class='ocr_par' dir='ltr' id='par_1_65' title="bbox 2061 2328 3635 2405">
     <span class='ocr_line' id='line_1_65' title="bbox 2061 2328 3635 2405; baseline 0.006 -24"><span class='ocrx_word' id='word_1_509' title='bbox 2061 2328 2233 2382; x_wconf 83' lang='grc' dir='ltr'>ταῦτα</span> <span class='ocrx_word' id='word_1_510' title='bbox 2261 2329 2554 2402; x_wconf 84' lang='grc' dir='ltr'>εὐδαίμονα</span> <span class='ocrx_word' id='word_1_511' title='bbox 2586 2332 2718 2386; x_wconf 87' lang='grc' dir='ltr'>Θεὸν</span> <span class='ocrx_word' id='word_1_512' title='bbox 2747 2334 2908 2387; x_wconf 83' lang='grc' dir='ltr'>αὑτὸν</span> <span class='ocrx_word' id='word_1_513' title='bbox 2937 2336 3280 2405; x_wconf 75' lang='grc' dir='ltr'>ἐγεννήσατο.</span> <span class='ocrx_word' id='word_1_514' title='bbox 3333 2354 3355 2383; x_wconf 78' lang='grc' dir='ltr'><strong>ι</strong></span> <span class='ocrx_word' id='word_1_515' title='bbox 3387 2336 3483 2390; x_wconf 88' lang='lat' dir='ltr'><strong>His</strong></span> <span class='ocrx_word' id='word_1_516' title='bbox 3510 2352 3635 2390; x_wconf 86' lang='lat' dir='ltr'><strong>om-</strong></span> 
     </span>
    </p>
   </div>
   <div class='ocr_carea' id='block_1_66' title="bbox 2060 2420 3638 2498">
    <p class='ocr_par' dir='ltr' id='par_1_66' title="bbox 2060 2420 3638 2498">
     <span class='ocr_line' id='line_1_66' title="bbox 2060 2420 3638 2498; baseline 0.007 -24"><span class='ocrx_word' id='word_1_517' title='bbox 2060 2420 2225 2475; x_wconf 85' lang='lat' dir='ltr'><strong>nibus</strong></span> <span class='ocrx_word' id='word_1_518' title='bbox 2269 2422 2335 2476; x_wconf 91' lang='lat' dir='ltr'><strong>de</strong></span> <span class='ocrx_word' id='word_1_519' title='bbox 2388 2424 2570 2477; x_wconf 89' lang='lat' dir='ltr'><strong>causis</strong></span> <span class='ocrx_word' id='word_1_520' title='bbox 2625 2424 2843 2479; x_wconf 88' lang='lat' dir='ltr'><strong>beatum</strong></span> <span class='ocrx_word' id='word_1_521' title='bbox 2894 2425 3042 2479; x_wconf 91' lang='lat' dir='ltr'><strong>illum</strong></span> <span class='ocrx_word' id='word_1_522' title='bbox 3097 2426 3264 2481; x_wconf 90' lang='lat' dir='ltr'><strong>Deum</strong></span> <span class='ocrx_word' id='word_1_523' title='bbox 3291 2428 3529 2498; x_wconf 66' lang='lat' dir='ltr'><strong>genuit.»</strong></span> <span class='ocrx_word' id='word_1_524' title='bbox 3566 2430 3638 2485; x_wconf 84' lang='lat' dir='ltr'><strong>Et</strong></span> 
     </span>
    </p>
   </div>
   <div class='ocr_carea' id='block_1_67' title="bbox 2063 2514 3634 2590">
    <p class='ocr_par' dir='ltr' id='par_1_67' title="bbox 2063 2514 3634 2590">
     <span class='ocr_line' id='line_1_67' title="bbox 2063 2514 3634 2590; baseline 0.006 -24"><span class='ocrx_word' id='word_1_525' title='bbox 2063 2528 2120 2583; x_wconf 88' lang='lat' dir='ltr'><strong>p.</strong></span> <span class='ocrx_word' id='word_1_526' title='bbox 2176 2514 2314 2568; x_wconf 75' lang='grc'><strong>1072</strong></span> <span class='ocrx_word' id='word_1_527' title='bbox 2337 2533 2352 2569; x_wconf 89' lang='lat'><strong>:</strong></span> <span class='ocrx_word' id='word_1_528' title='bbox 2408 2516 2665 2588; x_wconf 82' lang='grc' dir='ltr'>Αὐτάρκη</span> <span class='ocrx_word' id='word_1_529' title='bbox 2693 2534 2754 2570; x_wconf 87' lang='grc' dir='ltr'><strong>τε</strong></span> <span class='ocrx_word' id='word_1_530' title='bbox 2781 2518 2872 2571; x_wconf 78' lang='grc' dir='ltr'><strong>καὶ</strong></span> <span class='ocrx_word' id='word_1_531' title='bbox 2899 2518 3228 2572; x_wconf 82' lang='grc' dir='ltr'>τελεώτατον</span> <span class='ocrx_word' id='word_1_532' title='bbox 3261 2520 3393 2573; x_wconf 89' lang='grc' dir='ltr'>Θεὸν</span> <span class='ocrx_word' id='word_1_533' title='bbox 3420 2521 3634 2590; x_wconf 78' lang='grc' dir='ltr'>ἐγέννα.</span> 
     </span>
    </p>
   </div>
   <div class='ocr_carea' id='block_1_68' title="bbox 2071 2606 3639 2682">
    <p class='ocr_par' dir='ltr' id='par_1_68' title="bbox 2071 2606 3639 2682">
     <span class='ocr_line' id='line_1_68' title="bbox 2071 2606 3639 2682; baseline 0.007 -26"><span class='ocrx_word' id='word_1_534' title='bbox 2071 2624 2090 2656; x_wconf 76' lang='grc' dir='ltr'><strong>ι</strong></span> <span class='ocrx_word' id='word_1_535' title='bbox 2121 2606 2288 2661; x_wconf 93' lang='lat' dir='ltr'><strong>Deum</strong></span> <span class='ocrx_word' id='word_1_536' title='bbox 2339 2608 2444 2663; x_wconf 85' lang='lat' dir='ltr'><strong>sibi</strong></span> <span class='ocrx_word' id='word_1_537' title='bbox 2502 2610 2605 2677; x_wconf 89' lang='lat' dir='ltr'><strong>ipsi</strong></span> <span class='ocrx_word' id='word_1_538' title='bbox 2662 2609 3015 2666; x_wconf 80' lang='lat' dir='ltr'><strong>suﬂicientem</strong></span> <span class='ocrx_word' id='word_1_539' title='bbox 3065 2619 3120 2665; x_wconf 93' lang='lat' dir='ltr'><strong>et</strong></span> <span class='ocrx_word' id='word_1_540' title='bbox 3174 2612 3639 2682; x_wconf 79' lang='lat' dir='ltr'><strong>perfectissimum</strong></span> 
     </span>
    </p>
   </div>
   <div class='ocr_carea' id='block_1_69' title="bbox 2063 2696 3643 2778">
    <p class='ocr_par' dir='ltr' id='par_1_69' title="bbox 2063 2696 3643 2778">
     <span class='ocr_line' id='line_1_69' title="bbox 2063 2696 3643 2778; baseline 0.007 -29"><span class='ocrx_word' id='word_1_541' title='bbox 2063 2696 2413 2765; x_wconf 65' lang='lat' dir='ltr'><strong>generabat.»</strong></span> <span class='ocrx_word' id='word_1_542' title='bbox 2466 2698 2559 2754; x_wconf 83' lang='lat' dir='ltr'><strong>Sic</strong></span> <span class='ocrx_word' id='word_1_543' title='bbox 2614 2701 2886 2771; x_wconf 82' lang='lat' dir='ltr'><strong>dialogum</strong></span> <span class='ocrx_word' id='word_1_544' title='bbox 2938 2703 3255 2759; x_wconf 89' lang='lat' dir='ltr'><strong>concludit:</strong></span> <span class='ocrx_word' id='word_1_545' title='bbox 3308 2705 3488 2777; x_wconf 80' lang='grc' dir='ltr'>Θνητὰ</span> <span class='ocrx_word' id='word_1_546' title='bbox 3526 2706 3643 2778; x_wconf 85' lang='grc' dir='ltr'>γὰρ</span> 
     </span>
    </p>
   </div>
   <div class='ocr_carea' id='block_1_70' title="bbox 2064 2790 3637 2869">
    <p class='ocr_par' dir='ltr' id='par_1_70' title="bbox 2064 2790 3637 2869">
     <span class='ocr_line' id='line_1_70' title="bbox 2064 2790 3637 2869; baseline 0.007 -28"><span class='ocrx_word' id='word_1_547' title='bbox 2064 2790 2158 2842; x_wconf 73' lang='grc' dir='ltr'>καὶ</span> <span class='ocrx_word' id='word_1_548' title='bbox 2195 2790 2439 2845; x_wconf 83' lang='grc' dir='ltr'>ἀθάνατα</span> <span class='ocrx_word' id='word_1_549' title='bbox 2477 2790 2591 2856; x_wconf 83' lang='grc' dir='ltr'><strong>ζῶα</strong></span> <span class='ocrx_word' id='word_1_550' title='bbox 2630 2793 2831 2860; x_wconf 74' lang='grc' dir='ltr'>λαϐὼν,</span> <span class='ocrx_word' id='word_1_551' title='bbox 2882 2794 2975 2848; x_wconf 81' lang='grc' dir='ltr'><strong>καὶ</strong></span> <span class='ocrx_word' id='word_1_552' title='bbox 3033 2796 3450 2869; x_wconf 74' lang='grc' dir='ltr'>ξυμπληρωθεὶς</span> <span class='ocrx_word' id='word_1_553' title='bbox 3491 2798 3579 2852; x_wconf 79' lang='grc' dir='ltr'>ὅδε</span> <span class='ocrx_word' id='word_1_554' title='bbox 3606 2802 3637 2852; x_wconf 79' lang='grc' dir='ltr'><strong>ὁ</strong></span> 
     </span>
    </p>
   </div>
   <div class='ocr_carea' id='block_1_71' title="bbox 2064 2880 3637 2961">
    <p class='ocr_par' dir='ltr' id='par_1_71' title="bbox 2064 2880 3637 2961">
     <span class='ocr_line' id='line_1_71' title="bbox 2064 2880 3637 2961; baseline 0.005 -27"><span class='ocrx_word' id='word_1_555' title='bbox 2064 2880 2287 2952; x_wconf 84' lang='grc' dir='ltr'>κόσμος,</span> <span class='ocrx_word' id='word_1_556' title='bbox 2351 2882 2494 2938; x_wconf 74' lang='grc' dir='ltr'>οὕτω</span> <span class='ocrx_word' id='word_1_557' title='bbox 2541 2885 2679 2949; x_wconf 77' lang='grc' dir='ltr'>ζῶον</span> <span class='ocrx_word' id='word_1_558' title='bbox 2710 2887 2924 2957; x_wconf 87' lang='grc' dir='ltr'>ὁρατὸν,</span> <span class='ocrx_word' id='word_1_559' title='bbox 2975 2888 3069 2939; x_wconf 75' lang='grc' dir='ltr'><strong>καὶ</strong></span> <span class='ocrx_word' id='word_1_560' title='bbox 3116 2888 3288 2959; x_wconf 83' lang='grc' dir='ltr'>ὁρατὰ</span> <span class='ocrx_word' id='word_1_561' title='bbox 3342 2889 3637 2961; x_wconf 81' lang='grc' dir='ltr'>περιέχων,</span> 
     </span>
    </p>
   </div>
   <div class='ocr_carea' id='block_1_72' title="bbox 2065 2975 3645 3053">
    <p class='ocr_par' dir='ltr' id='par_1_72' title="bbox 2065 2975 3645 3053">
     <span class='ocr_line' id='line_1_72' title="bbox 2065 2975 3645 3053; baseline 0.005 -26"><span class='ocrx_word' id='word_1_562' title='bbox 2065 2975 2227 3029; x_wconf 85' lang='grc' dir='ltr'>εἰκὼν</span> <span class='ocrx_word' id='word_1_563' title='bbox 2279 2975 2374 3030; x_wconf 77' lang='grc' dir='ltr'>τοῦ</span> <span class='ocrx_word' id='word_1_564' title='bbox 2417 2976 2609 3048; x_wconf 78' lang='grc' dir='ltr'>νοητοῦ</span> <span class='ocrx_word' id='word_1_565' title='bbox 2649 2978 2806 3044; x_wconf 79' lang='grc' dir='ltr'>Θεοῦ,</span> <span class='ocrx_word' id='word_1_566' title='bbox 2844 2980 3098 3050; x_wconf 80' lang='grc' dir='ltr'>μέγιστος</span> <span class='ocrx_word' id='word_1_567' title='bbox 3140 2983 3233 3034; x_wconf 75' lang='grc' dir='ltr'>καὶ</span> <span class='ocrx_word' id='word_1_568' title='bbox 3278 2980 3495 3053; x_wconf 79' lang='grc' dir='ltr'>ἄριστος</span> <span class='ocrx_word' id='word_1_569' title='bbox 3516 2982 3645 3036; x_wconf 81' lang='grc' dir='ltr'><strong>κάλ-</strong></span> 
     </span>
    </p>
   </div>
   <div class='ocr_carea' id='block_1_73' title="bbox 2059 3065 3638 3146">
    <p class='ocr_par' dir='ltr' id='par_1_73' title="bbox 2059 3065 3638 3146">
     <span class='ocr_line' id='line_1_73' title="bbox 2059 3065 3638 3146; baseline 0.005 -27"><span class='ocrx_word' id='word_1_570' title='bbox 2059 3065 2245 3131; x_wconf 82' lang='grc' dir='ltr'>λιστός</span> <span class='ocrx_word' id='word_1_571' title='bbox 2273 3085 2333 3120; x_wconf 91' lang='grc' dir='ltr'><strong>τε</strong></span> <span class='ocrx_word' id='word_1_572' title='bbox 2373 3070 2467 3122; x_wconf 86' lang='grc' dir='ltr'><strong>καί</strong></span> <span class='ocrx_word' id='word_1_573' title='bbox 2508 3068 2835 3135; x_wconf 84' lang='grc' dir='ltr'>τελεώτατος</span> <span class='ocrx_word' id='word_1_574' title='bbox 2870 3072 3113 3141; x_wconf 83' lang='grc' dir='ltr'>γέγονεν,</span> <span class='ocrx_word' id='word_1_575' title='bbox 3147 3068 3227 3137; x_wconf 80' lang='grc' dir='ltr'><strong>εἷς</strong></span> <span class='ocrx_word' id='word_1_576' title='bbox 3261 3074 3489 3146; x_wconf 82' lang='grc' dir='ltr'>οὐρανὸς</span> <span class='ocrx_word' id='word_1_577' title='bbox 3523 3075 3638 3141; x_wconf 87' lang='grc' dir='ltr'>ὅδε,</span> 
     </span>
    </p>
   </div>
   <div class='ocr_carea' id='block_1_74' title="bbox 1987 3158 3639 3260">
    <p class='ocr_par' dir='ltr' id='par_1_74' title="bbox 1987 3158 3639 3260">
     <span class='ocr_line' id='line_1_74' title="bbox 1987 3158 3639 3260; baseline 0.005 -52"><span class='ocrx_word' id='word_1_578' title='bbox 1987 3201 2029 3260; x_wconf 75' lang='lat' dir='ltr'><strong>C</strong></span> <span class='ocrx_word' id='word_1_579' title='bbox 2068 3158 2361 3230; x_wconf 86' lang='grc' dir='ltr'>μονογενὴς</span> <span class='ocrx_word' id='word_1_580' title='bbox 2388 3159 2483 3213; x_wconf 76' lang='grc' dir='ltr'>ὧν.</span> <span class='ocrx_word' id='word_1_581' title='bbox 2505 3179 2523 3213; x_wconf 74' lang='grc' dir='ltr'><strong>ι</strong></span> <span class='ocrx_word' id='word_1_582' title='bbox 2547 3160 2792 3216; x_wconf 85' lang='lat' dir='ltr'><strong>Mortalia</strong></span> <span class='ocrx_word' id='word_1_583' title='bbox 2819 3165 2962 3217; x_wconf 90' lang='lat' dir='ltr'><strong>enim</strong></span> <span class='ocrx_word' id='word_1_584' title='bbox 2992 3173 3047 3217; x_wconf 86' lang='lat' dir='ltr'><strong>et</strong></span> <span class='ocrx_word' id='word_1_585' title='bbox 3074 3166 3398 3221; x_wconf 87' lang='lat' dir='ltr'><strong>immortalia</strong></span> <span class='ocrx_word' id='word_1_586' title='bbox 3428 3165 3639 3219; x_wconf 88' lang='lat' dir='ltr'><strong>anima-</strong></span> 
     </span>
    </p>
   </div>
   <div class='ocr_carea' id='block_1_75' title="bbox 2068 3249 3640 3325">
    <p class='ocr_par' dir='ltr' id='par_1_75' title="bbox 2068 3249 3640 3325">
     <span class='ocr_line' id='line_1_75' title="bbox 2068 3249 3640 3325; baseline 0.005 -22"><span class='ocrx_word' id='word_1_587' title='bbox 2068 3249 2137 3303; x_wconf 87' lang='lat' dir='ltr'><strong>lia</strong></span> <span class='ocrx_word' id='word_1_588' title='bbox 2176 3253 2424 3321; x_wconf 85' lang='lat' dir='ltr'><strong>capiens,</strong></span> <span class='ocrx_word' id='word_1_589' title='bbox 2454 3269 2517 3308; x_wconf 90' lang='lat' dir='ltr'><strong>ac</strong></span> <span class='ocrx_word' id='word_1_590' title='bbox 2546 3255 2849 3324; x_wconf 90' lang='lat' dir='ltr'><strong>completus</strong></span> <span class='ocrx_word' id='word_1_591' title='bbox 2876 3259 2967 3314; x_wconf 86' lang='lat' dir='ltr'><strong>hic</strong></span> <span class='ocrx_word' id='word_1_592' title='bbox 3017 3259 3271 3325; x_wconf 87' lang='lat' dir='ltr'><strong>mundus,</strong></span> <span class='ocrx_word' id='word_1_593' title='bbox 3319 3258 3397 3313; x_wconf 92' lang='lat' dir='ltr'><strong>sic</strong></span> <span class='ocrx_word' id='word_1_594' title='bbox 3436 3257 3640 3311; x_wconf 88' lang='lat' dir='ltr'><strong>animal</strong></span> 
     </span>
    </p>
   </div>
   <div class='ocr_carea' id='block_1_76' title="bbox 2067 3341 3638 3417">
    <p class='ocr_par' dir='ltr' id='par_1_76' title="bbox 2067 3341 3638 3417">
     <span class='ocr_line' id='line_1_76' title="bbox 2067 3341 3638 3417; baseline 0.004 -23"><span class='ocrx_word' id='word_1_595' title='bbox 2067 3341 2304 3408; x_wconf 90' lang='lat' dir='ltr'><strong>visibile,</strong></span> <span class='ocrx_word' id='word_1_596' title='bbox 2328 3344 2567 3398; x_wconf 88' lang='lat' dir='ltr'><strong>visibilia</strong></span> <span class='ocrx_word' id='word_1_597' title='bbox 2616 3348 3105 3415; x_wconf 84' lang='lat' dir='ltr'><strong>comprehenderis,</strong></span> <span class='ocrx_word' id='word_1_598' title='bbox 3152 3348 3509 3417; x_wconf 87' lang='lat' dir='ltr'><strong>intelligibilis</strong></span> <span class='ocrx_word' id='word_1_599' title='bbox 3541 3347 3638 3400; x_wconf 88' lang='lat' dir='ltr'><strong>Dei</strong></span> 
     </span>
    </p>
   </div>
   <div class='ocr_carea' id='block_1_77' title="bbox 2068 3430 3643 3509">
    <p class='ocr_par' dir='ltr' id='par_1_77' title="bbox 2068 3430 3643 3509">
     <span class='ocr_line' id='line_1_77' title="bbox 2068 3430 3643 3509; baseline 0.004 -25"><span class='ocrx_word' id='word_1_600' title='bbox 2068 3430 2271 3501; x_wconf 88' lang='lat' dir='ltr'><strong>imago,</strong></span> <span class='ocrx_word' id='word_1_601' title='bbox 2306 3434 2606 3502; x_wconf 90' lang='lat' dir='ltr'><strong>sensibilis,</strong></span> <span class='ocrx_word' id='word_1_602' title='bbox 2632 3438 2929 3504; x_wconf 76' lang='lat' dir='ltr'><strong>maximus,</strong></span> <span class='ocrx_word' id='word_1_603' title='bbox 2960 3439 3358 3509; x_wconf 90' lang='lat' dir='ltr'><strong>pulcherrimus</strong></span> <span class='ocrx_word' id='word_1_604' title='bbox 3381 3445 3436 3492; x_wconf 90' lang='lat' dir='ltr'><strong>et</strong></span> <span class='ocrx_word' id='word_1_605' title='bbox 3463 3436 3643 3506; x_wconf 82' lang='lat' dir='ltr'><strong>perfe-</strong></span> 
     </span>
    </p>
   </div>
   <div class='ocr_carea' id='block_1_78' title="bbox 2066 3522 3635 3597">
    <p class='ocr_par' dir='ltr' id='par_1_78' title="bbox 2066 3522 3635 3597">
     <span class='ocr_line' id='line_1_78' title="bbox 2066 3522 3635 3597; baseline 0.003 -22"><span class='ocrx_word' id='word_1_606' title='bbox 2066 3522 2343 3578; x_wconf 90' lang='lat' dir='ltr'><strong>ctissimus</strong></span> <span class='ocrx_word' id='word_1_607' title='bbox 2384 3524 2613 3589; x_wconf 84' lang='lat' dir='ltr'><strong>exstitit,</strong></span> <span class='ocrx_word' id='word_1_608' title='bbox 2666 3542 2831 3581; x_wconf 90' lang='lat' dir='ltr'><strong>unum</strong></span> <span class='ocrx_word' id='word_1_609' title='bbox 2864 3527 2966 3582; x_wconf 88' lang='lat' dir='ltr'><strong>hoc</strong></span> <span class='ocrx_word' id='word_1_610' title='bbox 3008 3527 3231 3593; x_wconf 65' lang='lat' dir='ltr'><strong>caelum,</strong></span> <span class='ocrx_word' id='word_1_611' title='bbox 3270 3527 3635 3597; x_wconf 67' lang='lat' dir='ltr'><strong>unigenitus.»</strong></span> 
     </span>
    </p>
   </div>
   <div class='ocr_carea' id='block_1_79' title="bbox 2068 3612 3642 3683">
    <p class='ocr_par' dir='ltr' id='par_1_79' title="bbox 2068 3612 3642 3683">
     <span class='ocr_line' id='line_1_79' title="bbox 2068 3612 3642 3683; baseline 0.003 -17"><span class='ocrx_word' id='word_1_612' title='bbox 2068 3612 2159 3667; x_wconf 92' lang='lat' dir='ltr'><strong>Sic</strong></span> <span class='ocrx_word' id='word_1_613' title='bbox 2187 3614 2352 3669; x_wconf 86' lang='lat' dir='ltr'><strong>etiam</strong></span> <span class='ocrx_word' id='word_1_614' title='bbox 2377 3614 2532 3669; x_wconf 91' lang='lat' dir='ltr'><strong>initio</strong></span> <span class='ocrx_word' id='word_1_615' title='bbox 2557 3615 2741 3671; x_wconf 78' lang='lat' dir='ltr'><strong>Timwi</strong></span> <span class='ocrx_word' id='word_1_616' title='bbox 2764 3617 2946 3682; x_wconf 89' lang='lat' dir='ltr'><strong>Locri,</strong></span> <span class='ocrx_word' id='word_1_617' title='bbox 2972 3619 3205 3673; x_wconf 91' lang='lat' dir='ltr'><strong>mundus</strong></span> <span class='ocrx_word' id='word_1_618' title='bbox 3235 3628 3459 3672; x_wconf 89' lang='lat' dir='ltr'><strong>vocatur</strong></span> <span class='ocrx_word' id='word_1_619' title='bbox 3480 3633 3642 3683; x_wconf 76' lang='lat' dir='ltr'><strong>unus,</strong></span> 
     </span>
    </p>
   </div>
   <div class='ocr_carea' id='block_1_80' title="bbox 2066 3705 3645 3779">
    <p class='ocr_par' dir='ltr' id='par_1_80' title="bbox 2066 3705 3645 3779">
     <span class='ocr_line' id='line_1_80' title="bbox 2066 3705 3645 3779; baseline 0.003 -21"><span class='ocrx_word' id='word_1_620' title='bbox 2066 3705 2383 3775; x_wconf 76' lang='lat' dir='ltr'><strong>unigenitus,</strong></span> <span class='ocrx_word' id='word_1_621' title='bbox 2425 3706 2566 3761; x_wconf 76' lang='lat' dir='ltr'><strong>Deus</strong></span> <span class='ocrx_word' id='word_1_622' title='bbox 2589 3709 2816 3777; x_wconf 76' lang='lat' dir='ltr'><strong>genitus.</strong></span> <span class='ocrx_word' id='word_1_623' title='bbox 2848 3708 2985 3764; x_wconf 82' lang='lat' dir='ltr'><strong>Hinc</strong></span> <span class='ocrx_word' id='word_1_624' title='bbox 3017 3708 3253 3765; x_wconf 86' lang='lat' dir='ltr'><strong>Velleius</strong></span> <span class='ocrx_word' id='word_1_625' title='bbox 3299 3710 3440 3779; x_wconf 88' lang='lat' dir='ltr'><strong>apud</strong></span> <span class='ocrx_word' id='word_1_626' title='bbox 3484 3708 3645 3763; x_wconf 89' lang='lat' dir='ltr'><strong>Cice-</strong></span> 
     </span>
    </p>
   </div>
   <div class='ocr_carea' id='block_1_81' title="bbox 2066 3797 3641 3871">
    <p class='ocr_par' dir='ltr' id='par_1_81' title="bbox 2066 3797 3641 3871">
     <span class='ocr_line' id='line_1_81' title="bbox 2066 3797 3641 3871; baseline 0.003 -22"><span class='ocrx_word' id='word_1_627' title='bbox 2066 3800 2255 3851; x_wconf 84' lang='lat' dir='ltr'><strong>ronem</strong></span> <span class='ocrx_word' id='word_1_628' title='bbox 2290 3797 2426 3853; x_wconf 82' lang='lat' dir='ltr'><strong>lib.i</strong></span> <span class='ocrx_word' id='word_1_629' title='bbox 2468 3798 2544 3854; x_wconf 85' lang='lat' dir='ltr'><strong>De</strong></span> <span class='ocrx_word' id='word_1_630' title='bbox 2580 3810 2694 3854; x_wconf 81' lang='lat' dir='ltr'><strong>nat.</strong></span> <span class='ocrx_word' id='word_1_631' title='bbox 2719 3801 2959 3869; x_wconf 80' lang='lat' dir='ltr'><strong>deorum,</strong></span> <span class='ocrx_word' id='word_1_632' title='bbox 2991 3802 3156 3856; x_wconf 89' lang='lat' dir='ltr'><strong>multa</strong></span> <span class='ocrx_word' id='word_1_633' title='bbox 3200 3803 3418 3871; x_wconf 89' lang='lat' dir='ltr'><strong>jocatur</strong></span> <span class='ocrx_word' id='word_1_634' title='bbox 3445 3801 3496 3854; x_wconf 93' lang='lat' dir='ltr'><strong>in</strong></span> <span class='ocrx_word' id='word_1_635' title='bbox 3546 3817 3641 3854; x_wconf 87' lang='lat' dir='ltr'><strong>ro-</strong></span> 
     </span>
    </p>
   </div>
   <div class='ocr_carea' id='block_1_82' title="bbox 2066 3889 3639 3961">
    <p class='ocr_par' dir='ltr' id='par_1_82' title="bbox 2066 3889 3639 3961">
     <span class='ocr_line' id='line_1_82' title="bbox 2066 3889 3639 3961; baseline 0.004 -21"><span class='ocrx_word' id='word_1_636' title='bbox 2066 3889 2289 3943; x_wconf 80' lang='lat' dir='ltr'><strong>tundum</strong></span> <span class='ocrx_word' id='word_1_637' title='bbox 2316 3889 2487 3945; x_wconf 84' lang='lat' dir='ltr'><strong>Deum</strong></span> <span class='ocrx_word' id='word_1_638' title='bbox 2516 3891 2791 3960; x_wconf 84' lang='lat' dir='ltr'><strong>Platonis;</strong></span> <span class='ocrx_word' id='word_1_639' title='bbox 2849 3910 2935 3961; x_wconf 86' lang='lat' dir='ltr'><strong>ac,</strong></span> <span class='ocrx_word' id='word_1_640' title='bbox 2991 3896 3038 3949; x_wconf 78' lang='lat' dir='ltr'><strong>si</strong></span> <span class='ocrx_word' id='word_1_641' title='bbox 3093 3895 3322 3948; x_wconf 79' lang='lat' dir='ltr'><strong>mundus</strong></span> <span class='ocrx_word' id='word_1_642' title='bbox 3371 3906 3446 3947; x_wconf 75' lang='lat' dir='ltr'><strong>est</strong></span> <span class='ocrx_word' id='word_1_643' title='bbox 3472 3892 3639 3959; x_wconf 79' lang='lat' dir='ltr'><strong>Deus,</strong></span> 
     </span>
    </p>
   </div>
   <div class='ocr_carea' id='block_1_83' title="bbox 2067 3980 3643 4058">
    <p class='ocr_par' dir='ltr' id='par_1_83' title="bbox 2067 3980 3643 4058">
     <span class='ocr_line' id='line_1_83' title="bbox 2067 3980 3643 4058; baseline 0.004 -24"><span class='ocrx_word' id='word_1_644' title='bbox 2067 3980 2167 4035; x_wconf 82' lang='lat' dir='ltr'><strong>Dei</strong></span> <span class='ocrx_word' id='word_1_645' title='bbox 2217 3984 2453 4038; x_wconf 80' lang='lat' dir='ltr'><strong>membra</strong></span> <span class='ocrx_word' id='word_1_646' title='bbox 2510 3987 2705 4055; x_wconf 79' lang='lat' dir='ltr'><strong>partim</strong></span> <span class='ocrx_word' id='word_1_647' title='bbox 2754 3989 3032 4055; x_wconf 85' lang='lat' dir='ltr'><strong>ardentia,</strong></span> <span class='ocrx_word' id='word_1_648' title='bbox 3078 3990 3273 4058; x_wconf 83' lang='lat' dir='ltr'><strong>partim</strong></span> <span class='ocrx_word' id='word_1_649' title='bbox 3324 3988 3643 4057; x_wconf 79' lang='lat' dir='ltr'><strong>refrigerata</strong></span> 
     </span>
    </p>
   </div>
   <div class='ocr_carea' id='block_1_84' title="bbox 2068 4074 3640 4150">
    <p class='ocr_par' dir='ltr' id='par_1_84' title="bbox 2068 4074 3640 4150">
     <span class='ocr_line' id='line_1_84' title="bbox 2068 4074 3640 4150; baseline 0.004 -23"><span class='ocrx_word' id='word_1_650' title='bbox 2068 4087 2190 4128; x_wconf 88' lang='lat' dir='ltr'><strong>esse</strong></span> <span class='ocrx_word' id='word_1_651' title='bbox 2219 4074 2517 4142; x_wconf 88' lang='lat' dir='ltr'><strong>concludit,</strong></span> <span class='ocrx_word' id='word_1_652' title='bbox 2545 4089 2835 4149; x_wconf 89' lang='lat' dir='ltr'><strong>propterea</strong></span> <span class='ocrx_word' id='word_1_653' title='bbox 2859 4081 3004 4150; x_wconf 88' lang='lat' dir='ltr'><strong>quod</strong></span> <span class='ocrx_word' id='word_1_654' title='bbox 3037 4080 3219 4135; x_wconf 66' lang='lat' dir='ltr'><strong>multa:</strong></span> <span class='ocrx_word' id='word_1_655' title='bbox 3243 4080 3427 4133; x_wconf 88' lang='lat' dir='ltr'><strong>mundi</strong></span> <span class='ocrx_word' id='word_1_656' title='bbox 3454 4088 3640 4148; x_wconf 85' lang='lat' dir='ltr'><strong>partes</strong></span> 
     </span>
    </p>
   </div>
   <div class='ocr_carea' id='block_1_85' title="bbox 2069 4156 3645 4242">
    <p class='ocr_par' dir='ltr' id='par_1_85' title="bbox 2069 4156 3645 4242">
     <span class='ocr_line' id='line_1_85' title="bbox 2069 4156 3645 4242; baseline 0.003 -23"><span class='ocrx_word' id='word_1_657' title='bbox 2069 4174 2161 4220; x_wconf 90' lang='lat' dir='ltr'><strong>aut</strong></span> <span class='ocrx_word' id='word_1_658' title='bbox 2190 4156 2453 4237; x_wconf 51' lang='lat' dir='ltr'><strong>appulsu‘</strong></span> <span class='ocrx_word' id='word_1_659' title='bbox 2469 4169 2602 4225; x_wconf 88' lang='lat' dir='ltr'><strong>solis</strong></span> <span class='ocrx_word' id='word_1_660' title='bbox 2633 4173 2963 4238; x_wconf 80' lang='lat' dir='ltr'><strong>exarserint,</strong></span> <span class='ocrx_word' id='word_1_661' title='bbox 2994 4183 3089 4226; x_wconf 89' lang='lat' dir='ltr'><strong>aut</strong></span> <span class='ocrx_word' id='word_1_662' title='bbox 3144 4171 3487 4242; x_wconf 89' lang='lat' dir='ltr'><strong>obriguerint</strong></span> <span class='ocrx_word' id='word_1_663' title='bbox 3516 4170 3645 4224; x_wconf 75' lang='lat' dir='ltr'><strong>nive</strong></span> 
     </span>
    </p>
   </div>
   <div class='ocr_carea' id='block_1_86' title="bbox 2068 4260 3178 4332">
    <p class='ocr_par' dir='ltr' id='par_1_86' title="bbox 2068 4260 3178 4332">
     <span class='ocr_line' id='line_1_86' title="bbox 2068 4260 3178 4332; baseline 0.007 -20"><span class='ocrx_word' id='word_1_664' title='bbox 2068 4260 2376 4331; x_wconf 88' lang='lat' dir='ltr'><strong>pruinaque</strong></span> <span class='ocrx_word' id='word_1_665' title='bbox 2405 4261 2701 4332; x_wconf 81' lang='lat' dir='ltr'><strong>longinquo</strong></span> <span class='ocrx_word' id='word_1_666' title='bbox 2737 4264 2870 4319; x_wconf 89' lang='lat' dir='ltr'><strong>solis</strong></span> <span class='ocrx_word' id='word_1_667' title='bbox 2898 4266 3178 4320; x_wconf 82' lang='lat' dir='ltr'><strong>abscessu.</strong></span> 
     </span>
    </p>
   </div>
   <div class='ocr_carea' id='block_1_87' title="bbox 2137 4349 3644 4424">
    <p class='ocr_par' dir='ltr' id='par_1_87' title="bbox 2137 4349 3644 4424">
     <span class='ocr_line' id='line_1_87' title="bbox 2137 4349 3644 4424; baseline 0.001 -21"><span class='ocrx_word' id='word_1_668' title='bbox 2137 4349 2229 4406; x_wconf 78' lang='grc' dir='ltr'><strong>ιν.</strong></span> <span class='ocrx_word' id='word_1_669' title='bbox 2279 4350 2562 4407; x_wconf 90' lang='lat' dir='ltr'><strong>Platonem</strong></span> <span class='ocrx_word' id='word_1_670' title='bbox 2616 4354 2734 4409; x_wconf 73' lang='lat' dir='ltr'><strong>hinc</strong></span> <span class='ocrx_word' id='word_1_671' title='bbox 2784 4355 2837 4409; x_wconf 91' lang='lat' dir='ltr'><strong>in</strong></span> <span class='ocrx_word' id='word_1_672' title='bbox 2878 4350 3196 4424; x_wconf 79' lang='lat' dir='ltr'><strong>opinionum</strong></span> <span class='ocrx_word' id='word_1_673' title='bbox 3251 4360 3559 4407; x_wconf 87' lang='lat' dir='ltr'><strong>commenta</strong></span> <span class='ocrx_word' id='word_1_674' title='bbox 3586 4362 3644 4404; x_wconf 86' lang='lat' dir='ltr'><strong>et</strong></span> 
     </span>
    </p>
   </div>
   <div class='ocr_carea' id='block_1_88' title="bbox 2068 4442 3641 4515">
    <p class='ocr_par' dir='ltr' id='par_1_88' title="bbox 2068 4442 3641 4515">
     <span class='ocr_line' id='line_1_88' title="bbox 2068 4442 3641 4515; baseline -0.001 -18"><span class='ocrx_word' id='word_1_675' title='bbox 2068 4444 2362 4499; x_wconf 88' lang='lat' dir='ltr'><strong>verborum</strong></span> <span class='ocrx_word' id='word_1_676' title='bbox 2394 4445 2661 4515; x_wconf 86' lang='lat' dir='ltr'><strong>ampullas</strong></span> <span class='ocrx_word' id='word_1_677' title='bbox 2690 4444 2922 4512; x_wconf 90' lang='lat' dir='ltr'><strong>conjecit</strong></span> <span class='ocrx_word' id='word_1_678' title='bbox 2944 4461 3030 4513; x_wconf 91' lang='lat' dir='ltr'><strong>ea,</strong></span> <span class='ocrx_word' id='word_1_679' title='bbox 3061 4460 3223 4515; x_wconf 88' lang='lat' dir='ltr'><strong>quam</strong></span> <span class='ocrx_word' id='word_1_680' title='bbox 3249 4442 3353 4500; x_wconf 92' lang='lat' dir='ltr'><strong>sibi</strong></span> <span class='ocrx_word' id='word_1_681' title='bbox 3384 4443 3641 4508; x_wconf 79' lang='lat' dir='ltr'><strong>ﬁnxerat,</strong></span> 
     </span>
    </p>
   </div>
   <div class='ocr_carea' id='block_1_89' title="bbox 388 4535 1965 4610">
    <p class='ocr_par' dir='ltr' id='par_1_89' title="bbox 388 4535 1964 4608">
     <span class='ocr_line' id='line_1_89' title="bbox 388 4535 1964 4608; baseline 0.004 -21"><span class='ocrx_word' id='word_1_682' title='bbox 388 4535 690 4607; x_wconf 88' lang='grc' dir='ltr'>γεγονέναι,</span> <span class='ocrx_word' id='word_1_683' title='bbox 740 4535 940 4601; x_wconf 84' lang='grc' dir='ltr'>πάντες</span> <span class='ocrx_word' id='word_1_684' title='bbox 982 4537 1049 4591; x_wconf 88' lang='grc' dir='ltr'>ἂν</span> <span class='ocrx_word' id='word_1_685' title='bbox 1099 4537 1471 4608; x_wconf 85' lang='grc' dir='ltr'>ὁμολογοῖμεν.</span> <span class='ocrx_word' id='word_1_686' title='bbox 1527 4556 1546 4590; x_wconf 77' lang='grc' dir='ltr'><strong>ι</strong></span> <span class='ocrx_word' id='word_1_687' title='bbox 1578 4537 1747 4593; x_wconf 90' lang='lat' dir='ltr'><strong>Deum</strong></span> <span class='ocrx_word' id='word_1_688' title='bbox 1784 4549 1964 4593; x_wconf 87' lang='lat' dir='ltr'><strong>autem</strong></span> 
     </span>
    </p>
   </div>
   <div class='ocr_carea' id='block_1_90' title="bbox 2069 4535 3645 4610">
    <p class='ocr_par' dir='ltr' id='par_1_90' title="bbox 2071 4535 3645 4608">
     <span class='ocr_line' id='line_1_90' title="bbox 2071 4535 3645 4608; baseline 0 -21"><span class='ocrx_word' id='word_1_689' title='bbox 2071 4536 2259 4590; x_wconf 91' lang='lat' dir='ltr'><strong>mundi</strong></span> <span class='ocrx_word' id='word_1_690' title='bbox 2302 4535 2600 4592; x_wconf 85' lang='lat' dir='ltr'><strong>similitudo</strong></span> <span class='ocrx_word' id='word_1_691' title='bbox 2633 4553 2759 4591; x_wconf 91' lang='lat' dir='ltr'><strong>cum</strong></span> <span class='ocrx_word' id='word_1_692' title='bbox 2791 4537 2919 4593; x_wconf 90' lang='lat' dir='ltr'><strong>Deo.</strong></span> <span class='ocrx_word' id='word_1_693' title='bbox 2958 4537 3186 4608; x_wconf 86' lang='lat' dir='ltr'><strong>Egregie</strong></span> <span class='ocrx_word' id='word_1_694' title='bbox 3216 4536 3306 4591; x_wconf 89' lang='lat' dir='ltr'><strong>ille</strong></span> <span class='ocrx_word' id='word_1_695' title='bbox 3340 4535 3553 4604; x_wconf 88' lang='lat' dir='ltr'><strong>quidem</strong></span> <span class='ocrx_word' id='word_1_696' title='bbox 3586 4545 3645 4588; x_wconf 83' lang='lat' dir='ltr'><strong>et</strong></span> 
     </span>
    </p>
   </div>
   <div class='ocr_carea' id='block_1_91' title="bbox 388 4627 1964 4699">
    <p class='ocr_par' dir='ltr' id='par_1_91' title="bbox 388 4627 1964 4699">
     <span class='ocr_line' id='line_1_91' title="bbox 388 4627 1964 4699; baseline 0.003 -20"><span class='ocrx_word' id='word_1_697' title='bbox 388 4627 566 4697; x_wconf 84' lang='lat' dir='ltr'><strong>magis</strong></span> <span class='ocrx_word' id='word_1_698' title='bbox 592 4629 856 4695; x_wconf 92' lang='lat' dir='ltr'><strong>arbitror,</strong></span> <span class='ocrx_word' id='word_1_699' title='bbox 884 4644 1047 4699; x_wconf 90' lang='lat' dir='ltr'><strong>quam</strong></span> <span class='ocrx_word' id='word_1_700' title='bbox 1076 4630 1351 4684; x_wconf 81' lang='lat' dir='ltr'><strong>fortunam</strong></span> <span class='ocrx_word' id='word_1_701' title='bbox 1384 4630 1644 4698; x_wconf 86' lang='lat' dir='ltr'><strong>aliquam,</strong></span> <span class='ocrx_word' id='word_1_702' title='bbox 1675 4630 1781 4684; x_wconf 83' lang='lat' dir='ltr'><strong>hoc</strong></span> <span class='ocrx_word' id='word_1_703' title='bbox 1809 4629 1964 4684; x_wconf 89' lang='lat' dir='ltr'><strong>nobis</strong></span> 
     </span>
    </p>
   </div>
   <div class='ocr_carea' id='block_1_92' title="bbox 389 4720 1963 4790">
    <p class='ocr_par' dir='ltr' id='par_1_92' title="bbox 389 4720 1963 4790">
     <span class='ocr_line' id='line_1_92' title="bbox 389 4720 1963 4790; baseline 0.001 -17"><span class='ocrx_word' id='word_1_704' title='bbox 389 4720 693 4790; x_wconf 70' lang='lat' dir='ltr'><strong>prudentiae</strong></span> <span class='ocrx_word' id='word_1_705' title='bbox 724 4736 922 4776; x_wconf 90' lang='lat' dir='ltr'><strong>munus</strong></span> <span class='ocrx_word' id='word_1_706' title='bbox 965 4722 1033 4775; x_wconf 91' lang='lat' dir='ltr'><strong>ad</strong></span> <span class='ocrx_word' id='word_1_707' title='bbox 1085 4720 1316 4777; x_wconf 90' lang='lat' dir='ltr'><strong>salutem</strong></span> <span class='ocrx_word' id='word_1_708' title='bbox 1353 4730 1595 4776; x_wconf 89' lang='lat' dir='ltr'><strong>nostram</strong></span> <span class='ocrx_word' id='word_1_709' title='bbox 1644 4721 1963 4777; x_wconf 88' lang='lat' dir='ltr'><strong>contulisse.</strong></span> 
     </span>
    </p>
   </div>
   <div class='ocr_carea' id='block_1_93' title="bbox 390 4811 1966 4883">
    <p class='ocr_par' dir='ltr' id='par_1_93' title="bbox 390 4811 1966 4883">
     <span class='ocr_line' id='line_1_93' title="bbox 390 4811 1966 4883; baseline 0.003 -18"><span class='ocrx_word' id='word_1_710' title='bbox 390 4811 560 4878; x_wconf 88' lang='lat' dir='ltr'><strong>Quem</strong></span> <span class='ocrx_word' id='word_1_711' title='bbox 588 4820 766 4868; x_wconf 90' lang='lat' dir='ltr'><strong>autem</strong></span> <span class='ocrx_word' id='word_1_712' title='bbox 794 4814 961 4867; x_wconf 88' lang='lat' dir='ltr'><strong>Deum</strong></span> <span class='ocrx_word' id='word_1_713' title='bbox 983 4812 1288 4869; x_wconf 80' lang='lat' dir='ltr'><strong>existimem</strong></span> <span class='ocrx_word' id='word_1_714' title='bbox 1314 4815 1492 4869; x_wconf 86' lang='lat' dir='ltr'><strong>dicam</strong></span> <span class='ocrx_word' id='word_1_715' title='bbox 1516 4814 1693 4879; x_wconf 88' lang='lat' dir='ltr'><strong>vobis,</strong></span> <span class='ocrx_word' id='word_1_716' title='bbox 1716 4815 1966 4883; x_wconf 90' lang='lat' dir='ltr'><strong>quamvis</strong></span> 
     </span>
    </p>
   </div>
   <div class='ocr_carea' id='block_1_94' title="bbox 388 4900 1966 4975">
    <p class='ocr_par' dir='ltr' id='par_1_94' title="bbox 388 4900 1966 4975">
     <span class='ocr_line' id='line_1_94' title="bbox 388 4900 1966 4975; baseline 0.003 -22"><span class='ocrx_word' id='word_1_717' title='bbox 388 4900 443 4954; x_wconf 89' lang='lat' dir='ltr'><strong>id</strong></span> <span class='ocrx_word' id='word_1_718' title='bbox 474 4901 769 4956; x_wconf 90' lang='lat' dir='ltr'><strong>absurdum</strong></span> <span class='ocrx_word' id='word_1_719' title='bbox 799 4903 904 4967; x_wconf 89' lang='lat' dir='ltr'><strong>sit,</strong></span> <span class='ocrx_word' id='word_1_720' title='bbox 939 4917 1004 4957; x_wconf 89' lang='lat' dir='ltr'><strong>ac</strong></span> <span class='ocrx_word' id='word_1_721' title='bbox 1031 4918 1221 4959; x_wconf 90' lang='lat' dir='ltr'><strong>rursus</strong></span> <span class='ocrx_word' id='word_1_722' title='bbox 1256 4902 1435 4975; x_wconf 89' lang='lat' dir='ltr'><strong>aliqua</strong></span> <span class='ocrx_word' id='word_1_723' title='bbox 1484 4906 1695 4958; x_wconf 89' lang='lat' dir='ltr'><strong>ratione</strong></span> <span class='ocrx_word' id='word_1_724' title='bbox 1726 4919 1833 4958; x_wconf 91' lang='lat' dir='ltr'><strong>non</strong></span> <span class='ocrx_word' id='word_1_725' title='bbox 1870 4904 1966 4958; x_wconf 85' lang='lat' dir='ltr'><strong>ab-</strong></span> 
     </span>
    </p>
   </div>
   <div class='ocr_carea' id='block_1_95' title="bbox 390 4992 1965 5063">
    <p class='ocr_par' dir='ltr' id='par_1_95' title="bbox 390 4992 1965 5063">
     <span class='ocr_line' id='line_1_95' title="bbox 390 4992 1965 5063; baseline 0.001 -17"><span class='ocrx_word' id='word_1_726' title='bbox 390 4993 639 5046; x_wconf 88' lang='lat' dir='ltr'><strong>surdum.</strong></span> <span class='ocrx_word' id='word_1_727' title='bbox 687 4992 822 5048; x_wconf 86' lang='lat' dir='ltr'><strong>Nam</strong></span> <span class='ocrx_word' id='word_1_728' title='bbox 850 4994 943 5063; x_wconf 88' lang='lat' dir='ltr'><strong>qui</strong></span> <span class='ocrx_word' id='word_1_729' title='bbox 986 4995 1227 5049; x_wconf 90' lang='lat' dir='ltr'><strong>omnium</strong></span> <span class='ocrx_word' id='word_1_730' title='bbox 1277 4994 1436 5050; x_wconf 87' lang='lat' dir='ltr'><strong>nobis</strong></span> <span class='ocrx_word' id='word_1_731' title='bbox 1484 4994 1755 5049; x_wconf 91' lang='lat' dir='ltr'><strong>bonorum</strong></span> <span class='ocrx_word' id='word_1_732' title='bbox 1800 5009 1965 5049; x_wconf 89' lang='lat' dir='ltr'><strong>causa</strong></span> 
     </span>
    </p>
   </div>
   <div class='ocr_carea' id='block_1_96' title="bbox 390 5086 1965 5156">
    <p class='ocr_par' dir='ltr' id='par_1_96' title="bbox 390 5086 1965 5156">
     <span class='ocr_line' id='line_1_96' title="bbox 390 5086 1965 5156; baseline 0.001 -18"><span class='ocrx_word' id='word_1_733' title='bbox 390 5094 493 5148; x_wconf 90' lang='lat' dir='ltr'><strong>est,</strong></span> <span class='ocrx_word' id='word_1_734' title='bbox 518 5087 789 5153; x_wconf 83' lang='lat' dir='ltr'><strong>quomodo</strong></span> <span class='ocrx_word' id='word_1_735' title='bbox 816 5101 925 5141; x_wconf 92' lang='lat' dir='ltr'><strong>non</strong></span> <span class='ocrx_word' id='word_1_736' title='bbox 972 5101 1095 5141; x_wconf 89' lang='lat' dir='ltr'><strong>eum</strong></span> <span class='ocrx_word' id='word_1_737' title='bbox 1145 5086 1302 5156; x_wconf 86' lang='lat' dir='ltr'><strong>longe</strong></span> <span class='ocrx_word' id='word_1_738' title='bbox 1334 5086 1579 5151; x_wconf 78' lang='lat' dir='ltr'><strong>maximi,</strong></span> <span class='ocrx_word' id='word_1_739' title='bbox 1617 5086 1671 5141; x_wconf 91' lang='lat' dir='ltr'><strong>id</strong></span> <span class='ocrx_word' id='word_1_740' title='bbox 1719 5096 1804 5141; x_wconf 91' lang='lat' dir='ltr'><strong>est</strong></span> <span class='ocrx_word' id='word_1_741' title='bbox 1834 5102 1965 5156; x_wconf 90' lang='lat' dir='ltr'><strong>pru-</strong></span> 
     </span>
    </p>
   </div>
   <div class='ocr_carea' id='block_1_97' title="bbox 392 5177 1966 5246">
    <p class='ocr_par' dir='ltr' id='par_1_97' title="bbox 392 5177 1966 5246">
     <span class='ocr_line' id='line_1_97' title="bbox 392 5177 1966 5246; baseline 0.004 -19"><span class='ocrx_word' id='word_1_742' title='bbox 392 5177 619 5244; x_wconf 68' lang='lat' dir='ltr'><strong>dentias,</strong></span> <span class='ocrx_word' id='word_1_743' title='bbox 670 5192 890 5233; x_wconf 90' lang='lat' dir='ltr'><strong>causam</strong></span> <span class='ocrx_word' id='word_1_744' title='bbox 942 5177 1111 5234; x_wconf 79' lang='lat' dir='ltr'><strong>fuisse</strong></span> <span class='ocrx_word' id='word_1_745' title='bbox 1156 5179 1577 5234; x_wconf 77' lang='lat' dir='ltr'><strong>existimandum</strong></span> <span class='ocrx_word' id='word_1_746' title='bbox 1624 5180 1747 5235; x_wconf 80' lang='lat' dir='ltr'><strong>est?</strong></span> <span class='ocrx_word' id='word_1_747' title='bbox 1789 5179 1966 5246; x_wconf 82' lang='lat' dir='ltr'><strong>Quem</strong></span> 
     </span>
    </p>
   </div>
   <div class='ocr_carea' id='block_1_98' title="bbox 394 5270 1967 5342">
    <p class='ocr_par' dir='ltr' id='par_1_98' title="bbox 394 5270 1967 5342">
     <span class='ocr_line' id='line_1_98' title="bbox 394 5270 1967 5342; baseline 0.003 -20"><span class='ocrx_word' id='word_1_748' title='bbox 394 5280 573 5324; x_wconf 87' lang='lat' dir='ltr'><strong>autem</strong></span> <span class='ocrx_word' id='word_1_749' title='bbox 608 5270 814 5339; x_wconf 89' lang='lat' dir='ltr'><strong>Deum,</strong></span> <span class='ocrx_word' id='word_1_750' title='bbox 862 5271 1072 5342; x_wconf 85' lang='lat' dir='ltr'><strong>Megille</strong></span> <span class='ocrx_word' id='word_1_751' title='bbox 1118 5281 1174 5326; x_wconf 88' lang='lat' dir='ltr'><strong>et</strong></span> <span class='ocrx_word' id='word_1_752' title='bbox 1208 5272 1404 5337; x_wconf 87' lang='lat' dir='ltr'><strong>Clinia,</strong></span> <span class='ocrx_word' id='word_1_753' title='bbox 1461 5272 1713 5328; x_wconf 78' lang='lat' dir='ltr'><strong>laudibus</strong></span> <span class='ocrx_word' id='word_1_754' title='bbox 1762 5272 1967 5328; x_wconf 74' lang='lat' dir='ltr'><strong>effero?</strong></span> 
     </span>
    </p>
   </div>
   <div class='ocr_carea' id='block_1_99' title="bbox 391 5359 1965 5435">
    <p class='ocr_par' dir='ltr' id='par_1_99' title="bbox 391 5359 1965 5435">
     <span class='ocr_line' id='line_1_99' title="bbox 391 5359 1965 5435; baseline 0.003 -20"><span class='ocrx_word' id='word_1_755' title='bbox 391 5359 600 5415; x_wconf 70' lang='lat' dir='ltr'><strong>(Icelum</strong></span> <span class='ocrx_word' id='word_1_756' title='bbox 647 5368 837 5431; x_wconf 83' lang='lat' dir='ltr'><strong>procul</strong></span> <span class='ocrx_word' id='word_1_757' title='bbox 884 5364 1081 5430; x_wconf 88' lang='lat' dir='ltr'><strong>dubio;</strong></span> <span class='ocrx_word' id='word_1_758' title='bbox 1128 5365 1275 5433; x_wconf 89' lang='lat' dir='ltr'><strong>quod</strong></span> <span class='ocrx_word' id='word_1_759' title='bbox 1322 5365 1541 5435; x_wconf 83' lang='lat' dir='ltr'><strong>quidem</strong></span> <span class='ocrx_word' id='word_1_760' title='bbox 1598 5366 1965 5435; x_wconf 68' lang='lat' dir='ltr'><strong>aequissimum</strong></span> 
     </span>
    </p>
   </div>
   <div class='ocr_carea' id='block_1_100' title="bbox 392 5456 1966 5522">
    <p class='ocr_par' dir='ltr' id='par_1_100' title="bbox 392 5456 1966 5522">
     <span class='ocr_line' id='line_1_100' title="bbox 392 5456 1966 5522; baseline 0.003 -17"><span class='ocrx_word' id='word_1_761' title='bbox 392 5461 494 5515; x_wconf 85' lang='lat' dir='ltr'><strong>est,</strong></span> <span class='ocrx_word' id='word_1_762' title='bbox 544 5463 604 5507; x_wconf 91' lang='lat' dir='ltr'><strong>ut</strong></span> <span class='ocrx_word' id='word_1_763' title='bbox 639 5456 1095 5522; x_wconf 88' lang='lat' dir='ltr'><strong>quemadmodum</strong></span> <span class='ocrx_word' id='word_1_764' title='bbox 1136 5456 1227 5511; x_wconf 89' lang='lat' dir='ltr'><strong>alii</strong></span> <span class='ocrx_word' id='word_1_765' title='bbox 1271 5472 1462 5513; x_wconf 89' lang='lat' dir='ltr'><strong>omnes</strong></span> <span class='ocrx_word' id='word_1_766' title='bbox 1491 5459 1763 5513; x_wconf 66' lang='lat' dir='ltr'><strong>daemones</strong></span> <span class='ocrx_word' id='word_1_767' title='bbox 1802 5457 1966 5512; x_wconf 88' lang='lat' dir='ltr'><strong>simul</strong></span> 
     </span>
    </p>
   </div>
   <div class='ocr_carea' id='block_1_101' title="bbox 392 5545 1970 5623">
    <p class='ocr_par' dir='ltr' id='par_1_101' title="bbox 392 5545 1970 5623">
     <span class='ocr_line' id='line_1_101' title="bbox 392 5545 1970 5623; baseline 0.003 -25"><span class='ocrx_word' id='word_1_768' title='bbox 392 5557 449 5599; x_wconf 88' lang='lat' dir='ltr'><strong>et</strong></span> <span class='ocrx_word' id='word_1_769' title='bbox 483 5545 556 5600; x_wconf 93' lang='lat' dir='ltr'><strong>dii</strong></span> <span class='ocrx_word' id='word_1_770' title='bbox 590 5545 816 5614; x_wconf 80' lang='lat' dir='ltr'><strong>faciunt,</strong></span> <span class='ocrx_word' id='word_1_771' title='bbox 856 5549 929 5603; x_wconf 90' lang='lat' dir='ltr'><strong>ita</strong></span> <span class='ocrx_word' id='word_1_772' title='bbox 964 5566 1062 5607; x_wconf 92' lang='lat' dir='ltr'><strong>nos</strong></span> <span class='ocrx_word' id='word_1_773' title='bbox 1100 5566 1317 5623; x_wconf 88' lang='lat' dir='ltr'><strong>quoque</strong></span> <span class='ocrx_word' id='word_1_774' title='bbox 1356 5551 1615 5622; x_wconf 86' lang='lat' dir='ltr'><strong>majorem</strong></span> <span class='ocrx_word' id='word_1_775' title='bbox 1650 5550 1705 5605; x_wconf 93' lang='lat' dir='ltr'><strong>in</strong></span> <span class='ocrx_word' id='word_1_776' title='bbox 1750 5550 1970 5604; x_wconf 89' lang='lat' dir='ltr'><strong>modum</strong></span> 
     </span>
    </p>
   </div>
   <div class='ocr_carea' id='block_1_102' title="bbox 395 5637 1968 5715">
    <p class='ocr_par' dir='ltr' id='par_1_102' title="bbox 395 5637 1968 5715">
     <span class='ocr_line' id='line_1_102' title="bbox 395 5637 1968 5715; baseline 0.003 -24"><span class='ocrx_word' id='word_1_777' title='bbox 395 5637 639 5693; x_wconf 90' lang='lat' dir='ltr'><strong>colamus</strong></span> <span class='ocrx_word' id='word_1_778' title='bbox 679 5649 734 5694; x_wconf 91' lang='lat' dir='ltr'><strong>et</strong></span> <span class='ocrx_word' id='word_1_779' title='bbox 772 5656 1078 5711; x_wconf 84' lang='lat' dir='ltr'><strong>precemur.</strong></span> <span class='ocrx_word' id='word_1_780' title='bbox 1103 5645 1283 5715; x_wconf 88' lang='lat' dir='ltr'><strong>Atque</strong></span> <span class='ocrx_word' id='word_1_781' title='bbox 1310 5644 1443 5699; x_wconf 88' lang='lat' dir='ltr'><strong>illud</strong></span> <span class='ocrx_word' id='word_1_782' title='bbox 1485 5644 1704 5714; x_wconf 86' lang='lat' dir='ltr'><strong>quidem</strong></span> <span class='ocrx_word' id='word_1_783' title='bbox 1736 5643 1968 5697; x_wconf 85' lang='lat' dir='ltr'><strong>aliorum</strong></span> 
     </span>
    </p>
   </div>
   <div class='ocr_carea' id='block_1_103' title="bbox 395 5732 1966 5795">
    <p class='ocr_par' dir='ltr' id='par_1_103' title="bbox 395 5732 1966 5795">
     <span class='ocr_line' id='line_1_103' title="bbox 395 5732 1966 5795; baseline 0.004 -10"><span class='ocrx_word' id='word_1_784' title='bbox 395 5733 639 5786; x_wconf 90' lang='lat' dir='ltr'><strong>omnium</strong></span> <span class='ocrx_word' id='word_1_785' title='bbox 681 5732 947 5793; x_wconf 83' lang='lat' dir='ltr'><strong>bonorum</strong></span> <span class='ocrx_word' id='word_1_786' title='bbox 979 5751 1205 5795; x_wconf 85' lang='lat' dir='ltr'><strong>causam</strong></span> <span class='ocrx_word' id='word_1_787' title='bbox 1253 5737 1409 5795; x_wconf 90' lang='lat' dir='ltr'><strong>nobis</strong></span> <span class='ocrx_word' id='word_1_788' title='bbox 1452 5736 1730 5794; x_wconf 81' lang='lat' dir='ltr'><strong>exstitisse</strong></span> <span class='ocrx_word' id='word_1_789' title='bbox 1776 5749 1966 5792; x_wconf 88' lang='lat' dir='ltr'><strong>omnes</strong></span> 
     </span>
    </p>
   </div>
   <div class='ocr_carea' id='block_1_104' title="bbox 398 5824 855 5908">
    <p class='ocr_par' dir='ltr' id='par_1_104' title="bbox 398 5824 855 5908">
     <span class='ocr_line' id='line_1_104' title="bbox 398 5824 855 5908; baseline 0 -29"><span class='ocrx_word' id='word_1_790' title='bbox 398 5824 801 5908; x_wconf 79' lang='lat' dir='ltr'><strong>conﬁtebimur.</strong></span> <span class='ocrx_word' id='word_1_791' title='bbox 836 5846 855 5879; x_wconf 73' lang='grc' dir='ltr'><strong>ι</strong></span> 
     </span>
    </p>
   </div>
   <div class='ocr_carea' id='block_1_105' title="bbox 2068 4623 3645 4692">
    <p class='ocr_par' dir='ltr' id='par_1_105' title="bbox 2068 4623 3645 4692">
     <span class='ocr_line' id='line_1_105' title="bbox 2068 4623 3645 4692; baseline 0.001 -15"><span class='ocrx_word' id='word_1_792' title='bbox 2068 4623 2368 4680; x_wconf 90' lang='lat' dir='ltr'><strong>luculenter</strong></span> <span class='ocrx_word' id='word_1_793' title='bbox 2399 4627 2605 4692; x_wconf 88' lang='lat' dir='ltr'><strong>docuit,</strong></span> <span class='ocrx_word' id='word_1_794' title='bbox 2637 4628 2807 4682; x_wconf 86' lang='lat' dir='ltr'><strong>Deum</strong></span> <span class='ocrx_word' id='word_1_795' title='bbox 2832 4628 3017 4682; x_wconf 90' lang='lat' dir='ltr'><strong>omnia</strong></span> <span class='ocrx_word' id='word_1_796' title='bbox 3047 4628 3114 4683; x_wconf 91' lang='lat' dir='ltr'><strong>ad</strong></span> <span class='ocrx_word' id='word_1_797' title='bbox 3146 4627 3393 4682; x_wconf 89' lang='lat' dir='ltr'><strong>idearum</strong></span> <span class='ocrx_word' id='word_1_798' title='bbox 3418 4641 3645 4681; x_wconf 90' lang='lat' dir='ltr'><strong>suarum</strong></span> 
     </span>
    </p>
   </div>
   <div class='ocr_carea' id='block_1_106' title="bbox 2066 4714 3643 4787">
    <p class='ocr_par' dir='ltr' id='par_1_106' title="bbox 2066 4714 3643 4787">
     <span class='ocr_line' id='line_1_106' title="bbox 2066 4714 3643 4787; baseline -0.001 -19"><span class='ocrx_word' id='word_1_799' title='bbox 2066 4715 2348 4786; x_wconf 82' lang='lat' dir='ltr'><strong>exemplar</strong></span> <span class='ocrx_word' id='word_1_800' title='bbox 2374 4731 2610 4785; x_wconf 89' lang='lat' dir='ltr'><strong>creasse,</strong></span> <span class='ocrx_word' id='word_1_801' title='bbox 2671 4732 2775 4773; x_wconf 88' lang='lat' dir='ltr'><strong>nec</strong></span> <span class='ocrx_word' id='word_1_802' title='bbox 2829 4717 3127 4787; x_wconf 89' lang='lat' dir='ltr'><strong>quidquam</strong></span> <span class='ocrx_word' id='word_1_803' title='bbox 3168 4731 3290 4772; x_wconf 88' lang='lat' dir='ltr'><strong>esse</strong></span> <span class='ocrx_word' id='word_1_804' title='bbox 3333 4715 3387 4770; x_wconf 94' lang='lat' dir='ltr'><strong>in</strong></span> <span class='ocrx_word' id='word_1_805' title='bbox 3417 4714 3643 4780; x_wconf 88' lang='lat' dir='ltr'><strong>mundo,</strong></span> 
     </span>
    </p>
   </div>
   <div class='ocr_carea' id='block_1_107' title="bbox 2067 4808 3645 4879">
    <p class='ocr_par' dir='ltr' id='par_1_107' title="bbox 2067 4808 3645 4879">
     <span class='ocr_line' id='line_1_107' title="bbox 2067 4808 3645 4879; baseline -0.001 -18"><span class='ocrx_word' id='word_1_806' title='bbox 2067 4809 2212 4875; x_wconf 91' lang='lat' dir='ltr'><strong>quod</strong></span> <span class='ocrx_word' id='word_1_807' title='bbox 2242 4823 2348 4863; x_wconf 91' lang='lat' dir='ltr'><strong>non</strong></span> <span class='ocrx_word' id='word_1_808' title='bbox 2391 4810 2525 4863; x_wconf 72' lang='lat' dir='ltr'><strong>idem</strong></span> <span class='ocrx_word' id='word_1_809' title='bbox 2574 4810 2772 4864; x_wconf 87' lang='lat' dir='ltr'><strong>divinae</strong></span> <span class='ocrx_word' id='word_1_810' title='bbox 2823 4809 3171 4879; x_wconf 89' lang='lat' dir='ltr'><strong>respondeat.</strong></span> <span class='ocrx_word' id='word_1_811' title='bbox 3226 4808 3299 4864; x_wconf 86' lang='lat' dir='ltr'><strong>At</strong></span> <span class='ocrx_word' id='word_1_812' title='bbox 3345 4808 3645 4863; x_wconf 86' lang='lat' dir='ltr'><strong>inscienter</strong></span> 
     </span>
    </p>
   </div>
   <div class='ocr_carea' id='block_1_108' title="bbox 2066 4898 3647 4967">
    <p class='ocr_par' dir='ltr' id='par_1_108' title="bbox 2066 4898 3647 4967">
     <span class='ocr_line' id='line_1_108' title="bbox 2066 4898 3647 4967; baseline -0.001 -15"><span class='ocrx_word' id='word_1_813' title='bbox 2066 4914 2297 4967; x_wconf 90' lang='lat' dir='ltr'><strong>prorsus</strong></span> <span class='ocrx_word' id='word_1_814' title='bbox 2325 4912 2382 4953; x_wconf 90' lang='lat' dir='ltr'><strong>et</strong></span> <span class='ocrx_word' id='word_1_815' title='bbox 2417 4900 2649 4956; x_wconf 87' lang='lat' dir='ltr'><strong>absurde</strong></span> <span class='ocrx_word' id='word_1_816' title='bbox 2701 4901 2960 4955; x_wconf 90' lang='lat' dir='ltr'><strong>mundum</strong></span> <span class='ocrx_word' id='word_1_817' title='bbox 3013 4898 3275 4955; x_wconf 83' lang='lat' dir='ltr'><strong>essentiae</strong></span> <span class='ocrx_word' id='word_1_818' title='bbox 3326 4898 3524 4953; x_wconf 76' lang='lat' dir='ltr'><strong>divinae</strong></span> <span class='ocrx_word' id='word_1_819' title='bbox 3552 4911 3647 4951; x_wconf 90' lang='lat' dir='ltr'><strong>ac-</strong></span> 
     </span>
    </p>
   </div>
   <div class='ocr_carea' id='block_1_109' title="bbox 2067 4989 3643 5047">
    <p class='ocr_par' dir='ltr' id='par_1_109' title="bbox 2067 4989 3643 5047">
     <span class='ocr_line' id='line_1_109' title="bbox 2067 4989 3643 5047; baseline -0.001 -4"><span class='ocrx_word' id='word_1_820' title='bbox 2067 4999 2311 5044; x_wconf 89' lang='lat' dir='ltr'><strong>curatam</strong></span> <span class='ocrx_word' id='word_1_821' title='bbox 2335 5005 2457 5045; x_wconf 90' lang='lat' dir='ltr'><strong>essc</strong></span> <span class='ocrx_word' id='word_1_822' title='bbox 2482 5000 2537 5046; x_wconf 90' lang='lat' dir='ltr'><strong>et</strong></span> <span class='ocrx_word' id='word_1_823' title='bbox 2561 4993 2816 5047; x_wconf 89' lang='lat' dir='ltr'><strong>omnibus</strong></span> <span class='ocrx_word' id='word_1_824' title='bbox 2846 4991 3090 5047; x_wconf 89' lang='lat' dir='ltr'><strong>numeris</strong></span> <span class='ocrx_word' id='word_1_825' title='bbox 3144 4991 3469 5046; x_wconf 89' lang='lat' dir='ltr'><strong>instructam</strong></span> <span class='ocrx_word' id='word_1_826' title='bbox 3503 4989 3643 5042; x_wconf 87' lang='lat' dir='ltr'><strong>ima-</strong></span> 
     </span>
    </p>
   </div>
   <div class='ocr_carea' id='block_1_110' title="bbox 2068 5079 3641 5152">
    <p class='ocr_par' dir='ltr' id='par_1_110' title="bbox 2068 5079 3641 5152">
     <span class='ocr_line' id='line_1_110' title="bbox 2068 5079 3641 5152; baseline -0.001 -18"><span class='ocrx_word' id='word_1_827' title='bbox 2068 5082 2247 5149; x_wconf 84' lang='lat' dir='ltr'><strong>ginem</strong></span> <span class='ocrx_word' id='word_1_828' title='bbox 2277 5082 2383 5137; x_wconf 85' lang='lat' dir='ltr'><strong>sibi</strong></span> <span class='ocrx_word' id='word_1_829' title='bbox 2418 5081 2677 5152; x_wconf 81' lang='lat' dir='ltr'><strong>ﬁngebat,</strong></span> <span class='ocrx_word' id='word_1_830' title='bbox 2729 5097 2830 5138; x_wconf 89' lang='lat' dir='ltr'><strong>nec</strong></span> <span class='ocrx_word' id='word_1_831' title='bbox 2884 5082 3185 5152; x_wconf 89' lang='lat' dir='ltr'><strong>quidquam</strong></span> <span class='ocrx_word' id='word_1_832' title='bbox 3218 5094 3343 5136; x_wconf 89' lang='lat' dir='ltr'><strong>esse</strong></span> <span class='ocrx_word' id='word_1_833' title='bbox 3402 5080 3459 5134; x_wconf 92' lang='lat' dir='ltr'><strong>in</strong></span> <span class='ocrx_word' id='word_1_834' title='bbox 3507 5079 3641 5145; x_wconf 89' lang='lat' dir='ltr'><strong>Deo,</strong></span> 
     </span>
    </p>
   </div>
   <div class='ocr_carea' id='block_1_111' title="bbox 2068 5172 3643 5247">
    <p class='ocr_par' dir='ltr' id='par_1_111' title="bbox 2068 5172 3643 5247">
     <span class='ocr_line' id='line_1_111' title="bbox 2068 5172 3643 5247; baseline -0.002 -18"><span class='ocrx_word' id='word_1_835' title='bbox 2068 5175 2221 5244; x_wconf 90' lang='lat' dir='ltr'><strong>cujus</strong></span> <span class='ocrx_word' id='word_1_836' title='bbox 2278 5191 2386 5231; x_wconf 90' lang='lat' dir='ltr'><strong>non</strong></span> <span class='ocrx_word' id='word_1_837' title='bbox 2432 5176 2616 5247; x_wconf 88' lang='lat' dir='ltr'><strong>aliqua</strong></span> <span class='ocrx_word' id='word_1_838' title='bbox 2667 5190 2928 5245; x_wconf 79' lang='lat' dir='ltr'><strong>expressa</strong></span> <span class='ocrx_word' id='word_1_839' title='bbox 2984 5176 3058 5230; x_wconf 91' lang='lat' dir='ltr'><strong>sit</strong></span> <span class='ocrx_word' id='word_1_840' title='bbox 3109 5175 3163 5229; x_wconf 92' lang='lat' dir='ltr'><strong>in</strong></span> <span class='ocrx_word' id='word_1_841' title='bbox 3213 5173 3413 5228; x_wconf 89' lang='lat' dir='ltr'><strong>mundo</strong></span> <span class='ocrx_word' id='word_1_842' title='bbox 3441 5172 3643 5242; x_wconf 88' lang='lat' dir='ltr'><strong>imago.</strong></span> 
     </span>
    </p>
   </div>
   <div class='ocr_carea' id='block_1_112' title="bbox 2068 5265 3644 5339">
    <p class='ocr_par' dir='ltr' id='par_1_112' title="bbox 2068 5265 3644 5339">
     <span class='ocr_line' id='line_1_112' title="bbox 2068 5265 3644 5339; baseline -0.004 -16"><span class='ocrx_word' id='word_1_843' title='bbox 2068 5268 2161 5324; x_wconf 88' lang='lat' dir='ltr'><strong>Sic</strong></span> <span class='ocrx_word' id='word_1_844' title='bbox 2212 5268 2477 5338; x_wconf 86' lang='lat' dir='ltr'><strong>loquitur,</strong></span> <span class='ocrx_word' id='word_1_845' title='bbox 2527 5284 2583 5339; x_wconf 91' lang='lat' dir='ltr'><strong>p.</strong></span> <span class='ocrx_word' id='word_1_846' title='bbox 2641 5268 2820 5324; x_wconf 71' lang='lat'><strong>1047:</strong></span> <span class='ocrx_word' id='word_1_847' title='bbox 2877 5268 3138 5339; x_wconf 79' lang='grc' dir='ltr'>Δὲγωμεν</span> <span class='ocrx_word' id='word_1_848' title='bbox 3183 5266 3239 5320; x_wconf 82' lang='grc' dir='ltr'><strong>δὲ</strong></span> <span class='ocrx_word' id='word_1_849' title='bbox 3272 5265 3339 5318; x_wconf 83' lang='grc' dir='ltr'>δι’</span> <span class='ocrx_word' id='word_1_850' title='bbox 3366 5265 3431 5335; x_wconf 82' lang='grc' dir='ltr'>ἢν</span> <span class='ocrx_word' id='word_1_851' title='bbox 3462 5266 3644 5318; x_wconf 87' lang='grc' dir='ltr'>αἰτίαν</span> 
     </span>
    </p>
   </div>
   <div class='ocr_carea' id='block_1_113' title="bbox 2068 5358 3640 5431">
    <p class='ocr_par' dir='ltr' id='par_1_113' title="bbox 2068 5358 3640 5431">
     <span class='ocr_line' id='line_1_113' title="bbox 2068 5358 3640 5431; baseline -0.003 -14"><span class='ocrx_word' id='word_1_852' title='bbox 2068 5364 2281 5431; x_wconf 84' lang='grc' dir='ltr'>γένεσιν</span> <span class='ocrx_word' id='word_1_853' title='bbox 2328 5363 2424 5416; x_wconf 74' lang='grc' dir='ltr'><strong>καὶ</strong></span> <span class='ocrx_word' id='word_1_854' title='bbox 2470 5363 2534 5415; x_wconf 90' lang='grc' dir='ltr'><strong>τὸ</strong></span> <span class='ocrx_word' id='word_1_855' title='bbox 2576 5363 2684 5415; x_wconf 84' lang='grc' dir='ltr'><strong>πᾶν</strong></span> <span class='ocrx_word' id='word_1_856' title='bbox 2740 5360 2859 5413; x_wconf 87' lang='grc' dir='ltr'>τόδε</span> <span class='ocrx_word' id='word_1_857' title='bbox 2906 5362 2935 5412; x_wconf 83' lang='grc' dir='ltr'>ὁ</span> <span class='ocrx_word' id='word_1_858' title='bbox 2973 5358 3226 5426; x_wconf 81' lang='grc' dir='ltr'>ξυνιστὰς</span> <span class='ocrx_word' id='word_1_859' title='bbox 3287 5359 3640 5428; x_wconf 76' lang='grc' dir='ltr'>ξυνέστησεν.</span> 
     </span>
    </p>
   </div>
   <div class='ocr_carea' id='block_1_114' title="bbox 2082 5450 3645 5525">
    <p class='ocr_par' dir='ltr' id='par_1_114' title="bbox 2082 5450 3645 5525">
     <span class='ocr_line' id='line_1_114' title="bbox 2082 5450 3645 5525; baseline -0.003 -18"><span class='ocrx_word' id='word_1_860' title='bbox 2082 5454 2305 5523; x_wconf 87' lang='grc' dir='ltr'>Ἀγαθὸς</span> <span class='ocrx_word' id='word_1_861' title='bbox 2340 5450 2430 5525; x_wconf 83' lang='grc' dir='ltr'>ἦν,</span> <span class='ocrx_word' id='word_1_862' title='bbox 2455 5452 2643 5524; x_wconf 80' lang='grc' dir='ltr'>ἀγαθῴ</span> <span class='ocrx_word' id='word_1_863' title='bbox 2685 5452 2741 5505; x_wconf 83' lang='grc' dir='ltr'><strong>δὲ</strong></span> <span class='ocrx_word' id='word_1_864' title='bbox 2785 5452 2959 5514; x_wconf 80' lang='grc' dir='ltr'>οὐδεὶς</span> <span class='ocrx_word' id='word_1_865' title='bbox 2987 5452 3115 5523; x_wconf 84' lang='grc' dir='ltr'>περὶ</span> <span class='ocrx_word' id='word_1_866' title='bbox 3144 5450 3360 5514; x_wconf 83' lang='grc' dir='ltr'>οὐδενὸς</span> <span class='ocrx_word' id='word_1_867' title='bbox 3389 5450 3645 5503; x_wconf 81' lang='grc' dir='ltr'>οὐδέποτε</span> 
     </span>
    </p>
   </div>
   <div class='ocr_carea' id='block_1_115' title="bbox 2069 5541 3645 5615">
    <p class='ocr_par' dir='ltr' id='par_1_115' title="bbox 2069 5541 3645 5615">
     <span class='ocr_line' id='line_1_115' title="bbox 2069 5541 3645 5615; baseline -0.004 -16"><span class='ocrx_word' id='word_1_868' title='bbox 2069 5547 2378 5615; x_wconf 77' lang='grc' dir='ltr'>ἐγγίγνεται</span> <span class='ocrx_word' id='word_1_869' title='bbox 2409 5545 2620 5615; x_wconf 85' lang='grc' dir='ltr'>φθόνος.</span> <span class='ocrx_word' id='word_1_870' title='bbox 2677 5543 2880 5596; x_wconf 89' lang='grc' dir='ltr'>Τούτου</span> <span class='ocrx_word' id='word_1_871' title='bbox 2918 5542 2960 5595; x_wconf 89' lang='grc' dir='ltr'>δ’</span> <span class='ocrx_word' id='word_1_872' title='bbox 3000 5544 3160 5608; x_wconf 79' lang='grc' dir='ltr'>ἐκτὸς</span> <span class='ocrx_word' id='word_1_873' title='bbox 3207 5541 3281 5595; x_wconf 81' lang='grc' dir='ltr'><strong>ὢν</strong></span> <span class='ocrx_word' id='word_1_874' title='bbox 3337 5543 3514 5595; x_wconf 78' lang='grc' dir='ltr'>πάντα</span> <span class='ocrx_word' id='word_1_875' title='bbox 3557 5543 3645 5594; x_wconf 85' lang='grc' dir='ltr'>ὃτι</span> 
     </span>
    </p>
   </div>
   <div class='ocr_carea' id='block_1_116' title="bbox 2073 5632 3642 5710">
    <p class='ocr_par' dir='ltr' id='par_1_116' title="bbox 2073 5632 3642 5710">
     <span class='ocr_line' id='line_1_116' title="bbox 2073 5632 3642 5710; baseline -0.003 -18"><span class='ocrx_word' id='word_1_876' title='bbox 2073 5639 2307 5710; x_wconf 86' lang='grc' dir='ltr'>μάλιστα</span> <span class='ocrx_word' id='word_1_877' title='bbox 2336 5636 2603 5709; x_wconf 74' lang='grc' dir='ltr'>ἐϐουλήθη</span> <span class='ocrx_word' id='word_1_878' title='bbox 2629 5636 2877 5705; x_wconf 81' lang='grc' dir='ltr'>γενέσθαι</span> <span class='ocrx_word' id='word_1_879' title='bbox 2909 5635 3266 5705; x_wconf 81' lang='grc' dir='ltr'>παραπλήσια</span> <span class='ocrx_word' id='word_1_880' title='bbox 3297 5632 3461 5703; x_wconf 81' lang='grc' dir='ltr'>αὐτῷ.</span> <span class='ocrx_word' id='word_1_881' title='bbox 3497 5652 3515 5683; x_wconf 77' lang='grc' dir='ltr'><strong>ι</strong></span> <span class='ocrx_word' id='word_1_882' title='bbox 3549 5633 3642 5687; x_wconf 84' lang='lat' dir='ltr'><strong>Di-</strong></span> 
     </span>
    </p>
   </div>
   <div class='ocr_carea' id='block_1_117' title="bbox 2070 5728 3647 5799">
    <p class='ocr_par' dir='ltr' id='par_1_117' title="bbox 2070 5728 3647 5799">
     <span class='ocr_line' id='line_1_117' title="bbox 2070 5728 3647 5799; baseline -0.004 -12"><span class='ocrx_word' id='word_1_883' title='bbox 2070 5746 2259 5787; x_wconf 90' lang='lat' dir='ltr'><strong>camus</strong></span> <span class='ocrx_word' id='word_1_884' title='bbox 2289 5739 2471 5786; x_wconf 87' lang='lat' dir='ltr'><strong>autem</strong></span> <span class='ocrx_word' id='word_1_885' title='bbox 2529 5744 2692 5799; x_wconf 85' lang='lat' dir='ltr'><strong>quam</strong></span> <span class='ocrx_word' id='word_1_886' title='bbox 2735 5729 2804 5785; x_wconf 88' lang='lat' dir='ltr'><strong>ob</strong></span> <span class='ocrx_word' id='word_1_887' title='bbox 2833 5743 3054 5785; x_wconf 91' lang='lat' dir='ltr'><strong>causam</strong></span> <span class='ocrx_word' id='word_1_888' title='bbox 3112 5728 3300 5783; x_wconf 86' lang='lat' dir='ltr'><strong>mundi</strong></span> <span class='ocrx_word' id='word_1_889' title='bbox 3332 5737 3523 5781; x_wconf 85' lang='lat' dir='ltr'><strong>auctor</strong></span> <span class='ocrx_word' id='word_1_890' title='bbox 3552 5744 3647 5796; x_wconf 83' lang='lat' dir='ltr'><strong>ge-</strong></span> 
     </span>
    </p>
   </div>
   <div class='ocr_carea' id='block_1_118' title="bbox 2071 5818 3645 5891">
    <p class='ocr_par' dir='ltr' id='par_1_118' title="bbox 2071 5818 3645 5891">
     <span class='ocr_line' id='line_1_118' title="bbox 2071 5818 3645 5891; baseline -0.003 -13"><span class='ocrx_word' id='word_1_891' title='bbox 2071 5821 2410 5879; x_wconf 87' lang='lat' dir='ltr'><strong>nerationem</strong></span> <span class='ocrx_word' id='word_1_892' title='bbox 2478 5829 2641 5891; x_wconf 85' lang='lat' dir='ltr'><strong>atque</strong></span> <span class='ocrx_word' id='word_1_893' title='bbox 2696 5820 2799 5878; x_wconf 84' lang='lat' dir='ltr'><strong>hoc</strong></span> <span class='ocrx_word' id='word_1_894' title='bbox 2866 5819 3185 5877; x_wconf 81' lang='lat' dir='ltr'><strong>universum</strong></span> <span class='ocrx_word' id='word_1_895' title='bbox 3269 5818 3645 5877; x_wconf 82' lang='lat' dir='ltr'><strong>constituerit.</strong></span> 
     </span>
    </p>
   </div>
  </div>
