3932 6258
184 348 249 403 29
1224 347 1288 403 D.
1331 347 2013 419 MARANIPBEFATIO.
2046 383 2117 393 -—
2151 350 2416 409 PARSII.
3400 354 3470 410 '50

187 465 355 520 Bonus
383 473 534 529 erat;
568 465 719 519 bono
751 472 947 520 autem
1004 466 1166 522 nulla
1211 484 1450 538 unquam
1483 469 1589 524 ulla
1619 470 1684 525 de
1736 484 1795 523 re
1824 476 1872 532 Α
1900 474 2080 543 genita
2112 475 2343 529 mundus
2378 472 2715 539 continebat,
2758 473 2965 530 idcirco
2986 485 3104 527 erat
3148 472 3325 528 adhuc
3352 473 3468 528 dis-

188 557 323 611 inest
344 556 572 611 invidia.
609 556 788 625 Hujus
819 558 1009 625 igitur
1035 574 1245 628 expers
1272 574 1398 616 cum
1429 570 1597 625 esset,
1625 561 1795 615 voluit

192 650 361 707 omnia
387 649 486 703 sibi
511 664 690 719 quam
723 650 1029 707 simillima
1065 652 1247 707 ﬁeri.»

266 743 319 797 in
336 744 432 797 hac
452 747 519 795 de
547 743 771 798 mundo
814 745 1131 799 sententia,
1173 745 1227 800 id
1274 746 1559 801 videbatur
1617 746 1798 804 inesse

201 832 524 896 Encoeamodi,
574 834 741 902 quod
794 835 1050 891 mundus
1085 836 1161 891 sit
1189 847 1428 903 creatus,
1469 838 1611 893 Deus
1661 852 1795 892 vero

203 925 569 992 sempiternus,
606 942 719 982 nec
769 929 1019 997 proinde
1074 929 1129 983 id
1178 929 1319 999 quod
1375 944 1497 985 esse
1569 931 1793 999 incepit,

200 1021 366 1074 sterni
399 1022 584 1091 imago
612 1036 747 1077 esse
777 1025 982 1093 possit.
1029 1024 1173 1079 Huic
1220 1025 1565 1080 incommodo
1592 1026 1671 1080 sic
1698 1041 1795 1081 oc-

194 1112 349 1164 currit
372 1110 561 1176 Plato,
601 1130 662 1183 p.
699 1115 854 1170 1052
904 1135 921 1170 :
978 1117 1071 1181 Ὠς
1118 1117 1173 1170 δὲ
1199 1116 1417 1187 κινηθέν
1443 1134 1502 1169 τε
1530 1115 1664 1170 αὐτὸ
1703 1118 1797 1171 καὶ

192 1203 289 1267 ζῶν
310 1204 568 1275 ἐνενόησε
633 1207 759 1260 τῶν
817 1210 1015 1264 ἀϊδίων
1074 1210 1211 1264 θεῶν
1250 1210 1472 1279 γεγονὸς
1524 1210 1745 1280 ἄγαλμα
1768 1212 1797 1263 ὁ

190 1299 446 1367 γεννήσας
507 1296 734 1371 πατὴρ,
764 1301 991 1373 ἠγάσθη
1022 1320 1104 1366 τε,
1158 1303 1251 1356 καὶ
1295 1300 1657 1374 εὐφρανθεὶς,
1715 1301 1796 1354 ἔτι

186 1388 247 1457 δὴ
278 1390 483 1458 μᾶλλον
542 1393 752 1462 ὅμοιον
804 1393 948 1465 πρὸς
983 1395 1043 1447 τὸ
1099 1395 1447 1466 παράδειγμα
1504 1393 1796 1464 ἐπενόησεν

187 1482 630 1553 ἀπεργάσασθαι.
690 1485 974 1557 Καθάπερ
1018 1481 1112 1539 οὖν
1172 1486 1303 1539 αὐτὸ
1346 1485 1605 1554 τυγχάνει
1660 1484 1797 1549 ζῶον

192 1574 366 1637 eam,
396 1577 498 1628 καὶ
528 1578 659 1631 τάδε
708 1578 777 1631 τὸ
818 1581 932 1632 πᾶν
982 1578 1156 1643 οὕτως
1208 1580 1287 1642 εἰς
1323 1578 1549 1649 δύναμιν
1579 1577 1795 1648 ἐπεχεί-

186 1682 313 1735 pum
361 1666 619 1719 τοιοῦτον
684 1668 1001 1722 ἀποτελεῖν*
1053 1671 1086 1739 ή
1152 1668 1248 1739 μὲν
1313 1664 1406 1722 οὖν
1463 1667 1601 1732 {timo
1638 1667 1797 1736 φύσις

183 1754 474 1823 ἐτύγχανεν
514 1752 666 1810 ὦσα
733 1757 980 1823 αἰώνιος,
1021 1760 1117 1812 καὶ
1157 1758 1315 1813 τοῦτο
1344 1760 1443 1831 μὲν
1482 1761 1547 1833 δὴ
1568 1759 1646 1831 τῷ
1674 1777 1796 1828 γεν·

1906 566 2123 622 similis.
2153 566 2307 633 Quod
2359 575 2539 621 autem
2596 565 2679 619 illi
2711 565 2921 631 deerat,
2972 566 3024 620 id
3076 565 3300 635 perfecit
3332 565 3472 621 Deus

1899 666 2155 712 naturam
2182 657 2511 727 exemplaris
2549 658 2860 713 imitatione
2910 656 3238 725 exprimens.
3268 655 3470 723 Quate-

1901 764 2004 804 nus
2031 750 2196 820 igitur
2225 763 2378 804 mens
2413 748 2607 803 insitas
2662 749 2737 815 ei,
2767 746 2911 817 quod
2940 736 3024 802 est
3074 747 3292 810 animal,
3322 747 3470 801 ideas

1899 841 2094 905 cernit,
2131 840 2441 910 qualesque,
2480 849 2612 894 sunt
2656 850 2710 895 et
2773 847 2905 910 quot
2961 840 3230 905 intuetur,
3262 840 3394 894 tales
3415 848 3472 894 et

1901 933 2123 988 t0Iidem
2158 933 2211 987 iu
2245 932 2445 987 mundo
2480 946 2601 986 esse
2633 940 2884 1003 oportere
2905 930 3222 1001 judicavit»
3248 929 3468 985 Dicebat

1899 1038 2061 1093 supra
2113 1022 2351 1078 Timaeus
2403 1022 2634 1087 Locrus,
2679 1022 2939 1076 mundum
2970 1035 3092 1075 esse
3140 1017 3467 1089 perfectum,

1898 1114 2023 1182 quia
2057 1112 2199 1167 illius
2226 1114 2526 1183 exemplar,
2579 1112 2734 1181 Aquod
2779 1113 2962 1166 omnia
3018 1111 3377 1181 intelligibili‘a
3414 1110 3467 1164 in

1897 1204 2076 1273 seipso
2132 1203 2536 1272 complectitur,
2591 1202 2727 1257 nihil
2786 1211 2939 1257 extra
2977 1203 3344 1271 praetermisit,
3376 1202 3470 1256 sed

1899 1297 2318 1368 iutelligibilium
2350 1296 2626 1367 perfectus
2653 1306 2737 1353 est
2780 1301 3066 1364 terminus,
3101 1308 3160 1351 ut
3192 1296 3279 1351 hic
3308 1311 3470 1350 mun--

1897 1393 1997 1447 dus
2025 1392 2321 1447 sensilium.

1973 1484 2037 1539 V.
2071 1485 2241 1541 Venio
2272 1487 2338 1541 ad
2373 1485 2796 1543 celeberrimum
2830 1499 2899 1538 ex
2948 1483 3183 1539 secunda
3229 1482 3471 1538 Platonis

1898 1577 2128 1646 epistola
2156 1577 2531 1631 testimonium
2565 1576 2711 1646 quod
2743 1586 2799 1631 et
2834 1574 3076 1630 Justinus
3128 1576 3183 1629 in
3235 1574 3389 1643 Apol.
3419 1574 3469 1641 l,

1898 1681 1954 1725 et
2001 1670 2155 1725 multi
2205 1670 2296 1724 alii
2330 1679 2453 1740 post
2485 1684 2609 1723 eum
2639 1670 2905 1735 citarunt,
2934 1679 2990 1723 et
3019 1668 3343 1723 Christianis
3388 1666 3473 1721 fu-

1899 1778 2021 1816 cum
2093 1761 2293 1817 fecisse
2351 1761 2598 1815 Clericus
2671 1760 2973 1815 existimat.
3056 1759 3473 1829 Signiﬁcaverat

182 1849 320 1917 νητῴ
347 1850 645 1915 παντελῶς
668 1852 1020 1922 προσάπτειν
1049 1854 1151 1907 οὐκ
1176 1848 1244 1924 ἦν
1271 1852 1514 1907 δυνατόν·
1538 1852 1724 1906 εἰκόνα
1747 1852 1786 1906 δ’

1900 1855 2189 1925 Dionysius
2227 1853 2441 1908 Platoni
2474 1868 2574 1923 per
2605 1852 3012 1906 Areliedemum
3065 1852 3167 1906 sibi
3202 1867 3306 1905 non
3353 1866 3472 1905 om—

180 1940 379 1991 ὲπινοεί
455 1944 708 2010 κινητήν
736 1960 862 1996 τινα
916 1943 1115 2005 αἰῶνος
1156 1944 1405 2013 ποιῆσαι,
1441 1945 1536 1997 καὶ
1607 1939 1791 1991 διακο-

178 2026 319 2092 σμῶν
350 2028 475 2099 ἅμα
524 2031 797 2103 οὐρανὸν,
859 2036 1009 2086 ποιεῖ
1062 2033 1315 2104 μένοντος
1365 2034 1559 2097 αἰῶνος
1615 2036 1675 2089 ὲν
1701 2036 1785 2091 ὲνι

181 2121 293 2171 κατ’
342 2122 599 2192 ἀριθιιδν
647 2124 847 2179 ἰοῦσαν
900 2126 1117 2181 αἰώνιον
1162 2128 1363 2189 εἰκόνα,
1400 2125 1589 2181 τοῦτον
1634 2127 1694 2181 ὃν
1728 2128 1793 2200 δὴ

185 2213 367 2281 χρόνον
425 2216 844 2289 ὠνομακαμεν.
891 2236 911 2270 ι
937 2218 1233 2288 Postquam
1300 2220 1462 2291 igitur
1492 2221 1700 2276 moveri
1739 2230 1794 2275 et

189 2303 365 2359 virere
402 2308 833 2361 animadvertit
864 2318 1113 2363 creatum
1146 2309 1278 2364 illud
1306 2310 1532 2365 deorum
1566 2310 1792 2365 immor—

198 2395 364 2449 talium
398 2398 785 2453 simulacrum
821 2400 868 2454 is
895 2400 989 2470 qui
1030 2402 1218 2471 genuit
1268 2401 1453 2467 Pater,
1490 2402 1793 2459 admiratus

190 2503 245 2543 ac
269 2490 595 2545 oblectatus
627 2501 744 2555 est,
768 2494 1051 2563 magisque
1092 2494 1393 2564 exemplari
1420 2495 1600 2549 simile
1628 2495 1793 2565 perii-

190 2594 305 2636 cere
333 2584 647 2652 cogitavit.
703 2583 1178 2650 Quemadmodum
1224 2600 1354 2658 ergo
1400 2587 1576 2658 ipsum
1603 2602 1790 2642 exem-

186 2673 294 2741 plar
318 2686 403 2729 est
438 2675 662 2729 animal
696 2678 1120 2746 sempiternum,
1147 2680 1223 2734 ita
1246 2680 1412 2735 etiam
1442 2681 1544 2736 hoc
1572 2681 1792 2736 univer-

190 2783 297 2819 sam
322 2768 455 2833 tale,
484 2781 775 2838 quantum
804 2771 922 2825 ﬁeri
953 2780 1185 2840 poterat,
1218 2772 1490 2842 perﬁcere
1530 2775 1787 2830 instituit.

196 2862 265 2913 Ac
286 2862 549 2917 animalis
582 2863 813 2932 quidem
844 2874 1046 2919 natura
1074 2874 1195 2919 erat
1229 2874 1471 2931 aeterna;
1506 2866 1560 2921 id
1609 2876 1788 2921 autem

198 2952 269 3003 rei
292 2964 500 3008 creata:
534 2954 773 3009 omnino
799 2954 988 3026 alliugi
1019 2972 1126 3011 non
1156 2966 1390 3025 poterat.
1423 2956 1788 3028 Quamobrem

195 3046 467 3114 excogitat
531 3046 805 3102 mobilem
858 3048 1159 3117 quamdam
1212 3049 1534 3105 aeternitatis
1589 3050 1788 3118 imagi-

1896 1948 2028 2003 nino
2061 1945 2382 2002 satisfacere
2415 1947 2714 1999 institutam
2747 1959 2777 1998 a
2810 1944 3037 1999 Platone
3092 1945 3156 1997 de
3184 1946 3339 2013 primi
3376 1960 3474 1995 na-

1897 2050 2019 2093 tura
2064 2038 2614 2093 demonstrationem.
2660 2037 2751 2091 Sic
2780 2036 3072 2105 respondet
3099 2035 3292 2089 Plato:
3338 2036 3474 2105 Φρα-

1897 2132 2051 2186 στέον
2074 2131 2136 2202 δή
2164 2148 2245 2183 σοι
2276 2131 2340 2182 δι’
2385 2129 2668 2201 αἰνιγμιίν·
2706 2129 2772 2182 ἵν’
2798 2128 2864 2182 ἄν
2913 2146 2966 2180 τι
3000 2130 3033 2198 ἡ
3068 2126 3248 2190 δέλτος
3279 2125 3313 2195 ἦ
3345 2125 3474 2178 πόν-

1892 2241 1985 2277 του
2040 2224 2072 2296 ἢ
2127 2223 2229 2293 γῆς
2258 2227 2315 2277 ὲν
2350 2227 2582 2294 πτυχαῖς
2636 2220 2787 2295 πάθῃ
2808 2262 2823 2285 ,
2848 2224 2876 2275 ὁ
2927 2220 3192 2288 ἀναγνοὺς
3228 2218 3301 2290 μὴ
3336 2219 3469 2290 γνῷ.

1893 2310 2021 2367 τΩδε
2048 2313 2156 2386 γὰρ
2191 2314 2324 2385 ἔχει’
2388 2316 2517 2386 περὶ
2581 2313 2674 2367 τὸν
2740 2312 2959 2367 πάντων
3021 2310 3245 2381 βασιλέα
3290 2308 3471 2361 πάντα

1894 2408 2011 2462 ἐστὶ
2049 2408 2144 2461 καὶ
2194 2408 2403 2461 ἐκείνου
2457 2407 2620 2461 ἕνεκα
2656 2407 2865 2460 πάντα·
2920 2406 3012 2458 καὶ
3066 2405 3241 2457 ἐκεῖνο
3302 2402 3472 2454 αἴτιον

1895 2498 2149 2552 ἁπάντων
2203 2496 2311 2551 τῶν
2348 2496 2547 2551 καλῶν.
2599 2496 2857 2565 Δεύτερον
2885 2494 2941 2547 δὲ
2971 2493 3100 2564 περὶ
3131 2491 3197 2545 τὰ
3223 2489 3469 2561 δεύτερα,

1893 2592 1992 2644 καὶ
2019 2590 2201 2662 τρίτον
2233 2591 2360 2660 περὶ
2410 2589 2480 2642 τὰ
2509 2588 2687 2660 τρίτα.
2732 2588 2796 2639 Ἠ
2842 2581 2935 2639 οὖν
2978 2583 3293 2657 ἀνθρωπίνη
3326 2581 3471 2650 ψυχὴ

1893 2682 2022 2754 περὶ
2069 2678 2208 2735 αὐτὰ
2265 2680 2511 2750 ὀρέγεται
2562 2678 2754 2750 μαθεῖν
2818 2681 2947 2731 ποῖα
2999 2676 3134 2730 ἄττα
3173 2675 3307 2737 ἐστὶ,
3354 2672 3455 2742 βλέι

1893 2793 2069 2829 πουσα
2123 2778 2203 2838 εἰς
2258 2773 2327 2827 τά
2391 2772 2562 2843 αὐτῆς
2622 2771 2883 2841 συγγενῆ,
2937 2761 3010 2823 ὧν
3062 2768 3213 2822 οὐδὲν
3275 2764 3470 2829 ἱκανῶς

1892 2870 2023 2941 ἕχει.
2083 2867 2189 2921 Τοῦ
2243 2866 2300 2919 δὲ
2359 2864 2621 2936 βασιλέως
2664 2868 2794 2935 πέρι
2842 2863 2937 2917 καὶ
2986 2856 3060 2915 ὧν
3114 2855 3286 2923 εἷπον,
3321 2856 3471 2910 οὐδέν

1892 2962 2007 3013 ἐστι
2037 2957 2266 3012 τοιοῦτο.
2338 2976 2356 3007 ι
2397 2956 2695 3010 Dicendum
2740 2954 2834 3009 tibi
2888 2968 2984 3023 per
3025 2951 3356 3021 aenigmata:
3415 2956 3468 3000 ut

1892 3051 1937 3106 si
1970 3052 2101 3120 quid
2140 3050 2270 3106 huic
2294 3049 2505 3104 tabellae
2543 3048 2630 3103 vel
2659 3049 2795 3101 mari
2845 3046 2932 3101 vel
2982 3052 3131 3099 terra
3168 3043 3469 3110 contingat,

197 3152 356 3201 nem;
408 3148 469 3193 et
526 3139 664 3193 dum
697 3140 900 3195 caelum
933 3151 1190 3206 exornat,
1246 3142 1574 3197 aeternitatis
1601 3143 1657 3197 in
1686 3158 1792 3197 uno
1820 3154 1860 3211 ο
1896 3144 1989 3213 qui
2025 3143 2218 3213 legerit
2251 3141 2558 3209 intelligere
2603 3155 2714 3195 non
2769 3140 2943 3210 possit
2972 3156 2986 3193 :
3052 3137 3131 3192 sic
3162 3145 3344 3190 autem
3377 3134 3445 3187 ha

195 3231 577 3295 permanentis
627 3243 897 3287 sternam
950 3234 1243 3303 imaginem
1296 3250 1526 3290 numero
1565 3250 1792 3304 progre—

194 3320 431 3375 dientem
461 3333 663 3388 creat;
692 3339 859 3392 quam
892 3333 1109 3393 tempus
1149 3326 1477 3381 voeavimus.
1514 3345 1535 3379 ι
1586 3327 1655 3381 Ει
1684 3343 1791 3382 non

193 3414 360 3466 multo
396 3422 577 3483 post:
638 3415 846 3485 Χρόνος
902 3415 949 3469 δ’
981 3409 1073 3468 οὖν
1127 3417 1242 3486 μετ’
1264 3415 1495 3487 οὐρανοῦ
1546 3416 1789 3485 γέγονεν,

195 3506 277 3556 ἶνα
316 3506 432 3576 ἃμα
484 3507 874 3578 γεννηθέντες,
941 3507 1061 3579 ἅμα
1102 3509 1194 3562 καί
1240 3507 1497 3575 λυθῶσιν,
1551 3510 1616 3563 ἄν
1658 3526 1790 3563 ποτε

197 3600 337 3663 λύσις
364 3619 453 3664 τις
493 3602 681 3654 αὐτῶν
711 3603 961 3675 γένηται,
1004 3602 1269 3658 καὶκατὰ
1325 3604 1387 3657 τὸ
1440 3603 1789 3675 παράδειγμα

197 3692 288 3762 τῆς
314 3694 542 3747 αἰωνίου
587 3695 837 3765 φύσεως·
873 3696 941 3749 ἵν’
995 3696 1071 3760 ὡς
1118 3698 1434 3767 ὁμοιότατος
1471 3696 1620 3768 αὐτῷ
1648 3698 1791 3751 κατὰ

200 3784 421 3856 δύναμιν
616 3787 690 3839 Τὸ
758 3788 857 3858 μὲν
905 3788 1017 3859 γὰρ
1071 3788 1135 3860 δὴ
1193 3789 1561 3861 παράδειγμα,
1611 3790 1789 3844 πάντα

202 3878 363 3931 αξῶνά
389 3882 543 3933 ἐστιν
576 3879 657 3932 ὅν·
705 3881 736 3932 ὁ
787 3879 833 3932 δ’
868 3876 936 3933 αὖ
965 3880 1060 3935 διὰ
1089 3882 1277 3945 τέλους
1310 3881 1401 3935 τὸν
1437 3883 1649 3937 ἅπαντα
1671 3882 1789 3953 χρό-

201 3987 282 4022 νον
326 3971 571 4042 γεγονώς
622 3989 683 4025 τε
746 3972 841 4026 καὶ
895 3972 970 4025 ὢν
1032 3973 1127 4026 καὶ
1188 3974 1449 4045 ὲσόμενός
1521 3974 1639 4028 ἐστι
1691 3972 1789 4044 μό-

201 4079 305 4125 νος.
345 4085 363 4115 ι
397 4065 648 4132 Tempus
680 4078 816 4133 ergo
870 4065 1037 4119 simul
1083 4081 1207 4121 cum
1241 4067 1381 4122 caelo
1410 4076 1653 4122 creatum
1680 4075 1784 4132 est,

205 4164 261 4207 ut
284 4157 449 4210 simul
484 4158 669 4227 genita
718 4157 881 4212 simul
937 4158 1324 4223 dissolvantur,
1362 4160 1406 4214 si
1445 4162 1551 4229 Qua
1595 4175 1785 4216 eorum

204 4248 496 4317 aliquando
555 4250 742 4305 futura
809 4252 884 4306 sit
948 4252 1272 4319 dissolutio;
1342 4262 1454 4307 tum
1512 4254 1675 4309 etiam
1726 4264 1786 4308 ut

201 4352 411 4398 sternte
470 4351 687 4397 natura:
746 4343 1072 4413 exemplari,
1121 4354 1387 4415 quantum
1430 4347 1547 4402 ﬁeri
1585 4356 1781 4415 potest,

200 4452 353 4504 quam
386 4436 709 4491 simillimus
760 4436 834 4490 sit
883 4438 1139 4493 mundus.
1174 4437 1307 4491 Nam
1353 4440 1634 4508 exemplar
1685 4455 1783 4508 per

200 4541 411 4580 omnem
444 4537 529 4582 est
558 4529 963 4595 aeternitatem;
1017 4530 1255 4585 mundus
1297 4544 1429 4585 vero
1474 4545 1574 4599 per
1621 4546 1781 4586 omne
1810 4510 1855 4564 D

200 4630 404 4687 tempus
434 4619 586 4674 solus
613 4620 736 4689 fuit,
767 4630 849 4675 est
874 4630 932 4675 et
957 4621 1120 4675 erit.»

263 4711 354 4766 Sic
385 4722 583 4767 creato
644 4722 891 4780 tempore
935 4720 995 4767 ut
1035 4715 1269 4769 mundus
1310 4714 1693 4785 perfectissimo
1726 4725 1775 4770 et

196 4801 516 4871 iutdligibili
571 4803 793 4856 animali
843 4804 1175 4867 simillimus,
1230 4814 1478 4858 naturam
1522 4813 1774 4859 cateruam

198 4893 502 4947 imitaretur
526 4910 548 4959 ;
604 4895 719 4948 hare
752 4904 932 4949 tamen
962 4894 1287 4963 similitudo,
1314 4898 1541 4953 Platone
1568 4898 1770 4968 judice,

198 4987 446 5042 inchoata
478 4999 539 5042 et
563 5005 752 5046 manca
781 4993 1103 5057 exstitisset,
1144 4993 1249 5049 nisi
1280 5004 1413 5063 quot
1457 4988 1771 5050 animalium

195 5080 403 5147 species
432 5082 576 5136 ideis
614 5085 807 5138 aeterni
845 5086 1101 5141 animalis
1133 5088 1517 5154 obversantur,
1544 5089 1769 5142 totidem

196 5174 246 5226 ia
277 5176 487 5229 mundo
517 5186 715 5231 creata:
743 5177 999 5233 fuissent.
1031 5177 1123 5233 Sic
1146 5194 1261 5234 rem
1288 5181 1510 5250 caponit
1537 5196 1550 5232 :
1579 5180 1669 5251 Τῷ
1714 5180 1771 5233 δὲ

198 5271 358 5340 μήπω
386 5270 459 5322 τά
509 5271 684 5324 πάντα
712 5270 828 5335 ζῶα
862 5271 1013 5336 ἐντὸς
1050 5273 1215 5326 αὐτοῦ
1245 5274 1588 5344 γεγενημένα
1624 5291 1773 5345 περι-

195 5362 488 5433 ειληφέναι,
518 5364 688 5436 sub?!“
722 5364 800 5417 ἔτι
863 5359 1009 5433 εἶχεν
1062 5363 1350 5434 ἀνομοίως.
1393 5364 1565 5420 Τοῦτο
1608 5366 1674 5437 δὴ
1709 5365 1771 5419 τὸ

194 5456 512 5508 utile-.309
568 5456 936 5528 άπειργάξετο
978 5457 1140 5510 αὑτοῦ
1173 5457 1311 5528 πρὸς
1340 5456 1437 5527 τὴν
1469 5456 1563 5509 τοῦ
1600 5475 1772 5529 παρα-

506 5551 957 5622 ἀποτυπούμενος
976 5550 1155 5619 φύσιν·
1188 5545 1333 5622 ᾗπερ
1357 5547 1449 5603 οὖν
1477 5550 1601 5614 νοῦς
1628 5551 1772 5604 ἐνού-

200 5655 292 5703 σας
321 5642 461 5705 ἰδέας
482 5642 558 5713 τῷ
586 5645 739 5698 ὅέστι
761 5642 925 5709 ζῶον,
957 5636 1067 5694 οἷαέ
1092 5659 1150 5694 τε
1180 5641 1344 5695 ἔνεισι
1377 5643 1472 5695 καὶ
1497 5642 1616 5695 ὅσαι
1644 5641 1771 5696 καθ-

199 5733 313 5801 ορᾷ,
336 5733 586 5798 τοιαύτας
631 5736 746 5788 καὶ-
771 5732 1046 5797 τοσαύτας
1099 5733 1348 5805 διενοήθη
1380 5734 1489 5787 δεῖν
1522 5736 1615 5788 καὶ
1649 5734 1767 5788 τόδε

206 5828 362 5896 σχεῖν.
405 5846 427 5881 ι
452 5826 567 5899 Sed
594 5830 718 5901 quia
748 5829 1001 5887 nondum
1037 5828 1219 5886 omnia
1248 5829 1501 5885 animalia
1532 5829 1674 5886 intra
1706 5845 1767 5888 se

1895 3238 2008 3293 bet.
2053 3236 2212 3292 Circa
2267 3236 2509 3289 omnium
2561 3234 2764 3305 Regem
2817 3242 3012 3288 cuncta
3076 3240 3240 3296 sunt;
3299 3227 3470 3298 ipsius

1892 3330 2069 3399 gratia
2103 3328 2319 3396 omnia;
2374 3329 2490 3398 ipse
2541 3324 2901 3398 pulchrorum
2961 3325 3209 3379 omnium
3265 3333 3469 3385 causa;

1890 3422 2191 3477 secundum
2253 3422 2403 3476 circa
2463 3418 2736 3486 secunda;
2791 3418 3015 3472 tertium
3084 3415 3230 3468 circa
3290 3409 3469 3466 tertia.

1889 3511 2139 3568 Humana
2174 3513 2339 3582 igitur
2367 3510 2549 3565 anima
2600 3510 2715 3564 bazc
2746 3508 2927 3578 qualia
2960 3506 3071 3561 sint
3118 3506 3330 3560 discere
3374 3517 3471 3557 cu-

1889 3608 1988 3678 pit,
2016 3606 2085 3661 ad
2117 3620 2179 3660 ea
2217 3604 2521 3674 respiciens
2546 3643 2563 3671 ,
2597 3618 2717 3672 qua:
2745 3601 2849 3656 sibi
2897 3606 3128 3668 cognata
3157 3609 3304 3660 sunt.
3337 3612 3471 3666 quo-

1889 3715 2008 3754 rum
2042 3698 2249 3753 nullum
2286 3698 2419 3753 satis
2447 3706 2632 3766 aptum
2674 3704 2777 3751 est.
2814 3694 2887 3749 At
2921 3695 2976 3749 in
3010 3693 3154 3762 Rege
3185 3701 3239 3748 et
3279 3692 3367 3756 iis,
3400 3692 3470 3746 de

1887 3791 2089 3861 quibus
2119 3792 2256 3856 dixi,
2290 3791 2424 3845 nihil
2452 3791 2572 3845 tale.
2589 3808 2609 3842 ι
2996 3801 3001 3806 ·

1957 3886 2117 3941 Parvi
2149 3884 2319 3941 refert
2377 3885 2540 3956 hujus
2586 3883 2691 3940 loci
2743 3882 3070 3939 sententiam
3114 3880 3464 3951 inveStigare,

1886 3996 2050 4051 quam
2100 3980 2218 4050 ipse
2277 3978 2435 4034 Plato
2465 3979 2791 4041 quibusdam
2847 3976 3014 4031 veluti
3073 3973 3467 4044 integumentis

1888 4071 2143 4127 consulto
2176 4071 2437 4127 obvolvit.
2467 4072 2703 4128 Videtur
2735 4081 2918 4125 tamen
2966 4067 3111 4123 aliud
3156 4066 3293 4120 nihil
3325 4066 3466 4120 indi-

1889 4180 2039 4229 care,
2071 4178 2234 4235 quam
2262 4164 2407 4234 quod
2444 4179 2589 4232 sazpe
2637 4163 2775 4217 alias
2802 4162 2870 4217 de
2900 4161 3070 4215 variis
3101 4158 3461 4227 cognoscendi

1888 4254 2066 4310 modis
2105 4254 2388 4309 disseruit.
2423 4254 2478 4308 ln
2511 4255 2654 4308 libro
2697 4269 2747 4308 vn
2780 4252 2860 4306 De
2885 4269 3025 4321 rep.,
3049 4252 3154 4306 duo
3180 4249 3465 4319 distinguit

1885 4348 2057 4414 entia,
2088 4347 2307 4402 visibile
2346 4354 2400 4402 et
2429 4347 2729 4410 invisibile,
2768 4355 2824 4399 et
2872 4344 3147 4414 duplicem
3180 4344 3464 4411 utriusque

1887 4441 2253 4509 cognoscendi
2288 4440 2531 4496 modum.
2566 4439 2623 4493 In
2653 4437 2856 4493 visibili
2898 4451 3100 4506 genere
3127 4436 3281 4505 ponit
3327 4436 3464 4487 ima-

1884 4537 2029 4605 gines
2054 4534 2164 4589 sive
2189 4534 2399 4587 umbras
2421 4542 2469 4585 et
2509 4530 2821 4597 simulacm,
2849 4539 2902 4585 et
2925 4530 3071 4599 ipsas
3097 4545 3202 4592 res.
3234 4544 3356 4599 qua:
3376 4528 3462 4582 his

1880 4624 2208 4694 imaginibus
2244 4623 2661 4689 adumbrantur,
2698 4623 2774 4676 ita
2832 4630 2891 4674 ut
2933 4622 3377 4692 quemadmodum
3405 4637 3460 4675 se

1876 4716 2032 4770 habet
2061 4717 2241 4785 Opinio
2272 4716 2342 4770 ad
2370 4716 2672 4779 scientiam,
2721 4715 2796 4767 ita
2846 4713 3018 4783 imago
3076 4714 3146 4767 ad
3201 4712 3256 4765 id
3306 4711 3457 4781 cujus

1877 4817 1955 4862 est
1997 4808 2193 4877 imago.
2229 4804 2289 4861 In
2328 4806 2586 4862 invisibili
2618 4820 2818 4875 genere
2848 4805 2984 4860 duos
3032 4804 3240 4875 pariter
3269 4804 3458 4857 distin-

1875 4900 1992 4970 guit
2038 4899 2409 4968 cognoscendi
2439 4898 2629 4953 modos
2657 4918 2670 4954 :
2700 4894 2874 4950 Unum
2911 4896 2965 4949 in
2996 4913 3097 4967 quo
3131 4896 3312 4948 anima
3336 4912 3455 4962 sup-

1872 4992 2224 5061 positionibus
2254 5000 2303 5045 et
2354 4990 2672 5061 imaginibus
2725 4992 2896 5044 utitur
2924 4992 2993 5045 ad
3037 4991 3229 5060 speciei
3268 4990 3457 5044 invisi-

1875 5084 1996 5139 bilis
2036 5084 2552 5153 investigationem;
2610 5082 2836 5137 alterum
2892 5099 3010 5136 cum
3074 5083 3284 5136 animus
3342 5083 3456 5136 sine

1872 5176 2191 5246 imaginibus
2216 5177 2360 5244 ipsas
2397 5177 2597 5245 species
2631 5177 2972 5231 considerat.
3003 5173 3100 5228 His
3125 5174 3284 5243 paulo
3320 5174 3453 5229 ube—

1873 5271 1988 5325 rius
2016 5270 2302 5341 explicatis
2341 5272 2562 5327 tandem
2600 5272 2682 5326 sic
2705 5271 3023 5327 concludit:
3091 5270 3200 5325 Καί
3233 5288 3323 5342 μοι
3355 5272 3451 5327 ἐπὶ

1873 5366 1988 5426 τοῖς
2015 5363 2273 5435 τέτταρσι
2296 5365 2546 5435 τμήμασι
2576 5363 2811 5435 τέτταρα
2848 5365 3019 5420 ταῦτα
3058 5364 3354 5436 παθήματα
3392 5366 3451 5420 ὲν

1869 5457 1937 5526 τῇ
1972 5454 2118 5526 ψυχῇ
2155 5455 2413 5526 γινόμενα
2468 5454 2622 5508 λάϐε.
2674 5455 2876 5529 Νόησιν
2913 5455 3009 5525 μὲν
3058 5455 3150 5508 ἐπὶ
3179 5455 3257 5527 τῷ
3307 5456 3450 5509 ἀνω-

1867 5550 2049 5619 τάτῳ·
2101 5549 2337 5603 διάνοιαν
2380 5549 2437 5603 δὲ
2488 5549 2581 5602 ἐπὶ
2613 5547 2692 5620 τῷ
2741 5547 3011 5620 δευτέρων
3059 5548 3136 5621 τῷ
3178 5550 3349 5621 τρίτῳ
3392 5549 3451 5603 δὲ

1870 5643 2053 5696 πίστιν
2084 5642 2300 5707 ἀπόδος,
2327 5641 2519 5713 καὶτῷ
2537 5641 2831 5711 τελευταίῳ
2848 5641 3114 5695 εἰκασίαν.
3165 5660 3183 5693 ι
3213 5642 3294 5694 Ad
3350 5641 3449 5694 bas

1871 5745 2110 5805 quatuor
2135 5735 2529 5805 proportiones
2576 5742 2814 5805 quatuor
2860 5734 3050 5789 itidem
3084 5733 3281 5787 mentis
3310 5730 3444 5785 alle-

1871 5829 2077 5885 ctioaes
2090 5827 2294 5898 accipe.
2310 5826 2721 5898 intelligentiam
2737 5840 3015 5899 supremo,
3048 5824 3442 5895 cogitationem
