3932 6258
542 376 607 433 51
1423 375 1481 431 S.
1524 374 1861 432 JUSTINUS
1895 368 2378 428 PHILOSOPHUS
2408 368 2494 423 ET
2535 366 2845 424 MARTY‘R.
3752 366 3823 418 32

542 496 805 555 secundo.
831 494 1168 552 ﬁdemtertio
1189 496 1429 569 assigna,
1457 496 1648 552 ultimo
1668 494 2120 553 assimilationem
2150 498 2194 555 Α
2220 500 2439 565 partum
2476 500 2531 545 et
2561 490 2729 545 fetum
2772 487 2900 544 boni
2934 493 3207 556 exponat,
3240 484 3433 542 statuit
3460 499 3523 540 ea
3574 498 3710 553 quae
3737 486 3822 537 vi-

540 589 656 644 sive
697 587 1190 658 imaginationem.»
1214 589 1417 644 Eadem
1447 589 1606 644 docet
1626 590 1753 645 libr.
1779 605 1878 650 vn,
1899 604 1952 659 p.
1989 588 2113 643 705.

619 678 837 735 Videtur
876 681 1103 753 epistola
1154 682 1220 737 ad
1253 682 1570 754 Dionysium
1607 682 1710 738 hos
1750 681 2115 753 cognoscendi

538 774 730 828 modos
762 775 1022 830 indicare.
1056 776 1173 831 Non
1207 778 1352 832 enim
1388 778 1617 833 triadem
1643 777 1832 843 habet,
1860 777 1956 833 sed
1986 791 2119 845 qua-

538 869 868 925 ternionem.
921 868 1182 925 Primum'
1226 872 1589 942 cognoscendi
1622 886 1831 943 genus,
1880 872 2117 941 illudque

537 958 703 1029 longe
728 963 1241 1032 praestantissimum
1304 965 1357 1018 in
1411 964 1583 1033 ipsius
1607 964 1749 1019 entis
1797 965 2117 1018 considera-

538 1053 686 1108 tione
737 1062 1009 1107 versatur.
1069 1052 1182 1107 Hoc
1238 1053 1370 1109 solis
1420 1054 1758 1123 sapientibus
1809 1054 2112 1124 contingit,

533 1144 649 1213 qui,
687 1153 745 1198 ut
775 1145 851 1199 ait
904 1145 1059 1200 Plato
1112 1145 1236 1200 libr.
1270 1163 1343 1200 vn
1382 1145 1457 1201 De
1488 1163 1598 1215 rep.
1621 1186 1637 1211 ,
1699 1147 1875 1215 ipsum
1909 1145 2112 1199 bonum

533 1235 839 1301 intuentur,
874 1252 1048 1307 eoque
1075 1248 1305 1295 utuntur
1339 1248 1595 1308 tanquam
1647 1237 1969 1307 exemplari.
2016 1238 2114 1293 Se-

534 1328 769 1382 cundum
807 1329 1177 1396 cognoscendi
1202 1344 1374 1398 genus
1406 1339 1657 1384 versatur
1673 1328 1822 1383 circa
1847 1330 2109 1395 secunda;

531 1432 655 1472 cum
709 1419 965 1475 videlicet
1036 1422 1277 1486 animus,
1323 1431 1380 1476 ut
1432 1423 1497 1475 de
1550 1423 1844 1492 geometria
1897 1430 1951 1478 et
1988 1421 2111 1476 aliis

530 1508 803 1578 ejusmodi
856 1514 1067 1568 artibus
1128 1517 1387 1568 observat
1440 1513 1597 1570 Plato
1629 1515 1764 1570 ibid.
1807 1515 1904 1570 lib.
1942 1532 1992 1569 vr
2032 1514 2113 1569 De

531 1615 674 1666 rep.,
720 1601 1048 1671 imaginibus
1106 1613 1162 1658 et
1210 1604 1672 1673 suppositionihus
1726 1604 1792 1658 ad
1847 1607 1990 1660 entis
2028 1606 2111 1659 in-

527 1694 946 1763 vestigationem
980 1697 1170 1749 utitur.
1229 1695 1478 1750 Tertium
1534 1699 1681 1752 circa
1727 1697 1886 1751 tertia
1926 1711 2111 1751 versa-

528 1791 642 1847 tur,
691 1797 813 1836 cum
842 1784 895 1837 in
922 1786 1085 1839 rebus
1107 1784 1420 1840 visibilibus
1457 1801 1563 1841 non
1604 1787 1829 1841 umbras
1866 1798 1921 1842 et
1974 1787 2110 1840 ima-

526 1844 705 1941 gines,
734 1873 826 1926 sed
866 1873 1013 1941 ipsas
1052 1888 1141 1929 res
1171 1875 1669 1944 apprehendimus;
1704 1891 1768 1930 ex
1801 1889 1910 1945 quo
1946 1875 2106 1929 ﬁdem
2139 1844 2181 1899 Β

525 1961 665 2017 ellici
698 1963 943 2017 declarat
973 1963 1148 2019 Plato.
1213 1966 1481 2032 Quartum
1513 1968 1878 2036 cognoscendi
1913 1982 2103 2035 genus,

522 2056 665 2123 quod
695 2055 919 2109 εἱπασία
950 2057 1064 2112 sive
1093 2057 1411 2128 imaginatio
1432 2067 1486 2114 et
1510 2060 1843 2114 assimilatio
1874 2070 2103 2123 est,non

521 2145 757 2200 obscure
796 2150 1339 2202 commemoraturin
1379 2149 1610 2218 epistola
1654 2152 1719 2203 ad
1758 2151 2100 2221 Dionysium,

520 2237 612 2290 ubi
653 2253 808 2291 mens
847 2238 1095 2293 discendi
1143 2241 1335 2311 cupida
1370 2243 1439 2296 ad
1473 2258 1535 2297 ea
1588 2252 1797 2298 tantum
1830 2244 2104 2314 respicere

519 2326 743 2389 dicitur,
777 2344 897 2397 quae
926 2332 1027 2399 ipsi
1073 2333 1295 2402 cognita
1348 2344 1514 2402 sunt;
1568 2351 1690 2407 quae
1738 2338 2101 2407 cognoscendi

522 2420 666 2473 ratio
707 2420 949 2476 Platonis
993 2421 1201 2492 judicio
1235 2430 1448 2482 caneris
1496 2429 1789 2498 plurimum
1828 2430 2097 2484 concedit.

516 2511 635 2566 Non
669 2527 801 2581 ergo
864 2514 957 2568 hic
1017 2516 1149 2570 trias
1194 2520 1506 2585 quaerenda,
1545 2522 1639 2575 sed
1699 2529 1870 2575 tetras
1898 2520 2103 2592 Pytha-

516 2604 725 2673 gorica,
778 2620 899 2675 qua:
953 2621 1019 2661 ex
1086 2618 1321 2677 quatuor
1369 2613 1733 2681 cognoscendi
1790 2614 1966 2668 modis
2003 2628 2101 2667 ex-

512 2695 748 2763 plicatur
784 2698 925 2766 apud
959 2698 1311 2755 Plutarchum
1346 2702 1441 2757 lib.
1473 2719 1490 2757 ι
1520 2702 1600 2756 De
1620 2702 1831 2770 placitis
1859 2705 2096 2771 philoso-

512 2786 789 2854 phorum:
852 2788 916 2841 'H
968 2792 1211 2864 ἡμετέρα
1266 2792 1433 2864 ψυχὴ,
1491 2794 1687 2863 φησὶν,
1734 2796 1798 2848 ὲκ
1840 2798 2096 2867 τετράδος

513 2878 827 2947 σύγκειται·
847 2878 985 2935 εἶναι
1015 2883 1123 2955 γὰρ
1153 2883 1295 2950 νοῦν,
1329 2886 1661 2957 ἐπιστήμην,
1692 2886 1870 2953 δόξαν,
1902 2888 2091 2961 αἴσθη-

513 2994 617 3039 σιν,
635 2976 692 3043 ἐξ
707 2970 781 3031 ὧν
808 2980 957 3031 πᾶσα
979 2979 1141 3050 τέχνη
1166 2982 1257 3033 καὶ
1282 2982 1474 3052 ὲπιστή
1484 3000 1579 3053 μη,
1595 2982 1689 3035 καὶ
1711 2984 1871 3054 ἡμεῖς
1886 2983 2093 3053 λογικοί

508 3068 696 3139 ἐσμεν.
728 3087 748 3117 ι
781 3070 974 3124 Anima
1012 3079 1196 3125 nostra
1227 3075 1533 3127 continetur
1564 3075 1774 3128 tetrade
1799 3092 1813 3128 :
1842 3084 1925 3130 est
1947 3076 2091 3129 enim

509 3176 683 3225 inens,
707 3163 958 3228 scientia,
984 3164 1186 3233 opinio,
1216 3179 1429 3220 sensus.
1464 3166 1539 3220 Ex
1566 3167 1777 3236 quibus
1798 3182 1888 3221 ars
1905 3169 2089 3223 omnis

506 3261 562 3306 et
583 3253 809 3307 scientia
844 3270 908 3309 ac
937 3270 1037 3310 nos
1064 3255 1164 3323 ipsi
1205 3257 1432 3312 rationis
1466 3259 1755 3327 participes
1782 3273 2021 3312 sumus.»

577 3344 667 3397 VI.
718 3345 1229 3403 Praetermittendus
1262 3364 1367 3403 non
1396 3358 1480 3404 est
1516 3350 1656 3405 alius
1686 3350 1838 3405 locus
1864 3366 1929 3405 ex
1962 3351 2086 3407 libr.

508 3448 559 3486 v1
594 3433 669 3488 De
692 3452 827 3503 rep.,
846 3438 935 3506 qui
961 3439 1101 3506 apud
1130 3440 1421 3495 Eusebium
1455 3444 1659 3496 citatur
1682 3441 1867 3511 Prwp.
1898 3460 2085 3514 evang.

503 3526 598 3578 lib.
633 3543 693 3589 η,
721 3544 843 3597 cap.
876 3529 966 3583 2i.
1008 3530 1099 3584 Sic
1135 3531 1376 3600 loquitur
1407 3533 1699 3590 Socrates:
1734 3531 1863 3607 Ἆρ’
1905 3532 1997 3589 οὖν
2024 3538 2084 3589 οὐ

502 3619 596 3670 καί
623 3620 651 3669 ὁ
682 3618 828 3687 ἥλιος
870 3619 991 3688 ὄψις
1047 3621 1146 3690 μὲν
1191 3623 1290 3675 οὐκ
1345 3624 1522 3689 ἔστιν,
1551 3627 1722 3690 αἴτιος
1753 3628 1797 3679 δ’
1821 3627 1895 3679 ὢν
1918 3629 2087 3699 αὐτῆς

499 3708 690 3779 ὁρᾶται
737 3709 827 3761 ὑπ’
862 3711 1028 3781 αὐτῆς
1075 3712 1311 3783 eadem;
1358 3714 1633 3789 Οὖτως,ᾗ
1682 3718 1725 3769 δ’
1752 3718 1828 3779 ὃς.
1885 3719 2085 3773 Τοῦτον

498 3801 677 3854 τοίνυν
730 3798 816 3872 (ἦν
855 3802 911 3855 δὲ
945 3802 1076 3874 ἐγὼ)
1136 3804 1305 3873 φάναι
1366 3826 1431 3877 με
1464 3808 1642 3876 λέγειν
1674 3809 1765 3863 τὸν
1820 3811 1915 3862 τοῦ
1948 3812 2085 3880 ἁγα-

500 3889 595 3942 θοῦ
629 3891 867 3959 ἔκγονον,
900 3893 959 3945 ὃν
988 3895 1224 3961 τάγαθὸν
1256 3897 1546 3969 ἐγέννησεν
1594 3899 1853 3967 ἀνάλογον
1883 3902 2079 3972 ἐαυτῷ,

497 3975 527 4027 δ
553 3977 606 4028 τί
636 3994 739 4048 περ
765 3979 895 4030 αὐτὸ
927 3980 984 4032 ὲν
1017 3981 1093 4051 τῷ
1122 3983 1294 4054 νοητῴ
1320 3985 1470 4056 τόπῳ
1501 3988 1637 4057 πρός
1663 4005 1721 4040 τε
1748 3989 1871 4042 νοῦν
1900 3991 2082 4045 καὶτὰ

496 4065 782 4137 νοούμενα,
815 4070 973 4123 τοῦτο
1012 4072 1199 4125 τοῦτον
1243 4076 1302 4128 ὲν
1347 4076 1425 4146 τῷ
1463 4076 1646 4148 ὁρατῷ
1702 4081 1841 4151 πρός
1877 4099 1935 4134 τε
1959 4082 2081 4153 ὄψιν

496 4160 689 4212 καὶτὰ
717 4160 987 4233 ὁρώμενα.
1025 4182 1042 4215 ς
1076 4164 1266 4220 Nonne
1292 4169 1454 4237 igitur
1491 4171 1572 4225 sol
1626 4171 1743 4241 ipse
1774 4174 1923 4230 visus
1968 4192 2077 4231 non

494 4263 603 4317 est,
644 4264 698 4307 et
726 4272 846 4310 cum
880 4274 1040 4313 causa
1070 4260 1141 4314 sit
1186 4261 1357 4327 visus,
1388 4264 1457 4317 ab
1499 4264 1617 4335 ipso
1660 4266 1756 4322 illo
1794 4271 2080 4326 cernitur?

494 4340 747 4409 Omnino,
780 4347 962 4417 inquit
1004 4351 1120 4409 ille.
1156 4352 1248 4407 Sic
1300 4354 1489 4422 igitur,
1542 4356 1764 4426 inquam
1792 4400 1807 4425 ,
1857 4362 1925 4416 de
1983 4363 2078 4418 illo

492 4433 624 4488 boni
657 4434 790 4505 fetu,
834 4456 995 4509 quem
1037 4444 1141 4498 sibi
1187 4445 1419 4500 similem
1470 4446 1523 4501 id
1555 4451 1701 4519 quod
1747 4452 1948 4507 bonum
1990 4464 2075 4510 est

2221 586 2435 647 dentur,
2470 581 2697 636 minime
2718 578 2972 649 intelligi,
3004 576 3160 632 ideas
3186 575 3411 644 intelligi
3434 576 3695 645 quidem,
3723 574 3821 629 sed

2221 678 2444 731 minime
2471 675 2681 729 videri:
2723 689 2789 729 ac
2837 672 3081 728 omnium
3118 670 3335 740 quidem
3367 685 3636 725 sensuum
3675 684 3820 736 prae-

2225 767 2627 825 stantissimum
2672 781 2791 821 esse
2820 765 3021 829 visum,
3059 772 3113 819 et
3154 762 3617 833 quemadmodum
3652 776 3819 813 nemo

2216 862 2404 915 videre
2434 869 2643 928 potest,
2679 860 2785 913 nisi
2819 857 3077 929 aﬂ‘ulgeat
3108 857 3195 912 illa
3221 857 3333 920 lux,
3366 869 3529 923 quam
3561 853 3724 907 solus
3747 869 3818 907 ex

2217 952 2320 1008 diis
2352 952 2669 1008 cmlestibns
2708 950 2788 1005 sol
2820 949 3005 1017 eﬂicit,
3055 950 3127 1003 ita
3162 949 3326 1002 etiam
3375 946 3508 1001 nihil
3568 944 3813 1013 intelligi

2216 1060 2380 1115 posse
2410 1045 2527 1099 sine
2559 1044 2653 1097 iilo
2688 1042 2778 1096 Dei
2806 1042 2954 1108 fetu;
2987 1041 3111 1111 quia
3143 1040 3284 1094 Deus
3318 1038 3457 1094 idem
3496 1046 3735 1107 pra:th
3760 1037 3813 1089 in

2218 1137 2380 1191 rebus
2406 1151 2527 1206 quae
2550 1135 2947 1204 intelliguntur,
2975 1149 3039 1186 ac
3072 1132 3152 1188 sol
3182 1134 3235 1187 in
3267 1132 3335 1187 iis
3365 1147 3483 1200 quae
3514 1130 3809 1184 videntur.

2217 1229 2465 1297 Rogatus
2497 1240 2556 1283 ut
2587 1242 2702 1283 rem
2736 1227 2943 1281 clarius
2970 1226 3245 1295 erplanet,
3294 1226 3463 1279 lueret
3506 1222 3561 1276 in
3607 1222 3811 1276 eodem

2215 1321 2488 1391 exemplo,
2538 1330 2591 1377 et
2637 1320 3094 1390 quemadmodum
3125 1318 3270 1373 oculi
3298 1317 3626 1379 excutiunt,
3678 1330 3808 1369 cum

2214 1412 2280 1466 ad
2308 1427 2370 1466 ea
2400 1421 2705 1476 vertuntur,
2739 1427 2859 1481 quae
2898 1412 3079 1465 noctis
3123 1409 3366 1464 tenebris
3402 1416 3594 1477 operta
3651 1414 3805 1468 sunt,

2213 1521 2371 1560 secus
2417 1520 2546 1560 vero
2598 1520 2721 1560 cum
2772 1506 2839 1561 ad
2877 1521 2940 1560 ea
2991 1520 3113 1575 qua:
3162 1507 3244 1557 sol
3275 1502 3541 1567 illustrat;
3606 1502 3686 1553 ita
3739 1499 3808 1552 de

2212 1600 2395 1654 animo
2417 1599 2770 1670 iudicandum
2805 1598 3018 1655 statuit.
3054 1616 3073 1649 ι
3117 1596 3345 1663 Quando
3372 1596 3540 1659 enim,
3591 1592 3804 1663 inquit,

2212 1706 2278 1746 eo
2306 1690 2497 1756 fertur,
2532 1690 2620 1744 ubi
2651 1690 2856 1745 veritas
2882 1702 2939 1747 et
2964 1691 3139 1760 ipsum
3178 1704 3279 1744 ens
3322 1688 3543 1755 emicat,
3587 1685 3807 1740 intelii-

2211 1783 2289 1852 git
2315 1782 2468 1847 illud,
2498 1782 2891 1851 cognoscitque
2926 1792 2981 1836 et
3015 1789 3252 1835 mentem
3304 1779 3505 1835 habere
3546 1776 3801 1830 videtur.

2209 1872 2444 1941 Quando
2472 1884 2656 1929 autem
2689 1874 2757 1928 ad
2784 1875 2846 1928 id
2877 1874 3021 1944 quod
3056 1872 3298 1929 tenebris
3334 1870 3666 1941 permistum
3696 1878 3804 1929 est,

2208 1967 2461 2035 quodque
2486 1966 2730 2022 nascitur
2759 1975 2814 2021 et
2842 1967 3016 2036 perit;
3048 1966 3303 2034 opinatur
3324 1972 3379 2018 et
3399 1966 3643 2024 caacutit,
3679 1976 3805 2015 sur~

2206 2073 2326 2113 sum
2357 2058 2609 2114 deorsum
2641 2059 2927 2127 opiniones
2974 2058 3293 2121 immutans,
3345 2070 3411 2109 ac
3444 2053 3655 2109 mentis
3700 2067 3802 2106 ex-

2206 2150 2347 2220 perti
2381 2150 2580 2204 similis
2609 2159 2715 2203 est.
2746 2148 2899 2215 Quod
2932 2148 3099 2219 igitur
3121 2157 3173 2201 et
3200 2148 3481 2202 veritatem
3507 2144 3681 2199 rebus
3703 2157 3801 2197 co—

2206 2240 2535 2311 gnoscendis
2565 2250 2620 2295 et
2668 2240 2928 2295 virtutem
2979 2248 3202 2308 prtestat
3238 2236 3611 2308 cognoscenti,
3668 2231 3799 2289 boni

2204 2332 2383 2387 ideam
2413 2346 2536 2387 esse
2564 2332 2756 2396 dicito,
2790 2330 3035 2387 scientiae
3060 2339 3115 2385 et
3146 2330 3416 2396 veritatis,
3456 2342 3577 2399 quae
3612 2336 3799 2381 mente

2200 2426 2573 2494 cognoscitur,
2606 2439 2847 2480 causam.
2877 2442 2897 2477 ι

2271 2514 2423 2572 Nihil
2454 2518 2600 2573 aliud
2628 2533 2758 2590 ergo
2788 2529 2872 2573 est
2900 2518 2990 2573 ille
3033 2518 3126 2573 Dei
3157 2517 3321 2582 fetus,
3358 2532 3521 2586 quam
3554 2515 3793 2571 scientia

2201 2620 2255 2666 et
2282 2612 2507 2675 veritas,
2535 2626 2658 2681 qua:
2688 2621 2747 2665 ut
2774 2611 2867 2665 lux
2899 2626 2930 2665 a
2960 2610 3097 2675 sole,
3142 2614 3217 2663 ita
3250 2626 3279 2663 a
3317 2610 3428 2664 Deo
3464 2609 3789 2679 gignuntur.

2200 2703 2467 2758 Eumdem
2494 2705 2638 2758 enim
2668 2705 2917 2759 ordinem
2949 2706 3104 2773 ponit
3127 2705 3267 2759 inter
3296 2703 3495 2758 bonum
3536 2711 3592 2757 et
3617 2701 3790 2770 ipsius

2200 2801 2439 2864 partum,
2474 2795 2763 2850 veritatem
2799 2804 2855 2850 et
2902 2796 3219 2860 scientiam,
3256 2809 3320 2848 ac
3356 2795 3499 2847 inter
3530 2792 3707 2848 solem
3734 2799 3790 2843 et

2210 2886 2427 2951 lucem;
2460 2895 2515 2942 et
2543 2888 2986 2957 quemadmodum
3009 2889 3107 2943 lux
3136 2900 3183 2943 et
3222 2890 3365 2942 visus
3406 2895 3533 2941 sunt
3569 2886 3789 2956 quidem

2196 2976 2451 3047 ἡλιοειδῆ,
2478 2977 2529 3031 id
2558 2986 2644 3033 est
2671 2979 2908 3048 speciem
2946 2980 3150 3035 habent
3176 2982 3243 3033 ad
3273 2979 3410 3035 solis
3435 2977 3786 3047 splendorem

2195 3068 2686 3134 accommodatum,
2710 3086 2800 3123 nec
2814 3082 2985 3124 tamen
3006 3082 3127 3124 sunt
3157 3070 3266 3139 ipse
3277 3071 3391 3132 sol;
3422 3072 3494 3123 ita
3515 3070 3786 3123 veritatem

2192 3171 2239 3213 et
2264 3161 2535 3214 scientiam
2563 3177 2675 3215 esse
2702 3162 2915 3230 quidem
2942 3160 3233 3233 ἀγαθοειδῆ
3253 3203 3268 3227 ,
3305 3162 3356 3217 id
3384 3172 3469 3216 est
3496 3163 3626 3216 boni
3665 3174 3786 3229 spe-

2192 3253 2330 3307 ciem
2363 3253 2563 3307 habere
2600 3253 2865 3318 declarat,
2911 3255 3002 3309 sed
3033 3263 3208 3309 tamen
3237 3256 3409 3321 ipsum
3452 3255 3646 3307 bonum
3679 3268 3784 3306 non

2190 3360 2322 3398 esse.
2360 3344 2528 3398 Addit
2555 3346 3014 3414 quemadmodum
3042 3346 3120 3400 sol
3146 3348 3213 3400 iis
3234 3362 3351 3415 qua:
3374 3347 3640 3410 videntur,
3676 3360 3781 3397 non

2188 3438 2245 3489 id
2279 3436 2453 3491 solum
2483 3446 2701 3507 prwstat
2748 3448 2804 3491 ut
2846 3438 3144 3502 videantur,
3188 3440 3280 3493 sed
3319 3440 3479 3494 etiam
3518 3456 3582 3495 ea
3623 3455 3780 3510 gene-

2188 3544 2328 3595 rare,
2361 3546 2571 3599 augere,
2608 3531 2832 3593 nutrire,
2873 3529 3112 3599 quamvis
3155 3530 3271 3596 ipse
3302 3546 3407 3583 non
3446 3531 3513 3584 sit
3554 3546 3775 3599 genera-

2188 3620 2301 3684 tio;
2362 3620 2435 3673 ita
2473 3624 2665 3675 bonum
2710 3623 2781 3675 iis
2819 3638 2938 3691 qua:
2980 3631 3397 3691 cognoscuntur,
3446 3639 3551 3676 non
3600 3622 3775 3676 solum

2187 3712 2377 3783 largiri
2407 3724 2463 3767 ut
2498 3717 2743 3784 cognosci
2784 3718 3022 3783 possint,
3062 3717 3154 3770 sed
3187 3717 3345 3771 etiam
3384 3717 3552 3786 ipsam
3591 3731 3771 3769 essen-

2185 3804 2312 3857 tiam
2343 3806 2562 3871 donare,
2585 3808 2826 3876 quamvis
2854 3807 3029 3872 ipsum
3054 3808 3266 3861 minime
3299 3810 3367 3862 sit
3394 3810 3646 3874 essentia,
3678 3807 3769 3860 sed

2183 3912 2344 3965 supra
2375 3899 2678 3964 essentiam,
2701 3899 2961 3968 digni/ate
2987 3908 3034 3952 et
3056 3900 3287 3969 potentia
3320 3916 3668 3968 exsuperans.

2259 3989 2367 4044 VII.
2398 3990 2480 4044 Ad
2516 3990 2657 4043 hanc
2687 3990 2931 4044 Platonis
2954 3990 3351 4059 interpretandi
3385 3994 3653 4046 rationem
3682 4005 3768 4044 ac-

2183 4082 2328 4136 cedit
2372 4082 2672 4135 auctoritas
2714 4093 2957 4136 veterum
3006 4082 3355 4152 scriptorum,
3402 4086 3494 4154 qui
3546 4085 3599 4139 in
3648 4084 3769 4152 ejus

2183 4174 2338 4229 libris
2387 4175 2624 4229 maxime
2662 4174 2869 4228 versati
2902 4174 3076 4229 fuere.
3131 4172 3345 4229 Nullam
3391 4178 3535 4230 enim
3564 4178 3631 4231 de
3662 4178 3763 4229 hoc

2186 4265 2276 4320 Dei
2302 4265 2438 4320 Filio
2464 4266 2703 4321 litteram
2740 4268 2982 4322 invenias
3013 4283 3189 4337 neque
3226 4269 3370 4336 apud
3402 4270 3747 4330 Ciceronem,

2181 4376 2358 4431 neque
2407 4364 2549 4432 apud
2581 4362 2961 4430 Plutarchum,
3013 4366 3106 4433 qui
3158 4364 3403 4420 Platonis
3451 4366 3757 4419 doctrinam

2180 4454 2435 4507 omnibus
2486 4454 2733 4524 vestigiis
2782 4456 3149 4524 indagarunt,
3203 4472 3383 4526 neque
3431 4457 3569 4525 apud
3621 4458 3759 4510 alios

490 4530 699 4595 genuit,
726 4547 900 4586 meam
922 4535 1110 4604 accipe
1133 4538 1457 4592 sententiam
1493 4557 1507 4593 :
1534 4542 1696 4610 quale
1720 4542 1850 4599 illud
1875 4557 1959 4601 est
1976 4547 2071 4601 bo—

2195 4545 2500 4612 tcriptores,
2531 4547 2621 4615 qui
2646 4546 2713 4600 de
2736 4547 3185 4617 phil050phorum
3219 4550 3503 4604 sententiis
3541 4560 3753 4617 pertra-

489 4634 617 4673 num
655 4622 710 4674 in
742 4622 859 4677 loco
890 4626 1214 4695 intelligibili
1238 4644 1371 4698 cum
1398 4640 1579 4685 mente
1601 4648 1665 4686 ac
1687 4636 1845 4691 rebus
1887 4648 2068 4693 mente

488 4717 756 4783 perceptis
780 4732 1170 4787 comparatum,
1188 4722 1348 4776 talem
1371 4739 1492 4779 esse
1513 4726 1682 4780 solem
1703 4728 1754 4781 in
1781 4730 2003 4794 visibili,
2023 4730 2069 4785 si

488 4823 608 4859 cum
625 4807 738 4861 visu
761 4819 816 4863 et
845 4813 1007 4865 rebus
1035 4815 1133 4868 sub
1161 4814 1334 4867 visum
1364 4816 1679 4871 cadentibus
1700 4819 2063 4879 conferatur.»

564 4895 747 4952 Prima
782 4902 962 4969 specie
989 4903 1201 4957 videtur
1228 4904 1379 4959 Plato
1406 4907 1573 4960 lilium
1600 4908 1711 4964 Deo
1746 4913 2066 4982 attribuere,

486 5001 647 5053 quem
682 4988 825 5045 Deus
866 4992 970 5047 sibi
1004 4994 1236 5049 similem
1270 4999 1552 5066 genuerit:
1587 5002 1681 5055 sed
1731 5005 1775 5057 si
1822 5007 2068 5060 attenda-

485 5087 603 5125 mus
651 5090 771 5143 qua:
818 5090 1147 5158 sequuntur,
1199 5098 1427 5153 quaeque
1475 5090 1804 5153 praecedunt,
1858 5106 1965 5147 non
1998 5093 2067 5148 de

483 5161 621 5219 Filio
655 5168 768 5231 Dei,
802 5172 896 5223 sed
927 5173 991 5226 de
1023 5175 1252 5229 scientia
1299 5188 1355 5231 et
1402 5181 1659 5249 veritate,
1706 5200 1868 5253 quam
1922 5185 2067 5243 Deus

482 5253 537 5309 in
568 5258 725 5313 nobis
761 5261 955 5330 gignit,
989 5262 1271 5322 Platonem
1306 5270 1455 5339 loqui
1488 5274 1783 5331 constabit.

553 5346 818 5411 Quidnam
849 5356 919 5407 sit
950 5357 1148 5412 bonum
1174 5361 1303 5430 (quo
1333 5367 1549 5419 nomine
1579 5366 1750 5420 Deum
1784 5369 2060 5438 designari

484 5450 645 5491 nemo
675 5447 1280 5520 negaverit)explicare
1330 5470 1437 5508 non
1476 5458 1643 5511 audet
1687 5458 1941 5515 Socrates
1984 5462 2063 5517 rei

480 5527 796 5586 diliicultate
826 5537 1149 5609 deterritus;
1188 5545 1281 5599 sed
1328 5555 1506 5602 tamen
1540 5548 1658 5617 ejus
1686 5552 1897 5617 τόκους,
1946 5553 2063 5609 sive

479 5630 670 5713 partus
693 5637 962 5694 exponere
987 5636 1325 5702 aggreditur,
1348 5658 1368 5691 ί
1388 5642 1581 5711 etquis
1614 5641 1688 5697 sit
1713 5642 1859 5699 illius
1890 5646 2058 5713 fetus,

475 5711 688 5804 ipsique
710 5718 1034 5788 simillimus,
1049 5743 1069 5776 ι
1088 5725 1214 5789 agas
1234 5728 1453 5798 ἔκγονος
1474 5733 1567 5787 τοῦ
1589 5735 1794 5804 ἀγαθοῦ
1812 5711 2060 5804 φαίνεται

480 5801 572 5855 καὶ
611 5805 925 5879 ὁμοιότατος
956 5816 1167 5889 ἐκείνῳ.
1217 5820 1285 5879 Ut
1326 5825 1471 5882 hunc
1501 5801 1656 5883 τόκον
1696 5829 1786 5883 καὶ
1814 5801 2055 5901 ἔκγονον,

2175 4645 2347 4691 ctant.
2378 4636 2550 4692 Nemo
2578 4641 2806 4693 omnino
2834 4652 3298 4695 commemoratur
3326 4658 3392 4697 ex
3420 4641 3755 4711 philosophis

2172 4728 2425 4794 ethnicis,
2451 4731 2542 4798 qui
2571 4735 2712 4785 hanc
2735 4733 2802 4787 de
2822 4733 2996 4787 Verbo
3015 4735 3111 4789 Dei
3135 4734 3271 4789 Filio
3288 4736 3610 4788 sententiam
3626 4743 3755 4786 ante

2174 4833 2400 4876 esortos
2429 4825 2764 4879 recentiores
2801 4824 3115 4881 Platonicos
3160 4835 3257 4879 aut
3300 4836 3517 4881 secutus
3562 4826 3633 4880 sit
3660 4834 3752 4879 aut

2174 4913 2597 4984 impugnaverit.
2624 4915 2817 4971 Cicero
2848 4917 2902 4970 in
2934 4916 3062 4971 libr.
3088 4932 3125 4971 ιι
3148 4916 3225 4971 De
3242 4918 3341 4987 leg.
3367 4932 3549 4971 veram
3576 4916 3748 4985 legem

2172 5006 2455 5059 existimat
2501 5018 2721 5060 mentem
2762 5025 2873 5063 esse
2906 5010 3081 5063 omnia
3125 5009 3331 5062 ratione
3381 5019 3470 5063 aut
3517 5008 3747 5078 cogentis

2171 5109 2264 5151 aut
2297 5100 2520 5152 vetantis
2549 5098 2674 5157 Dei.
2704 5101 2873 5154 Paulo
2902 5110 3023 5170 post
3050 5101 3117 5154 de
3146 5101 3334 5155 eadem
3369 5102 3520 5171 lege:
3560 5119 3578 5151 ε
3626 5098 3742 5154 Non

2171 5198 2283 5241 tum
2314 5189 2545 5258 denique
2580 5191 2771 5261 incipit
2805 5190 2892 5247 lex
2922 5207 3045 5247 esse
3074 5233 3091 5257 ,
3127 5192 3326 5262 inquit,
3373 5210 3497 5249 cum
3540 5196 3741 5265 scripta

2168 5288 2272 5343 est,
2306 5278 2402 5334 sed
2435 5289 2546 5333 tum
2577 5297 2699 5334 cum
2732 5291 2850 5336 orta
2883 5291 2988 5336 est.
3038 5283 3169 5338 Orta
3222 5295 3403 5337 autem
3458 5285 3617 5338 simul
3658 5293 3742 5338 est

2166 5385 2291 5423 cum
2340 5380 2521 5425 mente
2567 5372 2769 5428 divina.
2833 5374 3199 5440 Quamobrem
3255 5374 3341 5430 lex
3402 5390 3527 5430 vera
3577 5386 3737 5443 atque

2164 5462 2438 5530 princeps,
2455 5470 2578 5531 apta
2607 5462 2980 5533 adjubendum
3000 5477 3050 5519 et
3068 5467 3135 5521 ad
3151 5468 3464 5534 vetandum,
3493 5468 3629 5521 ratio
3655 5475 3737 5521 est

2164 5561 2313 5607 recta
2339 5553 2534 5607 summi
2556 5551 2727 5608 Jovis.
2759 5572 2778 5605 ι
2812 5555 2973 5611 Vides
2987 5556 3327 5626 Ciceronem,
3357 5569 3467 5613 tum
3494 5574 3615 5613 cum
3632 5556 3731 5613 sibi

2163 5644 2443 5699 Platonem
2502 5648 2569 5701 ad
2632 5646 2956 5702 imitandum
3015 5654 3289 5720 pr0ponit,
3354 5668 3423 5707 ne
3470 5652 3730 5724 suspicari

2160 5740 2378 5809 quidem
2400 5740 2554 5809 λόγον
2575 5730 2688 5798 sive
2715 5745 2983 5799 rationem
3004 5761 3126 5801 esse
3151 5746 3343 5801 Filium
3370 5747 3487 5803 Dei.
3523 5748 3728 5801 Plutar-

2161 5834 2295 5891 chus
2327 5835 2379 5890 in
2410 5834 2547 5893 libro
2573 5836 2646 5891 De
2675 5838 2882 5905 placitis
2906 5838 3334 5913 philosophorum
3358 5842 3460 5897 tria
3492 5839 3727 5898 Platonis
