3932 6258
153 408 207 461 33
1185 406 1249 457 1).
1290 405 1550 458 MAllANt
1582 404 1975 460 PRIEI'A'I‘IU.
1998 433 2069 444 —-
2106 403 2285 459 PARS
2324 405 2388 460 ll.
3366 413 3439 472 δι

152 521 374 591 principia
424 529 721 586 recenset,
778 520 984 576 Deum
1016 562 1035 587 ,
1105 525 1392 579 materiam
1436 535 1493 580 et
1543 526 1741 581 ideam.
1771 529 1819 587 Α
1850 543 1870 577 ι
1905 525 2171 580 rationem
2205 525 2461 582 omnibus
2495 526 2852 597 imperantem
2889 547 2911 581 ι
2951 543 2980 583 a
3009 528 3120 585 Deo
3145 539 3199 585 et
3228 533 3439 601 cogita-

148 616 288 669 liieam
327 623 497 668 autem
528 613 669 667 nihil
703 612 871 667 aliud
932 629 1079 670 esse
1133 624 1309 686 putat,
1360 631 1518 686 quam
1566 630 1755 671 essen-

144 711 248 763 tiam
288 708 656 770 ineorpoream
715 708 783 760 ὲν
834 700 1118 780 ὐοήμασι
1152 709 1248 763 καὶ
1294 709 1613 779 φαντασίαις
1658 708 1751 765 Dei

137 803 469 861 exsistentem;
528 797 587 852 in
638 814 763 868 quo
792 798 991 852 valde
1020 817 1055 854 a
1098 801 1313 856 Clerico
1333 810 1386 854 et
1415 802 1534 857 aliis
1561 803 1752 870 hujus-

138 895 255 949 modi
279 894 553 961 discrepat,
590 894 698 964 qui
743 893 965 949 ideam
999 896 1159 964 apud
1192 895 1468 950 Platonem
1500 896 1753 950 substan-

136 988 356 1040 tiamesse
379 985 578 1039 volunt
612 1000 648 1038 a
684 985 821 1039 Deo
855 995 1209 1054 separatam
1239 995 1295 1041 et
1328 985 1694 1041 dissociatam.

180 1078 331 1133 Celsus
358 1078 504 1147 apud
528 1076 880 1148 Origenem
912 1079 1112 1135 Deum
1139 1079 1309 1147 ipsum
1340 1080 1605 1134 rationem
1630 1094 1751 1135 esse

122 1170 309 1221 omnium
336 1183 529 1222 rerum
566 1169 983 1238 pronuntiat,
1043 1179 1107 1223 ut
1154 1178 1301 1239 patet
1345 1184 1411 1223 ex
1454 1169 1537 1223 his
1569 1170 1749 1224 verbis

118 1277 207 1327 qua:
239 1260 299 1314 ab
318 1257 567 1329 Origene
603 1261 992 1316 referuntur
1022 1261 1123 1315 lib.
1162 1277 1214 1325 v,
1244 1275 1363 1331 pag.
1394 1258 1531 1315 240:
1552 1261 1742 1333 Σὰρκα.

116 1352 161 1421 δὴ
185 1355 362 1423 μετ-τὴν
390 1345 470 1405 ὧν
518 1352 661 1405 οὐδὲ
708 1354 923 1407 εἰπεῖν
970 1352 1169 1415 καλὸν,
1215 1351 1427 1406 αἰώνιον
1467 1353 1747 1424 ἀποφῆναι

114 1446 392 1515 παραλόγως
443 1443 581 1497 οὔτε
624 1443 1012 1515 βουλήσεται
1035 1446 1067 1497 ὁ
1091 1443 1243 1510 Θεὸς,
1279 1442 1401 1497 οὔτε
1435 1443 1743 1514 δυνήσεται.

115 1536 245 1598 Αὐτὸς
268 1536 371 1607 γάρ
413 1538 581 1588 ἐστιν
631 1537 667 1587 ὁ
722 1535 986 1589 πάντων
1027 1534 1139 1587 τῶν
1171 1535 1338 1588 ὅντων
1364 1535 1549 1603 λόγος’
1596 1534 1746 1588 οὐδὲν

107 1627 180 1683 οὖν
199 1628 297 1693 οἷός
322 1647 381 1683 τε
411 1629 799 1701 παράλογον,
843 1628 981 1681 οὐδὲ
1013 1627 1145 1701 παρ’
1173 1627 1359 1682 ἑαυτὸν
1381 1628 1741 1699 ἐργάσασθαι.

106 1742 123 1773 ι
147 1722 354 1776 Carnem
377 1737 525 1775 vero
558 1721 641 1774 iis
674 1719 962 1788 plenam,
988 1734 1112 1791 quae
1138 1735 1206 1774 ne
1227 1719 1496 1790 appellare
1523 1719 1741 1789 quidem

103 1814 251 1877 decet,
287 1823 571 1867 aeternam
607 1811 894 1866 reddere
931 1821 1129 1866 contra
1160 1811 1425 1865 rationem
1453 1825 1555 1865 nec
1586 1811 1742 1864 nolet

97 1905 237 1969 Deus,
264 1920 366 1959 nec
395 1906 659 1973 poterit.
726 1902 875 1973 Ipse
926 1902 1080 1957 enim
1118 1901 1359 1957 omnium
1390 1915 1573 1955 rerum
1604 1900 1741 1954 ratio
1773 1884 1815 1938 Β

96 2006 196 2049 est:
220 1994 350 2048 nihil
378 2009 529 2065 ergo
554 2003 793 2049 contra
830 1993 1136 2055 rationem,
1163 2000 1256 2045 aut
1276 1999 1467 2045 contra
1498 1989 1741 2059 seipsum

101 2087 255 2142 lacere
298 2087 544 2157 poterit.
583 2106 607 2138 ι
681 2085 1045 2141 Christiana:
1084 2082 1349 2137 doctrinae
1386 2078 1679 2135 discrimen
1707 2095 1742 2135 ιι

265 2178 570 2231 sententia
624 2177 727 2230 sic
780 2174 1023 2245 exponit
1067 2170 1354 2242 Origenes,
1408 2186 1534 2240 pag.
1591 2169 1739 2225 246:

286 2269 383 2322 καὶ
426 2270 461 2322 ὁ
493 2267 625 2321 τῶν
664 2266 916 2320 πάντων
940 2264 1097 2333 λόγος
1121 2262 1259 2329 ἐστὶ,
1288 2259 1428 2316 κατὰ
1459 2260 1559 2333 μὲν
1595 2259 1739 2313 Κέλ-

124 2379 212 2423 om,
234 2362 393 2426 αὐτὸς
419 2363 453 2415 ὁ
480 2361 641 2424 Θεός
659 2377 677 2390 ·
711 2358 871 2413 κατὰ
894 2359 953 2412 δὲ
972 2350 1141 2430 ἡμᾶς,
1162 2360 1193 2410 ὁ
1214 2357 1340 2420 Υἱὸς
1366 2354 1552 2410 αὑτοῦ.
1584 2375 1603 2407 ι
1635 2355 1743 2411 Sed

134 2456 333 2507 mium
371 2453 633 2523 quidem
684 2453 851 2506 ratio
885 2460 989 2516 est,
1020 2450 1321 2504 secundum
1357 2449 1595 2517 Celsum,
1627 2448 1743 2519 ipse

132 2540 283 2607 Dens;
310 2544 649 2598 secundum
687 2555 828 2606 nos,
860 2542 981 2610 ejus
1012 2542 1203 2596 Filius.
1235 2558 1255 2593 ι

196 2635 320 2689 idem
350 2634 586 2700 Celsus,
641 2650 789 2689 cum
846 2646 991 2703 saepe
1019 2633 1360 2688 Christianos
1388 2633 1558 2687 multa
1595 2632 1743 2688 dicat

144 2739 199 2778 ex
220 2724 434 2779 Platone
465 2725 775 2788 hausisse,
817 2738 1090 2793 nusquam
1120 2738 1309 2778 eorum
1337 2724 1404 2779 de
1431 2722 1610 2777 Verbo
1646 2726 1743 2777 do-

146 2818 372 2882 ctrinam,
398 2833 584 2887 quam
624 2816 955 2870 sexcenties
979 2815 1241 2882 exagitat,
1284 2815 1425 2868 inter
1453 2813 1568 2869 haec
1593 2811 1742 2868 furta

152 2918 544 2963 commemorat.
580 2907 746 2975 Quin
786 2906 956 2961 etiam
989 2905 1209 2975 penitus
1237 2906 1522 2975 ignorabat
1553 2894 1740 2960 Plato-

160 3014 265 3051 nctn
290 3000 349 3055 de
376 3000 527 3055 Filio
564 3000 675 3053 Dei
704 2998 955 3053 locutum
981 3011 1124 3052 esse.
1166 2997 1259 3050 Ait
1302 2997 1445 3051 enim
1471 2994 1744 3052 Christia-

158 3107 247 3146 nos
274 3094 386 3148 aliis
414 3109 530 3149 non
575 3091 739 3147 belle
784 3089 1153 3159 contemptis,
1200 3088 1310 3144 alta
1358 3098 1414 3144 et
1462 3089 1612 3142 inani
1648 3102 1744 3158 spe

156 3187 345 3253 plenos,
360 3186 529 3257 quasi
546 3182 859 3253 magniﬁca
880 3184 1128 3252 quamam
1150 3181 1463 3247 didicerint,
1483 3181 1740 3235 nonnulla

158 3289 211 3328 ut
241 3292 360 3331 vera
386 3276 751 3346 praedicare;
794 3275 890 3329 sed
933 3274 1050 3327 hac
1078 3271 1358 3327 Platonem
1405 3272 1576 3327 multo
1615 3280 1743 3327 ante

155 3368 424 3434 docuisse;
476 3381 590 3422 nec
626 3375 817 3421 tamen
847 3378 974 3420 eum
1006 3361 1382 3433 prodigialiter
1420 3362 1593 3432 loqui,
1642 3377 1743 3417 nec

154 3461 447 3516 volentibus
481 3462 859 3531 interrogare,
892 3458 1023 3529 quid
1054 3458 1128 3513 sit
1148 3459 1250 3512 boc
1273 3457 1415 3527 quod
1441 3457 1740 3527 promittat,

160 3554 419 3608 silentium
450 3554 729 3617 indicere,
753 3560 849 3605 aut
872 3551 1089 3621 jubere,
1114 3559 1180 3604 ut
1204 3564 1233 3604 e
1268 3550 1499 3623 vestigio
1518 3551 1746 3605 credant

164 3648 309 3699 talem
337 3661 460 3701 esse
497 3647 701 3709 Deum,
735 3644 1010 3713 talemque
1048 3642 1099 3697 ei
1119 3656 1240 3698 esse
1262 3640 1481 3707 Filium,
1511 3656 1745 3712 eumque

166 3738 259 3792 huc
278 3739 568 3809 delapsum
589 3751 782 3792 secum
808 3751 928 3791 esse
948 3735 1295 3801 collocutum,
1322 3749 1444 3804 pag.
1479 3732 1608 3789 280.

228 3830 340 3886 Non
373 3832 678 3901 ignorabat
719 3827 915 3884 Celsus
969 3826 1229 3883 nonnulla
1275 3826 1416 3896 apud
1461 3824 1743 3880 Platonem

167 3925 261 3992 legi
302 3926 373 3980 de
395 3925 545 3979 Filio
585 3923 709 3989 Dei;
760 3922 855 3975 sed
907 3921 1003 3977 ﬁlii
1056 3922 1275 3978 nomine
1314 3924 1572 3976 mundum
1602 3921 1747 3976 desi-

165 4020 312 4085 gnari
338 4020 647 4074 existimat.
674 4016 767 4072 Sic
791 4018 934 4073 enim
987 4017 1226 4086 loquitur
1272 4014 1412 4085 apud
1452 4013 1745 4085 Origenem

168 4112 257 4165 lib.
281 4129 333 4172 τ,
364 4128 491 4181 pag.
523 4110 668 4165 508:
712 4110 937 4164 Ὁπόθεν
974 4110 1031 4164 δὲ
1058 4109 1152 4163 καὶ
1177 4107 1307 4161 αὐτὸ
1339 4104 1495 4159 τοῦτο
1515 4104 1747 4177 ἐπῆλθεν

166 4204 342 4266 αὑταῖς
388 4204 529 4257 Θεσῦ
566 4204 697 4257 Υἱὺν
726 4202 910 4257 καλεῖν
952 4202 1222 4274 σημαίνω.
1266 4203 1490 4273 Ἀνδρες
1527 4196 1747 4252 παλαιοὶ

168 4296 311 4347 τήνδε
336 4296 426 4347 τὸν
469 4296 702 4365 κόσμον,
750 4295 826 4358 ὡς
873 4296 938 4347 ὲκ
977 4292 1111 4345 Θεοῦ
1151 4294 1455 4364 γενόμενον,
1491 4289 1655 4344 παῖδά
1686 4304 1747 4341 τε

170 4388 327 4440 ait-56
356 4388 455 4442 καὶ
492 4387 678 4457 ἠίθεον
702 4389 1015 4458 προσεῖπον.
1053 4385 1199 4440 Πάνυ
1226 4383 1356 4455 γοῦν
1390 4386 1573 4456 ὅμοιος
1596 4377 1746 4447 οὗτος

172 4481 412 4542 duino;
462 4483 617 4543 παῖς.
665 4496 685 4531 ι
726 4476 883 4533 Unde
907 4488 1087 4533 autem
1115 4487 1171 4533 et
1203 4477 1305 4532 hoc
1351 4478 1525 4546 ipsum
1571 4478 1652 4529 eis
1691 4475 1745 4528 in

1858 617 2003 671 tione
2044 618 2246 678 divina.
2290 618 2383 671 sed
2420 618 2711 673 manifeste
2755 620 2974 689 respicit
3008 622 3073 675 ad
3113 620 3288 677 locum
3318 623 3441 680 Pla-

1854 709 1999 762 tonis
2028 724 2094 762 ex
2130 708 2333 762 Timazo
2364 724 2527 779 supra
2555 710 2798 776 allatum,
2848 713 2936 767 ubi
2982 714 3233 771 hortatur
3259 715 3435 783 Plato,

1854 809 1912 852 ut
1955 802 2309 854 humanarum
2349 804 2616 855 rationum
2666 818 2827 857 unam
2874 806 3112 877 aliquam
3155 811 3439 878 apprelteno

1851 894 2029 947 dentes
2064 894 2212 964 eique
2254 894 2564 961 insidentes,
2607 897 2727 951 vitae
2766 899 3004 962 pericula
3045 910 3297 971 tanquam
3327 915 3438 956 rate

1850 986 2199 1055 enavigemus,
2234 985 2336 1039 nisi
2363 988 2483 1057 quis
2514 989 2677 1057 possit
2710 990 2944 1056 ﬁrmiore
2973 991 3148 1061 aliqua
3176 994 3435 1059 vehicula,

1852 1079 1928 1133 vel
1955 1080 2138 1131 divina
2176 1079 2357 1150 aliqua
2395 1081 2601 1135 ratione
2632 1082 2956 1150 apprehensa
2999 1085 3164 1139 tutius
3201 1088 3432 1141 traduci.

1920 1167 2236 1223 Justinusin
2262 1168 2509 1236 Cohort,
2537 1173 2679 1240 quod
2702 1189 2837 1241 opus
2872 1174 2924 1226 in
2956 1176 3271 1243 primordiis
3302 1194 3436 1232 con-

1848 1260 2122 1316 versionis
2174 1262 2416 1331 scripsit,
2466 1262 2752 1319 Platonem
2797 1265 2995 1333 Carpit,
3050 1283 3103 1320 η.
3160 1267 3231 1321 29
3254 1280 3308 1322 et
3338 1270 3433 1332 50.

1848 1354 1991 1422 quod
2028 1354 2112 1408 bis
2141 1370 2260 1423 quae
2289 1355 2460 1426 Moysi
2492 1357 2639 1411 dicta
2665 1368 2825 1412 sunt:
2866 1357 3167 1412 Secundum
3205 1360 3433 1429 formam

1846 1447 1943 1499 tibi
1983 1447 2039 1499 in
2078 1458 2251 1502 monte
2297 1461 2646 1504 monstratam
2675 1451 2749 1504 ita
2782 1451 2971 1520 facies,
3008 1452 3167 1507 lectis
3210 1455 3432 1523 quidem

1849 1541 1947 1592 sed
1988 1554 2093 1592 non
2140 1540 2453 1607 intellectis,
2495 1542 2723 1611 formam
2759 1545 3070 1609 quamdam,
3110 1547 3215 1599 sive
3257 1563 3433 1600 exem-

1845 1630 1964 1699 plar
2006 1646 2187 1684 eorum
2234 1648 2350 1702 qua:
2383 1635 2525 1703 facta
2561 1645 2681 1688 sunt
2726 1645 2846 1690 ante
2880 1637 2970 1703 id,
3012 1640 3153 1707 quod
3191 1641 3430 1693 sensibus

1844 1721 2134 1790 subjectum
2178 1733 2275 1788 est,
2324 1727 2609 1793 separatim
2648 1728 2895 1781 exsistere
2941 1729 3325 1794 cxistimasset,
3374 1741 3431 1785 et

1845 1815 2314 1883 prmexsistentem
2358 1826 2585 1883 terram,
2626 1819 3008 1886 praeexsistens
3034 1821 3255 1887 emtum,
3291 1836 3432 1889 prae-

1844 1906 2202 1960 exsistentem
2233 1908 2507 1963 hominem
2529 1902 2859 1964 admisisset.
2893 1910 3156 1964 Eumdem
3196 1914 3430 1982 castigat

1844 2016 1899 2053 ιι.
1929 1999 1981 2066 '7,
2002 2000 2145 2069 quod
2165 1999 2398 2056 formam
2422 2002 2475 2055 in
2497 2002 2593 2055 Dei
2612 2002 2915 2056 nationibus
2945 2013 3243 2069 recenseat,
3264 2020 3426 2073 quam

1843 2090 1968 2145 alibi
1998 2092 2365 2146 substantiam
2392 2094 2685 2161 separatim
2712 2095 3063 2150 exsislentem
3090 2096 3426 2164 pronuntiat.

1913 2183 1987 2237 lta
2026 2182 2291 2250 Justinus,
2328 2185 2464 2238 nihil
2501 2185 2789 2254 suspicans
2818 2183 3103 2240 Platonem
3134 2187 3200 2240 de
3234 2185 3417 2240 Verbo

1844 2276 1936 2330 Dei
1970 2276 2109 2331 Filio
2141 2286 2195 2331 et
2230 2277 2343 2332 Deo
2373 2277 2709 2347 degustasse,
2738 2277 2845 2331 imo
2879 2293 2946 2332 ne
2979 2279 3093 2346 ipse
3122 2279 3338 2349 quidem
3371 2277 3427 2331 in

1843 2368 2123 2425 Platonica
2171 2370 2417 2425 doctrina
2452 2371 2582 2441 (non
2619 2372 2764 2424 enim
2821 2372 2913 2426 ditt
2956 2387 3080 2425 cum
3122 2370 3426 2426 Platonicis

1842 2458 2057 2531 fuerat)
2123 2461 2351 2515 multum
2415 2457 2879 2517 versatus/Nam
2934 2462 3090 2517 Plato
3145 2463 3428 2531 exemplar

1843 2550 2029 2607 mundi
2080 2555 2134 2607 in
2181 2552 2277 2607 Dei
2328 2554 2754 2623 cogitationibus
2814 2564 3138 2609 constanter
3184 2554 3424 2622 reponit.

1843 2644 1997 2712 Quod
2045 2645 2087 2701 si
2122 2646 2306 2700 multis
2353 2657 2476 2715 post
2522 2647 2682 2701 anni‘s
2714 2647 2864 2701 visus
2907 2655 2991 2701 est
3036 2646 3138 2701 sibi
3178 2643 3428 2699 Justinus

1843 2737 2169 2792 Chrisﬁana:
2201 2737 2268 2791 de
2290 2732 2431 2792 Filio
2456 2747 2509 2791 et
2544 2737 2753 2807 Spiritu
2805 2736 3003 2793 sancto
3038 2737 3301 2791 doctrinae
3326 2737 3428 2791 ali-

1844 2842 2032 2896 quam,
2063 2841 2170 2880 non
2200 2826 2321 2881 dico
2353 2828 2739 2896 cognitionem,
2766 2828 2883 2894 sed,
2917 2838 2976 2881 ut
3010 2828 3124 2897 ipse
3173 2828 3273 2894 ait,
3299 2826 3425 2881 imi-

1846 2918 2107 2972 tationem
2147 2919 2290 2990 apud
2330 2917 2617 2973 Platonem
2666 2919 2927 2988 reperire,
2962 2918 3015 2973 id
3043 2934 3165 2973 cum
3210 2927 3264 2974 et
3298 2933 3425 2974 sero

1844 3015 2285 3070 animadversum
2326 3014 2421 3079 sit,
2455 3022 2509 3069 et
2534 3014 2752 3085 longius
2799 3024 3063 3079 tractum,
3101 3022 3425 3082 argumento

1844 3116 1928 3162 est
1959 3121 2239 3175 nunquam
2274 3108 2392 3162 haec
2439 3106 2713 3161 Justinum
2765 3106 3184 3161 observaturum
3228 3102 3423 3170 fuisse,

1845 3199 1949 3252 nisi
1979 3206 2029 3252 et
2057 3196 2372 3252 Christiana
2427 3197 2680 3252 doctrina
2715 3196 2955 3251 imbutus
2982 3206 3035 3251 et
3066 3197 3208 3251 illius
3238 3196 3424 3251 defen-

1845 3287 2039 3342 denda:
2077 3287 2305 3357 cupidus
2337 3286 2550 3342 fuisset.
2586 3285 2896 3353 Quinetiam
2922 3303 2988 3341 ex
3028 3286 3241 3341 duobus
3266 3287 3424 3341 testi-

1846 3379 2066 3443 moniis,
2086 3394 2206 3450 quae
2223 3379 2523 3446 citatApol.
2546 3380 2598 3442 1,
2622 3395 2675 3431 ιι.
2697 3380 2786 3442 60,
2820 3379 3049 3432 alterum
3083 3379 3244 3448 longe
3267 3378 3426 3432 aliter

1845 3472 2041 3542 legitur
2060 3473 2201 3541 apud
2220 3471 2525 3535 Platonem,
2548 3481 2609 3524 ut
2628 3470 2682 3523 in
2710 3479 2838 3524 nota
2859 3468 3169 3535 observavi,
3190 3469 3424 3524 alterum

1844 3580 1952 3620 non
1992 3573 2170 3634 potest
2210 3564 2276 3617 ad
2309 3562 2510 3616 Filium
2541 3561 2639 3615 Dei
2678 3562 2781 3615 nisi
2816 3576 2914 3631 per
2942 3563 3052 3615 vim
3088 3562 3422 3633 detorqueri.

1918 3654 2053 3710 Post
2091 3664 2170 3709 tot
2201 3655 2448 3713 Platonis
2500 3664 2798 3720 eteorum,
2829 3652 2920 3722 qui
2950 3651 3095 3707 illius
3121 3652 3424 3707 doctrinam

1847 3748 2095 3817 apprime
2147 3745 2477 3812 calluerunt,
2506 3761 2570 3801 ac
2602 3746 2773 3816 ipsius
2820 3744 2985 3799 etiam
3030 3742 3225 3798 Justini
3272 3744 3427 3798 testi-

1848 3841 2053 3906 monia,
2088 3838 2276 3893 videor
2308 3838 2437 3893 mihi
2467 3852 2564 3906 pro
2610 3853 2733 3892 meo
2773 3836 2901 3907 jure
2939 3844 3182 3891 statuere
3230 3851 3419 3904 posse.

1848 3930 2086 3985 fabulam
2114 3929 2429 3984 Platonismi
2470 3945 2498 3983 a
2530 3928 2746 3983 Justino
2792 3930 2842 3982 in
2876 3927 3181 3982 Ecclesiam
3216 3928 3423 3980 inducti

1853 4021 1999 4075 inter
2026 4035 2088 4074 ea
2132 4027 2441 4074 commenta
2494 4017 2691 4073 referri
2730 4018 2951 4081 debere,
2984 4031 3216 4084 quarunt
3244 4015 3426 4070 nullus

1847 4127 2095 4181 unquam
2140 4119 2333 4165 auctor
2364 4110 2686 4175 exstitisset,
2725 4118 2819 4163 aut
2859 4108 3051 4162 saltem
3079 4107 3257 4160 nullus
3290 4105 3424 4160 asti-

1845 4204 2084 4273 pulator,
2123 4202 2169 4257 si
2212 4202 2352 4257 alius
2377 4217 2499 4257 esse
2533 4210 2719 4272 posset
2744 4201 2965 4255 absurdi
3010 4201 3216 4254 erroris
3237 4198 3427 4253 defen-

1846 4296 2007 4351 dendi
2036 4298 2245 4351 modus.
2800 4343 2807 4348 _

1917 4387 2038 4444 Jam
2068 4402 2198 4443 vero
2255 4388 2299 4443 si
2347 4389 2470 4457 quis
2513 4385 2736 4453 objiciat
2791 4394 3035 4440 veterum
3093 4384 3425 4451 scriptorum

1846 4479 2077 4550 judicia,
2118 4478 2419 4534 Clementis
2452 4477 2831 4543 Alexandrini,
2881 4475 3157 4546 Origenis,
3203 4471 3426 4527 Eusebii

174 4572 669 4633 iacntemvenerit,
695 4582 757 4625 ut
779 4570 971 4625 Filium
988 4567 1741 4640 Deiappellarent,indicabo.
1779 4559 1825 4614 D
1854 4570 2210 4627 Caesariensis
2261 4578 2317 4624 et
2373 4568 2562 4641 Cyrilli
2618 4569 3020 4631 Alexandrini,
3080 4566 3170 4633 qui
3219 4563 3427 4620 Justini

171 4659 425 4717 landum
476 4672 719 4727 veteres,
766 4670 955 4731 utpote
996 4677 1063 4716 ex
1103 4661 1215 4717 Deo
1262 4662 1527 4731 genitum,
1579 4660 1748 4729 ipsius

173 4752 364 4807 Filiam
388 4766 447 4809 et
480 4752 595 4809 Deo
625 4754 859 4809 similem
888 4755 1183 4809 vocabant.
1220 4752 1366 4808 Bella
1398 4766 1529 4808 vero
1554 4752 1750 4808 simili-

174 4849 301 4900 tudo
328 4847 497 4915 hujus
529 4855 588 4900 et
620 4846 765 4900 illius
792 4845 915 4899 Filii
951 4845 1067 4899 Dei.
1101 4863 1120 4899 ι

242 4936 371 4991 VIII.
399 4935 660 4990 Nondum
684 4951 815 5006 ergo
838 4936 951 4989 nati
982 4944 1140 4992 erant
1169 4934 1253 4989 vel
1284 4934 1476 4991 saltem
1506 4934 1749 4990 nondum

171 5031 525 5097 prodierant,
588 5028 866 5099 scribente
904 5028 1170 5082 adversus
1197 5025 1537 5081 Christianos
1569 5024 1747 5090 Celso,

170 5123 295 5175 novi
321 5123 397 5175 illi
423 5120 720 5185 Platonici,
741 5121 834 5189 qui
859 5133 1120 5188 supremo
1144 5119 1254 5173 Deo
1278 5119 1411 5173 duas
1434 5118 1571 5172 alias
1592 5117 1751 5185 longe

171 5214 457 5267 ulterioris
486 5211 807 5268 substantiae
837 5224 1104 5279 personas
1142 5210 1530 5280 adjunxerunt,
1563 5211 1751 5278 eisque

173 5306 385 5375 aliquas
430 5306 487 5359 in
544 5304 732 5358 mundi
779 5304 1063 5359 creatione
1106 5310 1293 5371 partes
1336 5303 1748 5357 commiserunt.

174 5396 425 5453 lustinus
471 5398 615 5467 ipse,
646 5412 768 5451 cum
792 5398 861 5453 ad
896 5396 1218 5465 religionem
1251 5395 1618 5451 Christianam
1660 5407 1753 5448 ae-

176 5494 362 5556 ccssit,
402 5492 644 5546 nondum
670 5492 975 5564 quidquam
1003 5503 1035 5542 a
1063 5486 1297 5543 Platone
1337 5495 1431 5541 aut
1457 5485 1753 5541 Platonicis

178 5584 378 5638 dictum
412 5586 639 5651 sciebat,
675 5586 816 5656 quod
851 5598 981 5641 cum
1014 5578 1323 5636 Christiana
1359 5580 1427 5635 de
1454 5578 1630 5634 Verbo
1657 5578 1756 5633 do-

181 5680 355 5732 ctrina
386 5680 703 5748 quadraret.
746 5678 887 5734 Nam
938 5693 971 5733 a
1003 5689 1157 5741 sene,
1190 5673 1284 5742 qui
1310 5687 1434 5727 eum
1461 5672 1633 5741 prima
1666 5685 1756 5725 re-

183 5770 397 5836 ligionis
433 5772 696 5826 elementa
739 5771 955 5834 docuit,
1006 5770 1397 5835 interrogatus,
1451 5763 1663 5832 Dialog.
1696 5780 1751 5816 ιι.

184 5862 254 5927 ὃ,
299 5863 521 5917 minime
566 5862 845 5936 distinguit
888 5860 1053 5928 λόγον
1091 5855 1464 5929 ἡγεμονοῦντα
1510 5853 1747 5922 πάντων,

1854 4661 2104 4730 exemplo
2134 4660 2415 4715 Platonem
2466 4659 2792 4715 Christianae
2832 4659 2899 4714 de
2946 4656 3127 4712 Verbo
3164 4655 3427 4709 doctrina:

1853 4761 2048 4808 testem
2084 4753 2322 4807 citarunt
2347 4767 2363 4817 ;
2391 4750 2524 4806 nihil
2566 4750 2619 4805 id
2668 4749 2799 4803 mihi
2836 4746 3053 4812 olIiciet,
3083 4763 3205 4801 cum
3238 4746 3306 4799 ab
3334 4759 3427 4798 eo-

1850 4860 1973 4900 rum
2009 4844 2335 4900 auctoritate
2365 4858 2485 4898 mea
2525 4857 2630 4897 non
2661 4842 2884 4895 multum
2923 4841 3168 4894 discedat
3198 4847 3426 4892 senten-

1854 4936 1950 4991 tia.
1988 4936 2125 4990 Nam
2170 4934 2449 4990 Platonica
2484 4934 2572 4989 illa
2624 4933 2748 4987 Filii
2784 4933 2879 4987 Dei
2913 4931 3227 4998 descriptio,
3261 4943 3424 4997 quem

1854 5031 2221 5099 unigenitum,
2252 5030 2420 5084 Deum
2458 5028 2718 5097 genitum,
2760 5025 3115 5096 intelligibilis
3168 5023 3261 5077 Dei
3294 5021 3428 5075 ima-

1855 5125 2061 5194 ginem,
2092 5123 2261 5176 Deum
2302 5121 2546 5185 beatum,
2582 5119 2748 5173 Deum
2776 5119 2877 5174 sibi
2932 5117 3034 5186 ipsi
3068 5113 3424 5169 sullicientem

1854 5226 1912 5272 et
1956 5213 2440 5284 perfectissimum,
2483 5212 2724 5266 omnium
2762 5211 3023 5265 bonorum
3065 5219 3286 5260 causam
3337 5218 3429 5272 ap-

1854 5306 2042 5379 pellat,
2070 5306 2144 5358 ita
2173 5303 2526 5359 Hebraeorum
2553 5301 2620 5357 de
2645 5310 2850 5355 teter-no
2877 5299 2967 5355 Dei
2996 5297 3135 5353 Filio
3165 5294 3428 5351 doctrinm

1855 5394 2131 5466 congruit,
2162 5402 2222 5449 ut
2273 5409 2395 5449 eam
2428 5391 2725 5448 verisimile
2756 5392 2851 5457 sit,
2887 5404 2995 5443 non
3031 5401 3190 5443 secus
3234 5402 3298 5441 ac
3338 5400 3425 5453 ea,

1854 5503 1975 5557 qua:
2004 5501 2169 5556 supra
2197 5485 2263 5540 de
2294 5485 2404 5540 Deo
2442 5498 2579 5554 opus
2613 5498 2768 5539 suum
2814 5481 3114 5536 admirante
3145 5486 3199 5534 et
3221 5480 3287 5535 de
3313 5479 3430 5548 pla-

1857 5579 2003 5634 netis
2033 5578 2099 5634 ad
2119 5574 2531 5633 distinctionem
2566 5583 2871 5643 temporum
2904 5573 3065 5628 lactis
3097 5570 3278 5637 retuli,
3302 5570 3429 5625 inde

1856 5671 2157 5727 derivatam
2186 5679 2241 5725 et
2272 5669 2455 5737 inepta
2489 5682 2614 5722 cum
2640 5667 2846 5723 mundo
2867 5664 3126 5733 junctura
3158 5663 3429 5732 deprava-

1860 5770 1966 5815 tam
1998 5760 2188 5816 fuisse.
2241 5758 2524 5813 Platonem
2570 5767 2734 5827 negat
2775 5758 3020 5816 Justinus
3069 5754 3427 5817 intellexisse,

1856 5866 1977 5924 quae
2008 5868 2075 5911 ex
2104 5853 2277 5911 sacris
2310 5852 2554 5910 fontibus
2586 5852 2865 5911 hauserat.
