3932 6258
556 395 625 449 35
1450 395 1505 450 S.
1548 394 1886 452 JUSTlNUS
1919 393 2400 452 PHILOSOPHUS
2434 393 2520 450 ET
2556 392 2869 447 MARTYR.
3770 397 3837 452 36

1178 534 1411 594 CAPUT
1449 538 1510 592 ll.

560 647 637 701 De
665 649 903 702 materia
931 650 1699 723 creationenonnulla'Justini
1718 665 1764 707 et
1786 654 2134 723 Athenagora:

1093 719 1209 773 ioca
1242 723 1603 789 explicantur.

555 826 595 879 Ῑ.
626 830 804 878 Justini
831 834 885 893 et
911 829 1242 893 Athenagorae
1266 833 1547 881 testimonia
1586 845 1648 880 ex
1677 834 1787 881 aliis
1811 832 1932 882 locis
1969 834 2135 893 expli-

620 896 809 939 cantur.
831 890 892 939 Ii.
920 891 1024 938 Non
1050 890 1158 939 sine
1182 894 1413 941 causa-de
1438 896 1657 941 materiae
1684 897 1934 943 creatione
1978 890 2136 941 inter-

619 953 735 1062 durr‘r
756 950 1034 1062 sillentilll.
1056 952 1195 1003 Sacri
1219 961 1274 1004 et
1295 956 1622 1005 ecclesiastici
1644 959 1913 1018 scriptores
1955 957 2134 1005 eodem

620 1026 701 1062 mo
737 1027 766 1061 ο
814 1027 904 1062 ocu
931 1027 965 1062 ι.

620 1026 766 1062 mooo
794 1026 965 1063 ιοειιιι.

629 1118 671 1172 1.
706 1117 764 1172 S.
794 1117 1043 1174 Justinus
1067 1126 1123 1174 et
1148 1119 1530 1190 Athenagoras
1562 1121 1630 1176 de
1651 1121 1834 1175 mundi
1856 1121 2135 1176 creatione

562 1211 823 1265 nonnulla
864 1212 1148 1275 dixerunt,
1192 1227 1313 1281 quae
1342 1213 1444 1267 hoc
1485 1213 1606 1268 loco
1644 1215 1937 1283 explanare
1968 1228 2133 1267 cona-

558 1300 759 1364 bimur,
785 1315 854 1353 ne
894 1300 1199 1354 molestiam
1243 1302 1555 1371 legentibus
1596 1303 1883 1358 facessunt.
1918 1304 2133 1357 lnitinm

559 1390 751 1443 ducam
798 1389 863 1443 ab
904 1390 987 1445 his
1009 1389 1208 1446 Justiui
1246 1394 1429 1446 verbis
1456 1408 1522 1445 ex
1558 1392 1709 1461 Apol.
1746 1395 1866 1457 l,n.
1899 1392 1965 1447 10
1990 1392 2135 1445 εΚαὶ

559 1481 738 1534 πάντα
757 1481 853 1552 τὴν
899 1482 1093 1554 ἀρχὴν,
1130 1483 1329 1552 ἀγαθὸν
1357 1483 1506 1549 ὄντα,
1544 1485 1943 1556 δημιουργῆσαι
1973 1484 2133 1536 αὐτὸν

560 1573 619 1638 ἐξ
670 1572 918 1643 ἀμόρφου
968 1571 1098 1641 ὕλης
1150 1573 1216 1625 δι’
1242 1574 1562 1645 ἀνθρώπους
1589 1574 1965 1645 δεδιδὰγμεϐα.
2026 1576 2136 1630 «Et

558 1680 685 1719 cum
738 1666 914 1718 bonus
957 1664 1029 1717 sit
1080 1665 1261 1717 omnia
1308 1666 1456 1717 illum
1497 1668 1564 1719 ab
1607 1666 1763 1719 initio
1811 1680 1875 1719 ex
1913 1665 2134 1719 informi

561 1754 790 1808 materia
823 1762 1048 1823 pr0pter
1082 1754 1332 1808 homines
1358 1755 1677 1809 condidisse
1702 1756 1925 1810 scimus.
1959 1774 1976 1806 ι
2010 1755 2136 1809 Plu-

558 1862 647 1902 res
678 1848 840 1901 torsit
879 1847 1030 1911 illud,
1065 1846 1124 1913 ἐξ
1153 1846 1402 1916 ἀμόρφου
1438 1846 1591 1917 ὕλης,
1628 1848 1773 1918 quod
1800 1848 2016 1917 quidem
2043 1848 2131 1902 alii
2164 1866 2207 1920 Β

560 1935 974 2004 expungendum
1012 1936 1303 2000 duxerunt,
1335 1935 1423 1989 alii
1459 1937 1880 2002 emendandum,
1904 1937 1994 1992 alii
2039 1937 2134 1993 be-

558 2027 773 2095 nignius
814 2027 1309 2095 interpretandum.
1337 2027 1650 2093 Quinetiam
1692 2031 1911 2085 videtur
1955 2032 2131 2099 prima

556 2124 741 2187 specie
772 2114 1020 2172 Justinus
1061 2135 1183 2172 cum
1217 2119 1449 2175 Platone
1487 2123 1798 2177 consentire
1843 2124 1911 2178 de
1944 2127 2131 2181 mundi

556 2212 857 2275 creatione,
900 2212 1152 2280 quamvis
1207 2212 1297 2265 ille
1350 2214 1636 2267 materiam
1664 2228 1732 2267 ex
1779 2215 1952 2269 nihilo
1984 2232 2135 2271 crea-

562 2311 672 2357 tam
700 2303 864 2357 fuisse
912 2320 979 2358 ne
1017 2304 1326 2373 suSpicatus
1369 2305 1588 2372 quidem
1620 2307 1713 2363 sit.
1742 2305 1833 2361 Sic
1877 2309 2017 2363 enim
2063 2310 2136 2363 lo-

556 2395 742 2463 quitur
791 2397 843 2448 in
893 2398 1078 2450 eadem
1126 2396 1279 2464 Apol.
1314 2397 1366 2459 1,
1397 2413 1449 2450 n.
1483 2396 1722 2450 59:"Iva
1760 2397 1818 2450 δὲ
1863 2398 1957 2451 καὶ
1985 2400 2135 2472 παρὰ

555 2484 663 2538 τῶν
698 2486 979 2558 ἡμετέρων
1006 2486 1337 2539 διδασκάλων
1368 2486 1617 2557 (λέγομεν
1645 2488 1708 2559 δὴ
1737 2489 1830 2542 τοῦ
1851 2490 2008 2559 λόγου
2038 2491 2132 2544 τοῦ

554 2577 645 2632 διὰ
666 2580 771 2632 τῶν
804 2579 1117 2652 προφητῶν)
1151 2579 1382 2633 λαϐόντα
1429 2581 1519 2635 τὸν
1548 2584 1809 2637 Πλάτωνα
1841 2586 2044 2658 μάθητε
2072 2588 2134 2641 τὸ

556 2672 751 2733 εἰπεῖν,
804 2669 933 2740 ὕλην
987 2672 1232 2741 ἄμορφον
1284 2667 1447 2725 οὖσαν
1496 2675 1798 2745 στρέψαντα
1844 2677 1933 2729 τὸν
1979 2677 2130 2742 Θεὸν,

556 2764 760 2834 κόσμον
790 2764 1035 2833 ποιῆσαι,
1068 2765 1339 2821 ἀκούσατε
1372 2768 1478 2821 τῶν
1508 2768 1781 2833 αὕτολεοξε)⁵
1828 2770 2133 2841 εἰρημένων

555 2856 645 2910 διὰ
673 2857 916 2920 Μωσέως
940 2857 1033 2910 τοῦ
1075 2860 1549 2931 προδεδηλωμένου
1578 2859 1795 2932 πρώτου
1827 2864 2130 2933 προφήτου,

556 2948 650 3001 καὶ
696 2950 1066 3022 πρεσϐυτέρου
1112 2952 1221 3004 τῶν
1265 2954 1322 3005 ἐν
1360 2954 1584 3024 Ἕλλησι
1640 2955 2031 3024 συγγραφέων·
2064 2956 2130 3009 δι’

555 3034 617 3093 οὕ
653 3040 853 3111 μηνύον
877 3042 937 3094 τὸ
967 3045 1301 3114 προφητικὸν
1333 3045 1555 3116 Πνεῦμα
1576 3047 1693 3110 πῶς
1716 3049 1814 3119 τὴν
1842 3048 2132 3120 ἀρχὴνικαὶ

556 3134 797 3186 ἐκτίνων
859 3134 1287 3208 ἐδημιούργησεν
1348 3140 1376 3191 ὁ
1423 3138 1553 3202 Θεὸς
1604 3139 1695 3192 τὸν
1749 3140 1971 3211 κόσμον,
2027 3141 2128 3213 ἔφη

556 3222 757 3287 οὕτως·
801 3224 897 3278 Ἑν
937 3226 1095 3295 ἀρχῇ
1139 3227 1430 3294 ἐποίησεν
1465 3232 1497 3282 ό
1528 3228 1671 3294 Θεὸς
1716 3229 1823 3282 τὸν
1875 3231 2133 3297 οὐρανὸν
2158 3223 2201 3280 C

557 3317 655 3375 καὶ
701 3316 815 3386 τὴν
850 3318 987 3388 γῆν.
1033 3320 1089 3376 Ἠ
1141 3320 1209 3372 δὲ
1256 3320 1331 3389 γῆ
1370 3318 1449 3391 ἦν
1490 3323 1741 3390 ἀόρατος
1779 3322 1878 3377 καὶ
1916 3324 2132 3378 ἀκατασ-

458 3435 463 3443 ·
556 3410 920 3479 σκεύαστος,
952 3413 1046 3466 καὶ
1078 3414 1297 3479 σκότος
1324 3414 1523 3469 ἐπάνω
1558 3416 1666 3485 τῆς
1698 3418 1999 3471 ἀϐύσσου·
2033 3419 2131 3472 καὶ

555 3499 791 3570 πνεῦμα
824 3503 971 3557 Θεοῦ
1000 3504 1320 3573 ἐπεφέρετο
1360 3505 1558 3559 ἐπάνω
1588 3506 1706 3560 τῶν
1743 3507 1997 3564 ὑδάτων.
2022 3509 2133 3562 Καὶ

555 3588 723 3645 εἶπεν
756 3595 788 3646 ό
818 3595 987 3660 Θεός·
1011 3596 1327 3664 Γενηθήτω
1358 3596 1502 3667 φῶς,
1538 3598 1636 3652 καὶ
1664 3599 1899 3667 ἐγένετο
1925 3600 2129 3666 οὕτως.

560 3685 725 3736 Ὥστε
773 3685 915 3755 λόγῳ
964 3686 1100 3738 Θεοῦ
1134 3689 1202 3739 ὲκ
1235 3687 1341 3740 τῶν
1390 3690 1763 3760 ὑποκειμένων
1812 3689 1905 3744 καὶ
1933 3691 2134 3763 προδη-

556 3778 836 3832 λωθέντων
887 3778 975 3831 διὰ
1022 3781 1286 3845 Μωσέως,
1316 3783 1641 3852 γεγενῆσθαι
1687 3784 1776 3837 τὸν
1822 3786 1999 3839 πάντα
2046 3787 2136 3841 κό-

560 3888 718 3941 σμον,
751 3874 843 3924 καὶ
872 3871 1120 3934 Πλάτων,
1154 3872 1247 3923 καὶ
1280 3873 1328 3923 οἱ
1358 3872 1529 3926 ταῦτα
1556 3874 1825 3943 λέγοντες,
1848 3879 1941 3930 καὶ
1976 3882 2135 3949 ἡμεῖς

557 3964 833 4034 ἐμάθομεν
868 3967 960 4017 καὶ
989 3964 1148 4036 ὑμεῖς
1194 3964 1479 4036 πεισθῆναι
1520 3966 1771 4021 δύνασθε.
1811 3988 1829 4020 ‹
1866 3972 2043 4039 Atque
2075 3984 2134 4028 ut

558 4072 591 4111 a
634 4059 951 4112 doctoribus
977 4060 1208 4123 nostris,
1234 4059 1286 4112 id
1326 4067 1411 4113 est
1446 4074 1475 4112 a
1508 4059 1757 4115 doctrina
1784 4078 1881 4132 per
1901 4065 2135 4133 prophe-

561 4157 642 4203 tas
688 4150 929 4218 vulgata,
963 4160 1247 4224 acceptum
1288 4164 1411 4204 esse
1453 4150 1791 4222 intelligatis,
1821 4157 1962 4223 quod
1996 4157 2135 4211 dixit

556 4240 731 4305 Plato,
779 4243 965 4308 Deum,
998 4246 1119 4298 cum
1163 4246 1448 4299 materiam
1503 4247 1789 4302 informem
1853 4250 2131 4315 vertisset,

557 4337 823 4387 mundum
872 4335 1105 4404 fecisse;
1140 4340 1325 4393 audite
1353 4340 1481 4410 quid
1514 4340 1737 4395 totidem
1771 4340 1952 4396 verbis
1980 4342 2134 4394 dixe-

558 4425 631 4476 rit
681 4424 913 4495 Moyses,
947 4430 1157 4498 primus
1199 4432 1589 4501 prophetarum
1649 4442 1705 4487 et
1767 4434 2129 4503 scriptoribus

2168 535 2210 590 Α
2239 516 2525 587 prodiisse,
2557 523 2619 568 ut
2651 531 2672 564 ι
2695 513 3060 569 materialium
3088 514 3349 580 omnium,
3377 530 3506 585 quae
3537 514 3725 569 instar
3751 517 3837 569 iu-

2238 611 2427 665 formis
2452 621 2657 665 natura:
2682 618 2733 663 et
2762 609 2949 663 inertis
2975 618 3133 664 terra:
3159 610 3405 678 partibus
3440 610 3838 665 crassioribus

2237 702 2541 756 commistis
2566 717 2688 755 cum
2713 702 3027 764 levioribus,
3050 699 3324 769 iacebant,
3351 700 3473 754 idea
3502 709 3561 753 et
3579 700 3838 754 acursfo~

2238 802 2343 845 ret.
2366 809 2386 843 ι
2421 792 2588 846 Deum
2622 803 2675 847 et
2711 791 2995 846 materiam
3020 805 3142 843 cum
3177 790 3370 858 Opificc
3387 791 3582 844 etluto
3610 805 3836 859 compa-

2238 892 2341 947 rat,
2390 899 2441 937 η.
2491 883 2557 937 i5
2590 901 2603 936 :
2641 884 2727 947 Ὠς
2768 882 2876 954 γάρ
2903 883 2932 934 ὁ
2961 882 3237 952 κεραμεὺς
3293 882 3444 935 καὶὸ
3478 882 3665 951 πηλὸς
3711 881 3834 952 (ὕλη

2240 976 2336 1045 μὲν
2383 977 2413 1028 ὁ
2450 975 2639 1046 πηλὸς,
2673 976 2923 1046 τεχνίτης
2951 975 3007 1028 δὲ
3057 977 3085 1027 ὀ
3132 973 3446 1045 κεραμεύς),
3486 973 3589 1026 καὶ
3623 975 3653 1025 ὁ
3703 973 3836 1036 Θεὸς

2235 1064 2584 1135 δημιουργὸς,
2636 1064 2987 1117 ὑπακούουσα
3038 1062 3095 1116 δὲ
3141 1062 3287 1133 αὐτῷ
3333 1064 3366 1133 ή
3410 1062 3517 1131 ὕλη
3551 1062 3700 1134 πρὸς
3736 1063 3835 1133 τὴν

2234 1158 2448 1229 τέχνην.
2514 1157 3027 1223 «Quemadmodum
3100 1156 3246 1210 enim
3296 1156 3495 1227 figulus
3545 1168 3603 1210 et
3660 1155 3832 1209 lutum

2238 1249 2484 1313 (materia
2530 1250 2747 1318 quidem
2780 1249 2975 1315 lutum,
3004 1249 3202 1303 artifex
3230 1256 3415 1302 autem
3454 1248 3721 1319 figulus),
3760 1248 3831 1301 ita

2238 1341 2382 1394 Deus
2414 1341 2619 1410 opifex,
2655 1349 2849 1409 etquae
2878 1341 2995 1410 ejus
3029 1342 3128 1395 arti
3162 1342 3483 1409 obsequitur
3519 1342 3781 1394 materia.
3806 1360 3824 1391 ι

2240 1431 2301 1485 Et
2340 1448 2394 1485 η.
2430 1432 2494 1487 19
2534 1450 2547 1486 :
2582 1435 2674 1485 Δεῖ
2714 1434 2771 1486 δὲ
2820 1432 2911 1485 καὶ⁵
2938 1435 3004 1503 τῇ
3047 1432 3147 1505 ὕλῃ
3173 1432 3416 1503 τεχνίτου
3453 1434 3552 1485 καὶ⁵
3586 1432 3726 1502 ὕλης
3752 1433 3831 1503 τῷ

2235 1524 2473 1597 τεχνίτῃ.
2515 1542 2534 1576 ι
2571 1522 2721 1594 Opus
2770 1533 2855 1579 est
2901 1534 3081 1578 autem
3138 1534 3192 1579 et
3232 1525 3481 1579 materia:
3534 1524 3729 1592 opifex
3776 1534 3835 1577 et

2236 1617 2465 1669 materia
2497 1616 2703 1684 opifici.
2729 1635 2748 1668 ι

2306 1705 2379 1761 Ut
2403 1706 2647 1760 solvatur
2688 1704 2995 1771 diliicultas,
3017 1706 3062 1762 si
3089 1721 3196 1773 qua
3244 1706 3377 1762 insit
3423 1708 3523 1763 his
3571 1710 3828 1765 testimo-

2236 1798 2367 1860 niis,
2397 1797 2531 1852 illud
2558 1798 2614 1850 1ο
2644 1806 2887 1852 statuere
2912 1813 3227 1867 possumus,
3254 1798 3537 1854 Justinum
3564 1811 3624 1855 et
3652 1803 3823 1855 Atbe-

2237 1905 2495 1960 uagoram
2536 1891 2617 1945 sic
2644 1891 2711 1944 de
2759 1892 3004 1945 materia:
3055 1893 3334 1946 creatione
3389 1892 3516 1947 aliis
3569 1891 3629 1946 in
3692 1892 3826 1947 locis

2236 1980 2458 2035 locutos
2490 1995 2633 2044 esse,
2670 1993 2731 2036 ιιι
2760 1997 2947 2037 eorum
2971 1981 3135 2035 dubia
3175 1995 3281 2035 non
3319 1982 3499 2050 possit
3530 1997 3661 2037 esse
3694 1997 3822 2036 sen-

2238 2072 2428 2125 tentia.
2456 2069 2705 2127 Justinus
2736 2074 2788 2125 in
2823 2071 3065 2138 Cohort.,
3118 2088 3175 2126 n.
3222 2071 3316 2135 22,
3372 2073 3476 2127 hoc
3514 2074 3820 2128 discrimen

2235 2171 2357 2213 esse
2380 2158 2574 2212 statuit
2598 2158 2742 2214 inter
2776 2160 3040 2215 factorem
3064 2171 3121 2215 et
3155 2162 3430 2230 opiﬁcem,
3462 2164 3611 2231 quod
3650 2162 3825 2232 factor

2237 2247 2385 2301 nulla
2416 2264 2475 2301 re
2504 2248 2614 2301 alia
2640 2248 2905 2317 indigens,
2938 2265 3002 2303 ea:
3051 2266 3150 2303 sua
3184 2252 3350 2319 ipsius
3380 2252 3578 2305 virtute
3606 2263 3655 2306 et
3682 2263 3824 2322 pote-

2235 2347 2370 2393 state
2400 2340 2566 2408 faciat
2597 2339 2655 2393 id
2694 2340 2833 2409 quod
2873 2341 2966 2409 ﬁt;
3010 2341 3252 2395 conditor
3298 2354 3476 2397 autem
3525 2357 3750 2413 accepta
3790 2363 3822 2397 a

2236 2432 2456 2484 materia
2488 2431 3024 2500 operandiofacultate
3051 2444 3322 2487 construut
3370 2435 3427 2488 id
3452 2438 3599 2505 quod
3632 2438 3821 2491 condi-

2236 2533 2344 2575 tur.
2376 2522 2429 2576 ln
2466 2524 2657 2577 eodem
2692 2524 2831 2578 libro
2877 2523 3158 2580 Platonem
3189 2527 3431 2596 exagitat
3461 2530 3614 2598 quod
3651 2540 3821 2584 mate-

2236 2613 2372 2667 riam
2406 2621 2667 2668 wternam
2694 2624 2749 2669 et
2780 2616 3087 2669 increatam
3126 2619 3422 2685 putaverit,
3460 2629 3523 2674 ut
3557 2624 3820 2675 observa-

2234 2703 2412 2758 vimus
2446 2704 2511 2758 ad
2548 2720 2604 2757 n.
2652 2704 2745 2761 25.
2782 2706 3043 2761 Eumdem
3090 2706 3369 2762 Platonem
3399 2710 3504 2776 ait,
3535 2727 3591 2764 n.
3626 2712 3720 2776 50,
3745 2712 3822 2763 le-

2236 2795 2379 2863 gisse
2401 2796 2625 2863 quidem
2659 2797 2751 2851 sed
2787 2812 2892 2851 non
2923 2798 3258 2854 intellexisse
3300 2800 3524 2855 initium
3559 2802 3686 2855 libri
3713 2799 3819 2855 Ge-

2235 2887 2394 2952 nesis,
2437 2896 2599 2956 atque
2647 2888 2780 2941 illttd
2813 2906 2826 2942 :
2857 2888 3020 2943 Terra
3056 2900 3231 2945 autem
3282 2902 3423 2955 erat,
3472 2894 3818 2948 intellexisse

2235 2978 2301 3032 de
2343 2985 2489 3032 terra
2534 2980 2967 3048 prazexsistenle,
2993 2981 3122 3049 quia
3170 2981 3385 3036 scilicet
3430 2983 3735 3040 invisibilis
3762 2994 3820 3038 et

2235 3068 2596 3139 incomposita
2642 3071 2866 3126 dicitur.
2912 3071 3081 3127 Docet
3139 3073 3195 3128 in
3237 3073 3493 3142 Dialogo,
3527 3092 3583 3129 η.
3621 3076 3679 3139 5,
3709 3078 3821 3129 ani-

2236 3179 2402 3228 mam,
2425 3164 2468 3218 si
2501 3164 2748 3219 increata
2782 3174 2955 3231 esset,
2988 3164 3098 3219 Deo
3136 3167 3399 3235 aequalem
3448 3167 3718 3235 futuram,
3747 3170 3816 3222 ita

2236 3264 2295 3309 ut
2322 3269 2387 3309 ne
2410 3256 2553 3309 Deus
2587 3255 2806 3325 quidem
2834 3271 3028 3327 cogere
3060 3258 3210 3311 illam
3233 3268 3289 3313 et
3316 3260 3426 3313 vim
3470 3261 3678 3315 inferre
3698 3276 3819 3331 pos-

2233 3346 2323 3401 sit.
2370 3345 2448 3400 Ex
2491 3360 2599 3416 quo
2646 3349 2777 3401 satis
2828 3350 3201 3419 perspicitur,
3231 3362 3499 3419 quantum
3560 3355 3630 3409 ab
3664 3354 3811 3408 illius

2233 3446 2416 3493 mente
2456 3440 2695 3495 abfuerit
2730 3441 2966 3495 absurda
3024 3445 3272 3499 materia:
3311 3446 3582 3501 increatte
3608 3447 3814 3516 opinio.

2232 3528 2291 3584 ln
2333 3529 2423 3585 illo
2456 3540 2638 3585 autem
2666 3531 2941 3603 Apologia:
2973 3534 3115 3600 loco,
3144 3534 3235 3589 ubi
3280 3535 3571 3594 Platonem
3611 3539 3814 3601 laudat,

2234 3624 2482 3678 mater-iac
2511 3626 2848 3680 creationem
2895 3625 3089 3681 leviter
3119 3629 3335 3698 quidem
3374 3639 3429 3685 et
3455 3632 3619 3700 quasi
3647 3638 3817 3683 trans-

2236 3716 2375 3781 iens,
2418 3716 2512 3770 sed
2565 3727 2748 3771 tamen
2799 3733 2907 3771 non
2972 3720 3204 3774 obscure
3259 3721 3484 3775 indicat.
3528 3724 3623 3776 Ait
3670 3721 3811 3775 enim

2235 3809 2324 3864 his
2355 3810 2535 3864 verbis
2562 3808 2665 3864 :In
2694 3811 2953 3880 principio
2994 3813 3187 3866 creavit
3237 3812 3380 3868 Deus
3422 3816 3612 3872 cretum
3641 3824 3689 3867 et
3713 3824 3813 3866 ter-

2234 3916 2370 3967 ram,
2405 3916 2467 3955 ea
2504 3902 2796 3967 contineri,
2837 3918 2905 3957 ex
2931 3906 3127 3973 quibus
3155 3904 3299 3960 Deus
3325 3910 3591 3962 mundum
3619 3906 3810 3961 condi-

2235 3991 2333 4057 dit,
2362 3990 2488 4059 quia
2518 3990 2715 4046 cmlum
2745 4004 2800 4048 et
2847 4002 3078 4063 terram,
3105 4004 3163 4049 ut
3199 3996 3350 4050 multi
3380 3997 3496 4065 alii,
3528 3998 3809 4052 materiam

2233 4081 2374 4146 sive,
2406 4088 2465 4135 ut
2492 4082 2569 4135 ait
2593 4083 2991 4153 Augustinus’,
3021 4102 3205 4141 semen
3234 4090 3360 4143 (εωιί
3414 4100 3473 4143 et
3523 4100 3685 4144 terra;
3736 4088 3812 4141 in-

2237 4171 2533 4242 telligebat.
2560 4173 2944 4246 Athenagoras
2975 4177 3157 4242 docet,
3198 4196 3252 4231 n.
3286 4180 3341 4243 4,
3372 4182 3658 4236 materiam
3690 4192 3809 4233 esse

2233 4274 2474 4317 creatam
2504 4276 2561 4319 et
2590 4269 2931 4337 corruptioni
2973 4271 3305 4336 obnoxiam;
3334 4280 3389 4325 et
3411 4287 3467 4326 n.
3503 4272 3592 4338 10,
3626 4271 3806 4326 omnia

2231 4366 2330 4421 per
2361 4354 2598 4409 Verbum
2630 4366 2814 4412 creata
2838 4368 2894 4412 et
2917 4370 3133 4415 ornata.

2301 4446 2365 4501 ll.
2398 4446 2656 4513 Quamvis
2706 4450 2953 4507 Justinus
3006 4462 3059 4508 et
3104 4453 3491 4525 Athenagoras
3543 4456 3692 4511 idem
3737 4454 3802 4509 de

556 4518 810 4572 erunibus
844 4524 1137 4589 vetustior,
1168 4532 1228 4577 ut
1264 4539 1427 4593 supra
1470 4525 1989 4591 demonstravimus,
2030 4542 2129 4595 per

2236 4540 2473 4594 materiae
2513 4542 2797 4597 creatione
2826 4544 3122 4608 senserint,
3151 4560 3217 4600 ac
3252 4545 3555 4603 Christiani
3591 4561 3799 4609 omnes,

557 4623 719 4677 quem
751 4611 975 4677 spiritus
1002 4615 1354 4683 propheticus
1394 4617 1667 4685 quomodo
1702 4619 1959 4672 mundum
1986 4618 2127 4673 Deus

558 4704 715 4759 initio
735 4716 789 4760 et
818 4720 885 4760 ex
915 4708 1111 4775 quibus
1136 4708 1465 4774 condiderit,
1498 4710 1747 4765 declarat
1789 4711 1872 4765 his
1901 4713 2085 4767 verbis
2112 4729 2124 4765 :

556 4795 626 4850 In
652 4798 910 4865 principio
960 4799 1079 4867 fecit
1113 4799 1250 4854 Deus
1281 4802 1468 4854 caelum
1495 4812 1543 4855 et
1574 4812 1791 4858 terram.
1835 4804 1997 4860 Terra
2036 4823 2131 4860 au-

558 4902 661 4944 tem
682 4903 794 4945 erat
827 4893 1107 4947 invisibilis
1138 4904 1188 4947 et
1212 4896 1609 4963 incomposita;
1633 4906 1682 4951 et
1714 4899 1942 4953 tenebra:
1973 4916 2129 4969 super

558 4985 840 5054 abyssum;
865 4996 912 5040 et
936 4986 1164 5054 Spiritus
1186 4986 1286 5040 Dei
1317 4988 1588 5055 ferebatur
1615 5008 1774 5060 super
1810 5009 2024 5060 aquam.
2064 4994 2127 5047 Et

557 5078 691 5131 dixit
739 5077 882 5131 Deus
913 5092 932 5130 .'
969 5077 1095 5132 Fiat
1139 5080 1253 5146 lux,
1285 5090 1333 5135 et
1392 5082 1536 5151 facta
1591 5094 1667 5138 est
1732 5083 1890 5141 lux‘.
1951 5085 2127 5140 Verbo

558 5169 724 5239 igitur
760 5172 853 5225 Dei
880 5186 949 5226 ex
975 5172 1238 5241 subjectis
1265 5184 1321 5229 et
1346 5190 1375 5227 a
1416 5174 1598 5246 Moyse
1636 5178 1937 5248 designatis
1962 5181 2125 5232 rebus

557 5262 819 5316 mundum
852 5264 1166 5317 universum
1196 5280 1319 5320 esse
1349 5269 1628 5322 conditum
1656 5278 1709 5323 et
1747 5267 1927 5334 Plato,
1952 5278 2009 5325 et
2032 5269 2125 5339 qui

556 5353 747 5405 eadem
771 5366 837 5405 ac
865 5351 955 5406 ille
984 5352 1197 5420 dicunt,
1236 5366 1292 5409 et
1316 5371 1414 5411 nos
1461 5358 1561 5426 ipsi
1595 5358 1906 5426 didicimus,
1938 5363 2127 5418 vobis-

556 5457 665 5511 que
713 5443 835 5498 licet
877 5444 1019 5499 idem
1057 5448 1386 5517 perspicere.
1416 5469 1434 5502 ι
1467 5449 1534 5505 Ει
1568 5466 1625 5508 n.
1649 5451 1739 5519 67,
1771 5453 1919 5508 nulla
1953 5466 2125 5510 mate-

553 5535 649 5589 riae
662 5537 953 5593 creationis
968 5538 1111 5595 facta
1142 5541 1440 5611 mentione,
1461 5545 1629 5600 Deum
1655 5549 1733 5601 ait
1760 5565 1772 5601 :
1802 5566 1820 5599 ‹
1847 5547 1983 5603 Cum
2008 5565 2127 5603 ma-

557 5627 747 5681 teriam
774 5637 830 5685 et
860 5633 1109 5689 tenebras
1128 5636 1402 5703 vertisset,
1433 5641 1691 5695 mundum
1711 5639 1964 5697 effecisse
1994 5662 2013 5695 ι

624 5720 1004 5794 Athenagoras
1037 5727 1197 5783 docet
1235 5731 1287 5784 in
1322 5730 1571 5801 Apolog.,
1627 5750 1680 5789 η.
1731 5734 1797 5789 10
1839 5755 1851 5788 :
1887 5736 2124 5793 Verbum

659 5833 675 5863 ¹
706 5832 846 5891 Gen.
870 5850 910 5892 t.
995 5840 1013 5867 ³
1040 5837 1243 5895 Contra
1272 5844 1393 5900 adv.
1421 5844 1521 5915 leg.

2233 4630 2506 4684 interdum
2541 4641 2720 4687 tamen
2748 4635 2951 4687 trullam
2987 4635 3074 4689 vel
3112 4636 3287 4691 levem
3322 4639 3483 4708 hujus
3507 4638 3803 4695 creationis

2232 4720 2566 4775 mentionem
2598 4719 2828 4788 faciunt,
2857 4725 2983 4793 quia
3020 4725 3072 4779 id
3103 4726 3171 4780 ab
3202 4728 3284 4781 eis
3336 4743 3443 4782 non
3492 4728 3801 4800 postulabat

2228 4812 2496 4881 propositi
2561 4814 2722 4868 ratio.
2798 4813 3046 4872 Justinus
3099 4818 3191 4874 ubi
3245 4818 3530 4877 Platonem
3581 4823 3800 4883 laudat,

2230 4905 2483 4960 ethnicos
2516 4906 2790 4962 adducere
2816 4918 3069 4975 conatur,
3121 4918 3181 4964 ut
3215 4926 3280 4966 ea
3335 4929 3441 4968 non
3483 4916 3701 4969 oderint
3748 4914 3797 4964 in

2229 4995 2582 5063 Christianis,
2614 5013 2736 5068 quae
2768 4999 2822 5053 in
2855 4999 3085 5055 Platone
3137 5003 3423 5071 mirantur,
3458 5006 3649 5075 eisque
3677 5003 3799 5059 Pla-

2233 5091 2430 5145 tonicae
2480 5092 2745 5147 doctrinae
2799 5108 2922 5148 cum
2972 5096 3287 5151 Christiana
3340 5100 3793 5158 similitudinem,

2230 5182 2397 5237 veluti
2425 5187 2720 5253 quamdam
2762 5186 3082 5243 illecebram
3112 5193 3425 5259 praetendit.
3454 5193 3631 5260 Quare
3671 5201 3797 5245 tunc

2227 5288 2456 5335 necesse
2484 5291 2592 5330 non
2622 5288 2743 5331 erat
2770 5277 2825 5332 in
2853 5277 3082 5335 Platone
3113 5283 3512 5352 ignorationem
3554 5284 3793 5339 materia:

2230 5370 2524 5425 creationis
2553 5373 2853 5443 exagitare,
2885 5378 2979 5431 sed
3009 5380 3183 5433 satius
3222 5381 3514 5438 videbatur
3557 5380 3700 5435 illius
3729 5378 3793 5429 de

2228 5462 2429 5516 mundo
2462 5463 2556 5518 Dei
2579 5465 2846 5534 sapientia
2876 5479 3064 5525 creato
3093 5474 3419 5529 sententiam
3462 5472 3708 5535 laudare,
3735 5474 3792 5519 ιιι

2227 5564 2297 5606 ex
2324 5551 2547 5625 illloysis
2582 5558 2834 5613 haustam
2884 5560 3154 5630 fontibus;
3205 5567 3456 5635 quamvis
3511 5562 3789 5619 materiam

2228 5656 2472 5701 creatam
2496 5647 2708 5719 Moyses
2739 5650 3030 5725 intelligat,
3054 5663 3113 5710 ut
3145 5655 3395 5714 Jusunus
3425 5674 3531 5713 non
3562 5656 3788 5710 obscure

2229 5736 2492 5803 declarat,
2561 5740 2863 5801 increatam
2907 5745 3086 5805 Plato.
3144 5749 3299 5821 Saepe
3358 5751 3491 5807 alias
3544 5747 3787 5802 laudatus
