3932 6258
194 392 258 445 37
1210 391 1275 450 Β.
1311 388 1577 445 MARANI
1607 389 2004 447 PREFATIO.
2037 422 2106 431 —
2147 390 2327 445 PARS
2358 388 2421 444 ll.
3419 397 3490 454 58

196 508 355 572 Phto,
380 509 532 578 quod
565 506 786 577 rejectis
831 508 1110 567 aliorum
1162 512 1613 584 philosophorum
1646 528 1799 568 som-
1828 520 1876 579 Α
1906 513 2074 568 verba
2116 511 2345 567 Latinus
2398 514 2685 583 interpres.
2709 512 2987 586 [Observat
3022 512 3285 587 Origenes
3324 515 3419 573 lib.
3455 533 3491 572 ν

199 603 297 658 niis
325 601 585 656 mundum
608 616 641 655 a
662 604 776 660 Deo
818 604 1143 660 conditum
1176 606 1450 670 docuerit,
1481 614 1542 659 ut
1563 606 1630 660 ad
1657 604 1802 659 hunc

205 692 448 763 Apologia:
492 694 519 747 1
554 692 743 748 locum
776 694 1131 750 observavi.
1160 694 1219 749 In
1252 695 1360 750 alio
1406 695 1549 758 loco,
1581 695 1672 750 ubi
1702 693 1799 748 Ju-

212 782 368 836 stinus
389 782 571 837 omnia
593 797 667 838 ex
701 782 945 839 informi
986 784 1222 840 materia
1257 784 1413 839 docet
1438 799 1468 839 a
1496 784 1605 839 Deo
1631 784 1803 839 fuisse

216 885 395 938 creata,
424 884 550 943 apte
583 885 643 931 et
695 889 1139 948 consequenter
1175 876 1563 931 ratiocinatur.
1592 876 1800 931 Probat

218 968 337 1020 enim
364 966 526 1021 Deum
560 985 675 1023 non
706 969 964 1039 indigere
992 969 1360 1024 materialibus
1380 968 1657 1022 hominum
1699 968 1800 1021 do-

215 1062 314 1122 nis;
338 1061 510 1113 omnia
540 1062 691 1114 enim
715 1061 886 1115 illum
919 1064 1383 1130 suppeditare.....
1410 1070 1459 1116 et
1490 1077 1610 1114 cum
1633 1060 1798 1115 bonus

208 1154 270 1205 sit
294 1192 310 1214 ,
342 1156 518 1207 omnia
554 1154 722 1207 illum
765 1154 837 1207 ab
874 1155 1034 1208 initio
1065 1171 1132 1209 ea:
1162 1155 1382 1223 informi
1414 1156 1643 1208 materia
1669 1171 1797 1224 pro-

207 1256 307 1311 pter
332 1244 571 1299 homines
605 1261 855 1299 creasse.
888 1244 1130 1301 Necesse
1172 1262 1277 1302 non
1304 1254 1422 1301 erat
1444 1248 1497 1302 in
1532 1245 1797 1314 ejusmodi

203 1347 512 1405 argumento
589 1339 903 1393 materiam
961 1340 1248 1408 conceptis
1309 1339 1495 1394 verbis
1549 1347 1794 1393 creatam

201 1428 399 1493 dicere;
424 1429 524 1483 sed
545 1443 681 1483 eum
714 1428 872 1483 illam
910 1428 1233 1498 dispositam
1260 1438 1316 1485 et
1337 1438 1588 1485 ornatam
1623 1428 1795 1484 fuisse

201 1519 392 1575 ethnici
424 1522 843 1587 concederent,
889 1523 1026 1577 satis
1061 1531 1181 1578 erat
1209 1523 1313 1578 hoc
1342 1522 1615 1591 principio
1639 1529 1797 1577 uten-

200 1620 298 1664 tem
362 1612 792 1680 demonstrare,
848 1614 1021 1668 Deum
1079 1613 1454 1669 materialibus
1510 1613 1792 1668 hominum

192 1702 344 1757 donis
400 1718 512 1758 non
568 1704 853 1775 indigere.
911 1707 1005 1762 Sic
1051 1708 1217 1761 etiam
1259 1722 1382 1761 cum
1427 1707 1505 1760 ait
1538 1706 1627 1761 die
1663 1706 1795 1761 solis

195 1794 538 1851 Christianos
598 1798 943 1864 convenire,
981 1799 1113 1869 quia
1150 1799 1265 1853 haec
1300 1797 1418 1852 dies
1466 1805 1570 1863 est,
1602 1797 1656 1850 in
1686 1811 1790 1867 qua

194 1885 331 1939 Deus
359 1887 636 1942 tenebras
671 1898 734 1943 et
777 1889 1067 1944 materiam
1122 1889 1307 1953 vertit,
1338 1903 1402 1943 ac
1429 1887 1678 1944 Christus
1703 1903 1792 1941 re-
1822 1892 1866 1947 B

192 1978 450 2043 surrexit,
484 1977 635 2032 nihil
669 1977 813 2031 dicit
845 1980 991 2045 quod
1041 1993 1166 2061 non.
1202 1978 1552 2034 verissimum
1606 1978 1697 2043 sit,
1732 1988 1788 2034 et

194 2068 254 2119 ad
279 2066 752 2122 Christianorum
801 2066 977 2123 cultui
1010 2068 1459 2139 approbationem
1487 2069 1785 2125 concilian-

195 2161 307 2214 dam
336 2160 636 2216 idoneum.

256 2250 373 2307 Non
422 2253 719 2309 absimilis
746 2268 911 2311 causa
947 2254 1357 2325 Athenagoram
1404 2255 1632 2322 detinet,
1658 2269 1789 2325 quo-

201 2346 362 2400 minus
394 2346 711 2401 materiam
740 2347 1030 2416 conceptis
1056 2348 1240 2402 verbis
1266 2356 1513 2401 creatam
1542 2347 1687 2401 dicat
1729 2346 1785 2402 in

203 2437 317 2492 locis
354 2437 536 2493 modo
592 2438 810 2493 allatis.
846 2438 1007 2505 Quod
1064 2437 1272 2492 ethnici
1314 2437 1552 2492 libenter
1586 2439 1788 2493 dabant

199 2532 477 2585 materiam
536 2530 662 2585 Deo
702 2531 773 2586 ad
810 2541 989 2585 artem
1039 2531 1267 2586 obedire
1297 2540 1354 2586 et
1382 2532 1602 2601 subjici,
1637 2546 1787 2585 eam-

198 2638 339 2693 qnea
373 2623 493 2680 Deo
533 2631 801 2679 ornatam
844 2633 901 2679 et
939 2624 1173 2678 divisam
1208 2622 1410 2687 fuisse,
1443 2623 1498 2677 id
1537 2624 1783 2678 Athena-

198 2729 345 2783 goras
385 2715 726 2783 argumenti
774 2715 897 2770 loco
945 2717 1172 2786 accipit,
1198 2730 1255 2769 n.
1287 2714 1379 2779 15,
1404 2723 1461 2769 ιιι
1498 2715 1783 2768 materiam

197 2808 373 2874 pmbet
396 2809 517 2863 Deo
543 2809 955 2879 adaaquandam
1009 2825 1114 2864 non
1147 2824 1290 2873 esse,
1323 2823 1389 2864 ac
1423 2808 1647 2877 proinde
1675 2822 1783 2863 non

200 2902 411 2957 cohada
440 2901 793 2957 simulacra.
826 2901 1060 2965 Statuit,
1089 2917 1145 2955 n.
1174 2901 1264 2969 19,
1296 2916 1434 2970 opus
1461 2914 1585 2955 esse
1613 2908 1788 2957 mate-

204 2997 324 3050 riam
345 2996 540 3065 Opiﬁci
569 3005 631 3049 et
659 2995 914 3065 Opificetn
950 2996 1222 3061 materiai;
1275 2996 1370 3049 sed
1401 2996 1454 3051 id
1486 2995 1694 3063 statuit,
1726 3003 1786 3049 ut

200 3102 378 3158 squam
410 3104 531 3143 non
566 3103 701 3143 esse
739 3088 995 3142 omnium
1048 3087 1405 3157 principium,
1437 3086 1654 3140 nemine
1694 3102 1784 3141 re-

197 3192 487 3252 pugnante,
519 3184 904 3236 demonstret.
931 3178 1113 3250 Atque
1145 3190 1207 3234 ut
1253 3181 1663 3248 Athenagoram
1688 3195 1784 3251 pa-

199 3283 300 3328 teat
328 3275 576 3346 quadam
608 3273 784 3328 veluti
809 3273 877 3328 ad
922 3273 1194 3343 principia
1222 3275 1667 3329 adversariorum
1700 3288 1784 3328 ac-

200 3369 644 3423 commodatione
691 3368 797 3433 uti,
836 3376 896 3421 ut
927 3381 1022 3422 eos
1072 3366 1291 3421 facilius
1322 3365 1581 3434 refellat;
1617 3379 1785 3437 appo-

200 3475 316 3515 nam
344 3460 672 3530 exemplum
718 3474 787 3514 ex
838 3459 981 3515 libro
1011 3458 1091 3513 De
1119 3460 1507 3514 resurrectione
1541 3469 1782 3513 mortuo-

202 3570 332 3617 ηιιι,
361 3553 461 3608 ubi
490 3552 673 3608 Deum
708 3550 777 3605 ad
808 3554 979 3605 vitam
1026 3565 1192 3620 posse
1228 3561 1478 3606 mortuos
1528 3564 1787 3605 revocare

206 3645 275 3699 sic
316 3646 539 3714 probat,
595 3658 657 3697 η.
703 3636 905 3707 ὃιτΗς
930 3642 1041 3715 γάρ
1090 3644 1206 3696 ἐστι
1248 3641 1533 3714 δυνάμεως
1562 3642 1654 3695 καί
1683 3641 1785 3713 τὴν

208 3740 321 3806 παρ’
340 3739 529 3801 αὐτοῖς
563 3736 968 3808 νενομισμένην
1009 3736 1255 3808 ἄμορφον
1275 3732 1443 3789 οὖσαν
1474 3735 1781 3807 μορφῶσαι,

207 3835 291 3886 ut
315 3834 414 3904 τὴν
442 3833 688 3887 ἀνείδεον
738 3833 831 3885 καὶ
874 3831 1269 3903 ἁδιακόσμητον
1299 3832 1513 3893 πολλοῖς
1544 3831 1637 3884 καὶ
1668 3831 1784 3884 δια-

212 3924 379 3995 ςὺροις
427 3923 603 3977 εἴδεσι
653 3924 1045 3995 κοσμῆσαι.....
1083 3923 1183 3994 τῆς
1232 3922 1401 3993 αὐτῆς
1440 3924 1557 3975 ἐστι
1601 3921 1787 3975 καὶτὸ

212 4012 579 4085 τισὶ-ελυμένον
606 4016 828 4079 ὲνῶσαι,
850 4016 943 4069 καὶ
973 4014 1037 4067 τὸ
1063 4014 1312 4086 κείμενον
1341 4014 1665 4085 ἀναστῆσαι,
1693 4016 1786 4069 καὶ

216 4103 267 4154 τὸ
287 4104 546 4177 τεθνηκὸς
578 4105 912 4175 ζωοποιῆσαι
945 4104 1128 4169 πάλιν,
1158 4104 1334 4157 καὶτὸ
1355 4103 1591 4174 φθαρτὸν
1624 4119 1789 4174 μετα-

214 4195 384 4249 ϐαλεῖν
412 4200 495 4261 εἰς
528 4197 861 4268 ἀφθαρσίαν.
902 4216 922 4249 ‹
947 4197 1115 4267 Cujus
1158 4197 1305 4251 enim
1362 4197 1652 4266 potestatis
1704 4201 1788 4249 est

216 4289 447 4354 infami,
482 4300 546 4345 ut
572 4290 652 4343 illi
700 4290 1041 4354 existimant,
1077 4289 1322 4344 materiae
1370 4288 1603 4343 formam
1632 4286 1789 4342 affin-

215 4395 351 4449 gcre,
376 4390 431 4434 et
460 4382 645 4450 specie
670 4396 736 4436 ac
762 4390 959 4436 ornatu
980 4392 1262 4437 carentem
1297 4380 1485 4436 multis
1510 4380 1789 4449 variisque

214 4470 397 4541 ﬁguris
421 4487 743 4528 ornare.....
779 4472 1025 4541 ejusdem
1056 4487 1277 4543 quoque
1327 4482 1413 4528 est
1441 4480 1497 4527 et
1519 4471 1786 4527 dissoluta

1902 605 1981 660 De
2002 606 2273 675 principiis
2301 606 2402 662 hoc
2442 614 2649 661 tantum
2683 607 2735 661 in
2776 606 3069 677 Scriptura:
3100 610 3219 666 loco
3247 609 3489 667 vocabu-

1903 699 2010 751 lum
2044 695 2283 749 materiae
2309 694 2411 750 hoc
2436 709 2600 751 sensu
2626 698 2895 767 usurpari.
2938 698 3082 754 Citat
3124 700 3373 756 eumdem
3404 701 3489 756 lo-

1903 800 2025 841 cum
2052 787 2390 856 Augustinus
2416 788 2510 843 lib.
2538 804 2553 842 l
2582 789 2779 843 Contra
2813 790 3019 844 advers.
3037 789 3163 861 legis
3179 801 3230 845 et
3244 796 3488 863 praphot.

1901 892 1991 934 aet
2006 878 2177 933 Deum
2192 880 2443 934 observat
2460 880 2525 935 de
2540 882 2765 935 materia
2788 881 3006 951 quidem
3028 882 3249 937 informi
3288 883 3487 941 fecisse

1902 968 2185 1034 mundum,
2214 970 2306 1024 sed
2340 968 2503 1023 simul
2539 985 2660 1025 eam
2726 985 3186 1026 concreassecum
3211 975 3428 1029 mundo.
3462 993 3482 1026 ι

1972 1058 2265 1129 Gregorius
2291 1060 2566 1116 Nazianz.
2592 1076 2764 1116 carm.
2788 1061 2954 1116 iamb.
2981 1063 3070 1129 18,
3097 1078 3225 1134 pag.
3252 1063 3380 1132 205,
3407 1066 3488 1122 sic

1905 1149 2149 1222 loquitur
2184 1168 2200 1204 :

2051 1260 2110 1331 Ὀ
2141 1260 2251 1333 γὰρ
2280 1262 2429 1335 σοφῷ
2472 1262 2542 1317 τὰ
2580 1265 2758 1319 πάντα
2786 1265 3030 1338 ’ποιήσας
3059 1268 3268 1339 λόγῳ...
3314 1262 3317 1265 λ

2038 1353 2258 1424 Κόσμον
2287 1371 2347 1407 τε
2375 1354 2542 1419 τάξας
2571 1356 2758 1410 τοῦτον
2791 1357 2851 1422 ἐξ
2884 1360 3174 1430 ἀκοσμίας.

1975 1488 1994 1522 ι
2017 1469 2275 1539 Sapieute
2299 1487 2424 1526 nam
2452 1473 2544 1542 qui
2570 1483 2763 1530 cuncta
2779 1475 2957 1531 Verbo
2970 1476 3308 1532 condidit....
3331 1477 3483 1533 inor-

1899 1562 2191 1632 dinatoque
2220 1563 2467 1619 ordinem
2497 1564 2625 1619 huic
2650 1566 2849 1620 mundo
2869 1567 3037 1620 dedit.
3060 1585 3078 1619 ι
3110 1566 3410 1620 EtinOrat.
3431 1570 3479 1633 l,

1895 1669 2024 1725 pag.
2049 1654 2461 1724 35,comparat
2506 1656 2844 1711 turbulentos
2889 1665 3090 1721 motus,
3142 1673 3372 1727 quorum
3398 1668 3482 1712 te-

1895 1746 1995 1800 stis
2041 1754 2181 1809 erat,
2215 1758 2339 1799 cum
2392 1745 2661 1815 indigesta
2710 1746 2951 1801 materia:
2988 1745 3132 1801 mole
3187 1758 3477 1816 antequam

1896 1839 2038 1892 Deus
2057 1837 2302 1892 ordinem
2327 1847 2383 1892 et
2404 1846 2682 1903 ornatum,
2716 1853 2876 1907 quem
2903 1837 3299 1905 conspicimus,
3318 1839 3481 1893 indu-

1890 1943 2057 1983 ceret.
2083 1927 2276 1996 Γέγονε
2303 1927 2361 1981 δὲ
2388 1927 2454 1981 τὰ
2483 1927 2661 1980 πάντα
2686 1927 2762 1991 ὡς
2788 1927 2846 1980 τὸ
2876 1928 2971 1980 ἀπ’
2993 1927 3189 1999 ἀρχῆς,
3216 1928 3306 1980 ὅτε
3329 1927 3483 1981 οὔπω

1889 2020 2090 2090 κόσμος
2139 2014 2228 2090 ἦν,
2278 2019 2401 2072 οὐδὲ
2439 2021 2471 2090 ἡ
2514 2019 2607 2073 νῦν
2640 2018 2978 2083 εὐταξίακαὶ
3008 2019 3308 2091 μόρφωσις,
3344 2017 3481 2072 ἀλλὰ

1889 2109 2293 2181 συγκεχυμένον
2325 2108 2385 2163 τὸ
2416 2110 2524 2162 πᾶν
2554 2109 2647 2163 καὶ
2673 2109 2958 2181 ἀνώμαλον
2986 2110 3155 2162 ἐδεῖτο
3201 2110 3301 2179 τῆς
3348 2110 3482 2163 εἰδο-

1887 2200 2042 2254 ποιοῦ
2081 2200 2263 2272 χειρὸς
2306 2199 2401 2252 καὶ
2447 2200 2747 2271 δυνάμεως.
2786 2219 2804 2251 ι
2838 2200 3111 2270 Factaque
3138 2201 3319 2255 omnia
3352 2212 3482 2256 sunt

1885 2302 1946 2347 ut
1974 2296 2041 2348 ab
2068 2295 2244 2359 initio,
2272 2308 2395 2349 cum
2420 2293 2660 2347 nondum
2691 2294 2922 2348 mundus
2950 2304 3092 2361 erat,
3124 2307 3222 2347 nec
3250 2293 3480 2363 pulchra

1888 2400 1950 2441 ea
1975 2387 2292 2442 constitutio
2313 2397 2368 2443 et
2392 2386 2667 2448 formatio,
2698 2401 2859 2455 quam
2888 2399 3033 2439 nunc
3057 2386 3352 2449 cernimus,
3381 2387 3479 2441 sed

1887 2474 2066 2529 omnia
2099 2475 2325 2531 confusa
2356 2484 2410 2530 et
2454 2475 2727 2530 incondita
2765 2474 3135 2529 formatricem
3172 2490 3391 2529 manum
3424 2485 3481 2530 et

1886 2569 2179 2639 potentiam
2239 2569 2609 2638 requirebant.
2645 2586 2665 2620 ι
2724 2566 2848 2623 Vid.
2899 2565 3054 2622 Orat.
3091 2566 3181 2634 45,
3234 2583 3288 2636 p.
3334 2568 3478 2633 699;

1886 2658 2271 2730 Hieronymus,
2296 2674 2384 2729 ep.
2404 2659 2476 2713 82
2506 2676 2518 2712 :
2557 2678 2576 2711 ‹
2606 2659 2779 2714 Rudis
2817 2660 3068 2726 mundus,
3102 2660 3331 2714 necdum
3363 2660 3481 2715 sole

1839 2792 1847 2801 .
1888 2750 2166 2816 rutilante,
2196 2766 2299 2805 nec
2342 2750 2583 2820 pallente
2614 2750 2762 2816 luna,
2800 2765 2902 2806 nec
2925 2751 3091 2807 astris
3127 2752 3481 2815 micantibus,

1887 2841 2298 2911 incompositam
2352 2852 2408 2897 et
2454 2843 2781 2897 iuvisibilem
2815 2843 3123 2910 materiam,
3150 2844 3479 2911 abyssorum

1886 2935 2257 3005 magnitudine
2300 2945 2355 2990 et
2398 2936 2729 2991 deformibus
2788 2935 3025 2990 tenebris
3059 2936 3419 3003 opprimebat.
3454 2956 3475 2989 ι

1885 3027 2047 3080 Addit
2064 3026 2130 3079 ad
2155 3026 2679 3080 commendationem
2700 3024 2996 3094 baptismi:
3022 3044 3041 3077 (
3065 3025 3223 3081 Solus
3247 3025 3482 3095 Spiritus

1889 3117 1983 3172 Dei
2014 3118 2066 3172 in
2102 3118 2307 3187 aurigae
2339 3118 2558 3173 modum
2591 3132 2756 3188 super
2786 3133 2956 3189 aquas
2990 3117 3269 3174 ferebatur
3294 3128 3349 3173 et
3379 3133 3479 3172 ua-

1810 3229 1851 3287 C
1888 3216 2128 3264 scentem
2159 3211 2417 3264 mundum
2448 3210 2502 3264 in
2530 3210 2703 3280 figura
2750 3208 3011 3278 baptismi
3058 3209 3420 3277 parturiebat.
3453 3228 3473 3262 ι

1886 3301 2335 3356 Observationem
2365 3309 2644 3356 mutuatus
2672 3310 2757 3355 est
2781 3300 3149 3371 Hieronymus
3179 3317 3208 3354 a
3257 3300 3480 3355 Tertul-

1884 3394 2054 3460 liano,
2083 3394 2176 3464 qui
2208 3394 2263 3448 in
2290 3394 2429 3449 libro
2462 3393 2535 3447 De
2565 3393 2982 3462 baptismo,cap.
3019 3393 3073 3457 5,
3096 3393 3177 3447 sic
3198 3392 3476 3462 loquitur:

1889 3501 1908 3535 ι
1939 3482 2074 3537 Nam
2102 3491 2157 3537 et
2178 3484 2415 3537 tenebrae
2450 3490 2578 3536 totae
2625 3483 2801 3537 adhuc
2849 3483 2969 3537 sine
3021 3482 3176 3538 cultu
3233 3483 3478 3538 siderum

1885 3574 2170 3639 informes,
2208 3583 2263 3630 et
2315 3574 2488 3629 tristis
2539 3576 2799 3648 abyssus,
2834 3585 2887 3631 et
2921 3584 3065 3631 terra
3104 3577 3392 3645 imparata,
3424 3587 3484 3633 et

1884 3668 2080 3723 coelum
2113 3670 2245 3721 rude
2269 3666 2447 3722 :solus
2478 3666 2676 3738 liquor,
2704 3682 2923 3737 semper
2946 3669 3176 3724 materia
3203 3667 3476 3736 perfecta,

1886 3756 2033 3823 laeta,
2072 3756 2323 3826 simplex,
2354 3755 2422 3811 de
2466 3772 2564 3811 suo
2584 3772 2746 3825 pura,
2777 3759 3000 3827 dignum
3031 3759 3340 3814 vehiculum
3368 3759 3481 3813 Deo

1886 3847 2229 3916 subjiciebat.
2270 3865 2289 3898 ι
2328 3844 2455 3901 Vid.
2487 3846 2752 3903 Athanas.
2783 3848 2935 3904 Orat.
2959 3851 3081 3907 adv.
3108 3861 3273 3921 ραι..
3297 3868 3353 3905 n.
3384 3850 3477 3908 '58,

1888 3940 1981 4006 41,
2020 3939 2109 3995 42.
2149 3941 2209 3994 In
2235 3938 2322 3993 his
2353 3939 2678 3994 testimoniis
2699 3940 2880 3995 divina
2927 3941 3173 4010 potentia
3225 3958 3331 3998 non
3370 3950 3482 3995 tam

1887 4035 1957 4087 ab
1988 4033 2102 4103 ipsa
2125 4046 2191 4086 ex
2222 4031 2388 4086 nihilo
2417 4032 2699 4086 creatione
2744 4032 3020 4099 laudatur,
3053 4049 3214 4103 quam
3246 4049 3276 4087 a
3311 4033 3483 4087 mira-

1886 4122 1979 4178 bili
2009 4132 2204 4177 ornatu
2232 4137 2392 4191 quem
2437 4122 2604 4175 rebus
2653 4124 2853 4177 creatis
2906 4121 3153 4178 atliuxit:
3185 4124 3480 4195 quominus

1889 4215 2168 4280 miremur,
2200 4215 2247 4269 si
2270 4213 2566 4281 scriptores
2600 4212 2652 4267 in
2690 4213 3000 4271 refellendis
3032 4216 3266 4271 ethnicis
3309 4229 3476 4270 occu-

1888 4308 1998 4375 pati
2053 4308 2390 4363 creationem
2447 4308 2688 4363 materize
2745 4307 2940 4363 leviter
2985 4309 3283 4378 attingunt,
3309 4323 3375 4363 ac
3421 4309 3479 4362 in

1890 4397 2284 4454 considerando
2311 4402 2495 4455 mundi
2524 4401 2716 4456 ordine
2735 4409 2793 4453 et
2822 4399 3191 4468 descriptione
3211 4398 3475 4453 libentius

1890 4497 2195 4557 morantur,
2222 4491 2349 4561 quia
2375 4492 2428 4547 id
2457 4494 2631 4564 magis
2653 4491 2719 4546 ad
2740 4491 3101 4562 profligandos
3125 4490 3477 4548 adversarios

214 4575 597 4635 coagmentare
645 4573 701 4620 et
748 4565 994 4636 iacentia
1039 4565 1310 4629 excitare,
1358 4571 1414 4618 et
1466 4572 1679 4619 mortua
1716 4564 1783 4618 ad
1815 4582 1863 4642 ι)
1889 4582 2193 4652 appositum
2225 4582 2532 4639 videbatur,

216 4655 371 4709 vitam
398 4670 684 4721 revocare,
715 4667 771 4711 et
814 4667 1074 4726 corrupta
1110 4658 1180 4712 ad
1228 4665 1432 4711 statum
1471 4655 1783 4726 corruptio-

214 4750 294 4803 nis
318 4758 605 4819 expertem
640 4759 987 4804 convertere.
1017 4766 1036 4800 ι
1078 4748 1176 4803 llis
1224 4748 1429 4811 verbis,
1468 4748 1708 4818 informi,
1728 4757 1786 4802 ut

212 4841 287 4894 illi
312 4843 646 4907 existimant,
674 4841 935 4905 materiae,
970 4841 1108 4894 satis
1135 4839 1383 4895 declarat
1406 4840 1788 4910 Athenagoras

213 4946 269 4987 se
292 4933 360 4986 de
390 4932 586 4987 mundi
635 4932 918 4987 creatione
962 4932 1285 5001 praeclarius
1329 4946 1490 5002 quam
1522 4931 1785 4986 adversa-

216 5028 322 5081 rios
350 5027 579 5092 sentire,
617 5025 716 5081 sed
745 5034 929 5081 tamen
960 5038 1283 5098 argumenta
1322 5042 1389 5081 ex
1414 5026 1587 5095 ipsius
1616 5033 1791 5080 mate-

218 5118 305 5172 ria
340 5119 628 5174 creatione
666 5132 773 5173 non
820 5100 1113 5187 deducere,
1150 5133 1272 5172 cum
1302 5116 1460 5172 facile
1481 5124 1694 5187 posset;
1726 5130 1791 5171 ac

213 5210 299 5275 iis,
330 5225 455 5280 qua
504 5214 574 5265 ab
626 5211 967 5266 adversariis
1023 5210 1419 5275 conceduntur,
1470 5215 1789 5264 contentum

212 5314 349 5365 esse.
386 5310 446 5357 ut
477 5316 573 5357 eos
621 5301 858 5357 validius
892 5299 1078 5370 feriat,
1108 5316 1175 5357 ac
1206 5313 1427 5356 omnem
1455 5299 1790 5371 repugnandi

212 5394 387 5451 locum
419 5396 739 5467 pmcludat.

278 5487 365 5544 Ill.
393 5489 641 5546 Justinus
664 5498 722 5546 et
750 5489 1130 5558 Athenagoras
1186 5489 1257 5543 ab
1308 5486 1507 5542 usitata
1544 5484 1796 5553 sacris/et

214 5582 591 5639 ecclesiasticis
618 5580 989 5653 scriptoribus
1039 5578 1290 5648 loquendi
1338 5578 1549 5633 ratione
1574 5577 1797 5631 minime

215 5673 505 5731 discedunt.
548 5677 606 5731 ln
642 5676 787 5732 libro
845 5672 1159 5743 Sapientiae,
1198 5685 1318 5742 cap.
1352 5687 1416 5739 tt,
1442 5687 1495 5727 ν.
1522 5670 1590 5726 18
1621 5685 1637 5724 ι
1664 5666 1795 5724 0m-

218 5770 457 5841 nipotens
507 5772 603 5828 Dei
648 5785 851 5828 manus
896 5771 1157 5827 mundum
1219 5768 1280 5832 ἐξ
1337 5766 1585 5837 ἀμόρφου
1640 5763 1792 5835 ὕλης,

223 5879 240 5912 ι
266 5878 327 5917 ex
358 5864 573 5921 informi
602 5864 835 5921 materia
869 5862 1123 5937 r_fecisse
1175 5860 1392 5916 dicitur.
1425 5855 1636 5931 _Otnisit
1682 5855 1797 5913 haec
1830 5898 1835 5903 .

2503 4706 2730 4763 CAPUT
2766 4705 2831 4760 lll

1889 4816 2006 4883 Quo
2046 4834 2204 4873 sensu
2228 4816 2479 4873 Justinus
2509 4828 2656 4942 αεεὲᾳ
2687 4820 2926 4941 ρῗηιὶιηιε
2953 4821 3081 4875 data
3107 4820 3177 4874 ad
3205 4818 3482 4874 colendum

2633 4906 2702 4942 τίει
2741 4931 2752 4942 .

2633 4906 2752 4943 εχει.

1889 5001 1928 5051 l.
1955 5004 2008 5053 S.
2034 5002 2279 5065 martyris
2326 5005 2575 5051 sententia
2620 5004 2901 5065 explicatur
2938 5009 2991 5051 et
3033 5002 3269 5065 adversus
3292 5000 3483 5048 Jurium

1954 5064 2265 5114 defenditur.
2294 5065 2353 5114 ll.
2380 5066 2583 5125 Iniquus
2602 5063 2771 5115 Jurius
2788 5068 2838 5114 in
2860 5067 2983 5115 alios
3003 5063 3265 5111 nonnullos
3279 5075 3334 5110 ac
3355 5075 3483 5123 pra:-

1953 5130 2102 5189 cipue
2125 5128 2177 5175 in
2200 5126 2631 5188 S.‘Augusttnum.

1961 5208 2003 5263 Ι.
2038 5208 2222 5264 Jurius
2246 5210 2298 5263 in
2324 5207 2567 5263 Historia
2593 5209 2779 5262 critica
2814 5209 3120 5278 dogmatum
3151 5212 3203 5259 et
3242 5204 3479 5258 culmum

1898 5298 2169 5366 Ecclesia’,
2196 5306 2340 5367 part.
2370 5314 2440 5363 tv,
2466 5314 2521 5368 p.
2556 5299 2683 5363 711,
2730 5298 3049 5367 praeclaram
3100 5294 3202 5351 sibi
3232 5296 3484 5348 occasio-

1894 5407 2015 5448 nem
2040 5392 2106 5448 de
2128 5390 2345 5447 Iustino
2367 5389 2685 5447 detrahendi
2736 5400 2930 5445 nactus
2973 5388 3212 5455 videtur,
3259 5387 3388 5456 quia
3418 5387 3482 5442 S.

1896 5495 2106 5555 martyr
2152 5485 2284 5539 dicit
2319 5483 2558 5553 Dialog.,
2590 5501 2644 5537 η.
2676 5483 2771 5538 121
2805 5498 2819 5537 :
2848 5482 2952 5535 Τὸν
2988 5481 3085 5552 μὲν
3118 5481 3269 5552 ἣλιον
3295 5480 3323 5531 ὁ
3350 5478 3484 5543 Θεὸς

1895 5576 2146 5631 ἐδεδώκει
2176 5576 2441 5651 πρότερον
2457 5578 2535 5639 εἱς
2554 5575 2614 5629 τὸ
2643 5575 2963 5649 προσκυνεῖν
2992 5572 3153 5626 αὐτὸν
3175 5572 3250 5635 ὼς
3278 5569 3484 5641 γέγρα-

1898 5686 2051 5735 πται,
2076 5669 2169 5722 καὶ
2194 5668 2382 5721 οὐδένα
2413 5666 2666 5720 οὐδέποτε
2690 5666 2816 5719 ἰδεῖν
2839 5664 2984 5718 ἔστιν
3012 5662 3377 5734 ὑπομείναντα
3395 5659 3485 5714 διὰ

1896 5762 1995 5832 τὴν
2026 5760 2162 5830 πρὸς
2188 5760 2278 5812 τὸν
2306 5758 2456 5829 ἥλιον
2487 5758 2665 5811 πίστιν
2695 5755 3001 5810 ἀποθανεῖν.
3026 5772 3043 5804 t
3067 5752 3247 5808 Solem
3266 5749 3483 5820 quidem

1904 5854 2043 5911 Deus
2076 5852 2296 5909 dederat
2325 5850 2478 5923 prius
2510 5852 2574 5907 ad
2620 5849 2980 5929 adorandum,
3032 5845 3173 5903 sicut
3218 5841 3479 5910 scriptum
