3932 6258
440 402 510 462 59
1334 400 1392 457 S.
1430 395 1767 456 JUSTINUS
1805 394 2289 453 PHILOSOPHUS
2326 395 2415 452 ET
2456 394 2773 453 MARTYR.
3656 399 3732 457 ιο

437 533 555 591 est;
597 536 696 577 nec
740 520 1033 593 quisquam
1087 535 1327 590 unquam
1369 520 1603 584 exstitit,
1651 519 1746 589 qui
1795 528 2028 574 mortem
2058 523 2106 580 Α
2132 532 2202 573 no
2228 516 2356 572 facti
2390 516 2562 582 athei,
2590 516 2813 571 omnino
2829 515 2995 571 etiam
3021 513 3333 571 interirent.
3359 531 3380 568 ι
3406 512 3520 570 Etsi
3544 502 3729 571 autem

415 586 661 687 ipropter
694 586 854 669 {id-em
880 586 932 667 in
964 613 1135 668 solem
1173 586 1479 682 oppeteret.
1518 631 1537 664 ι
1573 586 1756 667 Locus
1783 610 2030 682 Scripta.

438 723 514 762 rte
539 722 568 761 a
609 705 824 761 Justino
872 705 1143 759 indicatus
1180 710 1359 759 exstat
1412 704 1799 759 Deuteronom.
1830 719 1906 769 IV,
1937 703 2030 767 19,

438 800 531 854 ubi
562 799 640 855 sic
669 799 867 870 legitur
901 814 915 853 :
954 796 1037 851 Ne
1067 796 1203 866 forte
1255 796 1473 852 elevatis
1519 796 1685 850 oculis
1724 796 1795 850 ad
1842 795 2031 850 caelum

439 893 619 949 videas
649 891 813 945 solem
843 902 893 944 et
922 889 1105 944 lunam
1151 896 1203 942 et
1243 889 1421 943 omnia
1444 896 1591 941 astra
1619 886 1734 941 caeli
1773 894 1823 940 et
1852 901 2029 940 errore

439 990 681 1057 deceptus
713 986 901 1041 adores
923 994 1047 1039 eaet
1072 983 1217 1037 colas
1244 998 1360 1051 qua:
1379 982 1573 1037 creavit
1604 981 1858 1035 Dominus
1885 979 2028 1034 Deus

438 1092 561 1135 tuus
598 1081 655 1133 in
696 1077 1048 1131 ministerium
1076 1075 1277 1129 cunctis
1308 1074 1568 1143 gentibus,
1603 1089 1725 1143 qua:
1753 1072 1848 1127 sub
1905 1070 2031 1126 creto

438 1180 579 1227 sunt.
626 1170 834 1225 Habent
869 1166 1011 1223 LXX
1042 1189 1053 1223 :
1093 1168 1161 1220 Ἃ
1191 1166 1455 1238 ἀπένειμε
1476 1165 1682 1236 Κύριος
1714 1166 1742 1218 6
1764 1163 1896 1227 Θεός
1932 1180 2030 1217 σου

439 1265 579 1319 αὐτὰ
624 1265 757 1317 πᾶσι
798 1264 909 1326 τοῖς
954 1260 1131 1316 ἔθνεσι
1180 1262 1292 1323 τοῖς
1338 1257 1594 1311 ὑποκάτω
1638 1254 1732 1309 τοῦ
1776 1253 2027 1326 οὐρανοῦ.

437 1351 709 1408 Iustinum
740 1352 905 1421 igitur
931 1350 1170 1417 exagitat
1201 1347 1391 1403 Jurius
1421 1355 1479 1401 et
1500 1346 1662 1410 alios,
1692 1360 1830 1413 quos
1857 1346 1908 1399 ei
1935 1345 2032 1398 ad-

433 1443 634 1513 jungit,
667 1443 922 1496 nimirum
976 1440 1309 1497 Clementem
1339 1437 1794 1504 Alexandrinum,
1835 1435 2030 1505 Orige-

438 1550 561 1588 nem
585 1542 641 1588 et
664 1533 1046 1603 Augustinum,
1078 1532 1217 1602 quod
1246 1531 1343 1584 sibi
1374 1530 1631 1599 ﬁnxerint
1666 1527 1889 1598 Moysen
1939 1529 2028 1581 di-

436 1627 578 1678 xisse
631 1623 802 1678 Deum
854 1624 1187 1679 distribuisse
1246 1620 1407 1675 solem
1455 1628 1506 1674 et
1555 1620 1738 1674 lunam
1765 1629 1815 1673 et
1844 1619 2027 1673 stellas

437 1715 743 1785 gentilibus,
770 1722 829 1768 ut
858 1724 1025 1769 essent
1052 1730 1235 1768 eorum
1266 1713 1365 1779 dii,
1400 1728 1462 1765 ac
1495 1727 1560 1766 ea
1607 1711 1919 1775 adorarent,
1945 1712 2025 1764 si-

438 1808 588 1865 biaue
612 1823 902 1861 reservasse
927 1806 1176 1875 populum
1214 1806 1406 1861 Israel.
1436 1806 1553 1859 Non
1580 1804 1634 1859 in
1663 1804 1809 1860 solos
1833 1804 2028 1859 Patres

2134 615 2435 670 deteriores
2465 614 2587 669 illos
2617 622 2775 683 putat
2801 612 2894 683 qui
2944 613 3012 667 ad
3056 610 3477 666 simulacrorum
3516 611 3729 667 cultum

2133 705 2481 769 delabuntur,
2513 718 2611 759 eos
2648 711 2829 758 tamen
2860 702 3108 757 damnari
3148 701 3409 765 declarat,
3440 701 3533 771 qui
3574 711 3731 757 astra

2132 797 2340 853 colunt.
2382 797 2491 850 Ναὶ
2535 796 2639 869 μὴν
2684 798 2923 851 κάκεῖνοι
2962 797 3012 848 oi
3054 794 3163 849 ἀπὸ
3203 794 3305 865 τῆς
3349 796 3458 849 τῶν
3510 794 3730 866 ἄστρων

2134 888 2408 953 σεϐάσεως
2452 887 2526 960 μὴ
2568 888 3044 961 ὲπαναδραμόντες
3074 888 3167 941 ἐπὶ
3204 886 3295 940 τὸν
3336 886 3540 941 τούτων
3570 904 3732 958 ποιη-

2132 980 2249 1051 τήν.
2291 979 2439 1043 Ὁδὸς
2479 980 2589 1052 γὰρ
2626 975 2695 1052 ἦν
2738 980 2876 1051 αὐτὴ
2918 978 3136 1032 δοθεῖσα
3177 980 3290 1041 τοῖς
3324 977 3553 1042 ἔθνεσιν,
3594 978 3732 1031 ἀνα-

2134 1072 2300 1143 κύψαι
2352 1071 2491 1143 πρὸς
2542 1070 2634 1125 τνὸν
2680 1071 2813 1125 Θεὸν
2862 1071 2951 1125 διὰ
3005 1069 3105 1142 τῆς
3151 1070 3259 1123 τῶν
3314 1070 3531 1142 ἄστρων
3593 1068 3731 1140 θρη-

2135 1167 2343 1230 σκεὶας.
2407 1184 2426 1217 ε
2469 1166 2576 1219 Sed
2625 1172 2682 1219 ct
2731 1164 2810 1221 illi
2861 1179 3078 1235 quoque
3131 1165 3471 1236 judicantur,
3525 1163 3618 1231 qui
3659 1163 3730 1218 ab

2135 1267 2408 1312 astrorum
2436 1256 2584 1311 cultu
2616 1271 2724 1311 non
2770 1267 3125 1312 recurrerunt
3153 1256 3220 1311 ad
3251 1271 3445 1311 eorum
3492 1254 3728 1310 Creato-

2134 1349 2412 1406 rem.li:ec
2439 1349 2585 1405 enim
2614 1349 2699 1404 via
2729 1349 2855 1405 data
2887 1350 2992 1405 fuit
3015 1350 3287 1421 gentibus,
3308 1359 3368 1403 ut
3388 1362 3489 1419 per
3519 1348 3730 1403 cultum

2132 1449 2402 1496 astrorum
2433 1440 2773 1509 suspicerent
2794 1440 2985 1495 Deum.
3032 1460 3052 1494 ι

2201 1536 2486 1608 Origenes,
2519 1545 2650 1590 tom.
2683 1548 2724 1588 tt
2793 1535 2850 1589 in
2897 1534 3089 1600 Joan.,
3145 1550 3241 1590 eos
3268 1533 3360 1603 qui
3391 1542 3518 1588 ante
3550 1533 3727 1602 ipsum

2131 1630 2382 1685 dixerant
2417 1628 2586 1684 solem
2616 1635 2670 1683 et
2699 1627 2885 1682 lunam
2916 1638 2971 1683 et
3002 1638 3149 1684 astra
3178 1629 3244 1684 iis
3274 1629 3400 1682 data
3438 1639 3581 1691 esse,
3634 1624 3731 1693 qui

2132 1722 2309 1776 minus
2337 1721 2484 1792 digni
2510 1729 2658 1786 sunt,
2701 1730 2762 1774 ut
2793 1720 2935 1776 Deus
2998 1720 3250 1785 deorum,
3300 1718 3442 1774 Deus
3480 1718 3730 1787 ipsorum

2132 1813 2222 1879 sit,
2254 1815 2306 1868 in
2336 1813 2481 1868 hanc
2525 1811 2854 1867 sententiam
2915 1812 3080 1867 verba
3128 1810 3539 1867 Deuteronomii
3570 1822 3732 1863 acce-

437 1894 660 1969 iniquus
684 1907 770 1953 est
790 1897 1001 1963 Jurius,
1024 1897 1221 1968 quibus
1249 1912 1368 1952 eam
1398 1897 1724 1952 sententiam
1752 1896 2029 1952 attribuit.
2061 1878 2105 1934 Β
2136 1906 2280 1975 pisse
2308 1905 2402 1969 ait,
2427 1914 2481 1958 ut
2505 1905 2595 1975 qui
2620 1918 2723 1958 non
2750 1912 2971 1972 possunt
2995 1903 3066 1956 ad
3115 1901 3499 1971 intelligibilem
3540 1914 3730 1953 recur-

437 1999 599 2053 quam
627 1986 807 2040 sensui
836 1986 1125 2051 communi,
1155 1984 1352 2039 rationi
1383 1994 1432 2037 et
1451 1984 1689 2056 religioni
1714 1986 1792 2040 ita
1814 1994 2033 2039 contra-

437 2082 573 2145 riam
597 2096 728 2147 esse,
760 2078 858 2144 ait,
890 2088 947 2132 ut
972 2080 1165 2133 mirum
1204 2080 1271 2132 sit
1297 2081 1353 2133 in
1406 2096 1524 2134 eam
1574 2080 1827 2134 incidisse
1876 2078 2035 2133 Chri-

435 2171 670 2233 stianos;
696 2170 793 2225 sed
820 2169 923 2238 ipsi
953 2168 1118 2223 etiam
1137 2166 1309 2238 Moysi
1342 2169 1598 2239 iujuriam
1634 2169 1785 2235 facit,
1804 2169 1932 2224 dum
1949 2166 2034 2222 fa-

376 2332 381 2335 .
436 2269 582 2317 tetur
606 2261 721 2330 ejus
752 2262 905 2316 verba
931 2262 1068 2316 hunc
1097 2278 1307 2316 sensum
1331 2261 1597 2330 suscipere
1625 2277 1800 2331 posse.

509 2352 617 2407 Sed
649 2362 825 2407 tamen
854 2353 914 2411 S.
942 2351 1143 2408 Justini
1174 2355 1338 2409 verba
1368 2353 1540 2424 aequis
1571 2353 1772 2409 animis
1801 2366 2031 2425 accepta

438 2441 644 2497 nullam
700 2443 906 2498 erroris
956 2443 1321 2513 suspicionem
1366 2443 1667 2512 injiciunt:
1717 2459 1825 2499 non
1883 2446 2030 2501 enim

438 2533 609 2588 Deum
638 2534 770 2588 dicit
790 2534 915 2590 huic
946 2534 1116 2589 cultui
1141 2534 1355 2589 veniam
1382 2533 1616 2601 dedisse,
1656 2544 1753 2589 aut
1779 2534 1949 2590 solem
1977 2543 2033 2590 et

437 2625 624 2681 Stellas
650 2641 867 2682 creasse
914 2633 975 2680 ut
1018 2626 1411 2692 adorarentur;
1434 2625 1639 2695 justam
1670 2626 1853 2696 potius
1894 2626 2028 2681 indie

438 2729 528 2774 cat
557 2718 978 2773 excaecationem
1008 2717 1271 2789 gentium,
1302 2732 1422 2787 quae
1450 2719 1569 2788 lege
1589 2725 1644 2772 et
1672 2718 1951 2773 miraculis
1976 2725 2030 2773 et

356 2862 357 2865 η
438 2811 827 2884 prophetarum
850 2810 1089 2865 oraculis
1115 2810 1389 2865 deterritas
1416 2812 1482 2865 ab
1506 2809 1611 2864 hoc
1638 2808 1808 2874 cultu,
1843 2818 1902 2862 ut
1926 2807 2026 2863 Ju-

440 2905 563 2971 daei,
592 2918 699 2957 non
721 2902 962 2961 fuerunt.
987 2902 1167 2957 Alium
1202 2901 1467 2958 habemus
1495 2902 1550 2955 in
1579 2901 1772 2957 eodem
1802 2899 2029 2973 Dialogo

440 2995 641 3060 locum,
667 2994 759 3065 qui
796 2992 995 3050 Justini
1017 2994 1186 3049 verba
1211 2992 1373 3048 aliter
1403 2992 1755 3063 interpretari
1803 3009 1912 3048 non
1948 2994 2028 3049 si-

438 3087 538 3142 nit.
570 3085 841 3142 Justiuum
894 3093 1050 3157 rogat
1102 3084 1346 3155 Trypho,
1387 3100 1442 3139 η.
1474 3084 1565 3151 55,
1600 3094 1658 3140 ut
1696 3086 2029 3155 exsequatur

438 3183 579 3251 quod
636 3197 695 3237 se
744 3183 1243 3236 demonstraturum
1290 3179 1642 3249 promiserat,
1692 3176 1861 3231 alium
1906 3192 2026 3233 esse
2053 3219 2095 3276 ϐ

437 3282 633 3343 praeter
660 3274 825 3328 Deum
851 3271 1089 3340 Patrem,
1116 3273 1208 3342 qui
1240 3271 1292 3325 in
1323 3269 1625 3340 Scripturis
1653 3271 1796 3325 Deus
1825 3284 1892 3324 ac
1916 3268 2025 3325 D0-

441 3366 619 3421 ntinus
642 3376 897 3431 vocatur;
936 3364 1030 3420 sed
1058 3372 1243 3418 monet
1286 3378 1350 3417 ne
1379 3362 1542 3415 solem
1568 3370 1613 3416 et
1640 3360 1823 3415 lunam
1855 3361 2017 3429 dicat,

442 3476 559 3532 qua:
591 3461 846 3528 scriptum
898 3469 972 3513 est
1010 3460 1250 3530 gentibus
1274 3475 1520 3513 concessa
1546 3474 1577 3512 a
1612 3458 1719 3513 Deo
1751 3458 1940 3527 fuisse,
1972 3470 2029 3512 ut

441 3569 505 3607 ea
528 3563 774 3620 tanquam
789 3554 911 3609 deos
929 3553 1319 3608 colerent.Tum
1335 3552 1584 3609 Justinus
1595 3553 1673 3608 sic
1698 3555 1988 3623 respondet
2011 3570 2025 3607 :

449 3665 467 3698 ι
492 3646 611 3701 Non
637 3662 788 3701 eram
815 3647 1079 3701 allaturus
1101 3646 1344 3717 Trypho,
1390 3647 1487 3701 has
1510 3647 2028 3716 demonstrationes,

440 3738 636 3807 quibus
659 3754 752 3793 eos
782 3738 1131 3793 condemnari
1162 3739 1275 3792 scio
1293 3738 1384 3806 qui
1403 3740 1519 3793 haec
1535 3747 1587 3794 et
1604 3739 1801 3794 similia
1818 3740 2026 3805 colunt,

439 3830 534 3884 sed
553 3844 666 3893 cas,
682 3844 818 3898 quas
834 3837 1022 3882 contra
1044 3842 1205 3881 nemo
1223 3827 1404 3882 dicere
1424 3829 1645 3897 poterit.
1659 3847 1677 3878 ι
1702 3828 1756 3883 Si
1776 3831 1830 3885 in
1850 3830 2030 3884 verbis

439 3919 643 3990 Moysis
670 3919 1178 3975 condemnationem
1202 3932 1414 3985 eorum,
1437 3919 1530 3989 qui
1560 3918 1732 3973 solem
1764 3930 1820 3975 et
1846 3921 2030 3976 stellas

438 4012 641 4076 colunt,
666 4011 1031 4081 perspiciebat
1058 4008 1338 4075 Justinus;
1369 4009 1493 4077 quis
1535 4009 1748 4065 dubitet
1772 4011 1902 4079 quin
1935 4011 2029 4065 illa

439 4106 628 4161 eodem
659 4120 823 4159 sensu
848 4104 1144 4173 acceperit,
1168 4118 1276 4173 quo
1300 4102 1415 4158 [nec
1434 4101 1493 4157 S.
1516 4102 1776 4171 Stephani
1799 4105 1866 4160 de
1896 4105 2031 4174 ipsis

441 4196 638 4252 Judaais
657 4196 799 4251 dicta
824 4195 1172 4264 accipiuntur
1204 4193 1343 4266 (Act.
1372 4210 1468 4260 vn,
1495 4193 1590 4265 49.)
1610 4215 1623 4250 :
1646 4192 1912 4251 Convertit
1936 4212 2031 4249 au-

439 4305 541 4350 tem
573 4289 711 4343 Deus
736 4300 783 4343 et
811 4288 1032 4343 tradidit
1059 4304 1145 4342 eos
1170 4288 1365 4343 servire
1393 4287 1601 4342 militia:
1631 4288 1766 4343 caeli.

514 4380 630 4436 Non
664 4379 903 4436 absimili
956 4394 1118 4435 sensu
1148 4378 1521 4435 Tertullianus
1558 4379 1653 4437 lib.
1684 4380 1757 4435 De
1795 4381 2027 4437 idolola-

445 4475 573 4539 tria,
599 4488 722 4542 cap.
750 4472 810 4538 9,
834 4472 915 4527 sic
944 4472 1183 4545 loquitur
1242 4473 1312 4527 de
1357 4472 1531 4543 magia
1580 4481 1635 4527 et
1684 4474 1979 4545 astrologia
2012 4489 2029 4529 :

2134 2014 2250 2052 rere
2266 2006 2538 2061 naturam,
2553 1996 2704 2050 rebus
2717 1994 2981 2061 corporeis
2997 2011 3058 2047 ac
3072 1993 3165 2047 sub
3183 2010 3390 2047 sensum
3411 1992 3725 2046 cadentibus

2134 2088 2478 2143 Divinitatem
2491 2090 2661 2142 inesse
2675 2088 2947 2158 suspicati,
2964 2086 3040 2142 vel
3053 2086 3285 2141 lubenter
3300 2087 3354 2139 in
3367 2086 3448 2138 Itis
3461 2085 3730 2147 sisterent,

2133 2199 2239 2236 non
2264 2181 2499 2251 prolapsi
2529 2182 2598 2235 ad
2625 2180 2774 2235 idola
2810 2190 2860 2235 et
2895 2179 3163 2233 dwmonia
3192 2190 3212 2231 :
3242 2178 3345 2233 etsi
3380 2176 3525 2232 enim
3558 2192 3589 2228 a
3618 2174 3730 2229 Deo

2133 2273 2403 2337 aberrant,
2430 2280 2607 2325 tamen
2632 2270 2849 2325 illorum
2877 2284 3120 2324 errorem
3147 2270 3304 2338 longe
3332 2268 3733 2338 prurierendum

2133 2375 2322 2417 eorum
2355 2360 2553 2423 errori,
2595 2360 2685 2427 qui
2735 2359 2868 2413 deos
2896 2367 3096 2414 vocant
3132 2374 3295 2429 opera
3323 2360 3626 2414 hominum.

2202 2451 2471 2509 Eusebius
2496 2450 2851 2505 Caesariensis
2890 2449 3194 2504 Demonstr.
3219 2467 3403 2520 evang.
3445 2450 3520 2505 lib
3559 2466 3636 2513 tv,
3677 2462 3732 2509 c.

2132 2543 2185 2611 8,
2216 2544 2358 2599 idem
2385 2542 2582 2598 docere
2608 2541 2713 2597 hoc
2743 2542 2869 2597 loco
2892 2541 3115 2613 Moysen
3163 2543 3445 2598 existimat
3471 2558 3537 2599 ac
3571 2542 3728 2597 Pau-

2130 2638 2243 2692 lum
2288 2636 2343 2690 in
2383 2634 2559 2703 Epist.
2606 2634 2674 2687 ad
2716 2633 2997 2690 Romanos
3023 2652 3062 2701 ι,
3092 2636 3175 2702 t9,
3214 2645 3270 2690 et
3300 2644 3448 2690 astra
3479 2636 3732 2707 gentibus

2132 2727 2329 2781 tradita
2357 2724 2516 2791 dicit,
2549 2739 2613 2778 ne
2642 2726 2711 2778 ad
2734 2728 3035 2780 contrarias
3058 2736 3345 2796 potestates
3377 2737 3425 2781 et
3456 2729 3725 2782 dwmonia

2130 2819 2463 2889 deﬂecterent
2493 2832 2513 2872 :
2541 2816 2663 2870 inde
2711 2817 2855 2871 enim
2901 2820 3294 2889 quodammodo
3335 2820 3505 2889 illius,
3528 2822 3621 2893 qui
3646 2821 3733 2876 in-

2130 2909 2353 2963 visibilis
2388 2916 2489 2975 est,
2520 2918 2879 2979 conspectum,
2907 2911 3067 2967 veluti
3098 2928 3191 2982 per
3218 2913 3489 2983 quoddam
3539 2929 3732 2982 specu-

2129 3003 2241 3058 lum
2269 3003 2530 3057 exhiberi.

2198 3095 2481 3165 Praecipue
2509 3112 2643 3155 vero
2668 3098 2723 3154 in
2757 3098 2817 3155 S.
2846 3099 3216 3171 Augustinum
3261 3098 3483 3169 iniquus
3511 3107 3597 3155 est
3627 3098 3731 3155 Ju-

2131 3186 2266 3253 rius,
2297 3202 2462 3257 quem
2524 3191 2652 3243 dum
2703 3190 2785 3243 ait.
2828 3192 2897 3245 ad
2943 3191 3175 3246 aliorum
3204 3204 3448 3246 errorem
3479 3192 3729 3260 proxime

2132 3279 2416 3344 accedere,
2447 3280 2759 3350 opinionem
2806 3282 2856 3337 ei
2906 3280 3135 3352 attingit,
3166 3298 3329 3352 quam
3367 3284 3413 3338 si
3448 3283 3731 3339 habuisset

2129 3370 2488 3441 Augustinus,
2509 3373 2668 3444 longe
2683 3373 2924 3429 deterius
2940 3384 3200 3429 errasset.
3221 3374 3312 3429 Sic
3337 3375 3728 3443 interpretatur

2133 3461 2542 3518 Deuteronomii
2571 3463 2833 3520 locuma:
2881 3482 2900 3516 ε
2934 3464 3051 3519 Νοη
3088 3464 3164 3520 ita
3210 3465 3417 3521 dictum
3462 3476 3567 3528 est,
3609 3475 3727 3519 tan~

2130 3568 2292 3622 quam
2333 3553 2475 3608 Deus
2514 3556 2835 3625 prazceperit
2864 3571 2926 3610 ea
2962 3555 3065 3611 coli
3117 3572 3147 3611 a
3200 3557 3476 3627 gentibus,
3531 3574 3561 3611 a
3609 3558 3730 3613 solo

2131 3656 2311 3700 autem
2352 3647 2550 3717 populo
2577 3662 2676 3702 suo
2704 3663 2809 3704 non
2833 3649 2937 3705 coli
2964 3665 2979 3712 ;
3013 3649 3110 3704 sed
3138 3659 3233 3703 aut
3275 3651 3347 3705 ita
3388 3651 3591 3706 dictum
3618 3662 3723 3715 est,

2130 3736 2275 3801 quod
2302 3736 2444 3793 Deus
2483 3739 2788 3806 prtescierit
2836 3748 3025 3811 gentes
3071 3739 3343 3795 culturam
3377 3742 3724 3796 exhibituras

2131 3826 2215 3882 his
2242 3829 2596 3895 cmicstibus,
2626 3841 2679 3887 et
2715 3840 2899 3886 tamen
2950 3834 3051 3888 hoc
3107 3835 3401 3903 praesciens
3458 3834 3729 3890 creaverit

2130 3935 2217 3988 ea,
2247 3937 2371 3976 eum
2396 3938 2523 3978 vero
2549 3924 2805 3993 populum
2836 3940 2993 3979 suum
3019 3925 3260 3979 luturum
3288 3940 3412 3980 esse
3436 3926 3727 3992 praescive-

2132 4013 2223 4079 rit,
2248 4014 2340 4083 qui
2374 4014 2479 4069 ista
2526 4030 2632 4069 non
2663 4015 2903 4082 coleret;
2932 4026 3025 4069 aut
3075 4016 3344 4069 distribuit
3382 4017 3585 4071 dictum
3614 4027 3719 4086 est,

2130 4114 2191 4157 ut
2240 4104 2576 4175 intelligatur
2613 4122 2744 4162 usus
2782 4109 2874 4178 qui
2912 4110 3330 4164 commendatur
3388 4110 3441 4163 in
3493 4108 3720 4177 Genesi,

2130 4205 2189 4250 ut
2213 4198 2321 4251 sint
2353 4197 2406 4251 in
2436 4197 2612 4269 signa,
2653 4210 2764 4255 etc.
2801 4220 2822 4254 ι
2858 4201 3254 4257 lncxcusahilis
3276 4199 3463 4258 Jurius
3485 4203 3573 4271 qui
3608 4204 3724 4259 hzec

2130 4294 2294 4345 verba
2334 4292 2622 4359 Augustini
2654 4307 2669 4345 :
2698 4291 2769 4345 Et
2796 4301 2973 4348 tamen
3007 4296 3104 4348 hoc
3132 4296 3417 4363 prtesciens
3445 4298 3721 4361 creaverit,

2130 4386 2209 4439 ita
2235 4384 2437 4451 reddit,
2479 4384 2626 4440 iln’a
2649 4404 2745 4457 pas
2788 4389 2949 4442 laissé
2991 4391 3055 4442 de
3101 4388 3175 4443 les
3224 4390 3379 4449 créer.
3419 4391 3553 4444 dans
3593 4402 3725 4443 cette

2130 4491 2248 4542 vue,
2299 4477 2458 4546 quasi
2497 4480 2815 4548 scripsisset
2862 4481 3251 4549 Augustinus:
3308 4482 3376 4535 Et
3434 4491 3610 4535 tamen
3662 4497 3723 4536 eo

447 4585 466 4618 ι
502 4567 571 4620 At
598 4567 741 4620 enim
788 4565 1022 4621 scientia
1073 4566 1176 4620 ista
1220 4579 1394 4634 usque
1422 4567 1492 4620 ad
1530 4564 1889 4635 Evangelium
1938 4566 2038 4621 fuit
2072 4585 2118 4641 ι)
2143 4568 2364 4622 consilio
2390 4574 2641 4625 creaverit
2678 4582 2734 4625 ut
2763 4573 3083 4628 colerentur.

442 4672 725 4722 concessa,
759 4666 819 4711 ut
848 4657 1069 4711 Christo
1099 4657 1247 4712 edito
1274 4671 1431 4712 nemo
1463 4656 1660 4711 exinde
1691 4659 2037 4713 nativitatem

443 4751 670 4820 alicujus
697 4750 764 4804 de
790 4748 928 4804 ccelo
964 4749 1372 4817 interpretetur.
1399 4768 1417 4800 ι
1450 4747 1517 4803 Et
1540 4764 1648 4804 non
1678 4750 1847 4805 multo
1866 4760 1991 4821 post
2021 4773 2036 4813 ε

446 4862 465 4894 ι
504 4843 610 4898 Sed
642 4851 696 4897 et
726 4841 831 4895 alia
887 4841 980 4895 illa
1045 4842 1259 4911 species
1309 4842 1523 4910 magiae,
1581 4857 1703 4910 qum
1753 4844 2040 4899 miraculis

439 4944 722 5003 operatur,
749 4934 914 4988 etiam
942 4933 1203 4988 adversus
1241 4934 1461 5004 Moysen
1499 4934 1785 5000 aemulata,
1815 4936 2032 5005 patien-

444 5028 571 5082 tiam
604 5028 697 5081 Dei
724 5028 893 5082 traxit
922 5027 987 5081 ad
1011 5027 1363 5097 Evangelium
1396 5042 1587 5099 usque.
1629 5048 1649 5082 ι

510 5121 572 5173 ll.
595 5122 651 5174 S.
684 5119 935 5176 Clemens
961 5120 1359 5176 Alexandrinus
1386 5131 1538 5177 astra
1586 5120 1882 5193 gentilibus
1906 5122 2037 5175 data

439 5213 716 5265 existimat
758 5221 816 5265 ut
847 5227 915 5267 ex
945 5227 1133 5267 eorum
1165 5223 1389 5284 aspectu
1422 5216 1488 5268 ad
1518 5214 1799 5269 Creatoris
1828 5213 2034 5269 cultum

440 5310 749 5371 assurgunt.
767 5300 856 5355 Sic
871 5303 1015 5357 enim
1032 5302 1273 5372 loquitur
1305 5303 1505 5359 Strom.
1540 5321 1614 5369 vr,
1634 5319 1686 5372 p.
1706 5303 1841 5358 669:
1865 5304 2038 5357 Ἔδω-

439 5410 533 5446 κεν
565 5392 623 5444 δὲ
659 5391 750 5445 τὸν
782 5393 930 5465 ἥλιον
980 5396 1074 5449 καὶ
1108 5393 1206 5467 τὴν
1250 5396 1480 5468 σελήνην
1512 5396 1605 5451 καί
1639 5396 1707 5451 τὰ
1739 5397 1914 5468 ἄστρα
1952 5399 2034 5460 εἰς

439 5483 752 5557 θρησκείαν,
783 5486 818 5539 ἃ.
843 5487 1096 5559 εποίησεν
1122 5489 1151 5541 6
1173 5488 1305 5553 Θεὸς
1327 5493 1436 5553 τοῖς
1469 5488 1667 5555 ἔθνεσι,
1698 5490 1862 5562 φησὶν
1888 5490 1916 5542 6
1949 5489 2037 5543 νό-

442 5594 562 5649 μος,
596 5577 680 5629 ἵνα
713 5576 785 5649 μὴ
817 5577 995 5632 τέλεον
1026 5574 1173 5634 ἄθεοι
1207 5582 1509 5653 γενόμενοι,
1529 5582 1726 5646 τελέως
1760 5583 1854 5636 καὶ
1921 5583 2038 5636 δια-

436 5667 738 5743 φθαρῶσιν.
768 5668 958 5723 sDedit
986 5671 1151 5726 solem
1185 5682 1241 5726 et
1275 5673 1454 5728 lunam
1479 5684 1533 5730 et
1564 5684 1713 5730 astra
1743 5676 1809 5729 ad
1842 5672 2030 5729 colen-

440 5762 590 5826 dum,
626 5777 746 5829 qua:
770 5760 910 5818 Deus
956 5761 1083 5819 iecit
1112 5767 1386 5837 gentibus,
1416 5767 1595 5839 inquit
1614 5769 1723 5854 lex,
1751 5784 1820 5826 ne
1844 5769 2028 5853 omni-

534 5858 560 5901 τ
584 5871 787 5942 Quaest.
826 5874 880 5930 in
916 5873 1287 5932 Deuteronom.

1514 6029 1539 6040 α

2215 4661 2475 4716 δίδωθι-ε
2519 4676 2650 4734 ergo
2693 4678 2988 4733 possumus
3050 4665 3320 4721 neminem
3361 4680 3428 4720 ex
3482 4665 3723 4735 antiquis

2140 4752 2398 4809 Patribus
2445 4757 2683 4811 sensisse
2727 4758 2933 4811 cultum
2996 4767 3270 4812 astrorum
3315 4757 3412 4812 Dei
3458 4773 3721 4814 concessu

2141 4845 2468 4915 permissum
2500 4846 2669 4901 fuisse
2697 4848 2986 4918 gentibus;
3022 4848 3117 4903 sed
3146 4863 3335 4904 omnes
3365 4850 3505 4903 hanc
3528 4864 3722 4919 super-

2140 4939 2418 4993 stitionem
2462 4942 2835 4995 condemnant
2874 4952 2930 4995 ct
2974 4950 3119 4995 astra
3174 4942 3424 5012 gentibus
3460 4944 3585 4995 data
3636 4941 3721 4995 di-

2140 5040 2306 5099 cunt,
2341 5030 2424 5085 vel
2456 5039 2517 5086 ut
2548 5034 2615 5087 ad
2654 5032 2932 5087 Creatoris
2978 5034 3493 5103 contemplationem
3528 5034 3722 5089 incita-

2140 5134 2295 5190 rent,
2332 5123 2417 5179 vel
2448 5132 2505 5177 ut
2529 5125 2908 5186 ministrarent
2934 5127 3183 5195 gentibus
3226 5127 3281 5180 in
3313 5128 3467 5197 signa
3497 5138 3551 5183 et
3580 5137 3722 5182 tem-

2138 5232 2270 5285 pora
2292 5257 2309 5283 ,
2339 5216 2426 5271 vel
2451 5218 2580 5287 quia
2607 5217 2757 5287 justa
2802 5221 3168 5275 excaecatione
3209 5220 3488 5276 derelictae
3525 5232 3718 5291 gentes

2139 5308 2206 5362 ad
2256 5309 2404 5364 hunc
2432 5309 2642 5364 cultum
2689 5312 2956 5379 prolapsae
2987 5319 3134 5365 sunt.
3168 5311 3410 5367 Isidorus
3442 5312 3715 5368 Pelusiota

2138 5400 2410 5455 neminem
2434 5410 2667 5455 noverat
2705 5402 2796 5471 qui
2830 5417 2894 5456 eo
2922 5417 3116 5459 errore
3159 5403 3466 5460 laborasset
3509 5414 3603 5460 aut
3634 5405 3717 5460 la-

2137 5490 2395 5558 boraret,
2437 5507 2596 5562 quem
2637 5495 2969 5549 venerandis
3013 5497 3375 5565 scriptoribus
3407 5495 3594 5550 Jurius
3624 5507 3712 5550 at-

2139 5584 2370 5651 tribuit;
2398 5585 2493 5640 sed
2515 5586 2561 5641 si
2585 5586 2676 5655 qui
2711 5586 2787 5639 ita
2813 5587 3075 5653 sentiant,
3111 5602 3205 5642 eos
3237 5589 3469 5644 inscitia:
3494 5590 3714 5644 nomine

2133 5675 2481 5730 condemnat.
2510 5676 2574 5729 Ei
2601 5675 2657 5728 δέ
2690 5692 2834 5739 τινες
2862 5676 3064 5730 οἴονται
3097 5677 3537 5750 ἀπονενεμῆσθαι
3572 5680 3710 5750 πρὸς

2133 5766 2193 5821 τὸ
2223 5767 2598 5844 προσκυνῆσαι
2630 5768 2813 5834 αὐτοῖς
2846 5767 3135 5841 λαμπρῶς,
3163 5769 3260 5841 τὴν
3303 5767 3507 5823 οἰκείαν
3548 5771 3709 5825 ἀπαι-
