3932 6258
203 392 263 447 ιι

1275 390 1339 447 D.
1376 388 1639 447 MARANI
1672 386 2067 446 PREFATIO.
2098 420 2168 430 --
2199 389 2384 446 PARS
2417 391 2481 448 ll.
3434 397 3502 452 ιῖ

215 512 427 567 Gauda»
476 514 904 583 στηλιτεύουσι.
953 533 977 565 ι
1009 515 1174 582 Quod
1206 516 1247 569 si
1279 514 1370 584 qui
1412 514 1700 567 distributa
1731 528 1824 582 pu-

1938 512 2056 566 istis
2088 512 2348 565 honorem
2394 522 2451 567 et
2500 511 2706 567 cultum
2731 526 2853 567 esse
2881 513 3291 569 adhibendum?
3321 514 3502 570 Altera

232 617 343 661 tant
367 617 425 660 ut
459 607 803 673 adorentur,
858 609 1159 663 inscitiam
1209 623 1359 660 suam
1398 608 1497 675 ipsi
1543 607 1831 662 manifeste

239 699 476 769 produnt.
510 716 530 748 ι
566 697 691 765 Ipse
715 714 858 753 vero
882 739 899 763 ,
952 700 1149 753 itidem
1197 710 1250 750 ιιι
1286 699 1375 751 alii
1425 698 1650 762 Patres,
1683 706 1829 752 astra

244 791 476 858 gentibus
506 790 637 843 data
669 792 1052 858 pronuntiat,
1084 793 1139 843 in
1163 790 1496 855 disciplinam
1527 798 1579 843 et
1613 790 1830 843 institu-

248 885 418 935 tionem
477 891 528 933 et
589 884 1002 951 cognitionem,
1058 893 1117 935 ut
1167 897 1232 936 ea:
1289 898 1463 936 rerum
1527 892 1828 935 creatarunt

251 975 586 1042 magnitudine
666 984 721 1027 et
783 974 1200 1044 pulchritudine
1259 975 1535 1028 invisibilis
1607 974 1829 1028 Creator

244 1073 607 1138 conspiciatur.

841 1186 1077 1242 CAPUT
1139 1188 1227 1244 IV.

716 1309 803 1373 De
833 1322 1143 1389 angelorum
1176 1322 1341 1374 cultu.

234 1451 273 1498 l.
300 1453 507 1513 Insignis
532 1453 633 1517 loci
658 1468 726 1502 ex
770 1454 979 1516 Apolog.
1010 1455 1032 1502 1
1057 1455 1110 1503 S.
1132 1454 1311 1504 Jnstini
1336 1468 1498 1517 pravae
1524 1458 1827 1517 interpreta-

289 1514 893 1579 tmncsrel'ellunturfll.
920 1514 1262 1579 Athenagoras
1300 1514 1431 1566 hunc
1478 1521 1636 1568 locum
1661 1514 1828 1569 imita-

291 1586 388 1624 tur.
414 1576 499 1623 lli.
526 1576 789 1627 Nonnulla
808 1581 1071 1627 solvuntur
1095 1576 1147 1629 ei
1171 1582 1499 1642 explicantur.

304 1749 343 1801 l.
384 1748 585 1803 Exstat
618 1749 675 1803 in
708 1748 965 1817 Apologia
1001 1750 1024 1802 1
1064 1747 1121 1803 S.
1154 1748 1346 1803 Justini
1380 1749 1607 1819 insignis
1635 1751 1700 1803 de
1728 1766 1824 1803 an-

234 1841 366 1907 gelis
414 1842 608 1904 locus,
643 1842 739 1911 qui
776 1852 829 1893 et
861 1857 956 1894 sua
1009 1851 1202 1910 sponte
1251 1842 1458 1911 indiget
1502 1842 1680 1911 aliqua
1725 1858 1822 1896 ex-
1855 1866 1897 1920 Β

234 1935 551 1999 planatione
584 1945 644 1987 et
676 1949 741 1987 ex
776 1933 940 1986 variis
986 1933 1572 2001 interpretationibus,
1625 1933 1823 2003 quibus

232 2030 496 2095 agitatum
555 2026 694 2091 fuit,
748 2028 801 2081 in
833 2042 994 2081 unam
1028 2027 1261 2096 aliquam
1286 2068 1301 2090 ,
1336 2042 1457 2097 qua:
1489 2028 1593 2080 ﬁxa
1626 2038 1681 2083 et
1722 2032 1822 2083 im-

231 2129 374 2174 mota
421 2122 539 2183 sit,
585 2120 952 2171 vindicandas
990 2130 1092 2173 est.
1149 2119 1237 2173 Sic
1280 2119 1449 2187 igitur
1497 2120 1557 2173 S.
1590 2132 1819 2191 martyr,

231 2230 283 2264 n.
320 2210 355 2263 6
401 2226 418 2263 :
468 2211 589 2262 Καὶ
623 2208 995 2280 ὁμολογοῦμεν
1026 2208 1134 2261 τῶν
1168 2208 1420 2262 τοιούτων
1448 2208 1820 2281 νομιζομένων

229 2304 363 2355 θεῶν
416 2304 574 2357 ἄθεοι
628 2299 803 2369 εἶναι,
853 2302 964 2356 ἀλλ’
1011 2303 1131 2373 οὖχὶ
1164 2305 1255 2356 τοῦ
1290 2303 1692 2373 ἁληθεστάτου,
1730 2307 1823 2359 καὶ

230 2397 440 2467 Ila-.95;
470 2396 828 2466 δικαιοσύνης
863 2397 955 2449 καὶ
988 2397 1356 2468 σωφροσύνης,
1387 2399 1480 2451 καὶ
1508 2399 1616 2451 τῶν
1648 2398 1821 2452 ἄλλων

233 2490 473 2557 ἀρετῶν,
512 2490 879 2559 ἀνεπιμίκτου
925 2508 984 2542 τε
1020 2492 1217 2554 κακίας
1256 2491 1418 2545 Θεοῦ·
1454 2493 1568 2546 ἀλλ’
1616 2494 1823 2547 ἐκεῖνόν

234 2600 285 2633 τε
310 2625 324 2643 ,
362 2584 460 2635 καὶ
498 2584 594 2636 τόν
628 2586 759 2655 παρ’
794 2584 959 2637 αὑτοῦ
996 2586 1125 2637 Υἱὸν
1155 2585 1373 2639 ἐλθόντα
1412 2586 1503 2639 καὶ
1536 2586 1822 2653 διδάξαντα

236 2680 372 2746 ἡμᾶς
391 2679 599 2739 ταῦτα,
617 2680 709 2731 καὶ
727 2680 813 2731 τὸν
831 2680 938 2731 τῶν
953 2680 1127 2733 ἄλλων
1146 2682 1423 2749 ἑπομένων
1442 2680 1533 2733 καὶ
1549 2680 1822 2751 ὲξομοιου-

240 2772 406 2839 μένων
444 2772 676 2839 ἀγαθῶν
706 2772 953 2840 ἀγγέλων
990 2773 1240 2843 στρατὸν,
1260 2771 1401 2824 Πνεῦ
1412 2772 1488 2841 μά
1512 2791 1570 2825 τε
1596 2772 1654 2824 τὸ
1687 2790 1823 2845 προ-

240 2864 462 2931 ςητικόν
513 2864 790 2933 σεϐόμεθα
818 2904 832 2925 ,
886 2864 978 2917 καὶ
1032 2865 1480 2935 προσκυνοῦμεν,
1535 2864 1680 2934 λόγῳ
1730 2864 1823 2917 καὶ

243 2957 460 3027 ἀληθεία
492 2956 765 3026 τιμῶντες
788 3002 800 3019 ,
836 2957 930 3009 καὶ
966 2957 1125 3009 παντὶ
1159 2955 1460 3027 βουλομένῳ
1497 2956 1714 3027 μαθεῖν,
1748 2955 1823 3018 ὡς

243 3050 624 3121 ἐδιδάχθημεν,
645 3048 894 3117 ἀφθόνως
929 3048 1333 3119 παραδιδόντες.
1377 3069 1395 3099 t
1425 3052 1601 3118 Atque
1632 3051 1821 3104 atheos

241 3143 455 3209 quidem
507 3158 614 3195 nos
660 3157 781 3196 esse
826 3142 1181 3205 conﬁtemur,
1228 3142 1273 3195 si
1305 3141 1373 3197 de
1404 3142 1638 3210 Opinatis
1678 3142 1821 3211 ejus-

242 3237 378 3289 modi
416 3237 526 3289 diis
560 3246 792 3303 agatur;
829 3250 993 3289 secus
1037 3250 1165 3287 vero
1210 3235 1252 3288 si
1287 3235 1355 3288 de
1387 3236 1671 3290 verissimo
1705 3235 1816 3302 illo,

242 3341 291 3381 et
318 3331 550 3395 iustitia:
578 3344 643 3383 ac
678 3329 1072 3398 temperantiae,
1104 3344 1167 3383 ac
1197 3338 1519 3383 caeterarum
1554 3331 1818 3386 virtutum

242 3422 399 3475 Patre
426 3465 441 3485 ,
500 3421 648 3475 nulla
684 3422 920 3474 admisto
966 3421 1263 3475 vitiositate
1304 3422 1433 3476 Deo.
1470 3421 1575 3477 Sed
1604 3438 1727 3476 eum
1764 3434 1818 3479 et

240 3513 442 3567 Filium
464 3557 481 3580 ,
518 3513 615 3583 qui
649 3515 717 3566 ab
749 3529 814 3567 eo
846 3514 997 3567 venit
1031 3528 1095 3566 ac
1126 3528 1224 3567 nos
1251 3514 1351 3568 ista
1393 3514 1602 3575 docuit.
1646 3525 1697 3568 et
1726 3529 1824 3567 ca:-

242 3618 485 3659 terorum
536 3606 627 3673 qui
686 3605 833 3658 illum
886 3614 1261 3667 assectantnr,
1328 3604 1487 3672 eique
1537 3602 1820 3659 assimilati

244 3709 401 3760 sunt,
450 3698 716 3752 bonorum
758 3696 1075 3766 angelorum
1105 3697 1401 3751 exercitum
1425 3737 1437 3759 ,
1470 3706 1527 3749 et
1561 3695 1821 3767 Spiritum

245 3791 629 3857 propheticum
667 3790 899 3844 colimus
930 3799 989 3842 et
1028 3788 1353 3852 adoramus,
1402 3789 1614 3843 ratione
1651 3796 1704 3841 et
1730 3804 1823 3843 ve-

249 3885 412 3935 ritate
486 3892 847 3942 venerantes,
908 3890 965 3934 et
1036 3890 1095 3934 ut
1156 3882 1386 3950 quisque
1451 3882 1663 3936 discere
1730 3896 1822 3934 vo-

246 3974 442 4036 luerit,
492 3975 633 4028 citra
686 3973 990 4033 invidiam,
1034 3983 1095 4027 ut
1134 3974 1311 4028 edocti
1358 3988 1581 4037 sumus,
1621 3974 1824 4042 imper-

251 4070 354 4123 tien
364 4080 463 4123 tes.
510 4088 532 4120 ι
1322 4064 1329 4073 ’

321 4188 493 4240 Aliter
543 4184 693 4238 hunc
734 4185 912 4237 locum
959 4181 1388 4250 interpretantur
1426 4179 1821 4234 Protestantes.

251 4279 522 4345 Quidam,
569 4289 629 4331 ιιι
671 4276 855 4329 [iullus
910 4276 965 4328 in
1016 4273 1333 4328 defensione
1384 4272 1507 4325 ﬁdei
1560 4271 1821 4336 Nicmnze,

253 4387 305 4439 β.
340 4370 478 4434 H8,
516 4370 595 4423 sic
625 4370 899 4439 accipiunt
930 4367 1089 4434 quasi
1121 4367 1265 4420 dicat
1288 4363 1537 4418 Justinus
1568 4380 1667 4419 nos
1698 4366 1821 4428 ista,

254 4478 449 4532 nempe
476 4450 608 4529 qua;
619 4463 683 4513 ad
714 4461 890 4515 malos
916 4459 1140 4528 angelos
1162 4460 1599 4527 persecutionum
1632 4467 1825 4510 aucto-

255 4571 341 4610 res
388 4566 660 4624 spectant,
695 4570 764 4608 ac
798 4555 962 4609 simul
995 4567 1117 4622 quae
1146 4553 1212 4605 ad
1241 4554 1467 4611 bonos.a
1497 4551 1716 4606 Christo
1745 4550 1825 4603 di-

255 4650 456 4701 dicisse
506 4663 523 4699 :
578 4648 674 4700 sed
725 4646 842 4700 hree
903 4646 1194 4715 explicatio
1253 4646 1447 4698 merito
1497 4644 1742 4712 rejicitur
1793 4656 1823 4695 a

254 4744 479 4805 Crabio,
508 4743 601 4811 qui
642 4753 826 4797 tamen
863 4756 968 4795 non
1004 4740 1158 4792 valde
1184 4739 1459 4791 meliorem
1490 4735 1671 4789 all'ert.
1706 4734 1828 4788 Sta-

255 4839 353 4888 tuit
376 4838 524 4889 enim
554 4835 634 4889 sic
665 4834 986 4887 vertendum
1009 4874 1023 4895 ,
1059 4841 1115 4883 ul
1146 4846 1244 4885 nos
1276 4829 1528 4884 Christus
1556 4826 1825 4894 simulque

256 4932 475 5000 angelos
508 4933 610 4982 ista
631 4968 645 4989 .
679 4943 874 4996 nempe
902 4941 1027 4995 qum
1062 4925 1222 4995 paulo
1254 4934 1383 4975 ante
1410 4922 1476 4975 de
1495 4921 1724 4988 justitia:
1765 4935 1827 4970 ac

256 5025 611 5090 temperantia?
637 5040 698 5075 ac
725 5033 1043 5075 cwterarum
1072 5021 1320 5072 virtutum
1355 5012 1514 5066 Patre
1551 5012 1658 5065 Deo
1683 5011 1825 5065 dicta

256 5127 397 5175 sum,
431 5096 719 5168 edocuiSse
759 5112 1001 5166 dicatur.
1037 5109 1282 5176 Utraque
1321 5104 1701 5173 interpretatio
1726 5103 1829 5157 hoc

256 5208 388 5261 vitio
413 5206 668 5271 laborat,
699 5205 847 5275 quod
889 5202 1089 5257 Justiui
1122 5199 1287 5253 verba
1326 5196 1559 5250 miriﬁce
1592 5196 1731 5248 inter
1772 5208 1830 5246 se

256 5315 390 5353 nexa
432 5312 498 5351 ac
528 5298 581 5350 in
623 5310 795 5349 unum
838 5303 895 5347 et
941 5293 1081 5344 idem
1128 5289 1467 5359 propositum
1501 5282 1828 5354 pertinentia

255 5391 521 5444 violenter
557 5391 906 5456 detorqueat.
940 5384 1217 5436 Prteterea
1248 5397 1314 5434 ex
1361 5380 1535 5447 prima
1570 5378 1831 5442 interpre-

257 5487 460 5539 tatione
505 5497 720 5552 semper
770 5476 1026 5547 sequitur
1062 5473 1320 5529 colendos
1359 5485 1479 5524 esse
1528 5470 1700 5521 bonos
1731 5478 1833 5516 anu

259 5578 421 5647 gelus.
451 5576 581 5632 Nam
612 5578 657 5631 si
685 5576 949 5632 Christus
974 5574 1078 5625 ista
1112 5581 1213 5621 nos
1248 5565 1458 5626 docuit.
1490 5575 1683 5630 nempe
1717 5573 1833 5611 ma-

262 5671 339 5724 los
364 5686 482 5725 esse
516 5671 795 5724 damones
824 5665 918 5736 qui
954 5663 1171 5719 colendi
1206 5677 1311 5716 non
1350 5665 1512 5718 sunt,
1541 5668 1604 5706 ac
1634 5650 1830 5705 deinde

260 5763 425 5819 bonos
456 5779 574 5821 esse
628 5765 727 5834 qui
792 5760 1000 5816 Filium
1050 5756 1146 5811 Dei
1193 5758 1551 5811 assectantur,
1604 5745 1832 5814 ejusque

263 5856 536 5927 imaginem
585 5858 637 5910 in
682 5871 743 5909 se
790 5853 1020 5912 ferunt;
1074 5862 1251 5900 annon
1315 5844 1440 5897 inde
1503 5845 1824 5907 sequeretur

522 5954 789 6014 Pauor.
838 5947 961 6008 Gtt.
1003 5944 1109 6006 Vl.

1934 605 2312 672 interpretatio
2358 604 2694 671 perabsurde
2746 605 2937 659 statuit
2981 614 3036 659 et
3083 622 3185 661 nos
3230 616 3286 661 et
3331 608 3503 662 bonos

1935 695 2160 763 angelos
2190 711 2219 748 a
2251 695 2471 752 Christo
2501 697 2603 748 ista
2645 697 2869 752 eductos
2915 712 3035 752 esse
3056 736 3072 759 .
3102 698 3359 752 nimirum
3394 714 3499 753 non

1933 785 2189 841 colendos
2230 800 2352 841 esse
2402 786 2576 840 malos
2616 786 2912 846 daemones.
2964 789 3109 843 Nihil
3157 791 3304 844 enim
3355 789 3502 845 aliud

1932 892 2037 932 vox
2062 880 2166 932 ista
2199 880 2472 948 signiﬁcat
2503 881 2604 933 hoc
2636 882 2773 936 loco.

2015 990 2276 1059 Quisquis
2319 992 2457 1046 sciet
2494 995 2830 1062 propositum
2876 1007 2997 1049 esse
3041 994 3101 1049 S.
3143 994 3403 1065 martyri,
3444 1003 3504 1047 ut

1926 1077 2280 1135 Christianos
2323 1083 2518 1152 probet
2547 1100 2651 1139 non
2677 1099 2798 1139 esse
2836 1086 3050 1148 atheos,
3081 1085 3237 1139 fateri
3270 1098 3502 1153 cogetur

1869 1213 1883 1233 ,
1931 1172 2251 1241 angelorum
2280 1176 2483 1228 cultum
2517 1176 2584 1229 ab
2613 1191 2678 1230 eo
2707 1176 3017 1244 praedicari.
3070 1177 3124 1230 ld
3152 1177 3296 1230 enim
3332 1177 3503 1246 pluri-

1929 1275 2075 1313 mum
2108 1262 2323 1316 valebat
2372 1268 2438 1316 ad
2484 1266 2903 1334 propulsandam
2947 1267 3198 1320 atheismi
3241 1268 3501 1321 crimina-

1932 1353 2158 1408 tionem.
2181 1352 2366 1424 Neque
2391 1357 2502 1411 alio
2524 1371 2687 1411 sensu
2720 1359 3080 1427 imperatores
3104 1358 3298 1413 Justini
3328 1359 3497 1412 verba

1928 1447 2179 1514 accipere
2212 1457 2535 1516 potuerunt;
2566 1464 2689 1504 cum
2730 1452 3034 1519 praesertim
3066 1451 3198 1505 nihil
3243 1451 3385 1504 aliud
3413 1451 3497 1503 in-

1928 1538 2071 1591 dicet
2101 1541 2439 1593 constructio
2475 1542 2795 1607 verborum,
2836 1541 3043 1595 Filium
3084 1552 3132 1595 et
3156 1554 3492 1607 cmterorum,

1926 1633 2016 1700 qui
2055 1632 2207 1685 illuni
2236 1641 2599 1695 assectantur,
2631 1637 2781 1699 eique
2816 1636 3098 1689 assimilali
3130 1644 3286 1700 sunt,
3328 1636 3495 1687 bono-

1928 1739 2045 1774 rum
2096 1724 2401 1793 angelorum
2438 1725 2725 1777 exercitum
2759 1726 3000 1779 colimus.
3032 1728 3299 1780 Praeterea
3334 1725 3495 1777 malis

1928 1813 2153 1881 angelis,
2182 1828 2320 1881 quos
2345 1814 2642 1868 Christiani
2669 1816 2853 1870 colere
2885 1818 3099 1882 nolunt,
3143 1825 3494 1887 opponuntur

1928 1906 2090 1972 boni;
2154 1908 2301 1977 iique
2351 1908 2548 1961 Filium
2622 1919 2883 1979 tanquam
2937 1912 3122 1965 famuli
3187 1912 3493 1976 assectari,

1928 2014 2160 2069 eumque
2189 2001 2391 2054 imitari
2427 2002 2710 2065 dicuntur,
2740 2011 2799 2055 ut
2823 2003 3015 2058 merito
3041 2018 3135 2057 eos
3161 2003 3264 2057 coli
3296 2012 3349 2055 et
3384 2018 3496 2057 ma-

1927 2092 2007 2146 los
2039 2092 2187 2160 rejici
2218 2102 2415 2164 pateat.

1996 2224 2059 2277 ll.
2128 2224 2186 2278 S.
2231 2224 2430 2279 Justini
2489 2226 2713 2296 vestigia
2763 2225 2964 2294 premit
3012 2224 3388 2294 Athenagoras
3438 2226 3493 2279 in

1926 2317 2113 2370 eodem
2148 2316 2445 2371 refellendo
2468 2317 2720 2370 crimine.
2746 2315 3041 2384 Postquam
3072 2315 3215 2368 enim
3246 2329 3409 2367 unum
3437 2314 3491 2369 in

1927 2408 2102 2461 tribus
2146 2408 2394 2476 personis
2424 2407 2622 2471 Deum,
2655 2406 2869 2460 Patrem
2914 2414 2969 2459 et
3009 2404 3203 2459 Filium
3235 2414 3290 2459 et
3321 2405 3495 2473 Spiri-

1924 2509 2038 2552 tum
2075 2509 2326 2552 sanctum
2371 2514 2401 2551 a
2432 2498 2758 2553 Christianis
2788 2497 2892 2551 coli
2937 2497 3159 2561 docuit;
3203 2504 3313 2549 tum
3361 2510 3492 2550 vero

1925 2589 2005 2642 sic
2035 2589 2103 2642 ad
2137 2588 2359 2656 angelos
2392 2590 2588 2642 transit
2625 2587 2807 2655 Legat.
2829 2630 2844 2653 ,
2880 2605 2935 2641 n.
2970 2586 3035 2639 10
3078 2604 3091 2639 :
3138 2587 3246 2638 Kal.
3277 2587 3376 2639 οὐκ
3400 2586 3493 2639 ἐπὶ

1925 2680 2133 2743 τούτοις
2165 2680 2225 2732 τὸ
2256 2680 2561 2747 Θεολογικδν
2592 2680 2746 2751 ἡμῶν
2775 2680 2986 2732 ἵσταται
3015 2680 3177 2751 μέρος
3196 2695 3209 2709 ⁸
3237 2680 3371 2733 ἀλλὰ
3401 2681 3494 2734 καὶ

1922 2770 2125 2842 πλῆθος
2148 2771 2391 2839 ἀγγέλων
2408 2771 2499 2824 καὶ
2521 2770 2846 2841 λειτουργῶν
2874 2788 3072 2841 φαμεν,
3092 2770 3184 2833 οὓς
3214 2772 3242 2823 ὁ
3266 2772 3495 2841 ποιητὴς

1926 2868 2017 2921 καὶ
2046 2865 2373 2937 δημιουργὸς
2404 2865 2607 2934 κόσμου
2637 2863 2769 2926 Θεὸς
2794 2862 2879 2916 διὰ
2913 2863 3005 2916 τοῦ
3035 2863 3161 2934 παρ’
3194 2863 3359 2918 αὑτοῦ
3393 2867 3495 2918 Δο-

1923 2979 2020 3029 γου
2050 2960 2285 3030 διένειμε
2332 2960 2424 3012 καὶ
2462 2957 2670 3021 διέταξε
2712 2958 2837 3028 περί
2882 2974 2931 3010 τε
2968 2957 3034 3010 τὰ
3079 2960 3317 3027 στοιχεία
3355 2953 3493 3011 εἶναι

1924 3053 2017 3106 καὶ
2058 3053 2181 3116 τοὺς
2208 3052 2470 3123 οὐρανοὺς
2502 3050 2593 3103 καὶ
2634 3050 2721 3102 τὸν
2763 3050 2965 3119 κόσμον
3000 3050 3091 3102 καὶ
3126 3049 3193 3102 τὰ
3220 3050 3277 3103 ὲν
3308 3049 3491 3120 αὐτῷ,

1924 3144 2015 3197 καὶ
2046 3143 2140 3215 τὴν
2172 3144 2375 3196 τούτων
2400 3141 2673 3207 εὐταξίαν.
2726 3158 2745 3190 α
2776 3139 2962 3208 Neque
3004 3140 3086 3194 his
3116 3151 3295 3195 tamen
3340 3144 3493 3197 theo-

1926 3237 2080 3300 l0giae
2109 3246 2309 3289 nostra;
2339 3235 2479 3287 ratio
2510 3234 2823 3287 continetur
2848 3248 2861 3296 ;
2895 3232 2988 3285 sed
3012 3241 3062 3283 et
3091 3231 3491 3285 multitudinem

1926 3325 2240 3395 angelorum
2276 3334 2329 3379 et
2368 3324 2742 3376 ministrorum
2775 3320 3139 3389 agnoscimus,
3170 3336 3304 3389 quos
3326 3322 3494 3376 Crea-

1924 3427 2008 3470 tor
2040 3426 2094 3470 et
2127 3418 2310 3485 cpifex
2341 3414 2525 3469 mundi
2559 3414 2699 3467 Deus
2731 3425 2825 3481 per
2855 3411 3091 3465 Verbum
3120 3426 3276 3464 suum
3312 3412 3491 3466 distri-

1925 3511 2039 3564 buit
2068 3518 2123 3562 et
2148 3508 2457 3570 ordinavit,
2487 3518 2547 3561 ut
2592 3506 2739 3559 circa
2776 3505 3079 3569 elementa,
3112 3503 3300 3564 caelos.
3333 3520 3493 3558 mun-

1924 3600 2051 3653 dum
2081 3608 2135 3651 et
2164 3613 2285 3667 qua:
2316 3598 2368 3652 in
2406 3612 2471 3652 eo
2512 3602 2679 3661 sunt,
2708 3606 3004 3662 eorumque
3034 3592 3486 3661 temperationem

1924 3704 2079 3743 versa
2089 3700 2297 3743 rentur.
2330 3708 2347 3740 1

1997 3780 2120 3835 Haec
2187 3781 2497 3849 angelorum
2543 3787 2598 3834 et
2651 3780 3077 3843 beneﬁciorum,
3128 3792 3247 3847 quae
3291 3776 3357 3831 ab
3410 3776 3490 3831 eis

1925 3874 2242 3944 accipimus,
2302 3881 2357 3926 et
2416 3874 2699 3941 obsequii,
2761 3874 2904 3941 quod
2964 3872 3140 3926 Verbo
3193 3869 3490 3934 exhibent,

1926 3965 2381 4022 commemoratio
2424 3966 2671 4019 eumdem
2717 3965 2879 4019 habet
2937 3978 3093 4019 usum
3152 3962 3292 4033 apud
3345 3962 3490 4015 hunc

1926 4060 2245 4127 scriptorem
2286 4072 2349 4112 ac
2388 4058 2528 4126 apud
2563 4056 2871 4119 Justinum,
2915 4070 3111 4125 nempe
3152 4064 3208 4109 ut
3248 4070 3276 4109 a
3330 4053 3496 4109 Chri-

1928 4152 2123 4205 stianis
2178 4151 2427 4205 atheismi
2485 4150 2691 4204 crimen
2753 4148 3076 4218 depellatur.
3138 4145 3277 4214 Quin
3326 4146 3490 4200 etiam

1927 4244 2138 4297 videtur
2185 4243 2361 4310 prima
2419 4241 2603 4308 specie
2658 4239 3036 4307 Athenagoras
3083 4238 3294 4306 longius
3360 4235 3494 4290 ferri

1927 4347 2091 4400 quam
2122 4330 2392 4386 JuStinus.
2427 4327 2717 4397 Theologia
2749 4327 2894 4380 enim
2927 4326 3069 4394 apud
3116 4326 3368 4393 antiquos
3420 4326 3497 4378 si—

1928 4424 2193 4494 gniﬁcare
2213 4423 2354 4478 solet
2382 4430 2588 4475 natura:
2616 4419 2814 4472 divinae
2840 4417 3306 4486 praedicationem;
3332 4425 3498 4484 atque

1858 4540 1901 4594 υ
1933 4519 2061 4572 hinc
2091 4530 2282 4571 ansam
2321 4513 2560 4582 arripuit
2603 4512 2984 4581 Barbeyracus
3026 4509 3094 4562 ad
3138 4509 3495 4564 incusandum

1926 4612 2357 4679 Athenagoram.
2428 4605 2535 4660 Sed
2603 4604 2706 4658 hac
2758 4614 2892 4657 voce
2961 4601 3256 4672 significari
3321 4611 3499 4670 potest

1931 4702 2180 4756 doctrina
2228 4700 2491 4753 divinitus
2536 4696 2811 4761 revelata;
2846 4694 2933 4750 vel
2972 4695 3020 4750 si
3056 4694 3253 4749 divinae
3290 4702 3500 4746 naturze

1932 4794 2136 4847 cultum
2177 4789 2479 4862 signiﬁcet,
2533 4804 2641 4843 non
2693 4785 2967 4841 immerito
3008 4802 3131 4841 cum
3168 4786 3271 4839 hoc
3301 4782 3500 4837 divina:

1930 4892 2140 4936 natura:
2179 4880 2323 4934 cultu
2360 4879 2737 4946 Athenagoras
2761 4875 3025 4931 honorem
3057 4873 3264 4944 angelis
3286 4872 3502 4926 adhibi-

1932 4985 2043 5029 tum
2078 4973 2395 5043 conjungit,
2438 4972 2566 5040 quia
2616 4970 2682 5023 ad
2735 4968 2905 5024 Deum
2955 4966 3197 5022 refertur
3232 4963 3497 5033 quidquid

1931 5066 2157 5121 honoris
2186 5063 2396 5133 angelis
2422 5062 2769 5115 exhibemus.

2013 5180 2101 5234 lll.
2144 5177 2446 5246 Displicere
2477 5186 2527 5228 et
2556 5173 2859 5227 molestiam
2887 5170 3156 5223 facessere
3184 5181 3289 5219 non
3319 5164 3500 5227 debet,

1932 5273 2075 5343 quod
2106 5269 2286 5323 Verbo
2340 5266 2563 5335 angelos
2615 5263 2864 5331 adjungit
2920 5258 3190 5313 Justinus.
3246 5253 3501 5324 Adjungit

1932 5369 2076 5421 enim
2129 5375 2187 5418 ut
2233 5363 2467 5416 famulos
2508 5370 2560 5412 et
2606 5366 2939 5418 sectatores,
2993 5352 3156 5420 idque
3202 5348 3501 5417 Scriptum

1933 5464 2381 5513 consentaneum.
2405 5451 2539 5505 Nam
2572 5451 2623 5503 in
2642 5445 2962 5517 Apocalypsi
2990 5457 3106 5506 χιι,
3132 5440 3215 5503 M,
3235 5441 3301 5494 de
3326 5439 3501 5493 Verbo

1934 5551 2132 5604 dicitur
2164 5563 2180 5601 :
2211 5545 2276 5599 Et
2309 5546 2567 5599 exercitus
2604 5544 2693 5609 qui
2719 5550 2838 5593 sunt
2876 5540 2931 5591 in
2963 5534 3112 5597 ca’lo,
3154 5532 3505 5602 sequebantur

1934 5660 2051 5696 eum
2090 5645 2143 5695 in
2194 5642 2340 5711 equis
2394 5638 2567 5700 albis,
2610 5634 2779 5688 vestiti
2836 5633 2989 5701 bysso
3026 5627 3147 5680 albo
3189 5635 3239 5678 et
3280 5623 3500 5674 mundo.

1934 5736 2119 5806 Neque
2152 5734 2369 5789 errandi
2396 5734 2574 5786 locum
2609 5727 2828 5796 reliquit
2878 5724 2937 5778 S.
2981 5730 3213 5788 martyr,
3240 5731 3361 5768 cum
3395 5724 3501 5764 tam

1937 5840 2123 5898 aperte
2165 5827 2406 5881 declaret
2451 5829 2717 5891 quantum
2765 5815 2981 5872 intersit
3026 5815 3168 5865 inter
3218 5806 3413 5860 Filium
3450 5811 3500 5853 et

3136 5903 3180 5963 2
