3932 6258
440 387 507 442 ιι
1376 384 1430 440 S.
1468 384 1800 440 JUSTINUS
1834 381 2316 440 PHILOSOPHUS
2350 382 2441 436 ET
2476 379 2788 436 MARTYR.
3606 377 3677 434 α

437 507 658 578 angelos
690 522 702 556 :
742 521 846 562 non
893 505 1064 578 magis
1114 505 1356 574 profecto
1396 521 1560 575 quam
1612 506 1672 560 S.
1716 504 1953 574 lgnatius
1986 546 2001 570 ,
2035 509 2080 565 Α
2111 506 2240 558 tiam
2275 504 2600 572 perciperet.
2631 502 2761 556 Nam
2793 509 2851 556 et
2878 516 3021 556 nunc
3056 500 3266 565 infans,
3297 513 3418 555 cum
3450 501 3667 569 genitus

440 602 530 668 qui
556 602 632 655 ait
674 600 729 654 in
756 599 983 669 epistola
1020 598 1087 652 ad
1113 598 1405 663 Romanos,
1438 597 1618 653 n.12:
1650 598 1860 669 Πρέπει
1896 599 2005 670 γὰρ

442 696 566 765 ὑμῖν
591 695 702 757 τοῖς
723 693 845 747 καθ’
874 692 989 755 ἕνα,
1021 691 1309 763 ἐξαιρέτως
1330 691 1423 744 καὶ
1456 693 1568 754 τοῖς
1594 689 2003 761 πρεσϐυτέροις,

438 786 731 857 ἀναψύχειν
763 784 853 838 τὸν
886 783 1181 839 ἐπίσκοπον
1224 786 1304 847 εἰς
1347 782 1512 854 τιμὴν
1539 782 1786 853 Πατρὸς,
1830 778 2003 852 Ἰησοῦ

439 878 695 951 Χριστοῦ,
725 878 816 932 καὶ
842 877 950 931 τῶν
978 874 1308 929 ἀποστόλων.
1341 891 1362 927 ι
1389 873 1558 931 Decet
1586 875 1731 928 enim
1764 873 2007 942 singulos

441 981 682 1027 vestrum
703 1013 717 1036 ,
749 981 804 1027 et
832 968 1107 1040 praecipue
1134 967 1487 1037 presbyteros
1514 1006 1528 1029 ,
1556 964 1867 1018 refocillare
1894 964 2008 1033 epi-

443 1078 662 1131 scopum
684 1103 700 1127 ,
752 1063 805 1117 in
834 1062 1095 1117 honorem
1143 1058 1353 1122 Patris,
1381 1056 1509 1113 Jesu
1537 1057 1737 1112 Christi
1771 1064 1826 1110 et
1869 1070 2005 1124 apo-

442 1158 724 1213 stolorum.
757 1175 775 1208 ι

511 1250 737 1304 Frustra
766 1246 1024 1317 objicitur
1058 1246 1250 1313 duplex
1286 1245 1417 1299 illud
1454 1243 1680 1298 verbum
1703 1282 1719 1306 ,
1763 1241 2003 1311 σέϐομεν

444 1343 535 1398 καὶ
553 1340 1253 1415 προσκυνοῦμεν,‹οοιὶηιιιε
1281 1346 1336 1392 et
1379 1332 1858 1391 aderamus.»Nam
1893 1332 2006 1402 pri-

444 1452 588 1490 mum
620 1435 839 1504 quidem
870 1434 938 1487 ad
969 1431 1188 1503 angelos
1223 1430 1371 1499 ipsos
1398 1427 1656 1490 refertur,
1685 1425 1870 1480 habita
1916 1438 2006 1477 ra-

443 1530 593 1582 tione
638 1525 1001 1589 discriminis,
1045 1524 1187 1592 quod
1242 1524 1385 1576 inter
1424 1519 1741 1575 Creatorem
1793 1524 1848 1571 et
1888 1531 2003 1571 rem

444 1629 681 1675 creatam
706 1617 1014 1673 intercedit.
1046 1615 1288 1669 Alterum
1316 1620 1498 1667 autem
1532 1623 1874 1681 nequaquam
1907 1623 2005 1661 an-

444 1710 595 1780 gelos
641 1707 951 1763 necessario
988 1702 1419 1773 comprehendit.
1472 1699 1624 1769 Step6
1673 1701 1779 1755 duo
1836 1700 2003 1753 verba

444 1800 606 1855 simul
633 1799 923 1867 conjuncta
957 1811 1067 1851 non
1095 1796 1162 1849 ad
1185 1809 1347 1849 unam
1376 1802 1432 1848 et
1471 1792 1717 1847 eamdem
1743 1805 1879 1856 rem,
1908 1789 2001 1845 sed

2109 597 2307 660 fuerit,
2338 596 2571 649 nomium
2605 602 2781 663 potest
2822 607 3018 661 panem
3050 594 3247 655 edere,
3297 593 3390 645 sed
3435 591 3675 661 primum

2109 687 2251 741 lacte
2283 687 2547 749 nutritur,
2571 685 2768 739 deinde
2796 684 3179 753 progrediente
3206 692 3365 737 aetate
3394 684 3560 735 etiam
3605 681 3673 734 ad

2108 778 2340 831 solidum
2382 777 2562 831 cibum
2603 776 2834 830 accedit.
2878 775 3025 829 Idem
3055 790 3272 843 quoque
3315 775 3524 828 Adamo
3552 788 3681 828 eve-

2109 868 2304 922 nisset.
2338 868 2684 937 Quapropter
2709 882 2817 920 non
2859 866 3107 919 invidens
3136 866 3185 918 ei
3217 865 3395 928 Deus,
3449 875 3508 918 ut
3554 865 3680 933 qui-

2108 959 2230 1012 dam
2270 959 2623 1021 existimant,
2681 957 2964 1011 interdixit
3018 972 3085 1011 ne
3123 957 3199 1010 de
3239 956 3383 1026 ligno
3430 956 3680 1010 scientia

2107 1049 2437 1104 comederet.
2475 1048 2669 1103 Adhuc
2709 1048 2872 1101 etiam
2918 1046 3135 1102 volebat
3180 1061 3302 1101 eum
3340 1047 3579 1117 experiri
3619 1056 3680 1101 et

2108 1140 2405 1210 periclitari
2438 1148 2619 1195 utrum
2669 1140 2773 1195 sibi
2800 1140 2946 1195 dicto
2974 1140 3260 1194 auditurus
3290 1151 3458 1196 esset.
3499 1139 3677 1193 Simul

2107 1230 2312 1285 diutius
2345 1232 2562 1286 volebat
2606 1232 2911 1302 simplicem
2945 1241 2999 1287 et
3033 1233 3301 1287 sincerum
3353 1247 3678 1300 permanere

2107 1321 2382 1377 hominem
2431 1334 2870 1391 puerascentem.
2920 1324 3035 1379 Hoc
3096 1326 3240 1379 enim
3289 1334 3538 1378 sanctum
3591 1332 3681 1377 est

2106 1428 2213 1467 non
2242 1414 2416 1467 solum
2445 1416 2584 1483 apud
2632 1413 2801 1469 Deum
2826 1458 2841 1482 ,
2878 1416 2972 1469 sed
3006 1415 3173 1469 etiam
3224 1417 3365 1485 apud
3401 1417 3679 1481 homines,

2107 1507 2162 1558 in
2208 1504 2564 1575 simplicitate
2625 1515 2680 1560 et
2727 1506 3044 1561 innocentia
3087 1506 3279 1575 subjici
3329 1508 3675 1576 parentibus.

2105 1594 2261 1661 Quod
2310 1596 2355 1649 si
2400 1597 2555 1665 pueri
2604 1595 2859 1651 submissi
2901 1610 3022 1651 esse
3051 1596 3385 1663 'parentihus
3438 1597 3675 1661 debent,

2105 1695 2309 1755 quanto
2338 1687 2513 1757 magis
2552 1688 2764 1757 parenti
2811 1687 3057 1741 omnium
3104 1686 3247 1741 Deo?
3277 1686 3542 1741 Prieterea
3587 1689 3678 1740 in-

2108 1780 2363 1834 decorum
2398 1790 2483 1834 est
2506 1794 2704 1848 pueros
2726 1779 2962 1834 infantes
2981 1779 3100 1848 plus
3132 1794 3323 1848 sapere
3350 1796 3511 1849 quam
3543 1791 3682 1833 aetas

442 1895 509 1946 ad
534 1889 1003 1957 diversasjudieio
1032 1886 1326 1955 legentium
1352 1882 1704 1938 referuntur:
1736 1882 1892 1949 cujus
1920 1881 1999 1934 rei
2032 1872 2075 1926 Β
2104 1871 2339 1941 postulet
2364 1888 2378 1924 :
2410 1873 2877 1941 quemadmodum
2908 1873 3053 1927 enim
3083 1887 3247 1926 nemo
3286 1873 3487 1928 crescit
3517 1883 3683 1926 mare

441 1982 747 2053 exemplum
776 1980 1013 2034 maxime
1046 1977 1351 2047 appositum
1369 1975 1661 2031 observavi
1692 1975 1745 2029 in
1781 1982 1912 2028 nota
1936 1974 2004 2028 ad

440 2083 631 2146 quaest.
666 2075 767 2128 137
793 2074 862 2126 ad
893 2072 1230 2126 orthodoxos.

1063 2224 1289 2281 CAPUT
1322 2222 1394 2280 ν.

444 2335 722 2410 Theophili
767 2338 1025 2392 sententia
1091 2337 1172 2410 de
1210 2344 1352 2390 statu
1393 2336 1450 2389 in

1092 2407 1345 2459 Adamus.

1495 2349 1597 2405 quo
1650 2341 1855 2386 creatus
1902 2331 2006 2400 fuit

443 2525 484 2574 ι.
508 2520 761 2573 Infantiam
786 2520 969 2570 Adamo
988 2514 1161 2568 tribuit
1202 2515 1509 2578 TheOphiius
1536 2516 1630 2578 vel
1665 2513 1743 2578 ob,
1772 2515 2008 2578 innocen—

504 2587 637 2645 tiam,
659 2586 738 2633 vel
760 2582 822 2631 ob
841 2589 1094 2645 recentem
1106 2576 1427 2645 creationem.
1454 2578 1518 2645 Il.
1539 2577 1676 2626 Multi
1703 2577 1808 2645 alii
1828 2576 2007 2645 eodem

504 2638 648 2694 modo
667 2646 816 2693 locuti
840 2649 971 2693 sunt.
995 2641 1080 2692 ΙΙΙ.
1099 2641 1373 2703 Singularis
1394 2640 1447 2689 S.
1470 2639 1742 2689 Clementis
1782 2638 2007 2687 Alexan-

503 2708 636 2757 drini
653 2708 837 2768 opinio.

514 2856 552 2909 l.
596 2852 821 2908 Videtur
854 2853 1033 2923 prima
1079 2851 1264 2922 specie
1299 2850 1633 2921 Theophilus
1687 2847 2007 2905 existimare

445 2951 707 3005 Adamum
740 2948 793 3002 in
820 2947 1056 3018 quodam
1084 2945 1324 3000 infantia!
1354 2953 1494 3000 statu
1528 2952 1773 2999 creatum
1814 2942 2003 3007 fuisse,

443 3057 507 3095 ac
531 3056 596 3096 ea
626 3040 851 3095 scientia
883 3039 1206 3093 destitutum
1230 3077 1245 3102 ,
1286 3049 1407 3107 qum
1449 3036 1592 3090 virili
1630 3035 1777 3089 aetati
1807 3049 2008 3089 conve-

444 3133 577 3186 niat.
624 3130 732 3185 Sed
770 3144 837 3184 ne
867 3129 1072 3183 indicta
1103 3143 1268 3182 causa
1302 3127 1630 3193 damnetur,
1662 3125 1807 3181 illius
1840 3126 2005 3179 verba

442 3239 549 3279 non
582 3220 954 3292 perfunctorie
981 3220 1370 3275 examinanda.
1401 3218 1493 3272 Sic
1523 3219 1687 3287 igitur
1716 3217 1806 3270 ille
1831 3215 2003 3281 lib.n,
2033 3201 2075 3259 Ο

443 3332 497 3369 ιι.
530 3315 602 3369 25
632 3331 645 3367 :
673 3314 747 3370 Οὐ
777 3312 885 3384 γὰρ
915 3312 991 3375 ὡς
1013 3310 1213 3364 οἴονταί
1238 3327 1409 3374 τινες,
1442 3308 1667 3362 Θάνατον
1690 3303 1802 3378 εἶχε
1834 3307 1893 3361 τὸ
1919 3307 2008 3374 ξύ-

442 3407 551 3473 λον,
583 3406 695 3460 ἀλλ’
731 3408 765 3477 ἡ
804 3408 1075 3477 παρακοὴ.
1125 3403 1198 3457 Οὐ
1242 3402 1350 3474 γάρ
1396 3419 1449 3454 τι
1495 3401 1682 3471 ἕτερον
1726 3396 1794 3470 ἦν
1839 3402 1897 3453 ὲν
1931 3397 2007 3469 τῷ

443 3498 637 3571 καρπῷ
672 3498 705 3570 ἢ
739 3498 895 3569 μόνον
916 3496 1116 3564 γνῶσις
1136 3512 1147 3525 ·
1181 3496 1215 3565 ἡ
1242 3495 1298 3547 δὲ
1326 3492 1525 3563 γνῶσις
1555 3494 1714 3562 καλὴ,
1742 3492 1880 3545 ἐπὰν
1908 3493 2006 3544 αὐ-

441 3595 507 3662 τῇ
535 3589 747 3652 οἰκείως
774 3606 856 3651 τις
887 3591 1173 3659 χρήσηται.
1203 3588 1281 3657 Τῇ
1308 3584 1364 3637 δὲ
1398 3584 1531 3656 οῦσῃ
1558 3585 1741 3655 ἡλικίᾳ
1766 3586 1793 3637 ὁ
1836 3584 2005 3655 Ἀδὰμ

442 3683 523 3736 ἐτι
550 3683 741 3754 νήπιος
797 3675 895 3750 ἦν,
930 3680 1010 3732 διὸ
1058 3678 1209 3731 οῦπω
1243 3676 1474 3748 ἠδύνατο
1502 3676 1598 3747 τὴν
1633 3677 1834 3745 γνῶσιν
1866 3676 2005 3729 κατὰ

441 3772 597 3839 ἀξίαν
628 3773 844 3843 χωρεῖν.
893 3770 1002 3823 Καὶ
1032 3769 1137 3840 γὰρ
1175 3768 1269 3822 νῦν
1290 3808 1305 3835 ,
1355 3768 1493 3821 ὲπάν
1525 3767 1725 3838 γενηθῇ
1758 3766 1966 3820 παιδίον
1988 3805 2004 3829 ,

440 3866 541 3919 οὐκ
560 3865 663 3936 ἤδη
688 3863 911 3917 δύναται
940 3862 1101 3934 ἄρτον
1129 3860 1348 3926 ἐσθίειν,
1371 3859 1505 3913 ἀλλὰ
1534 3859 1746 3931 πρῶτον
1775 3858 2006 3927 γάλακτι

441 3955 802 4028 ἀνατρέφεται
824 3995 840 4021 ,
882 3954 1073 4007 ἔπειτα
1108 3953 1250 4007 κατά
1300 3951 1602 4023 πρόσϐασιν
1635 3951 1731 4022 τῆς
1769 3949 2004 4021 ἡλικίας,

444 4049 537 4102 καὶ
572 4047 664 4100 ἐπὶ
686 4046 794 4118 τὴν
823 4044 1048 4117 στερεὰν
1077 4043 1282 4116 τροφὴν
1310 4043 1547 4115 ἔρχεται.
1585 4042 1771 4105 Οὕτως
1799 4042 1864 4095 ἂν
1889 4045 2008 4112 ἐγε-

442 4141 591 4208 γόνει
634 4138 728 4193 καὶ
772 4136 852 4208 τῷ
898 4124 1095 4207 Ἀδάμ.
1124 4135 1216 4188 Διὸ
1259 4134 1355 4195 οὐχ
1405 4134 1481 4199 ὡς
1526 4132 1736 4204 φθονῶν
1782 4133 1929 4204 αὐτῷ
1978 4136 2007 4187 ὁ

441 4228 685 4293 Θεὸς,ὼς
712 4227 911 4281 οἴονταί
937 4243 1103 4292 τινες,
1134 4226 1387 4279 ἐκέλευσε
1430 4225 1504 4296 μὴ
1539 4224 1737 4278 ἐσθίειν
1769 4223 1876 4277 ἀπὸ
1908 4224 2006 4295 τῆς

442 4320 708 4389 γνώσεως.
749 4320 868 4372 Ἔτι
901 4318 1006 4388 μὴν
1033 4317 1125 4371 καὶ
1151 4316 1398 4370 ἐϐούλετο
1421 4315 1712 4386 δοκιμάσαι
1744 4315 1925 4378 αὐτὸν,
1958 4318 2007 4369 εἰ

440 4413 677 4482 ὑπήκοος
713 4410 921 4478 γίνεται
954 4411 1018 4479 τῇ
1062 4405 1247 4477 ἐντολῇ
1286 4404 1470 4460 αὑτοῦ.
1504 4406 1653 4476 ’Ἅμα
1684 4404 1750 4476 δὴ
1786 4405 1879 4459 καὶ
1912 4405 2004 4460 ἐπὶ

2108 1967 2210 2021 nisi
2243 1967 2566 2035 quibusdam
2597 1965 2763 2020 veluti
2796 1963 3078 2035 gradibus,
3109 1964 3180 2017 ita
3205 1978 3309 2018 nec
3337 1963 3627 2031 sapientia.
3652 1981 3676 2013 ι

2179 2058 2377 2126 Ecquis
2430 2073 2537 2112 non
2579 2058 2765 2121 videt,
2823 2057 2869 2111 si
2929 2057 3087 2111 modo
3123 2057 3365 2109 animum
3397 2056 3682 2117 advertat,

2108 2150 2391 2204 infantiam
2425 2150 2597 2213 illam,
2639 2165 2758 2219 qua:
2787 2149 3000 2205 Adamo
3031 2149 3309 2211 tribuitur,
3357 2148 3684 2215 metaphora

2110 2258 2218 2297 non
2246 2240 2473 2299 carere?
2503 2244 2560 2298 1°
2585 2242 2957 2313 'Apparentem
2992 2242 3135 2296 hanc
3162 2239 3444 2293 infantiam
3483 2241 3687 2307 repetit

2110 2332 2442 2405 Theophilus
2472 2344 2583 2389 tum
2624 2351 2691 2390 ex
2734 2335 2941 2391 recenti
2977 2333 3170 2387 Adami
3199 2333 3481 2387 creatione
3505 2371 3520 2394 ,
3563 2340 3681 2384 tum

2108 2440 2173 2479 ex
2208 2426 2387 2480 medio
2415 2426 2506 2481 illo
2542 2433 2707 2489 statu,
2730 2427 2783 2479 in
2813 2440 2920 2495 quo
2947 2434 3166 2479 creatus
3204 2424 3400 2477 fuerat.
3446 2420 3686 2474 Vixdum

2108 2517 2251 2570 enim
2278 2527 2497 2574 creatus
2535 2515 2735 2581 fuerat,
2769 2530 2890 2571 cum
2934 2515 3080 2569 illum
3114 2514 3257 2569 Deus
3283 2515 3333 2568 in
3366 2514 3682 2584 paradisum

2112 2606 2419 2670 transtulit,
2450 2606 2694 2660 stimulos
2717 2605 2767 2660 ei
2807 2606 3091 2674 subjiciam
3135 2604 3466 2673 proﬁciendi,
3496 2612 3551 2656 ut
3580 2620 3688 2655 au-

2110 2713 2318 2765 gescens
2340 2707 2386 2750 et
2423 2697 2632 2749 tandem
2663 2696 2947 2764 perfectus,
2972 2696 3078 2750 imo
3102 2697 3404 2749 declaratus
3440 2696 3570 2747 deus
3600 2694 3687 2747 sic

2108 2788 2163 2841 in
2201 2788 2383 2841 caelum
2408 2787 2731 2842 ascenderet.
2759 2787 2969 2841 Medius
2991 2790 3130 2843 enim
3162 2786 3313 2841 homo
3356 2797 3509 2839 natus
3540 2798 3684 2846 erat,

2111 2894 2203 2931 nec
2232 2879 2445 2931 omnino
2470 2877 2720 2931 mortalis
2742 2919 2756 2943 ,
2804 2896 2893 2933 nec
2923 2894 3139 2948 prorsus
3176 2877 3510 2930 immortalia.
3550 2877 3687 2930 Inde

2111 2984 2242 3039 ergo
2277 2969 2371 3023 illa
2400 2968 2650 3034 infantia,
2687 2971 2831 3039 quod
2863 2979 2917 3024 et
2948 2983 3139 3024 recens
3178 2978 3396 3022 creatus
3426 2976 3592 3030 esset,
3625 2977 3689 3021 et

2110 3061 2326 3116 medius
2354 3061 2758 3130 quodammodo
2788 3070 3031 3115 creatus.
3056 3058 3180 3114 Etsi
3218 3060 3363 3114 enim
3410 3059 3687 3112 maxima»

2112 3167 2234 3206 rum
2290 3167 2475 3207 rerum
2529 3152 2847 3223 cognitione
2906 3153 3202 3206 instructus
3249 3160 3407 3215 erat,
3450 3150 3686 3203 infantia

2112 3244 2398 3300 videbatur
2434 3244 2553 3300 hac
2581 3245 2818 3300 scientia
2863 3259 2985 3299 cum
3019 3259 3105 3303 ea.
3142 3258 3263 3313 quae
3292 3245 3344 3297 in
3381 3243 3518 3297 coelo
3548 3258 3685 3311 pro-

2110 3334 2466 3397 mittebatur,
2518 3341 2860 3402 comparata.
2886 3332 3133 3399 “Qualem
3174 3342 3353 3389 autem
3395 3334 3686 3388 scientiam

2110 3422 2444 3492 TheOphilus
2493 3422 2702 3476 Adamo
2736 3421 2950 3477 deferat
3000 3423 3162 3476 etiam
3222 3424 3275 3475 in
3321 3422 3452 3485 illo,
3510 3436 3682 3490 quem

2109 3524 2294 3579 vocat,
2328 3513 2508 3569 medio
2542 3519 2686 3567 statu
2707 3553 2723 3578 ,
2766 3513 2999 3582 perspici
3040 3521 3218 3583 potest
3248 3528 3312 3567 ex
3345 3513 3679 3575 nominibus.

2110 3620 2231 3674 quae
2264 3605 2520 3660 omnibus
2560 3605 2890 3660 animalibus
2922 3606 3095 3659 Adam
3131 3605 3407 3673 imposuit.
3441 3603 3495 3657 ld
3530 3604 3683 3657 enim

2110 3696 2363 3749 maximae
2378 3695 2620 3750 scientia:
2643 3695 2899 3750 indicium
2921 3709 3038 3749 esse
3059 3696 3330 3748 existimat
3346 3693 3685 3764 Theophilus

2109 3785 2205 3841 lib.
2243 3801 2303 3854 tt,
2350 3803 2403 3840 ιι.
2442 3787 2530 3841 15.
2559 3787 2618 3841 2-
2664 3786 2900 3841 Puerum
2937 3787 3334 3857 quodammodo
3375 3786 3505 3840 dicit
3536 3787 3687 3839 Ada-

2110 3880 2379 3942 mum,‘ob
2402 3878 2805 3948 simplicitatem
2836 3886 2890 3933 et
2918 3879 3258 3947 obsequium,
3290 3879 3429 3945 quod
3456 3877 3582 3941 Deo,
3617 3888 3685 3933 ut

2110 3966 2253 4023 ﬁlius
2281 3969 2440 4037 patri,
2468 3969 2884 4024 debebat.»Hinc
2908 3978 3233 4038 prteceptum
3260 3968 3335 4022 illi
3362 3970 3681 4038 impositum

2112 4051 2278 4107 fuisse
2309 4054 2458 4122 dicit,
2488 4063 2546 4108 ut
2576 4055 2668 4109 diu
2721 4056 2776 4110 in
2820 4056 2909 4110 illa
2955 4056 3125 4111 veluti
3159 4058 3387 4124 pueritia
3425 4073 3683 4125 perseve—

2110 4152 2257 4197 raret
2283 4157 2299 4199 :
2336 4146 2482 4214 quod
2508 4146 2727 4215 quidem
2776 4162 2937 4202 nemo
2966 4162 3201 4216 unquam
3232 4148 3298 4203 de
3328 4150 3555 4217 pueritia
3590 4150 3683 4203 di-

2110 4234 2273 4299 xerit,
2302 4249 2422 4303 que:
2447 4250 2570 4290 cum
2601 4236 2976 4292 imbecillitate
3006 4238 3167 4291 animi
3193 4247 3246 4291 et
3278 4239 3522 4308 corporis
3547 4254 3685 4292 con-

2103 4326 2288 4392 juncta
2320 4326 2411 4382 sit.

2181 4414 2244 4469 ll.
2271 4414 2638 4488 Theophilum
2668 4418 2912 4473 imitatur
2939 4418 3000 4473 S.
3024 4418 3277 4485 Irenaeus,
3315 4434 3414 4475 nec
3438 4421 3503 4474 ab
3528 4421 3683 4474 illius

440 4502 658 4555 πλείονα
694 4501 883 4572 χρόνον
924 4499 1180 4570 ἠϐούλετο
1226 4496 1427 4551 ἁπλοῦν
1468 4497 1561 4550 καὶ
1602 4498 1853 4569 ἀκέραιον
1894 4498 2002 4549 δια-

2111 4510 2380 4562 sententia
2441 4511 2666 4565 recedit.
2704 4510 2857 4577 Quod
2889 4511 3035 4564 enim
3072 4512 3147 4564 ait
3178 4511 3272 4566 lib.
3298 4526 3395 4574 ιιι,
3434 4527 3551 4580 cap.
3580 4513 3681 4578 22,

442 4596 620 4666 μεῖναι
664 4594 753 4646 τὸν
799 4591 1083 4663 ἄνθρωπον
1123 4590 1471 4662 νηπιάζοντα.
1514 4588 1684 4642 Τοῦτο
1716 4590 1825 4660 γὰρ
1856 4590 2002 4641 ὅσιόν

437 4690 605 4749 ἔστιν,
622 4684 683 4737 οὐ
714 4685 872 4756 μόνον
896 4684 1045 4756 παρὰ
1064 4682 1201 4753 Θεῷ,
1223 4681 1358 4735 ἀλλὰ
1386 4681 1479 4735 καὶ
1500 4681 1651 4751 παρὰ
1672 4678 1999 4751 ἀνθρώποις,

437 4777 497 4831 τὸ
526 4780 583 4830 ἐν
602 4775 864 4846 ἁπλότητι
889 4773 1217 4845 καὶ-ἀκακία
1244 4770 1647 4826 ὑποτάσσεσθαι
1671 4772 1785 4834 τοῖς
1811 4769 2000 4839 γονεῦ-

438 4869 670 4921 σιν.¹Έτι
696 4868 752 4921 δὲ
778 4868 885 4939 χρὴ
905 4867 974 4921 τὰ
994 4866 1159 4919 τέκνα
1179 4867 1291 4929 τοῖς
1321 4863 1566 4933 γονεῦσιν
1583 4861 1997 4915 ὑποτάσσεσθαι.

436 4958 500 5011 El
546 4958 604 5011 δὲ
642 4959 749 5029 χρὴ
793 4958 863 5013 τὰ
907 4956 1071 5010 τέκνα
1108 4959 1221 5020 τοῖς
1263 4955 1509 5025 γονεῦσιν
1556 4955 1997 5020 ὑποτάσσεσθαι,

436 5048 587 5119 πόσῳ
617 5048 812 5119 μᾶλλον
828 5047 905 5118 τῷ
931 5046 1049 5119 Θεῷ
1072 5046 1165 5101 καὶ
1196 5047 1372 5119 Πατρὶ
1401 5047 1510 5100 τῶν
1539 5047 1709 5111 ὃλων;
1744 5047 1862 5099 Ἔτι
1893 5047 1998 5117 μὴν

436 5140 529 5194 καὶ
562 5140 808 5212 ἄσχημόν
831 5142 948 5193 ἐστι
982 5140 1051 5194 τὰ
1078 5139 1265 5192 παιδία
1309 5138 1377 5193 τὰ
1402 5139 1572 5209 νήπια
1605 5140 1745 5209 ὑπὲρ
1782 5138 1997 5209 ἠλικίαν

435 5234 677 5304 φρονεῖν·
728 5230 977 5303 καθάπερ
1027 5231 1137 5303 γὰρ
1190 5234 1257 5302 τῇ
1304 5230 1489 5302 ἡλικίᾳ
1530 5248 1613 5295 τις
1660 5232 1798 5302 πρὸς
1845 5231 1996 5294 τάξιν

434 5323 621 5390 αὔξει,
648 5321 791 5376 οὕτω
833 5323 927 5377 καὶ
958 5325 1018 5376 ὲν
1046 5321 1124 5393 τῷ
1160 5324 1395 5394 φρονεῖν.
1439 5341 1459 5373 ι
1488 5321 1673 5390 Neque
1720 5323 1896 5386 enim,
1941 5332 1999 5376 nt

436 5417 653 5488 quidam
687 5416 1046 5480 existimant,
1099 5416 1439 5471 mortiferum
1471 5424 1591 5470 erat
1619 5416 1821 5484 lignum
1845 5453 1861 5480 ,
1903 5416 1997 5470 sed

434 5508 677 5565 mandati
705 5510 1135 5580 prmtergressio.
1172 5509 1335 5565 Aliud
1365 5510 1509 5564 enim
1542 5522 1649 5563 non
1685 5516 1808 5563 erat
1842 5508 1895 5561 in
1932 5506 1997 5561 li-

434 5617 541 5671 gno
570 5601 675 5656 nisi
709 5601 973 5667 scientia;
1000 5602 1144 5657 bona
1172 5610 1355 5655 autem
1387 5601 1615 5655 scientia
1636 5639 1652 5664 ,
1686 5600 1731 5655 si
1781 5600 1903 5668 quis
1933 5612 1996 5653 ea

431 5702 557 5761 apte
587 5701 789 5747 utatur.
812 5693 928 5760 Qua
954 5703 1135 5749 autem
1165 5703 1323 5750 :etate
1343 5704 1463 5749 erat
1482 5695 1678 5759 Adam,
1702 5695 1882 5748 adhuc
1915 5694 1995 5747 in-

432 5784 718 5854 tamerat,
746 5785 973 5842 necdum
1001 5786 1227 5845 idoneus
1259 5802 1381 5844 esse
1411 5796 1662 5859 poterat,
1686 5789 1774 5858 qui
1802 5787 1953 5843 scien
1976 5815 1989 5826 -

2112 4614 2169 4653 ιι.
2198 4598 2273 4653 4ε
2309 4618 2328 4651 ι
2366 4600 2534 4656 Erant
2582 4603 2801 4672 utrique
2845 4602 2977 4657 nudi
3013 4604 3105 4673 (in
3142 4604 3431 4673 paradiso)
3471 4612 3525 4658 et
3566 4619 3682 4659 non

2108 4693 2597 4759 confundebantur,
2624 4696 2882 4765 quoniam
2912 4697 3069 4766 paulo
3103 4706 3229 4749 ante
3272 4695 3400 4750 facti
3436 4712 3539 4751 non
3589 4696 3683 4748 in-

2108 4782 2384 4837 tellectum
2411 4784 2681 4840 babebant
2705 4786 2934 4839 filiorum
2960 4787 3363 4856 generationis;
3389 4788 3679 4855 oportebat

2106 4875 2255 4929 enim
2296 4873 2420 4929 illos
2448 4876 2627 4943 primo
2654 4876 3005 4941 adolescere,
3046 4877 3245 4932 dehinc
3286 4878 3366 4931 sic
3412 4878 3677 4944 multipli-

2105 4966 2254 5030 cari;
2284 4985 2302 5018 ι
2360 4965 2412 5019 id
2440 4967 2701 5036 explicari
2720 4977 2916 5038 potest
2957 4983 3025 5023 ex
3052 4962 3173 5037 cap.
3216 4968 3310 5031 25,
3349 4969 3439 5022 ubi
3480 4970 3555 5023 sic
3608 4974 3678 5024 de

2105 5057 2429 5124 pmnitentia
2456 5058 2631 5112 Adam
2668 5058 2908 5127 loquitur
2950 5074 3005 5114 ιι.
3044 5060 3113 5114 5:
3153 5079 3171 5111 ι
3204 5060 3470 5127 Quoniam
3520 5062 3677 5115 indo-

2103 5143 2207 5197 lem
2246 5155 2300 5200 et
2333 5147 2595 5216 puerilem
2642 5149 2901 5203 amiserat
2952 5164 3207 5215 sensum,
3251 5160 3307 5204 et
3360 5152 3411 5203 in
3464 5150 3675 5217 cogita-

2104 5238 2304 5291 tionem
2334 5238 2577 5307 pejorum
2609 5248 2870 5306 venerat,
2912 5239 3127 5295 frenum
3173 5240 3523 5295 continentiae
3566 5241 3670 5294 siln'

2101 5340 2158 5384 et
2188 5331 2344 5384 uxori
2375 5344 2488 5384 sua:
2515 5331 2901 5398 circumdedit,
2932 5333 3147 5395 timens
3168 5328 3345 5386 'Deum
3381 5343 3437 5387 et
3470 5334 3673 5387 adVen-

2103 5430 2213 5474 tum
2238 5421 2357 5489 eius
2378 5432 2727 5491 exspectans.
2760 5441 2779 5476 ι
2815 5422 3052 5479 Puerilis
3099 5425 3305 5480 indoles
3353 5437 3407 5479 et
3445 5441 3665 5487 sensus,

2099 5526 2218 5579 quae
2243 5513 2526 5581 peccando
2559 5513 2910 5579 amittantur,
2938 5516 3072 5585 quid
3099 5516 3244 5570 aliud
3267 5531 3386 5570 esse
3418 5527 3665 5585 ιιοεειιιιι,

2098 5618 2260 5671 quam
2298 5604 2649 5660 innocentia?
2676 5605 2768 5660 Sic
2820 5607 2987 5661 etiam
3019 5607 3395 5662 Tertull-ianus
3424 5608 3478 5660 in
3528 5608 3669 5661 libro
3755 5672 3761 5679 .

2099 5693 2175 5746 De
2216 5694 2446 5751 celandi:
2474 5697 2802 5767 virginibus,
2841 5712 2964 5767 cap.
2998 5698 3059 5753 Η
3091 5715 3107 5752 :
3144 5717 3163 5749 ι
3196 5697 3332 5752 Nam
3372 5706 3427 5751 et
3464 5698 3666 5767 princi-

2096 5798 2192 5853 pes
2224 5786 2439 5853 generis
2470 5788 2641 5840 Adam
2675 5795 2728 5840 ct
2758 5787 2885 5850 Eva,
2922 5788 3163 5856 quandiu
3196 5786 3471 5841 intellectu
3504 5802 3660 5844 care-
