3932 6258
234 358 298 411 ως

1340 364 1401 420 D.
1439 362 1704 419 MARANI
1738 363 2136 422 PREFATIO.
2174 396 2244 407 —-
2276 366 2457 423 PARS
2491 368 2560 426 ll.
3494 388 3562 445 .15

252 489 395 542 nant.
425 480 573 536 nihil
620 483 914 554 agebant.
979 485 1060 540 At
1119 486 1213 540 ubi
1258 490 1319 539 de
1365 485 1559 538 arbore
1595 485 1889 553 agnitionis
1916 493 1963 549 Α
1994 487 2176 543 radiso
2207 489 2416 542 solutus
2451 490 2697 557 ludebat,
2732 501 2851 549 erat
2879 496 3058 553 adhuc
3085 500 3178 556 Dei
3217 517 3368 572 puer.
3402 505 3559 564 Post-
3633 523 3638 529 '

263 585 654 646 gustaverunt,
686 578 841 630 nihil
894 580 1159 647 primum
1190 590 1468 634 senserunt
1491 594 1655 649 quam
1692 580 1888 632 erube-

274 666 549 721 scendum.
598 667 803 735 Itaque
867 671 965 721 sui
1030 686 1257 738 quoque
1326 685 1488 724 sexus
1544 669 1879 725 intellectum

290 759 511 828 tegmine
535 769 918 816 notaverunt.
970 780 990 811 ο

353 855 674 909 Audiendus
708 855 771 908 in
804 856 1078 909 eamdem
1111 856 1430 910 sententiam
1458 856 1753 921 Gregorius
1781 857 1889 910 Na-

294 949 568 1000 zianzenus
594 948 694 1017 qui
729 949 821 1002 sic
855 948 1115 1017 loquitur
1146 950 1295 1002 Orat.
1321 948 1407 1009 58,
1433 964 1486 1018 p.
1507 949 1612 1003 6l9
1634 966 1647 1002 :
1672 949 1886 1021 Θεωρία

292 1041 385 1109 γὰρ
412 1035 477 1109 ἦν
521 1042 585 1094 τὸ
623 1040 827 1109 φυτὸν,
866 1041 951 1105 ὡς
985 1044 1021 1112 ἡ
1064 1042 1172 1112 ἐμὴ
1191 1041 1412 1111 Θεωρία,
1453 1035 1521 1111 ἦς
1562 1042 1740 1112 μόνοις
1763 1044 1884 1095 ἐπι-

289 1134 480 1186 ϐαίνειν
502 1134 761 1201 ἀσφαλὲς
796 1138 917 1199 τοῖς
954 1135 1053 1205 τὴν
1077 1135 1190 1200 ἕξιν
1223 1134 1595 1206 τελεωτέροις,
1631 1137 1691 1188 οὺ
1724 1135 1886 1188 καλὸν

288 1225 337 1277 δὲ
370 1229 476 1288 τοῖς
509 1225 925 1297 ἁπλουστέροις
950 1226 1039 1280 ἔτι
1062 1226 1155 1279 καὶ
1178 1226 1271 1296 τὴν
1304 1226 1485 1294 ἔφεσιν
1526 1227 1879 1298 λιχνοτέροις’

290 1318 467 1392 ὥσπερ
488 1319 615 1371 οὐδὲ
643 1317 834 1390 τροφὴ
854 1319 1039 1372 τελεία
1064 1318 1345 1389 λυσιτελὴς
1377 1323 1488 1382 τοῖς
1531 1320 1758 1383 ἁπαλοῖς
1804 1321 1884 1374 ἐτι

292 1412 381 1465 καὶ
418 1411 703 1481 δεομένοις
738 1410 1047 1477 γάλακτος.
1090 1429 1113 1461 ι
1159 1408 1555 1478 Contemplatio
1599 1422 1719 1463 erat
1770 1413 1885 1465 lta-c

288 1505 488 1565 arbor,
523 1512 807 1571 quantum
854 1502 973 1570 ipse
1007 1502 1428 1569 contemplando
1474 1517 1763 1571 assequar.
1816 1505 1881 1557 ad

288 1610 450 1662 quam
478 1594 545 1647 iis
586 1594 728 1646 solis
760 1602 918 1647 tutus
946 1604 1033 1646 est
1058 1608 1341 1655 ascensus,
1374 1593 1466 1660 qui
1499 1595 1663 1646 animi
1697 1594 1881 1648 habitu

288 1686 606 1754 perfectiori
637 1696 798 1749 sunt,
829 1685 1263 1753 haudquaquam
1293 1696 1475 1740 autem
1501 1687 1638 1740 bona
1672 1687 1881 1755 simpli-

286 1777 537 1828 cioribus
564 1776 756 1829 adhuc
782 1776 984 1827 animis
1014 1784 1181 1843 atque
1211 1776 1454 1845 appetitu
1485 1777 1715 1830 avidiori
1748 1793 1882 1846 prae-

288 1869 439 1929 ditis,
470 1869 944 1935 quemadmodum
972 1884 1074 1924 nec
1099 1869 1378 1936 perfectus
1403 1884 1467 1923 ac
1492 1870 1697 1924 solidus
1727 1871 1882 1925 cibus

287 1960 357 2012 iis
382 1960 649 2013 conducit
676 1958 770 2025 qui
804 1969 991 2013 tenera
1021 1960 1201 2012 adhuc
1242 1965 1369 2012 sunt
1401 1968 1585 2022 aetate,
1633 1959 1883 2028 laeteque

286 2068 425 2118 opus
458 2054 696 2108 habent.
728 2071 747 2103 ι
784 2051 876 2105 llis
900 2050 963 2105 S.
990 2051 1245 2120 Gregorii
1270 2051 1452 2105 verbis
1479 2053 1654 2105 utitur
1683 2064 1741 2105 ut
1768 2053 1883 2106 suis

288 2142 346 2196 S.
382 2141 634 2197 Joannes
686 2142 1062 2197 Damascenus
1109 2142 1204 2198 lib.
1239 2159 1277 2197 ιι
1318 2141 1390 2197 De
1416 2143 1521 2211 ﬁde
1560 2143 1877 2207 orthodoxa,

288 2250 412 2303 cap.
451 2237 543 2288 Η.

357 2325 606 2379 Joannes
638 2328 1105 2398 Cbrysostomus,
1138 2329 1243 2383 etsi
1277 2330 1496 2398 copiose
1547 2344 1642 2383 eos
1680 2329 1881 2383 refellit

290 2418 480 2472 homil.
520 2418 589 2471 l6
623 2419 679 2471 in
709 2418 995 2483 Genesim,
1032 2423 1125 2488 qui
1156 2420 1450 2482 Adamum,
1496 2430 1781 2490 postquam
1812 2423 1880 2474 de

294 2509 438 2576 ligno
468 2510 740 2573 comedit,
774 2510 1133 2579 acquisivisse
1172 2512 1456 2565 scientiam
1494 2512 1623 2566 boni
1657 2521 1714 2566 et
1750 2511 1877 2563 mali

292 2601 575 2663 dicebant.
605 2617 716 2655 non
760 2613 939 2658 tamen
986 2617 1112 2656 eum
1154 2602 1365 2657 dubitat
1395 2618 1594 2657 vocare
1631 2614 1877 2659 tenerum

292 2709 523 2762 puerum
567 2695 624 2748 in
678 2696 864 2751 bomil.
916 2695 1006 2748 14.
1050 2695 1143 2748 Ait
1184 2696 1326 2748 enim
1375 2714 1393 2746 ι
1421 2697 1877 2765 quemadmodum

295 2796 451 2852 pater
480 2786 663 2855 prolis
711 2800 903 2841 amans
940 2794 1132 2840 tenero
1156 2786 1264 2840 lilio
1286 2827 1301 2849 ,
1333 2806 1352 2839 ι
1401 2787 1650 2859 καθάπερ
1694 2788 1877 2859 πατὴρ

298 2879 658 2952 ςιλόστοργος
684 2879 834 2932 παιδὶ
862 2878 991 2949 νέῳ,
1024 2879 1362 2933 moderatam
1394 2894 1583 2934 curam
1618 2881 1874 2949 imponit,

296 2985 361 3023 ne
386 2972 501 3025 otio
548 2970 873 3034 insolescat,
910 2970 987 3024 ita
1029 2971 1197 3025 Deum
1237 2972 1447 3027 Adamo
1500 2974 1873 3040 operationem

293 3070 346 3114 et
382 3063 701 3115 custodiam
760 3062 1004 3131 paradisi
1072 3063 1385 3118 tradidisse.
1452 3063 1873 3129 Theodoretus,

1991 596 2156 648 quam
2208 592 2390 636 autem
2445 587 2732 640 succubuit
2774 589 3131 658 voluptati....
3164 598 3433 655 abductus
3473 612 3560 657 est

1991 672 2378 738 cupiditatibus
2405 689 2557 742 puer,
2584 679 2666 730 vir
2703 678 2881 734 factus
2930 683 3318 750 inobedieutia.
3350 702 3406 745 et
3435 695 3556 747 vio-

1990 764 2097 817 lato
2125 766 2294 834 patris
2337 779 2610 838 praecepto
2640 771 2807 824 Deum
2842 773 3021 829 affecit
3052 780 3408 838 contumelia.
3440 804 3460 837 ι

2064 856 2320 913 Eumdem
2344 861 2671 928 scriptorem
2704 877 2955 935 suscepta
2984 884 3106 924 cum
3134 872 3406 931 haereticis
3428 894 3561 933 con-

1991 952 2253 1004 troversia
2300 953 2352 1005 in
2407 955 2699 1011 nonnullas
2752 958 2966 1029 impulit
3018 963 3383 1033 conjecturas,
3418 985 3558 1039 quas

1988 1040 2078 1093 bic
2113 1040 2318 1097 referre
2361 1059 2470 1099 nou
2506 1046 2732 1113 pigebit.
2767 1048 2902 1102 Nam
2939 1066 3061 1106 cum
3105 1056 3344 1112 lmretici
3393 1059 3560 1115 Crea-

1988 1141 2164 1187 torem
2189 1134 2415 1203 ejusque
2447 1151 2608 1207 opera
2647 1140 3057 1210 vituperarent,
3102 1163 3165 1201 ac
3202 1150 3467 1204 Adamum
3502 1165 3560 1206 et

1990 1223 2154 1277 Evam
2186 1240 2462 1294 nunquam
2494 1232 2845 1284 matrimonio
2883 1249 3078 1290 usuros
3122 1237 3294 1295 fuisse
3333 1254 3560 1296 conten-

1986 1316 2201 1380 derent,
2229 1319 2333 1372 nisi
2365 1323 2637 1387 serpentis
2667 1323 2899 1394 impulsu
2938 1329 3003 1381 ad
3044 1331 3184 1385 hanc
3218 1334 3557 1403 conjunctio-

1987 1421 2108 1460 nem
2159 1409 2368 1465 incitati
2416 1412 2685 1480 fuissent;
2723 1429 2885 1488 negat
2935 1420 3188 1479 Clemens
3226 1426 3276 1479 in
3332 1441 3398 1481 eo
3427 1445 3559 1498 pec-

1986 1513 2141 1554 casse
2179 1504 2386 1569 primos
2435 1517 2713 1573 parentes,
2760 1513 2901 1578 quod
2948 1517 3299 1572 matrimonio
3321 1521 3405 1575 usi
3437 1520 3558 1576 fue-

1988 1591 2121 1655 rint,
2191 1594 2281 1647 sed
2315 1598 2453 1664 quod
2498 1610 2619 1652 ante
2674 1612 2873 1665 tempus
2946 1608 3025 1657 usi
3081 1609 3319 1677 fuerint,
3381 1624 3558 1681 utpote

1986 1683 2158 1777 adhuc
2178 1684 2415 1752 juvenes.
2481 1688 2837 1763 Ἑκινήθησαν
2887 1695 2941 1749 δὲ
2986 1697 3237 1773 θᾶττονῆ
3284 1707 3557 1777 προσῆκον

1983 1769 2051 1845 ἦν
2081 1775 2160 1829 ἔτι
2206 1778 2315 1830 νέοι
2359 1782 2659 1849 πεφυκότες
2700 1786 2881 1858 ἀπάτῃ
2915 1769 3557 1861 παραχθέντεςξδινοηι.

1983 1880 2069 1929 ιιι,
2109 1883 2233 1938 pag.
2257 1869 2384 1924 470.
2413 1873 2554 1926 Idem
2591 1876 2752 1942 paulo
2785 1892 2913 1934 ante
2948 1883 3291 1951 conjicienda
3315 1888 3553 1953 dixerat,

1984 1975 2180 2027 nempe
2232 1977 2356 2032 pag.
2397 1965 2544 2029 466,
2589 1969 2863 2025 hominem
2917 1988 3023 2028 non
3076 1978 3210 2032 vitio
3258 1983 3556 2037 creationis

1984 2051 2292 2117 aberrasse,
2358 2056 2451 2109 sed
2505 2072 2694 2115 amore
2757 2063 3090 2133 voluptatis,
3136 2069 3361 2133 fortasse
3424 2075 3553 2142 quia

1980 2143 2338 2211 protoplastus
2365 2159 2542 2201 noster
2567 2160 2771 2219 tempus
2804 2171 3127 2222 praevenerat
3172 2173 3330 2232 atque
3363 2165 3551 2219 intem-

1980 2236 2228 2301 pestivam
2301 2243 2635 2332 matrimonii
2712 2250 2939 2316 gratiam
2999 2259 3349 2324 oppetiverat,
3392 2261 3554 2332 Tan

1981 2344 2083 2421 που
2109 2330 2470 2400 προλαϐόντος
2490 2336 2645 2405 ἡμῶν
2674 2339 2765 2392 τὸν
2794 2343 2985 2415 καιρὸν
3012 2346 3105 2400 τοῦ
3127 2330 3551 2421 πρωτοπλάστου

1981 2420 2074 2512 καὶ
2116 2421 2219 2492 πρὸ
2258 2422 2408 2494 ὥρας
2436 2426 2534 2496 τῆς
2581 2428 2674 2481 τοῦ
2721 2433 2897 2503 γάμου
2954 2420 3180 2509 χάριτος
3210 2442 3547 2512 ὀρεχθέντος.

1980 2509 2097 2564 Νοιι
2130 2513 2311 2579 ignota
2340 2518 2511 2571 fuitS.
2533 2520 2835 2591 Augustino
2865 2528 2978 2581 haec
3004 2533 3211 2596 peccati
3243 2509 3549 2601 primorum

1980 2616 2269 2668 parentum
2301 2608 2607 2675 explicandi
2645 2614 2805 2667 ratio.
2840 2633 2858 2665 ι
2898 2617 3085 2672 Visum
3121 2632 3204 2675 est
3229 2633 3283 2675 et
3312 2624 3546 2691 quibus-

1979 2693 2130 2758 dum,
2176 2695 2372 2764 inquit,
2414 2699 2509 2757 lib.
2544 2718 2583 2755 ιι
2629 2703 2705 2757 De
2733 2702 2920 2760 Genesi
2963 2711 3031 2761 ad
3062 2711 3325 2777 litteram,
3360 2731 3414 2768 ιι.
3454 2716 3543 2781 57,

1980 2784 2115 2839 duos
2166 2786 2286 2842 illos
2340 2791 2547 2859 primos
2604 2794 2856 2853 homines
2901 2802 3117 2869 nuptias
3160 2818 3288 2860 suas
3332 2806 3545 2863 furatos

1978 2876 2169 2945 fuisse,
2206 2890 2263 2934 et
2312 2895 2439 2939 ante
2496 2888 2686 2943 mislos
2728 2906 2849 2945 esse
2879 2896 3193 2961 concubitu,
3234 2914 3398 2969 quam
3451 2918 3547 2957 cos

1977 2972 2069 3041 qui
2104 2986 2389 3029 creaverat
2418 2980 2751 3048 capulasset,
2798 2998 2960 3052 quam
3007 3002 3118 3041 rem
3154 2993 3372 3047 nomine
3407 2995 3544 3062 ligni

1978 3062 2148 3121 fuisse
2188 3067 2590 3138 significatam,
2639 3078 2782 3129 unde
2832 3080 3090 3144 prohibiti
3125 3094 3318 3149 erant,
3370 3086 3546 3140 donec

291 3165 485 3222 quaest.
520 3153 595 3207 28
635 3155 687 3207 in
715 3154 1080 3214 Genesim,sic
1104 3153 1341 3224 loquitur
1368 3176 1380 3211 :
1416 3155 1551 3208 Οὐδὲ
1584 3154 1651 3209 τὰ
1674 3158 1867 3229 κομιδῇ
1897 3167 1938 3223 c
1974 3169 2275 3227 opportuno
2307 3172 2547 3232 tempore
2569 3165 2949 3236 jungereutur.
2984 3190 3002 3222 ι
3043 3172 3192 3227 llanc
3225 3176 3540 3244 opinionem

290 3246 382 3297 νέα
411 3247 611 3299 παιδία
645 3246 903 3318 ἐρυθριᾷν
943 3248 1152 3316 πέφυκε
1190 3246 1290 3317 τῆς
1326 3246 1548 3318 ἐσθῆτος
1588 3262 1873 3319 γεγυμνω-

294 3336 447 3402 μένα.
482 3338 648 3390 Κατὰ
677 3338 849 3409 βραχὺ
882 3338 939 3392 δὲ
972 3338 1065 3391 τοῦ
1097 3336 1347 3408 σώματος
1374 3338 1736 3408 αὐξανομένου
1777 3339 1871 3393 καὶ

291 3431 380 3483 τοῦ
407 3430 503 3485 νοῦ
542 3431 737 3485 λοιπὸν
760 3432 1061 3503 ἀρχομένου
1091 3432 1187 3502 τὴν
1224 3432 1427 3485 οἰκείαν
1470 3430 1630 3500 φύσιν
1671 3433 1871 3486 ἐπιδει-

292 3524 505 3585 κνύναι,
534 3524 641 3577 οὐκ
669 3524 750 3576 ἔτι
772 3525 958 3577 λοιπὸν
988 3524 1199 3595 φορητὴ
1220 3526 1331 3587 τοῖς
1368 3525 1671 3597 μειρακίοις
1700 3526 1734 3595 ἠ
1770 3525 1869 3593 γύ-

297 3630 520 3681 μνωςις,
565 3614 684 3667 ἀλλ’
716 3614 1008 3687 ἐρυθριῶσι
1047 3615 1139 3667 καὶ
1171 3615 1669 3686 περιϐάλλονται....
1714 3615 1869 3670 Οὕτω

295 3706 386 3758 καὶ
420 3710 469 3759 οἱ
505 3708 638 3778 περὶ
666 3706 758 3760 τὸν
800 3707 971 3777 Ἀδὰμ
998 3706 1159 3770 εὐθὺς
1190 3709 1286 3778 μὲν
1314 3708 1752 3772 διαπλασθέντες,
1783 3704 1870 3762 οἶα

295 3797 358 3867 δὴ
390 3799 577 3867 νήπιοι
609 3799 702 3850 καὶ
729 3797 1040 3866 εὐθυγενεῖς
1071 3798 1164 3850 καὶ
1192 3798 1287 3868 τῆς
1325 3799 1597 3870 ἁμαρτίας
1634 3798 1868 3869 ἀμύητοι

296 3892 390 3943 οὐκ
422 3890 725 3961 ᾐσχύνοντο
759 3890 883 3960 δίχα
912 3890 1268 3961 περιϐολαίων
1306 3891 1600 3960 διάγοντες.
1632 3892 1785 3945 Μετὰ
1812 3891 1869 3944 δὲ

298 3983 387 4051 τὴν
415 3988 611 4053 πεῖραν
636 3986 744 4045 τοῖς
779 3983 994 4049 φύλλοις
1020 3982 1134 4035 ἔνια
1161 3981 1253 4035 τοῦ
1289 3983 1537 4054 σώματος
1574 3982 1869 4036 συνεκάλυ-

300 4074 399 4141 ψεν
424 4075 611 4145 μόρια.
637 4093 655 4123 ι
691 4072 845 4126 Pueri
868 4074 1121 4142 juniores
1152 4085 1301 4128 veste
1329 4076 1512 4129 nudati
1542 4074 1869 4129 erubescere

302 4178 491 4218 natura
526 4181 635 4218 non
670 4166 879 4229 solent;
911 4165 1172 4233 paulatim
1209 4175 1387 4221 autem
1420 4174 1701 4220 crescente
1742 4180 1866 4219 cor-

304 4272 451 4325 pore,
480 4272 606 4311 cum
632 4271 791 4309 mens
819 4267 1009 4323 postea
1049 4257 1326 4325 propriam
1346 4267 1596 4314 naturam
1617 4268 1868 4313 exserere

300 4348 549 4417 coeperit.
580 4348 751 4400 adulti
779 4348 889 4415 jam
924 4363 1032 4400 non
1072 4346 1347 4414 patienter
1381 4345 1563 4399 ferunt
1601 4360 1659 4400 se
1687 4344 1865 4400 nuda-

302 4438 367 4501 ri,
406 4440 501 4493 sed
533 4439 869 4493 erubescunt
916 4449 971 4493 et
1003 4447 1457 4508 conteguntur....
1488 4438 1569 4491 lta
1599 4439 1665 4491 de
1693 4437 1864 4491 Adam

300 4540 354 4583 et
384 4532 449 4584 de
485 4532 606 4599 ejus
654 4545 829 4584 uxore
883 4531 1227 4585 sentiendmn
1277 4539 1386 4591 est,
1417 4530 1505 4597 qui
1552 4530 1736 4583 statim
1771 4530 1863 4583 ubi

302 4621 520 4675 formati
548 4628 699 4683 sunt,
731 4620 879 4674 velut
911 4622 1145 4674 infantes
1172 4630 1227 4674 et
1256 4635 1443 4674 recens
1472 4621 1607 4682 nati,
1642 4635 1707 4674 ac
1732 4635 1863 4688 pec-

299 4726 418 4767 cato
462 4713 705 4766 nondum
738 4713 958 4773 initiati,
988 4727 1093 4766 non
1125 4710 1499 4765 adiciebantur
1538 4710 1865 4765 verecundia

297 4807 409 4858 sine
432 4805 639 4858 amictu
672 4814 914 4873 agentes.
937 4806 1001 4856 At
1030 4814 1150 4873 post
1174 4804 1569 4871 experientiam
1599 4803 1862 4871 quasdam

296 4908 481 4964 partes
518 4898 773 4962 corporis
802 4896 945 4949 foliis
974 4896 1405 4949 occultaverunt.
1445 4914 1462 4945 ι
1512 4894 1611 4949 llic
1645 4909 1860 4963 quoque

300 4988 524 5041 infantia
561 5002 669 5040 non
703 4988 758 5039 in
798 4986 1143 5055 ignoratione
1175 4987 1450 5048 consistit,
1491 4987 1584 5039 sed
1616 4987 1669 5038 in
1705 4987 1864 5038 inno-

296 5084 495 5143 Centia,
523 5096 631 5148 qua
673 5089 896 5149 peccato
925 5079 1147 5135 amissa.
1170 5079 1421 5133 stimulos
1464 5080 1861 5148 concupiscen-

296 5177 380 5228 tiae
408 5183 698 5229 senserunt
730 5181 782 5226 et
802 5174 1013 5242 pudore
1037 5170 1224 5225 suffusi
1257 5181 1402 5226 sunt.

356 5325 443 5381 Ill.
492 5325 745 5380 Clemens
776 5320 1179 5377 Alexandrinus
1230 5318 1518 5388 Protrept.,
1563 5336 1617 5388 ρ.
1658 5319 1761 5374 69:
1802 5320 1861 5371 Ὀ

294 5421 499 5491 πρῶτος
530 5419 622 5471 ὅτε
644 5420 702 5470 ὲν
728 5414 1047 5487 παραδείσῳ
1065 5410 1253 5475 ἔπαιζε
1271 5410 1558 5483 λελυμένος
1587 5412 1711 5465 ἐπεὶ
1741 5411 1859 5479 (le-

291 5514 513 5581 gendum
550 5512 765 5564 videtur
810 5508 925 5579 ἔτι)
961 5505 1172 5558 παιδίον
1204 5501 1272 5576 ἦν
1318 5504 1409 5557 τοῦ
1450 5502 1605 5556 Θεοῦ.
1636 5505 1765 5555 Ὅτε
1800 5503 1858 5556 δὲ

291 5601 585 5655 ὑπέπιπτεν
632 5602 890 5671 ήδονῇ....
931 5597 1214 5668 παρήγετο
1267 5595 1579 5666 ἐπιθυμίαις
1622 5598 1649 5649 ὁ
1679 5598 1811 5658 παῖς
1840 5635 1855 5658 ,

289 5692 653 5764 ἀνδριζόμενος
681 5690 975 5761 ἀπειθείᾳ,
1006 5690 1102 5741 καὶ
1136 5686 1484 5758 παρακούσας
1509 5687 1603 5740 τοῦ
1642 5686 1856 5758 Πατρὸς

283 5785 536 5856 ᾐτχύνετο
572 5786 661 5837 τὸν
697 5786 855 5838 Θεόν.
890 5802 909 5835 ι
948 5781 1166 5836 Primus
1197 5780 1357 5834 homo
1379 5820 1393 5845 ,
1420 5780 1633 5849 quando
1666 5779 1720 5833 in
1760 5794 1855 5849 pa-

1974 3251 2155 3320 rejicit
2210 3252 2269 3307 S.
2318 3255 2689 3326 Augustinus,
2733 3271 2789 3313 ut
2842 3264 3123 3317 ridiculam
3177 3278 3225 3319 et
3274 3285 3307 3320 a
3363 3284 3540 3322 rerum

1971 3355 2237 3411 gestarum
2268 3351 2590 3416 proprietate
2616 3353 2990 3408 discedentem.
3034 3357 3234 3411 Leuius
3273 3361 3385 3427 agit
3413 3375 3539 3414 cum

1973 3435 2043 3489 iis
2091 3437 2180 3503 qui
2233 3437 2621 3493 existimabant
2661 3443 2996 3510 festinatione
3045 3452 3372 3513 prwvertisse
3415 3452 3538 3507 illos

1972 3526 2208 3581 homines
2237 3532 2524 3599 appetitum
2554 3536 2789 3590 scientia:
2818 3538 2939 3589 boni
2982 3545 3032 3591 et
3073 3540 3224 3603 ntali,
3263 3552 3312 3594 et
3350 3542 3541 3596 imma-

1974 3626 2092 3670 turo
2141 3628 2368 3686 tempore
2413 3623 2677 3691 percipere
2705 3626 2962 3691 voluisse,
2994 3630 3134 3697 quod
3192 3630 3266 3684 eis
3305 3631 3538 3686 dilatum

1972 3712 2317 3778 opportunius
2348 3716 2680 3771 servabatur.
2732 3717 2881 3773 lianc
2919 3722 3245 3776 sententiam
3277 3739 3384 3777 non
3431 3726 3540 3779 im~

1971 3802 2190 3870 probat,
2228 3806 2387 3858 modo
2421 3809 2622 3861 veritas
2651 3811 2895 3867 historia:
2922 3830 3027 3867 non
3064 3828 3311 3883 negetur.
3347 3835 3366 3868 ι
3396 3816 3533 3884 Hoc,

1971 3894 2170 3961 inquit,
2203 3896 2248 3949 si
2294 3896 2434 3952 forte
2473 3899 2676 3968 lignum
2713 3904 2841 3958 illud
2875 3920 2981 3959 non
3014 3908 3081 3961 ad
3120 3911 3536 3978 proprietatem,

1970 3998 2030 4043 ut
2053 4005 2240 4043 verum
2271 3990 2472 4061 lignum
2498 4006 2551 4049 et
2580 4013 2704 4050 vera
2734 4013 2891 4067 poma
2923 4000 3060 4065 ejus,
3093 4003 3187 4056 sed
3211 4004 3277 4057 ad
3309 4005 3538 4074 figuram

1968 4082 2139 4136 velint
2169 4085 2443 4154 accipere,
2479 4087 2675 4142 habeat
2700 4093 2907 4145 exitum
2942 4093 3177 4162 aliquem
3213 4104 3375 4150 recta:
3406 4097 3543 4153 ﬁdei

1968 4174 2296 4244 veritatique
2345 4179 2699 4245 probabilem.
2735 4201 2753 4232 ι
2821 4181 3178 4251 Legendum,
3222 4184 3342 4240 Nisi
3401 4186 3541 4255 forte

1970 4268 2189 4339 lignum,
2220 4283 2312 4326 aut
2342 4287 2559 4327 sensum
2594 4272 2798 4327 [rustra
2835 4276 3177 4331 venabimur.

2040 4380 2270 4437 Videtur
2289 4399 2320 4437 e
2349 4383 2593 4439 Philonis
2620 4387 2813 4439 hausta
2848 4386 3091 4441 fontibus
3116 4389 3229 4443 haec
3252 4389 3319 4444 de
3349 4391 3539 4443 matri-

1898 4501 1943 4557 D
1974 4477 2140 4531 monii
2182 4478 2475 4533 immaturo
2508 4495 2606 4533 usu
2638 4481 2844 4547 opinio.
2892 4480 2940 4534 Is
2974 4482 3116 4534 enim
3166 4482 3218 4534 in
3272 4482 3411 4537 libro
3459 4482 3538 4535 De

1970 4570 2155 4628 mundi
2192 4570 2401 4638 api/icio
2448 4587 2556 4626 non
2595 4572 2754 4627 modo
2786 4580 3094 4640 serpentem
3139 4573 3542 4641 interpretatur

1968 4665 2337 4734 voluptatem,
2369 4665 2464 4718 sed
2512 4664 2681 4719 etiam
2730 4680 2963 4716 amorem
3008 4663 3147 4716 inter
3178 4663 3440 4717 Adamum
3487 4672 3539 4716 et

1969 4757 2135 4810 Evam
2164 4757 2526 4823 supervenisse
2541 4756 2723 4821 docet,
2743 4766 2791 4808 et
2823 4764 3076 4825 tanquam
3101 4756 3259 4808 unius
3285 4756 3536 4807 animalis

1964 4851 2072 4903 duo
2119 4850 2341 4903 dimidia
2384 4856 2630 4913 separata
2671 4852 2726 4900 in
2768 4863 2933 4900 unum
2969 4847 3188 4900 collecta
3238 4857 3531 4911 coaptasse,

1966 4944 2138 4997 indita
2170 4945 2380 5013 utrique
2410 4942 2656 5009 cupidine
2682 4942 2933 5011 gignendi
2964 4940 3191 4995 similem
3219 4939 3420 5008 prolem
3444 4957 3536 5008 per

1966 5046 2205 5089 mutuam
2247 5036 2864 5090 consuetudinemnHau:
2894 5036 3115 5103 cupido,
3145 5034 3341 5103 inquit,
3367 5034 3534 5087 etiam

1964 5142 2255 5197 corporum
2288 5129 2619 5196 voluptatem
2659 5130 2877 5198 genuit,
2921 5142 3041 5196 qua:
3092 5136 3178 5180 est
3225 5128 3378 5197 origo
3429 5127 3536 5180 ini-

1962 5223 2235 5291 quitatum
2267 5229 2321 5274 et
2359 5221 2897 5289 prazvaricatiouum,
2933 5219 3372 5288 quandoquidem
3410 5218 3534 5273 talis

1962 5314 2213 5381 voluptas
2263 5313 2479 5367 mortali
2542 5322 2597 5366 et
2644 5314 2843 5365 misera
2897 5312 3003 5363 vita
3058 5310 3421 5365 immortalem
3475 5321 3533 5363 et

1962 5406 2180 5461 beatam
2231 5406 2601 5460 commutavit.
2630 5423 2648 5455 ι
2698 5404 2754 5456 '0
2800 5403 2857 5455 δὲ
2890 5402 3053 5466 πόθος
3095 5398 3249 5465 οὗτος
3293 5402 3389 5456 καὶ
3430 5403 3532 5474 τὴν

1959 5499 2067 5553 τῶν
2099 5499 2368 5570 σωμάτων
2386 5499 2576 5569 ἡδονὴν
2607 5497 2912 5566 ἐγέννησεν,
2930 5497 3054 5567 ἥτις
3085 5497 3231 5549 ἐστὶν
3254 5495 3532 5567 ἀδικημάο

1957 5610 2066 5647 των
2094 5592 2187 5645 καὶ
2215 5590 2692 5663 παρανομημάτων
2717 5588 2880 5659 ἀρχὴ,
2907 5588 2971 5641 δι’
3004 5582 3066 5643 οὗ
3099 5588 3531 5641 ὑπαλλάττοντοιι.

1959 5684 2048 5736 τὸν
2081 5683 2271 5753 Θνητὸν
2302 5683 2395 5735 καὶ
2445 5681 2809 5752 κακοδαίμονα
2840 5681 2956 5751 βίον
2989 5682 3103 5735 ἀντ’
3134 5680 3401 5735 ἀθανάτου
3432 5679 3529 5734 καὶ

1960 5777 2287 5847 εὐδαίμονος.
