3932 6258
376 381 447 435 47
1298 380 1355 435 S.
1393 379 1730 436 JUSTINUS
1770 380 2256 437 PHILOSOPHUS
2295 382 2380 435 ET
2424 382 2735 437 MARTYR.
3571 386 3648 441 ιε

990 498 1217 557 CAPUT
1259 500 1347 556 Vl.

859 615 939 670 De
967 627 1175 686 peccato
1206 618 1472 687 originali.

370 749 407 798 ῐ.
442 748 666 799 Justinus
706 749 1106 809 regenerationis
1128 748 1481 797 necessitatem
1517 747 1719 796 deducit
1743 760 1806 797 ex
1836 748 1956 798 vitio

436 812 606 921 primae
628 808 987 883 generationis.
1009 808 1072 859 II.
1103 811 1256 882 Multa
1280 811 1376 859 alia
1406 810 1630 882 ejusdem
1651 812 1951 859 testimonia.

465 874 521 921 ll.
548 873 782 921 Tauanus
803 872 1050 920 Iustinum
1080 880 1307 921 sequitur
1331 876 1385 919 et
1419 873 1656 920 imitatur.
1685 870 1765 918 IV.
1791 872 1951 921 Theo-

465 874 521 922 ΙΙ.
548 870 782 922 Tatianus
803 872 1050 920 Iustinum
1080 873 1307 933 sequitur
1331 876 1385 919 et
1419 873 1656 920 imitatur.
1685 870 1765 918 IV.
1791 872 1956 921 Theo-

436 935 605 997 philus
646 948 742 984 non
777 934 939 983 minus
967 934 1157 983 diserte
1193 935 1244 982 in
1278 934 1505 984 eamdem
1540 935 1839 983 sententiam
1880 934 1956 982 lo-

436 999 623 1059 quitur.

443 1155 489 1210 ι.
530 1154 663 1212 Cum
702 1152 984 1224 permagni
1015 1159 1159 1207 esset
1194 1150 1454 1206 momenti
1484 1164 1675 1205 eorum
1705 1161 1956 1204 errorem

376 1247 649 1310 refellere,
701 1246 793 1316 qui
847 1245 1096 1300 homines
1148 1257 1255 1298 non
1307 1242 1480 1297 libera
1524 1240 1821 1306 voluntate,
1860 1240 1955 1294 sed

375 1351 567 1396 natura
601 1350 655 1395 et
686 1338 1015 1394 necessitate
1062 1338 1237 1391 bonos
1268 1346 1364 1390 aut
1416 1336 1587 1391 malos
1627 1349 1748 1390 esse
1788 1334 1957 1405 ﬁnge-

373 1435 544 1499 bant;
596 1446 738 1502 srcpe
780 1428 1027 1485 Justinus
1067 1428 1233 1497 impio
1275 1436 1585 1482 commento
1628 1426 1955 1481 catholicam

374 1526 677 1582 doctrinam
710 1523 959 1593 opponit.
1002 1520 1108 1576 Sed
1148 1519 1318 1574 altera
1358 1534 1425 1575 ex
1457 1528 1619 1589 parte
1656 1534 1765 1574 non
1803 1520 1957 1589 igno-

373 1616 514 1671 ravit
542 1614 601 1669 S.
632 1622 856 1684 martyr,
902 1625 1005 1665 nec
1032 1609 1202 1665 tacuit
1236 1609 1368 1678 quid
1411 1609 1478 1663 de
1510 1607 1685 1663 libero
1717 1608 1953 1663 arbitrio

371 1707 564 1761 Adami
594 1705 747 1759 ruina
772 1703 1071 1766 debilitate,
1099 1700 1227 1767 quid
1253 1701 1320 1756 de
1335 1700 1735 1769 Omnipotentis
1764 1700 1955 1770 gratim

373 1798 697 1853 necessitate
756 1795 947 1865 religio
1000 1793 1217 1848 doceat.
1275 1790 1583 1861 Operosius
1628 1792 1953 1862 vestiganda

373 1894 521 1948 illius
564 1891 834 1957 doctrina,
875 1898 936 1943 ut
986 1888 1041 1943 in
1090 1903 1151 1944 re
1190 1887 1358 1943 variis
1404 1886 1689 1943 hominum
1729 1886 1953 1956 iudiciis

370 1985 665 2053 exagitata,
702 1982 901 2050 partim
928 1979 1204 2034 Justiuum
1241 1977 1387 2032 nulla
1422 1978 1636 2048 peccati
1669 1976 1956 2048 originalis

373 2074 687 2144 cognitione
721 2072 984 2126 imbutum
1032 2068 1201 2123 fuisse
1245 2067 1704 2136 existimantium,
1752 2070 1955 2137 partim

372 2165 605 2220 absurda
640 2164 717 2217 illi
746 2164 811 2217 de
837 2162 1039 2217 Christi
1072 2159 1250 2230 gratia
1294 2168 1349 2213 et
1375 2159 1442 2214 de
1469 2159 1814 2215 ethnicorum
1861 2174 1954 2214 sa-

370 2252 481 2307 lute
513 2260 821 2307 commenta
852 2250 1248 2319 aﬂingentium.

444 2344 655 2398 Diserte
682 2344 839 2397 docet
870 2342 928 2396 S.
952 2350 1160 2409 martyr
1192 2340 1462 2410 baptismo
1498 2355 1609 2396 non
1641 2355 1739 2396 eas
1776 2340 1955 2397 solum

372 2435 525 2489 Iabes
558 2435 744 2495 deleri,
774 2449 911 2502 quas
940 2434 1114 2488 libere
1143 2434 1443 2504 peccando,
1485 2434 1581 2488 sed
1612 2447 1733 2488 eam
1763 2434 1957 2501 etiam,

373 2544 534 2594 quant
589 2526 863 2581 nascendo
919 2526 1310 2581 contraximus.
1372 2526 1464 2581 Sic
1515 2526 1661 2581 enim
1719 2525 1960 2596 loquitur

372 2620 528 2688 Apol.
557 2620 612 2683 1,
650 2636 706 2674 u.
730 2616 791 2671 61
829 2636 841 2671 :
888 2618 1107 2689 Ἐπειδὴ
1161 2619 1259 2689 τὴν
1292 2617 1518 2690 πρώτην
1547 2620 1761 2687 γένεσιν
1800 2617 1959 2689 ἡμῶν

370 2710 694 2780 ἀγνοοῦντες
724 2709 844 2763 κατ’
874 2708 1120 2779 ἀνάγκην
1145 2708 1520 2779 γεγεννήμεθα
1548 2708 1606 2775 ὲξ
1635 2710 1809 2780 ὑγρᾶς
1838 2725 1961 2762 σπο-

375 2804 477 2875 ρᾶς
507 2800 651 2855 κατά
686 2799 831 2871 μίξιν
859 2798 959 2870 τὴν
987 2799 1097 2852 τῶν
1123 2800 1328 2868 γονέων
1361 2800 1499 2872 πρὸς
1530 2799 1791 2871 ἀλλήλους
1814 2817 1829 2832 ο
1865 2799 1960 2854 καὶ

373 2898 432 2947 ὲν
462 2894 608 2946 ἔθεσι
640 2892 866 2963 φαύλοις
901 2894 997 2946 καὶ
1044 2894 1307 2964 πονηραῖς
1354 2896 1686 2966 ἀνατροφαῖς
1733 2894 1961 2963 γεγόνα-

374 3003 495 3057 μεν,
524 2988 671 3050 ὄπως
708 2985 781 3057 μὴ
804 2984 1049 3056 ἀνάγκης
1079 2986 1243 3040 τέκνα
1274 2987 1407 3057 μηδὲ
1432 2987 1656 3054 ἀγνοίας
1686 2986 1957 3059 μένωμεν,

372 3078 509 3132 ἀλλὰ
531 3078 900 3149 προαιρέσεως
936 3078 1029 3131 καὶ
1053 3079 1382 3149 ἐπιστήμης,
1410 3077 1656 3148 ἀφέσεώς
1690 3096 1749 3133 τε
1782 3080 1964 3154 ἁμαρ-

369 3170 500 3224 τιῶν
534 3171 673 3242 ὑπὲρ
711 3164 784 3224 ὧν
817 3170 1245 3243 πῳημάρτομεν
1291 3169 1545 3241 τύχωμεν
1576 3172 1635 3224 ὲν
1675 3170 1752 3242 τῷ
1782 3170 1958 3236 ὕδατι,

1986 510 2033 564 Α
2064 505 2319 567 buerunt,
2361 503 2456 557 sed
2506 518 2612 557 non
2652 503 2763 573 jam
2816 500 3047 570 amplius
3087 516 3116 555 a
3150 502 3260 557 Deo
3294 502 3472 559 nullos
3520 517 3649 559 esse

2061 597 2193 653 deos
2223 599 2400 653 edocti
2445 606 2693 654 sunt.....
2739 596 2910 667 Ejecti
2957 596 3122 667 igitur
3150 597 3430 666 paradiso,
3474 611 3648 666 seque

2066 689 2136 742 ob
2171 703 2289 743 eam
2326 697 2536 743 tantum
2567 701 2788 741 causam
2815 685 3017 754 eiectos
3058 686 3184 751 rati,
3212 688 3352 755 quod
3390 686 3503 741 Deo
3532 703 3646 741 non

2057 779 2389 848 paruissent,
2420 778 2643 833 minime
2672 793 2802 833 vero
2830 778 2897 833 ob
2928 777 3073 831 illam
3110 778 3303 841 etiam,
3335 779 3478 846 quod
3511 778 3648 833 deos

2058 886 2201 937 esse,
2231 872 2322 940 qui
2367 871 2496 924 nulli
2541 877 2689 935 sunt,
2730 870 3113 937 credidissent,
3168 886 3366 925 nomen
3406 871 3647 925 deorum

2057 966 2260 1037 genitis
2283 980 2348 1019 ex
2381 978 2441 1020 se
2470 975 2657 1035 postea
2690 963 3008 1019 hominibus
3035 964 3435 1019 tradiderunt.»
3466 964 3646 1020 Primi

2059 1057 2134 1111 illi
2195 1056 2476 1124 homines,
2530 1056 2623 1126 qui
2679 1055 2731 1109 in
2775 1056 3038 1109 memoria
3089 1056 3330 1109 habuere
3388 1052 3648 1109 fraudem

2060 1149 2361 1221 majoribus
2385 1150 2498 1205 suis
2524 1149 2654 1204 Adae
2680 1156 2735 1202 et
2768 1148 2890 1202 Eva:
2918 1148 3142 1211 factam,
3167 1163 3229 1203 ac
3260 1148 3498 1217 posteris
3525 1147 3653 1201 suis

2060 1258 2257 1298 nomen
2296 1243 2521 1298 deorum
2557 1242 2922 1303 tradiderunt,
2956 1242 3230 1310 quomodo
3261 1241 3370 1294 diei
3409 1249 3649 1308 possunt

2060 1338 2289 1393 daemoni
2323 1338 2595 1406 paruisse,
2630 1345 2961 1407 praeceptum
3000 1334 3093 1389 Dei
3128 1334 3363 1387 violasse
3391 1340 3446 1386 et
3479 1347 3509 1385 e
3537 1346 3649 1401 pa-

2059 1432 2244 1486 radiso
2274 1429 2434 1497 ejecti
2483 1430 2678 1494 fuisse,
2714 1430 2817 1484 nisi
2853 1429 2980 1500 quia
3031 1427 3086 1481 in
3122 1428 3333 1481 Adamo
3377 1438 3651 1493 peccave-

2062 1522 2223 1578 runt?
2258 1522 2469 1578 Similia
2498 1538 2623 1577 mox
2659 1522 2999 1593 proferemus
3026 1536 3091 1575 ex
3119 1519 3376 1572 Tatiano.

2128 1616 2186 1670 In
2221 1619 2466 1672 eamdem
2512 1616 2843 1671 sententiam
2874 1616 3117 1684 loquitur
3158 1614 3210 1667 in
3256 1610 3479 1678 Dialogo
3524 1624 3651 1663 cum

2069 1709 2370 1780 Tryphone,
2416 1724 2472 1766 n.
2500 1710 2567 1765 88
2606 1727 2621 1763 :
2662 1727 2681 1760 ι
2712 1710 2897 1779 Neque
2941 1708 3103 1762 etiam
3141 1707 3378 1768 idcirco,
3436 1707 3647 1774 inquit,

2062 1799 2211 1853 nasci
2243 1807 2297 1853 et
2325 1798 2568 1870 crucifigi
2599 1800 2857 1853 sustinuit
2880 1797 3155 1862 Christus,
3179 1799 3323 1866 quod
3358 1797 3442 1851 his
3475 1797 3649 1851 rebus

1983 1912 2028 1969 Β
2060 1891 2345 1962 indigeret,
2379 1894 2471 1947 sed
2504 1907 2604 1961 pro
2636 1908 2835 1959 genere
2866 1893 3125 1957 humano,
3160 1892 3301 1959 quod
3331 1892 3397 1945 ab
3433 1891 3651 1945 Adamo

2064 1985 2117 2039 in
2158 1994 2389 2040 mortem
2415 1996 2469 2040 et
2497 1985 2767 2055 serpentis
2796 1985 3042 2040 fraudem
3078 1983 3367 2046 inciderat,
3401 1998 3652 2051 unoquo-

2059 2090 2166 2144 que
2189 2090 2285 2129 sua
2319 2075 2475 2144 culpa
2503 2075 2747 2145 improbe
2778 2084 2994 2145 agente.
3020 2093 3039 2126 ι
3077 2073 3175 2128 Hic
3204 2074 3395 2141 duplex
3430 2075 3649 2143 peccati

2060 2178 2232 2233 genus
2271 2165 2626 2235 distinguitur
2673 2184 2687 2220 :
2725 2166 2954 2219 alterum
3011 2166 3264 2219 omnibus
3316 2180 3647 2227 commune;

2058 2255 2354 2310 humanum
2389 2258 2536 2312 enim
2585 2272 2757 2328 genus
2788 2260 3063 2328 serpentis
3112 2259 3285 2311 fraudi
3331 2260 3647 2319 succubuit,

2060 2358 2115 2404 et
2143 2358 2320 2405 morte
2369 2349 2687 2404 damnatum
2722 2349 2826 2403 fuit
2864 2350 2934 2404 ob
2968 2350 3069 2403 hoc
3111 2349 3389 2405 delictum.
3418 2351 3487 2403 At
3534 2351 3645 2405 alia

2060 2451 2186 2495 sunt
2218 2451 2465 2510 peccata,
2497 2457 2618 2511 quae
2655 2456 2752 2494 sua
2796 2444 3031 2512 quisque
3071 2442 3230 2510 culpa
3272 2443 3440 2496 libere
3489 2458 3650 2496 com-

2064 2535 2249 2589 mittit.
2301 2534 2436 2590 lllud
2485 2536 2593 2588 ἀπὸ
2619 2534 2714 2588 τοῦ
2757 2534 2928 2605 Ἀδάμ
2956 2547 3140 2604 posset
3177 2536 3344 2601 verti,
3378 2552 3466 2603 per
3502 2537 3655 2588 Adn-

2060 2642 2228 2680 mum.
2270 2624 2377 2681 Sed
2414 2626 2479 2678 ab
2522 2626 2728 2680 Adamo
2774 2628 3014 2681 retinere
3047 2627 3253 2690 malim,
3300 2627 3421 2695 quia
3470 2628 3651 2695 magis

2063 2714 2321 2770 conducit
2375 2717 2659 2786 proposito
2720 2715 2959 2782 Justini,
3010 2718 3100 2786 qui
3152 2717 3366 2771 videtur
3418 2720 3648 2770 demon-

2063 2815 2245 2861 strare
2294 2806 2436 2860 velle
2485 2822 2672 2863 omnes
2733 2808 3013 2873 homines,
3062 2806 3261 2861 Judacis
3324 2822 3430 2860 non
3482 2821 3645 2860 exce-

2065 2898 2197 2967 ptis,
2240 2897 2292 2951 in
2341 2897 2550 2953 Adamo
2597 2914 2876 2967 peccasse.
2913 2900 2978 2953 Et
3025 2915 3081 2952 n.
3112 2899 3251 2953 i00:
3292 2918 3310 2951 ι
3340 2898 3509 2952 Filius
3548 2899 3646 2952 Dci

2063 3004 2129 3044 ex
2181 2988 2404 3059 Virgine
2436 2991 2678 3060 genitus,
2720 2999 2779 3043 ut
2806 3006 2910 3058 qua
2944 2991 3031 3044 via
3076 3007 3104 3043 a
3148 2999 3402 3059 serpente
3451 2991 3646 3044 inobc-

2065 3084 2265 3140 dientia
2297 3084 2509 3139 initium
2556 3086 2790 3155 accepit,
2819 3084 3012 3138 eadem
3047 3084 3461 3138 dissolutionem
3497 3085 3649 3137 acci-

2063 3184 2239 3244 peret.
2282 3172 2419 3227 Nam
2467 3190 2590 3229 cum
2630 3175 2782 3244 virgo
2828 3181 2975 3229 esset
3028 3173 3135 3226 Eva
3180 3184 3235 3228 et
3287 3175 3644 3243 incorrupta,

371 3263 767 3334 ἐπονομάζεται
814 3262 890 3334 τῷ
942 3262 1291 3335 προελομένῳ
1344 3262 1811 3334 ἀναγεννηθῆναι,
1863 3263 1956 3319 καὶ

2064 3283 2313 3325 sermone
2337 3269 2607 3339 serpentis
2635 3280 2922 3336 concepto,
2954 3266 3377 3320 inobedicntiam
3407 3277 3462 3318 et
3496 3282 3646 3320 mor-

373 3359 766 3429 μετανοήσαντι
796 3356 888 3409 ἐπὶ
918 3359 1029 3418 τοῖς
1064 3355 1492 3426 ἡμαρτημένοις,
1520 3356 1581 3409 τὸ
1609 3355 1705 3409 τοῦ
1740 3356 1956 3429 Πατρδς

371 3448 480 3501 τῶν
503 3448 641 3501 ὅλων
663 3448 757 3500 καὶ
781 3446 1041 3500 δεσπότου
1066 3446 1201 3499 Θεοῦ
1230 3446 1421 3517 ὄνομα.
1457 3464 1476 3496 ι
1504 3446 1953 3516 Quandoquidem

372 3538 603 3604 primam
640 3546 881 3591 nostram
918 3537 1333 3606 generationem
1366 3536 1681 3606 ignorantes
1718 3537 1957 3593 necessi-

376 3637 489 3683 tate
522 3630 755 3698 quadam
794 3644 858 3682 ex
906 3629 1128 3683 humido
1174 3628 1382 3684 semine
1422 3644 1520 3697 per
1567 3638 1810 3685 mutuam
1855 3644 1954 3700 pa-

366 3729 590 3775 rentum
643 3722 954 3775 mistionem
1009 3721 1171 3789 geniti
1221 3736 1432 3786 sumus,
1471 3730 1636 3792 atque
1666 3723 1722 3777 in
1771 3725 1957 3793 pravis

376 3812 620 3866 moribus
659 3821 713 3865 et
757 3809 982 3865 nefariis
1020 3809 1288 3863 institutis
1327 3809 1571 3875 educati;
1612 3820 1671 3865 ut
1712 3811 1956 3866 necessi-

378 3903 504 3958 tatis
531 3911 585 3956 et
622 3901 983 3973 ignorationis
1029 3901 1123 3955 ﬁlii
1169 3918 1275 3958 non
1327 3916 1667 3966 maneamus,
1702 3903 1797 3957 sed
1841 3902 1956 3957 ele-

377 3994 578 4049 ctionis
619 4004 676 4048 et
718 3994 997 4057 scientiae;
1048 4003 1123 4045 et“
1148 3992 1528 4048 remissionem
1568 4001 1955 4061 peccatorum,

376 4102 497 4155 quae
547 4087 699 4157 prius
748 4086 1156 4151 commisimus,
1208 4100 1615 4154 consequamur
1659 4085 1712 4139 in
1777 4100 1953 4154 aqua;

376 4193 540 4249 super
585 4194 652 4234 eo
692 4180 783 4249 qui
846 4180 1156 4249 regenerari
1207 4178 1447 4233 voluerit
1490 4188 1545 4231 et
1600 4186 1956 4247 peccatorum

377 4270 551 4341 egerit
596 4272 1008 4341 pmnitentiam,
1048 4285 1249 4325 nomen
1282 4270 1528 4328 Parentis
1578 4270 1957 4325 universorum

376 4375 434 4418 et
481 4365 694 4420 Domini
730 4365 820 4419 Dei
870 4364 1321 4433 pronuntiatum
1379 4363 1666 4418 Nascimur
1718 4377 1847 4433 ergo
1902 4362 1955 4416 iu

377 4465 637 4527 peccato,
687 4457 955 4524 siquidem
1006 4459 1076 4512 ob
1136 4457 1278 4511 hanc
1326 4457 1558 4526 primam
1619 4456 1957 4510 nativitatem

376 4562 599 4617 egemus
636 4548 907 4615 baptismo
934 4548 1025 4616 qui
1061 4563 1160 4602 nos
1195 4555 1502 4616 regeneret.
1540 4546 1828 4602 Nascimur
1861 4546 1955 4601 filii

378 4638 725 4695 necessitatis
753 4650 809 4693 et
842 4639 1226 4708 ignorationis,
1262 4654 1363 4693 nec
1396 4654 1682 4707 possumus
1712 4638 1832 4692 sine
1861 4639 1957 4691 ba-
1989 4616 2033 4670 D

378 4734 575 4801 ptismo
620 4748 686 4787 ex
742 4733 846 4786 hoc
893 4733 1131 4786 miseriae
1186 4743 1333 4786 statu
1392 4747 1696 4800 emergere.
1746 4732 1957 4787 Idcirco

378 4827 523 4879 enim
553 4823 920 4895 baptizamur,
945 4835 1002 4876 ut
1034 4841 1136 4878 non
1171 4824 1522 4894 ignorationis
1548 4834 1595 4877 et
1631 4826 1956 4878 necessitatis

377 4919 480 4988 filii
516 4936 843 4973 maneamus.

452 5008 515 5063 Il.
547 5010 606 5063 lu
638 5006 886 5072 Cohort.,
915 5022 970 5061 η.
995 5007 1088 5071 2|,
1121 5015 1410 5077 postquam
1452 5007 1590 5060 dixit
1632 5006 1830 5075 primos
1862 5007 1959 5059 ho-

380 5103 567 5168 mines,
600 5115 630 5155 a
661 5100 858 5170 quibus
894 5101 1112 5155 inducta
1147 5102 1372 5154 deorum
1414 5098 1726 5164 multitudo,
1754 5098 1807 5151 in
1844 5114 1953 5149 me-

380 5194 548 5249 moria
594 5194 839 5247 habuisse
886 5194 1158 5263 antiquam
1201 5193 1350 5245 illam
1391 5190 1658 5259 fraudem,
1689 5207 1794 5261 qua
1840 5208 1958 5243 ma-

370 5289 522 5357 jores
563 5286 799 5354 ipsarum
837 5285 1077 5353 decipere
1105 5284 1269 5338 voluit
1307 5283 1524 5336 humani
1554 5284 1760 5350 generis
1795 5283 1958 5335 hostis

381 5390 610 5445 awmon,
640 5391 759 5430 cum
796 5375 916 5428 illos
945 5377 1020 5429 sic
1057 5376 1414 5445 alloqueretur
1438 5389 1457 5427 :
1496 5390 1514 5424 ι
1548 5373 1603 5426 Si
1635 5372 1767 5427 mihi
1794 5372 1955 5427 obse-

381 5472 493 5527 cuti
538 5469 777 5534 fueritis,
808 5467 966 5524 eritis
996 5468 1141 5523 sicut
1186 5466 1285 5533 dii,
1308 5485 1327 5517 ι
1364 5467 1479 5521 haec
1510 5465 1662 5519 addit
1691 5482 1703 5518 :
1741 5482 1759 5515 ι
1788 5463 1959 5535 Igitur

384 5580 507 5618 cum
537 5562 781 5617 obsecuti
816 5559 1164 5615 fraudulento
1198 5560 1431 5614 dmmoni
1466 5558 1735 5623 homines,
1763 5573 1826 5613 ac
1860 5558 1955 5611 Dei

385 5664 714 5726 prmceptum
764 5654 977 5708 violare
1029 5654 1144 5708 ausi
1199 5662 1412 5718 essent,
1451 5666 1483 5707 e
1515 5652 1775 5720 paradiso
1807 5652 1959 5705 exie-

388 5758 552 5804 runt:
594 5763 660 5803 ae
716 5748 940 5803 deorum
987 5746 1204 5815 quidem
1240 5759 1438 5798 nomen
1465 5745 1519 5798 in
1556 5744 1815 5802 memoria
1858 5745 1956 5799 ha-

456 5864 639 5922 ‘Luc.
678 5880 717 5933 ι,
758 5864 849 5920 53.
926 5865 947 5896 ⁵
985 5862 1139 5917 Deut.
1182 5878 1332 5929 xxxx,
1367 5862 1455 5917 ει.

2060 3370 2168 3417 tem
2220 3363 2453 3433 peperit.
2503 3360 2674 3414 Maria
2730 3370 2918 3414 autem
2968 3361 3151 3428 virgo,
3199 3376 3323 3412 cmn
3390 3359 3549 3413 fidem
3588 3370 3643 3414 et

2059 3455 2312 3526 gaudium
2346 3456 2708 3524 percepisset,
2750 3452 3023 3506 nuntianti
3051 3452 3244 3520 angelo
3285 3452 3465 3505 laetum
3498 3467 3641 3504 nun-

2059 3551 2191 3604 tium
2259 3548 2601 3619 respondit:
2670 3544 2800 3599 Fiat
2872 3546 3001 3599 mihi
3079 3545 3367 3598 secundum
3428 3545 3641 3598 verbum

2058 3652 2206 3696 tuum
2233 3640 2322 3696 ⁸.»
2367 3640 2651 3695 Christum
2701 3638 2823 3691 sine
2878 3627 3102 3706 peccato
3158 3637 3405 3705 genitum
3465 3635 3641 3689 fuisse

2060 3737 2211 3801 dicit,
2233 3753 2287 3791 n.
2306 3735 2397 3801 23,
2419 3743 2478 3789 ut
2495 3749 2618 3787 eum
2637 3734 2704 3785 ab
2721 3731 2841 3783 aliis
2857 3730 3047 3783 Adami
3075 3729 3198 3782 filiis
3219 3736 3484 3783 secernat.
3528 3747 3548 3779 ι
3582 3724 3643 3778 Si
3710 3714 3719 3725 ’

2059 3829 2203 3883 enim
2251 3843 2351 3883 nec
2380 3837 2508 3881 ante
2553 3826 2831 3879 Abraham
2882 3823 3326 3887 circumcisione,
3366 3836 3467 3875 nec
3513 3828 3642 3873 ante

2058 3917 2559 3988 MoysenSabbato,
2621 3917 2772 3971 feriis
2822 3926 2879 3971 et
2924 3920 3240 3972 muneribus
3289 3932 3425 3984 opus
3478 3924 3638 3976 erat;

2060 4024 2235 4076 neque
2281 4010 2443 4063 etiam
2488 4009 2744 4063 similiter
2783 4024 2918 4078 Opus
2952 4021 3067 4075 est,
3104 4019 3393 4077 postquam
3442 4021 3641 4059 secun-

2060 4101 2187 4155 dum
2235 4099 2561 4154 voluntatem
2604 4098 2779 4153 Patris
2808 4103 3014 4169 absque
3066 4112 3290 4168 peccato
3318 4115 3384 4153 ex
3425 4098 3640 4165 virgine

2061 4193 2128 4246 ab
2156 4192 2427 4246 Abraham
2475 4192 2707 4246 oriunda
2752 4194 2971 4261 genitus
3009 4204 3093 4247 est
3134 4192 3305 4246 Filius
3346 4193 3439 4246 Dei
3483 4191 3641 4245 .Iesus

2061 4284 2329 4339 Christus.
2364 4302 2382 4334 ι

2132 4376 2249 4431 Non
2276 4377 2489 4431 dubitat
2516 4375 2573 4430 S.
2596 4385 2801 4445 martyr
2823 4378 2954 4445 quin
2979 4391 3141 4429 omne
3165 4375 3444 4429 hominum
3471 4388 3640 4441 genus

2060 4467 2432 4521 malcdictioni
2467 4466 2765 4520 obnoxium
2813 4466 2973 4521 fuerit
3000 4469 3070 4521 ob
3098 4469 3238 4520 hanc
3288 4467 3493 4533 peccati
3528 4466 3641 4518 ori-

2062 4559 2255 4629 ginalis
2302 4558 2510 4622 labem,
2546 4558 2707 4626 idque
2753 4560 2947 4627 probat
2993 4559 3160 4613 ducto
3208 4568 3526 4627 argumento
3571 4570 3641 4609 ex

2067 4653 2133 4705 iis
2169 4652 2258 4719 qui
2303 4651 2404 4705 sub
2436 4651 2575 4718 lege,
2615 4660 2668 4704 et
2698 4665 2762 4702 ex
2796 4650 2863 4703 iis
2901 4651 2995 4719 qui
3040 4650 3158 4703 sine
3204 4649 3320 4718 lege
3358 4650 3637 4702 vixerunt.

2074 4761 2090 4792 ι
2115 4743 2286 4797 Omne
2318 4742 2595 4795 hominum
2624 4757 2813 4811 genus,
2846 4742 3022 4810 inquit
3064 4740 3363 4808 Dinlog.,n.
3406 4741 3494 4801 95,
3525 4754 3643 4792 Ina-

2067 4834 2346 4887 ledictioui
2396 4832 2691 4886 obnoxium
2742 4832 3061 4899 reperietur.
3127 4828 3443 4881 Maledictus
3492 4827 3641 4881 enim

2067 4927 2367 4978 secundum
2429 4924 2603 4992 legem
2639 4923 2841 4995 Moysis
2877 4923 3055 4977 dictus
3102 4930 3214 4983 est,
3254 4922 3489 4989 quisquis
3535 4934 3639 4971 non

2065 5026 2333 5084 permanet
2374 5017 2429 5069 in
2458 5019 2531 5069 eis
2578 5030 2695 5083 quas
2729 5015 2927 5076 scripta
2969 5022 3090 5066 sunt
3130 5014 3185 5065 in
3229 5012 3362 5064 libro
3401 5011 3550 5079 legis,
3580 5018 3639 5063 ut

2062 5108 2225 5175 facint
2258 5125 2319 5162 ea
2343 5114 2385 5161 ³.
2422 5106 2594 5161 Nemo
2621 5114 2769 5161 certe
2802 5104 2982 5158 omnia
3017 5112 3276 5157 accurate
3305 5102 3637 5166 observavit,

2065 5212 2237 5267 neque
2286 5198 2339 5252 id
2374 5212 2471 5252 vos
2503 5210 2703 5263 negare
2739 5195 3043 5260 audebitis;
3082 5194 3178 5248 sed
3225 5193 3313 5246 alii
3350 5192 3473 5246 aliis
3522 5192 3640 5261 plus

2062 5298 2153 5341 aut
2188 5289 2368 5343 minus
2398 5296 2667 5358 przecepta
2705 5286 3108 5340 observarunt:
3143 5286 3288 5354 quod
3321 5284 3366 5339 si
3396 5299 3509 5349 eos,
3545 5284 3637 5351 qni

2060 5384 2162 5435 sub
2192 5387 2291 5433 hac
2314 5381 2428 5450 lege
2454 5390 2600 5445 sunt,
2625 5375 3135 5434 sub-malcdictione
3155 5392 3275 5432 esse
3304 5386 3472 5446 patet,
3494 5376 3640 5443 quod

2068 5488 2175 5527 non
2206 5473 2390 5525 omnia
2422 5470 2867 5537 observaverint,
2899 5483 3078 5523 annon
3127 5468 3294 5523 multo
3338 5468 3510 5539 magis
3544 5482 3642 5536 pa—

2069 5564 2203 5618 tebit
2232 5571 2424 5630 gentes
2457 5578 2671 5627 omnes,
2718 5576 2839 5632 quae
2885 5559 3173 5615 simulacra
3217 5559 3423 5625 colunt,
3456 5559 3641 5629 pueris

2064 5663 2255 5721 stupra
2294 5650 2557 5715 inferunt,
2592 5662 2646 5707 et
2679 5651 2786 5705 alia
2822 5648 3031 5705 nefaria
3068 5648 3296 5712 faciunt,
3328 5647 3427 5700 sub
3472 5646 3642 5699 malc-

2064 5744 2305 5799 dictione
2331 5740 2489 5797 esse?
2520 5761 2537 5793 ι
