3932 6258
235 338 291 392 £9
1318 352 1383 410 D.
1425 354 1688 411 MARANI
1723 356 2117 418 PRIEFATIO.
2155 393 2224 403 -—
2250 362 2431 419 PARS
2460 364 2525 421 ll.
3467 373 3539 428 50

292 457 373 510 Ill.
404 455 621 517 Justini
661 465 913 535 vestigia
961 471 1183 538 premit
1218 471 1502 541 Tatianus,
1546 485 1599 531 et
1629 492 1862 546 genera-
1891 483 1937 539 Α
1967 482 2147 537 munis
2190 491 2295 536 est.
2340 482 2399 538 In
2447 484 2691 539 eamdem
2766 485 3096 541 sententiam
3151 486 3260 552 ait,
3314 502 3369 541 ιι.
3419 489 3535 545 ‘26:

227 550 313 601 tim
337 566 460 603 cum
490 554 766 611 omnibus
803 559 1160 617 hominibus
1190 566 1556 620 communicat
1582 580 1862 636 peccatum
1972 591 1991 624 ι
2020 573 2485 639 Quemadmodum
2517 590 2614 631 vas
2643 578 2712 644 si,
2753 588 3042 647 postquam
3073 579 3381 634 confectum
3426 579 3539 634 fue-

224 641 424 694 Adami.
471 662 491 694 ι
525 643 607 698 Ac
640 646 820 702 initio
877 652 1157 720 quidem,
1191 653 1371 723 inquit
1412 672 1466 712 ιι.
1516 658 1603 720 l5,
1642 660 1865 727 spiritus
1964 667 2057 729 rit,
2087 666 2203 720 vitii
2239 666 2438 735 aliquid
2468 641 3025 733 liabeat,‘refunditur
3054 681 3106 725 et
3141 670 3444 741 refingitur,
3477 682 3538 727 ut

227 733 407 785 animae
437 737 747 791 convictor
783 749 948 807 erat,
977 744 1084 798 sed
1122 759 1244 800 eam
1276 748 1427 815 sequi
1462 748 1737 803 nolentem
1768 752 1863 807 de-
1968 773 2166 812 novum
2191 768 2247 815 et
2279 762 2549 829 integrum
2585 760 2713 826 ﬁat;
2747 761 2888 816 idem
2922 763 3128 818 homini
3157 779 3304 819 mors
3334 763 3532 820 affert:

227 825 398 877 seruit.
426 846 446 877 ι
483 827 554 881 Et
590 846 653 883 ιι.
684 831 755 884 ll
780 850 798 886 :
832 851 855 882 ε
885 832 1022 889 Non
1052 837 1173 891 nati
1200 853 1386 892 sumus
1414 847 1470 892 ut
1503 855 1861 910 moreremur,
1965 855 2198 920 quodam
2229 854 2374 907 enim
2410 856 2567 908 modo
2598 854 2985 926 confringitur,
3037 865 3096 909 ut
3136 871 3307 912 sanus
3353 858 3405 911 in
3451 874 3532 912 re-

232 917 311 969 sed
344 930 531 974 nostra
573 923 752 990 culpa
794 927 1117 983 morimur.
1165 929 1408 985 Perdidit
1438 947 1535 988 nos
1573 934 1742 989 libera
1772 951 1864 990 vo-
1966 917 2305 999 s-urrectione
2353 946 2683 1012 inveniatur,
2726 946 2779 1002 id
2827 957 2911 1002 est
2956 950 3222 1017 mundus,
3260 948 3438 1017 justus
3482 960 3536 1005 et

232 1008 425 1074 lunias;
463 1013 619 1065 servi
685 1014 835 1069 facti
875 1032 1087 1075 sumus
1117 1022 1212 1090 qui
1266 1022 1420 1077 liberi
1468 1039 1725 1091 eramus;
1768 1043 1865 1096 per
1966 1035 2311 1091 immortalis.
2343 1054 2362 1089 ι

230 1111 493 1200 peccatum
545 1104 776 1158 πριιιιὶιί
833 1123 1068 1165 sumus.
1112 1109 1256 1166 Nihil
1292 1113 1414 1167 mali
1464 1113 1666 1170 factum
1712 1128 1792 1172 est
1829 1135 1857 1172 τι
2037 1128 2365 1183 Persuasum
2383 1139 2499 1183 erat
2527 1128 2829 1200 Theophila
2852 1146 2951 1186 nos
2976 1148 3098 1187 cum
3122 1132 3333 1187 Adamo
3358 1143 3535 1189 morte

231 1187 360 1253 θεῖος
403 1206 503 1243 "05
552 1192 666 1259 i1’5i
713 1198 1112 1264 Ρτοάυιῖιηυε
1160 1200 1545 1267 Vitiosum-em;
1580 1220 1701 1258 eam
1738 1220 1862 1260 τεπο
1966 1220 2251 1274 damnatos
2289 1235 2394 1274 non
2427 1235 2575 1285 esse,
2613 1222 2713 1275 nisi
2746 1222 2870 1291 quia
2920 1223 2972 1276 in
3016 1224 3228 1279 Adamo
3272 1226 3531 1294 peccavi-

230 1285 311 1351 qui
343 1287 771 1353 produxerunt,
810 1292 1013 1345 denuo
1051 1293 1216 1346 etiam
1250 1294 1534 1363 repudiare
1564 1305 1809 1364 possunt.
1838 1317 1846 1348 ι

1965 1325 2115 1373 mus;
2176 1326 2351 1379 neque
2402 1313 2545 1366 enim
2605 1314 2770 1367 Deum
2832 1315 3077 1370 innocuis
3130 1318 3267 1371 hanc
3316 1332 3530 1386 pcenam

235 1376 424 1430 Statuit
445 1377 737 1435 Tatianus
766 1393 833 1434 ut
870 1385 1162 1447 miserias,
1191 1402 1307 1453 quas
1331 1402 1395 1439 ex
1422 1400 1645 1455 peccato
1670 1390 1837 1442 Adam

1968 1404 2342 1472 itttpusiturunt
2376 1404 2574 1469 fuisse;
2610 1422 2675 1459 ne
2716 1406 2831 1473 ipse
2860 1408 3051 1461 mortis
3088 1417 3279 1462 auctor
3307 1423 3428 1464 esse
3452 1411 3535 1463 vi-

240 1468 522 1537 lluxerunt,
566 1472 645 1524 ita
686 1473 880 1527 etiam
918 1475 1073 1529 illius
1107 1488 1390 1545 peccatum
1439 1479 1506 1533 ad
1541 1495 1639 1533 nos
1671 1495 1846 1533 omne:

1965 1496 2205 1548 deretur.
2249 1514 2267 1545 ‹
2308 1496 2365 1549 Si
2396 1498 2759 1551 immortalem
2792 1500 2858 1553 ab
2891 1500 3046 1555 initio
3091 1502 3335 1566 fecisset,
3370 1504 3528 1557 deum

247 1564 527 1631 pertinere.
558 1564 1071 1630 Quemadmodum
1098 1586 1221 1625 cum
1247 1586 1311 1624 eo
1344 1572 1539 1639 perditi
1574 1586 1626 1627 et
1660 1575 1711 1626 in
1746 1590 1861 1628 ser-

251 1655 463 1707 vitutem
516 1657 743 1710 redacti
780 1669 843 1712 et
890 1661 1103 1715 venditi
1156 1679 1219 1715 ac
1269 1664 1468 1717 mortui
1515 1680 1735 1735 sumus,
1785 1669 1859 1722 ita

253 1746 403 1798 etiam
429 1762 555 1802 eum
593 1748 696 1803 illo
729 1749 1105 1807 vitiositatem
1136 1756 1509 1821 produximus.

320 1838 428 1891 Non
459 1841 668 1893 mirum
699 1857 845 1910 ergo
875 1844 924 1896 si
954 1842 1237 1909 Tatianus,
1272 1848 1514 1914 magistri
1542 1846 1738 1903 Justini
1771 1865 1857 1904 ve-
1893 1830 1933 1883 Β

256 1929 442 1996 stigtis,
491 1932 713 1999 primos
748 1938 989 1987 deorum
1034 1936 1400 1991 multitudinis
1440 1948 1854 2003 monstratores,

258 2023 497 2088 paradiso
531 2021 754 2089 eiectos
810 2024 986 2080 fuisse
1026 2028 1096 2082 ob
1145 2030 1247 2082 hoc
1285 2030 1462 2085 scelus
1508 2040 1563 2084 et
1593 2033 1855 2087 mortales

262 2112 417 2164 factos
454 2114 630 2167 fuisse
666 2115 855 2168 dicit:
895 2133 917 2166 ι
949 2116 1107 2171 Verbi
1159 2130 1336 2173 autem
1383 2124 1645 2191 potentia,
1681 2125 1857 2192 inquit

264 2204 386 2266 n.7,
430 2220 557 2259 cum
606 2206 665 2259 in
712 2222 779 2261 se
827 2209 1147 2275 praevideret
1177 2214 1304 2283 quid
1337 2223 1513 2279 esset,
1567 2231 1673 2269 non
1726 2218 1855 2273 illud

264 2296 468 2359 quidem
502 2296 643 2360 fato,
676 2299 775 2351 sed
818 2298 996 2353 libera
1042 2300 1355 2369 eligentium
1388 2305 1663 2360 voluntate
1689 2321 1853 2361 even~

267 2397 470 2451 turum;
529 2387 857 2443 futurarum
898 2407 1079 2445 rerum
1130 2402 1361 2447 eventus
1400 2397 1755 2465 praedicebat,
1790 2415 1855 2453 ac

264 2480 559 2549 nequitiam
593 2481 914 2536 interdictis
946 2484 1295 2552 prohibebat,
1322 2502 1416 2544 eos
1447 2498 1630 2544 autem
1663 2490 1852 2546 lauda—

264 2576 369 2634 bat,
412 2574 508 2642 qui
548 2574 686 2628 boni
721 2585 1135 2645 permanerent.
1183 2578 1478 2650 Postquam
1524 2590 1708 2637 autem
1752 2584 1850 2637 ho—

265 2665 429 2719 mines
482 2682 661 2719 unum
721 2667 960 2735 aliquem
1015 2679 1213 2738 prseter
1263 2682 1513 2737 caeteros,
1565 2682 1850 2742 propterea

264 2757 397 2823 quod
430 2756 853 2827 primogenitus
880 2766 1019 2826 erat,
1050 2761 1385 2815 callidiorem
1414 2766 1670 2818 assectati
1701 2773 1848 2827 sunt,

264 2864 320 2901 as
347 2864 468 2901 eum
502 2850 612 2903 etsi
664 2850 769 2917 legi
803 2850 895 2903 Dei
927 2851 1334 2918 ohluctabatur,
1367 2869 1463 2922 pro
1496 2853 1607 2910 Deo
1640 2857 1843 2911 habue-

265 2948 412 3003 runt;
460 2948 579 2992 tum
617 2937 783 2993 Verbi
816 2943 1055 3009 potentia
1087 2952 1141 2997 et
1177 2944 1506 3012 inceptorem
1552 2945 1850 3017 proﬂigata:

267 3034 591 3088 temeritatis
640 3044 696 3088 et
742 3033 862 3102 ejus
912 3046 1217 3091 sectatores
1245 3052 1274 3090 a
1307 3052 1403 3091 sua
1456 3042 1850 3097 consuetudine

264 3124 514 3179 exclusit.
549 3124 737 3192 Atque
773 3125 819 3179 is
848 3126 1070 3195 quidem
1096 3167 1111 3189 ,
1156 3127 1247 3194 qui
1296 3129 1363 3181 ad
1409 3128 1704 3197 imaginem
1752 3129 1845 3185 Dei
1875 3164 1917 3220 ρ

265 3215 434 3267 factus
464 3226 615 3279 erat,
662 3216 977 3271 discedente
1010 3218 1078 3272 ab
1106 3233 1171 3271 eo
1200 3219 1505 3287 potentiore
1534 3224 1753 3290 spiritu,
1789 3223 1849 3277 lit

264 3307 537 3371 mortalis;
574 3306 669 3361 ille
720 3318 903 3363 autem
952 3309 1343 3379 primogenitus
1399 3322 1623 3382 propter
1668 3324 1848 3370 trans-

264 3400 601 3463 gressionem
636 3410 692 3452 et
726 3398 1125 3467 ignorationem
1159 3400 1369 3455 daamon
1405 3417 1527 3457 esse
1569 3403 1790 3474 incepit.
1824 3425 1843 3458 ι

266 3487 390 3539 Mira
424 3490 513 3542 hic
541 3499 601 3542 et
642 3490 804 3556 digna
837 3504 959 3557 qua:
997 3491 1316 3544 observetur
1345 3507 1525 3546 rerum
1573 3493 1843 3549 confusio.

267 3576 554 3631 Peccatum
605 3579 806 3632 Adami
873 3594 996 3632 cum
1053 3589 1275 3647 peccato
1330 3583 1736 3650 posteriorum,
1786 3602 1849 3640 ac

270 3685 453 3721 rursus
492 3670 727 3723 istorum
762 3681 1047 3739 peccatum
1080 3686 1203 3725 cum
1232 3674 1423 3728 Adami
1467 3688 1691 3743 peccato
1718 3692 1848 3731 con-

270 3762 527 3825 funditur,
557 3764 719 3831 quasi
750 3780 914 3818 unum
946 3776 1346 3835 prorsusesset
1375 3767 1657 3823 delictum.
1690 3768 1843 3826 [inde

273 3852 415 3913 illud,
484 3855 594 3908 nisi
634 3856 765 3924 quia
816 3856 868 3909 in
913 3857 1124 3910 Adamo
1168 3859 1372 3927 posteri
1422 3869 1751 3927 peccarunt,
1790 3872 1847 3914 et

271 3946 334 3996 ab
362 3948 572 4000 Adamo
617 3948 877 4015 profluxit
927 3949 1020 4003 illa
1070 3953 1249 4005 cordis
1297 3952 1572 4020 pravitas,
1616 3952 1700 4006 cui
1749 3953 1848 4007 ho-

275 4039 443 4091 mines
480 4040 653 4093 libere
696 4040 1051 4110 obsequendu
1080 4043 1287 4097 cultum
1328 4045 1558 4098 deorum
1612 4045 1846 4103 induxe-

278 4132 425 4182 runt?

338 4220 423 4275 IV.
450 4220 617 4275 Multa
647 4222 808 4275 etiam
834 4232 1140 4278 occurrunt
1165 4225 1307 4293 apud
1338 4225 1701 4296 Theophilum
1734 4231 1845 4282 An-

277 4314 577 4366 tiochenutn
612 4316 945 4382 testimonia,
977 4315 1031 4368 in
1073 4318 1291 4385 quibus,
1315 4329 1597 4387 peccatum
1627 4321 1841 4386 Adami,

274 4414 325 4456 ut
366 4421 530 4458 unum
578 4414 632 4458 et
672 4420 961 4460 commune
997 4408 1254 4462 onmibns
1305 4418 1590 4479 peccatum
1640 4412 1844 4466 descri-

1963 1599 2087 1638 emn
2131 1583 2380 1651 fecisset,
2426 1589 2600 1656 inquit
2651 1606 2703 1643 n.
2738 1589 2846 1656 27;
2885 1606 3075 1646 rursus
3119 1592 3165 1647 si
3220 1593 3529 1660 mortalem,

1965 1676 2241 1729 videretur
2267 1677 2406 1731 Deus
2438 1682 2601 1732 causa
2632 1680 2775 1734 illius
2803 1682 2991 1738 mortis
3020 1696 3164 1741 esse.
3201 1702 3221 1735 ι

2561 1793 2788 1848 CAPUT
2830 1795 2937 1849 νυ.

2493 1884 2568 1938 De
2592 1885 2785 1940 Christi
2811 1890 3005 1956 gratia.

1963 1994 2001 2043 Ι.
2029 1997 2271 2067 Charitas,
2290 2010 2401 2067 qute
2414 1998 2587 2067 legem
2612 1999 2867 2067 adimplet,
2909 2015 3009 2067 per,
3037 2002 3186 2051 ﬁdem
3212 2005 3525 2067 impetratur.

2026 2060 2083 2125 ll.
2107 2059 2221 2107 Haec
2246 2060 2368 2107 lich
2386 2060 2621 2109 charitate
2642 2059 2851 2125 animata
2886 2059 3058 2125 g'ratite
3101 2059 3299 2114 donum‘
3326 2075 3418 2118 est.
3444 2069 3528 2117 Ill.

2023 2123 2175 2178 Quam
2198 2129 2372 2181 potens
2390 2134 2635 2187 quamque
2663 2123 2832 2171 ellicax
2875 2123 2978 2173 haec
3022 2129 3195 2187 gratia.
3247 2127 3326 2177 IV.
3381 2132 3531 2181 Unica

2021 2194 2219 2242 semper
2276 2184 2678 2254 cnstititsalutis
2716 2187 2811 2254 via,
2863 2187 2984 2254 ﬁdes
3025 2184 3264 2254 charitate
3301 2194 3528 2254 animata,

2022 2257 2168 2303 quam
2195 2245 2351 2305 gratia
2376 2244 2599 2306 largitur.
2623 2246 2681 2294 ν.
2709 2250 2862 2305 Quam
2888 2247 3134 2298 immerito
3158 2252 3378 2301 Justinus
3398 2244 3529 2303 salu;

2024 2312 2377 2370 temieternam
2403 2306 2618 2370 Socratis
2660 2310 2977 2370 etglleracliti
3025 2315 3284 2370 agnmisse
3320 2315 3527 2365 dicatur.

2019 2364 2099 2417 VI.
2127 2367 2430 2435 Testimonia
2456 2369 2519 2435 de
2540 2368 2729 2435 "(thristi
2766 2373 2919 2432 gratia
2965 2383 3028 2421 ex
3054 2364 3287 2435 'Epistola
3313 2378 3371 2425 ad
3408 2364 3526 2427 Dio?

2017 2436 2219 2490 gnetum
2238 2437 2291 2478 et
2322 2429 2513 2479 Tatiani
2533 2429 2781 2480 Orationei

2030 2532 2069 2585 l.
2116 2532 2184 2587 Ut
2235 2532 2414 2602 lapsus
2468 2535 2630 2589 homo
2676 2547 2920 2601 sanetur,
2957 2539 3173 2594 unicum
3224 2542 3525 2597 remedium

1956 2627 2201 2697 agnoscit
2234 2625 2499 2692 Justinus,
2537 2628 2697 2684 fidem
2727 2646 2846 2698 qute
2893 2646 2990 2699 per
3039 2634 3363 2691 eharitatem
3393 2651 3521 2706 ope-

1955 2728 2126 2783 ratur,
2155 2734 2382 2788 eamque
2406 2724 2662 2791 gratuitaa
2691 2735 2746 2777 et
2790 2726 3177 2795 omnipotentis
3207 2733 3396 2801 gratiae
3425 2734 3522 2789 do-

1954 2828 2081 2865 num
2116 2828 2236 2867 esse
2265 2813 2529 2869 declarat.

2022 2907 2212 2973 Judaei,
2240 2910 2292 2963 in
2320 2910 2516 2979 quibus
2553 2911 2837 2968 ﬂectendis
2861 2922 2915 2969 et
2945 2917 3327 2985 permovendis
3358 2919 3525 2973 mira-

1951 3000 2086 3056 biles
2113 3002 2373 3057 exstitere
2404 3004 2691 3061 charitatis
2724 3005 2919 3063 Justini
2943 3018 3187 3075 conatus,
3219 3011 3360 3065 hane
3387 3024 3525 3078 prae.

1952 3091 2107 3161 cipue
2148 3108 2355 3148 moram
2390 3094 2618 3149 eruditas
2643 3096 2785 3151 illius
2821 3098 3171 3167 disputationi
3197 3099 3519 3161 attulerunt,

1954 3185 2095 3251 quod
2149 3184 2323 3254 legem
2364 3185 2465 3239 sibi
2520 3195 2576 3240 et
2628 3186 2873 3242 filiorum
2913 3191 3146 3244 Abrahae
3197 3191 3517 3261 dignitatem

1951 3276 2085 3329 satis
2132 3291 2326 3347 magna
2364 3291 2483 3333 esse
2529 3279 2598 3333 ad
2647 3281 2876 3335 salutem
2932 3282 3183 3349 praesidia
3236 3284 3521 3337 ducerent.

1948 3365 2221 3422 Iustinum
2277 3370 2532 3424 hortatur
2599 3371 2821 3440 Trypho
2882 3373 3039 3426 initio
3104 3373 3398 3442 colloquii,
3464 3383 3523 3426 ut

1949 3457 2128 3524 primo
2158 3460 2607 3524 circumcidatur,
2634 3461 2830 3515 deinde
2861 3461 3134 3525 observet,
3161 3470 3218 3514 ut
3252 3462 3367 3529 lege
3394 3477 3522 3516 san-

1948 3550 2116 3603 citum
2148 3562 2249 3614 est,
2276 3551 2514 3607 Sahbata
2539 3562 2595 3607 et
2623 3554 2743 3608 dies
2774 3553 2942 3610 festos
2969 3563 3023 3609 et
3054 3555 3367 3608 neomenias
3400 3555 3519 3619 Dei,

1952 3657 2014 3695 ac
2048 3658 2269 3711 prorsus
2305 3646 2490 3697 omnia
2521 3644 2836 3714 faciat'qute
2877 3645 2932 3699 in
2981 3645 3096 3716 lege
3130 3645 3333 3713 scripta
3371 3654 3517 3699 sunt.

1950 3732 2042 3789 Sic
2064 3735 2208 3788 enim
2238 3734 2473 3789 fortasse
2500 3736 2927 3791 misericordiam
2952 3736 3025 3791 illi
3060 3752 3090 3790 a
3119 3737 3228 3792 Deo
3256 3735 3517 3792 futuram.

1950 3828 2176 3882 Miratur
2202 3827 2420 3901 Trypho
2439 3868 2453 3893 ,
2479 3840 2576 3883 cur
2597 3827 2927 3894 Christiani,
2958 3845 3083 3885 cum
3121 3838 3270 3885 tanto
3305 3831 3521 3885 virtutis

1948 3920 2187 3975 colendae
2239 3922 2418 3975 studio
2457 3919 2722 3986 ferantur,
2767 3921 2938 3991 legem
2977 3919 3145 3976 Mosis
3184 3936 3291 3976 non
3332 3921 3521 3977 obser-

1947 4019 2094 4075 vent,
2135 4029 2188 4067 ιι.
2220 4011 2306 4065 l0.
2344 4012 2552 4067 Auctor
2582 4021 2669 4066 est
2714 4011 2814 4075 eis,
2844 4021 2901 4064 ut
2927 4010 3209 4067 Christum
3242 4011 3411 4068 Deum
3451 4028 3518 4067 ex

1946 4104 2169 4175 Virgine
2214 4106 2458 4175 genitum
2510 4106 2734 4161 credere
2797 4106 3080 4172 desinant,
3132 4118 3366 4173 eumque
3425 4118 3519 4173 po-

1949 4198 2054 4252 tius
2110 4196 2381 4251 hominem
2425 4212 2493 4251 ex
2537 4198 2850 4252 hominibus
2882 4199 3126 4267 genitum
3175 4197 3404 4262 dicant,
3453 4212 3518 4252 ac

1947 4290 2078 4360 legis
2108 4299 2363 4345 accurata
2392 4290 2774 4345 observatione
2795 4299 3151 4343 consecutum
3179 4300 3239 4344 ut
3264 4290 3516 4344 Christus

1946 4393 2113 4448 esset,
2147 4399 2202 4439 ιι.
2239 4381 2333 4440 67.
2364 4381 2421 4435 In
2453 4383 2555 4435 hoc
2598 4396 2783 4436 errore
2826 4382 3225 4436 indormiebant
3256 4380 3446 4446 Judaei,
3484 4398 3513 4435 a

274 4493 431 4550 bitur.
476 4513 494 4544 ι
527 4493 681 4549 Ferae
705 4504 887 4549 autem
918 4496 1197 4562 dicuntur,
1227 4475 1400 4569 inquit
1440 4500 1534 4553 lih.
1571 4516 1629 4565 tt,
1663 4518 1716 4553 ιι.
1752 4502 1838 4567 l7,
1873 4498 1918 4552 D
1949 4478 2223 4545 '“agisms
2420 4476 2630 4543 decepti
2664 4485 2725 4569 Act
2772 4475 2987 4539 [acmi’
3042 4491 3072 4529 ³
3125 4477 3323 4546 qum“
3374 4478 3515 4532 ¹¹ί¹¹¹⁰

270 4584 371 4637 ἀπὸ
398 4584 487 4635 τεῦ
518 4583 868 4654 θηρεύεσθαι,
901 4586 952 4640 id
981 4597 1063 4641 est
1090 4603 1157 4641 ex
1186 4604 1250 4642 eo
1278 4590 1422 4658 quod
1454 4590 1691 4645 ell'eratte
1722 4591 1840 4645 fue-

271 4673 413 4725 rint:
444 4675 583 4727 nihil
610 4674 754 4729 enim
790 4678 912 4730 tituli
945 4695 975 4729 a
1010 4678 1119 4731 Deo
1149 4677 1370 4746 factum,
1414 4682 1509 4736 sed
1549 4681 1686 4736 bona
1719 4697 1835 4736 om-

271 4766 352 4816 nia
392 4774 447 4819 et
484 4766 644 4819 valde
689 4768 860 4833 bona;
900 4768 994 4822 sed
1036 4778 1314 4837 peccatum
1359 4770 1595 4825 hominis
1644 4788 1737 4827 eas
1786 4773 1837 4826 in

270 4856 450 4909 vitium
503 4857 752 4912 abduxit.
785 4858 1019 4913 Homine
1054 4863 1201 4914 enim
1252 4863 1319 4917 de
1361 4863 1445 4915 via
1494 4862 1835 4929 deﬂectente,

269 4947 388 5015 ipsa:
434 4963 659 5015 quoque
711 4950 879 5003 simul
939 4952 1299 5005 deﬂexerunt.
1372 4954 1834 5019 Quenmdinodum

266 5040 401 5092 enim
439 5040 695 5094 dotttinus
731 5042 926 5095 domus
973 5058 1093 5094 cum
1139 5044 1398 5112 prwclare
1446 5061 1504 5099 se
1533 5047 1692 5114 gerit,
1740 5062 1837 5102 ne-

264 5131 565 5184 cessitatem
609 5132 785 5185 servis
811 5132 974 5186 aﬂert
1004 5144 1149 5188 recte
1184 5135 1435 5199 vivendi;
1474 5136 1518 5189 si
1557 5150 1683 5190 vero
1713 5153 1838 5206 pec-

265 5223 482 5282 caverit,
512 5223 700 5276 eadem
736 5226 884 5277 servi
919 5225 1256 5292 peccabunt;
1289 5225 1480 5280 eodem
1519 5229 1677 5281 modo
1707 5244 1837 5282 con-

266 5312 375 5379 tigit
403 5324 461 5365 ut
494 5315 678 5381 homo,
708 5316 801 5385 qui
834 5314 1091 5383 dominus
1132 5326 1272 5384 erat,
1307 5327 1562 5384 peccaret
1608 5328 1661 5371 et
1691 5320 1834 5373 servi

265 5422 355 5458 una
404 5419 719 5475 peccarent.
766 5407 905 5462 Cum
949 5419 1129 5460 autem
1182 5411 1406 5464 redierit
1459 5414 1620 5466 homo
1669 5415 1733 5465 ad
1785 5414 1836 5465 id

264 5501 389 5561 quod
421 5500 721 5553 secundum
758 5509 1021 5552 naturam
1055 5509 1138 5552 est
1168 5510 1221 5553 et
1264 5504 1423 5554 linem
1463 5504 1724 5570 peccandi
1759 5502 1835 5557 fe-

266 5591 418 5653 cerit,
452 5593 645 5646 belluas
678 5604 909 5661 quoque
941 5590 994 5643 in
1036 5590 1317 5657 pristinam
1365 5595 1833 5647 mansuetudinem

266 5682 667 5738 restituentur.»
732 5681 803 5737 Ut
855 5680 1073 5733 reditus
1130 5681 1193 5731 ad
1240 5679 1505 5747 justitiam
1558 5698 1661 5736 non
1733 5684 1833 5735 soli

259 5774 467 5842 Adauto,
497 5778 570 5831 ita
606 5790 711 5831 nec
746 5773 942 5843 lapsus
971 5770 1263 5836 tribuitur;
1292 5772 1383 5827 sed
1414 5773 1650 5828 omnium
1684 5789 1832 5828 com-

1945 4570 2111 4621 ctiam
2160 4567 2529 4621 stultissimam
2588 4567 2899 4635 Opinionem
2950 4579 3293 4637 acceperant,
3346 4570 3515 4622 omni-

1942 4659 2035 4712 bus
2088 4675 2152 4713 ea:
2193 4660 2389 4713 semine
2442 4659 2669 4716 Abrahae
2718 4659 3002 4712 secundum
3050 4677 3262 4715 carnem
3317 4663 3510 4725 editis,

1941 4750 2150 4803 etiamsi
2197 4760 2496 4815 peccatore:
2545 4759 2590 4804 et
2633 4750 2891 4803 increduli
2922 4760 2970 4805 et
3020 4751 3075 4803 in
3121 4752 3287 4804 Deum
3329 4763 3514 4804 cantu-

1944 4858 2114 4895 maces
2150 4841 2371 4910 fuerint,
2402 4857 2615 4911 regnum
2646 4854 2899 4895 aeternum
2926 4844 3109 4895 datum
3144 4844 3232 4909 iri,
3266 4859 3317 4897 ιι.
3351 4843 3473 4897 MO.

2012 4935 2147 4988 Cum
2180 4944 2332 4989 tanta
2358 4944 2504 4989 esset
2533 4934 2843 4990 ludat-orum
2884 4938 2935 4990 in
2986 4937 3101 5005 lege
3148 4934 3366 4999 fiducia,
3402 4951 3507 4990 non

1940 5028 2180 5097 segniter
2203 5026 2451 5083 Justinus
2485 5028 2536 5081 in
2570 5029 2671 5083 hoc
2697 5027 2995 5082 minuendo
3027 5032 3215 5082 errore
3244 5026 3505 5091 elaborat,

1939 5137 2003 5175 ac
2038 5121 2223 5176 eadem
2256 5137 2398 5193 swpe
2443 5130 2691 5191 repetere
2724 5141 2827 5178 non
2861 5124 3126 5194 pigratur.
3163 5124 3509 5178 Demonstrat

1937 5216 2205 5285 justitiam
2238 5231 2343 5270 non
2381 5217 2437 5271 itt
2482 5218 2750 5286 prteputii,
2781 5218 2876 5271 sed
2909 5219 2960 5270 in
2987 5217 3170 5271 cordis
3218 5217 3509 5272 circumci-

1939 5310 2094 5363 sione
2118 5349 2133 5374 ,
2187 5323 2293 5362 non
2340 5309 2395 5363 in
2428 5316 2652 5364 externa
2690 5308 3017 5376 ieiuniorum
3054 5318 3108 5362 et
3142 5308 3505 5364 Sabbatorum

1939 5403 2323 5457 observatione
2356 5403 2585 5470 positam
2622 5416 2764 5466 esse,
2790 5402 2882 5454 sed
2920 5403 2972 5453 in
3008 5402 3363 5456 interioribus
3396 5404 3509 5455 ani-

1940 5494 2012 5549 mi
2048 5494 2455 5560 aﬂe’ctionibus,
2489 5512 2629 5563 quas
2655 5510 2776 5550 cum
2819 5496 3058 5549 externis
3088 5494 3341 5563 operibus
3372 5510 3505 5547 con-

1932 5586 2083 5657 jungi
2119 5588 2395 5656 prophetas
2431 5587 2774 5655 praecipiunt.
2810 5586 2963 5640 llttnc
2996 5587 3048 5639 in
3075 5600 3228 5639 usum
3258 5586 3504 5638 testimo-

1940 5678 2024 5731 nia
2058 5693 2124 5733 ex
2163 5679 2300 5733 lsaia
2332 5688 2385 5733 et
2430 5678 2573 5733 Mose
2620 5680 2906 5749 depromit,
2954 5696 3007 5732 n.
3055 5679 3119 5733 14
3156 5688 3211 5734 et
3256 5677 3339 5732 15.
3385 5677 3503 5731 Uno

1938 5775 2103 5829 vcrbu
2136 5772 2337 5828 nullam
2373 5773 2619 5843 agnoscit
2654 5773 2942 5842 justitiam,
2982 5788 3099 5841 qua!
3128 5787 3233 5828 non
3265 5785 3330 5825 ex
3367 5769 3501 5827 citae
