3932 6258
454 309 517 364 5|
1374 320 1430 377 S.
1466 321 1801 381 JUSTINUS
1834 327 2309 386 PHlLOSOPHUS
2346 333 2432 386 ET
2471 334 2781 394 MARTYR.
3654 350 3742 407 52

458 429 620 483 ritate
650 431 1049 499 proﬁciscatur.
1084 454 1102 487 ι
1132 436 1390 494 Bit‘ariam
1425 444 1607 513 igitur,
1657 449 1832 516 inquit
1855 467 1908 503 ιι.
1935 451 2025 514 95,
2058 460 2103 516 Α
2135 453 2316 508 milem
2351 456 2509 510 ﬁdem
2550 458 2742 514 simus.
2777 460 3241 526 Quemadmodum
3272 468 3417 522 enim
3458 470 3557 526 ille
3586 472 3737 527 voci

456 521 748 577 distributa
784 528 929 579 omni
958 528 1194 597 justitia,
1224 531 1275 584 in
1308 532 1470 587 Deum
1503 547 1557 590 et
1592 538 1868 605 homines,
1900 546 2021 613 qui-
2128 545 2220 599 Dei
2267 547 2499 601 credidit
2528 561 2575 603 et
2625 563 2921 619 reputattmt
2957 566 3031 608 est
3067 558 3120 610 ei
3153 559 3221 610 ad
3250 559 3517 629 justitiam
3546 562 3608 627 ’ς
3643 565 3729 617 ita

456 627 695 682 cunque,
728 617 804 668 ait
840 616 1147 686 Scriptura,
1184 622 1365 692 diligit
1417 625 1701 683 Dominum
1744 633 1909 688 Deum
1955 651 2021 690 ex
2125 644 2180 689 et
2206 652 2304 689 nos
2336 648 2621 705 postquam
2651 616 2769 697 voci
2800 643 2894 698 Dei
2925 653 3035 698 tum
3061 663 3158 715 per
3187 616 3457 713 apostolos
3485 651 3730 708 Christi

454 713 567 757 toto
596 705 757 760 corde
786 715 839 761 et
868 725 936 764 ex
981 711 1110 764 totis
1153 713 1359 769 viribus
1386 725 1441 770 et
1473 721 1777 786 proximum
1826 735 1885 779 ut
1931 742 2020 782 se-
2123 728 2300 783 denuo
2343 730 2669 796 praedicata},
2719 742 2829 787 tum
2878 748 2975 802 per
2998 739 3293 807 prophetas
3340 744 3730 811 promulgata:

452 793 631 862 ipsum
662 796 702 860 ⁸,
748 798 794 853 is
842 814 968 855 vere
1009 801 1188 870 justus
1239 806 1422 862 fuerit.
1462 828 1482 862 ι
1541 810 1752 867 Nullam
1794 832 2019 887 prorsus
2122 821 2461 876 credidimus
2487 864 2500 887 ,
2536 824 2603 877 ad
2629 834 2855 879 mortem
2902 842 3075 896 usque
3104 830 3357 885 omnibus
3388 833 3556 887 rebus
3585 848 3730 901 quae

450 886 844 954 ignorationem
890 894 1128 949 admittit
1160 912 1228 952 ne
1261 898 1314 952 in
1348 902 1734 968 perditissimis
1769 886 2015 979 quidem,
2121 914 2177 969 in
2207 916 2407 969 mundo
2442 926 2572 971 sunt
2598 918 3050 975 renuntiavimus.
3086 939 3104 972 ι
3142 920 3294 991 Smpe
3318 923 3453 978 alias
3482 924 3724 978 descri-

449 993 554 1045 qua
578 984 787 1048 peccati
827 998 1023 1054 expers
1048 987 1120 1041 sit
1151 990 1414 1059 quidquid
1447 994 1506 1049 ﬁt
1535 1008 1726 1051 contra
1776 1002 1876 1057 hoc
1916 1004 2019 1057 du-
2118 1006 2200 1062 bit
2227 1010 2579 1065 deterrimam
2628 1011 2772 1065 illam
2801 1013 3083 1083 gentilium
3128 1015 3291 1068 vitam
3333 1030 3397 1070 ac
3437 1017 3723 1070 omnibus

447 1070 571 1136 plex
602 1087 955 1142 prmceptum.
988 1077 1078 1132 Sic
1108 1080 1252 1135 enim
1279 1082 1478 1140 ibidem
1505 1087 1747 1157 loquitur
1776 1108 1789 1146 :
1827 1112 1846 1146 ι
1880 1092 2014 1149 Nam
2118 1097 2268 1153 vitiis
2297 1099 2649 1168 cumulatam,
2677 1101 2889 1169 qualem
2914 1102 3209 1157 Chrisﬁani
3240 1102 3507 1157 duxerant
3534 1113 3723 1156 aute-

448 1177 568 1230 quaz
589 1179 806 1234 semper
840 1179 895 1223 et
928 1171 1127 1240 ubique
1148 1172 1293 1241 justa
1315 1189 1441 1232 sunt
1468 1193 1532 1235 ac
1557 1191 1720 1236 totam
1742 1182 2011 1251 justitiam
2116 1204 2278 1257 quam
2307 1205 2336 1243 a
2366 1190 2585 1246 Christo
2615 1203 2960 1247 vocarentur.
2987 1191 3126 1247 Hinc
3153 1210 3274 1249 cum
3305 1195 3409 1249 sibi
3434 1193 3718 1248 conscius

446 1253 500 1307 in
533 1257 682 1311 omni
715 1258 992 1316 hominum
1026 1279 1225 1335 genere
1253 1270 1472 1324 exhibet
1505 1270 1681 1339 Deus;
1720 1291 1820 1332 nec
1847 1278 2012 1332 ullum
2115 1290 2263 1335 esset
2304 1297 2409 1336 non
2441 1283 2707 1337 meruisse
2732 1298 2790 1338 se
2817 1292 2876 1337 ut
2917 1284 2985 1337 ad
3031 1284 3189 1338 (idem
3219 1284 3559 1355 perveniret,
3601 1299 3717 1353 pro

444 1359 529 1402 est
557 1365 751 1419 genus,
779 1356 922 1422 quod
953 1357 1164 1427 ignoret
1204 1361 1531 1417 adulterium
1575 1380 1697 1421 esse
1731 1370 1928 1423 malum
1960 1382 2013 1427 et
2114 1371 2317 1426 Jttdzt‘is
2352 1376 2561 1443 precari
2596 1391 2701 1430 non
2740 1377 3056 1442 dubitabat,
3086 1393 3221 1446 quos
3246 1393 3352 1432 non
3386 1378 3554 1431 modo
3588 1391 3714 1430 non

441 1438 862 1497 fornicationem
915 1455 969 1501 et
1018 1447 1371 1505 homicidium
1420 1464 1475 1508 et
1516 1471 1853 1527 quaecunque
1906 1464 2010 1517 alia

440 1530 662 1586 similia.
703 1533 835 1600 Qum
876 1540 1093 1607 quidem
1121 1544 1334 1600 etiamsi
1380 1561 1570 1603 omnes
1619 1549 1844 1620 faciant,
1901 1573 2007 1612 non

443 1632 625 1679 tamen
654 1640 1017 1697 assequuntur
1046 1642 1127 1698 ut,
1155 1650 1277 1689 cum
1305 1653 1367 1691 ea
1398 1638 1623 1707 faciunt,
1654 1644 1839 1714 inique
1878 1662 1907 1700 a
1952 1664 2011 1704 se

430 1715 559 1785 ﬁeri
590 1718 864 1787 ignorent,
901 1723 968 1777 iis
1002 1728 1268 1796 exceptis,
1302 1730 1615 1802 quicunque
1656 1736 1872 1805 impuro
1898 1741 2009 1807 spi-

438 1808 546 1861 ritu
577 1810 746 1877 pleni,
775 1813 862 1867 vel
893 1829 1061 1884 prava
1096 1817 1445 1877 institutione
1485 1834 1538 1879 et
1573 1827 1727 1881 malis
1765 1832 2004 1887 moribus

438 1914 504 1954 ac
558 1890 786 1959 nefariis
836 1905 1043 1976 legibus
1097 1914 1383 1981 corrupti,
1434 1918 1709 1974 naturales
1758 1923 2005 1979 notiones

435 1992 760 2059 amiserunt,
797 1997 883 2051 vel
914 1999 1092 2066 potius
1122 2001 1381 2058 inhibitas
1414 2014 1617 2061 tenent.
1650 2028 1669 2059 ι

515 2080 622 2137 Sed
652 2086 1006 2154 charitatem,
1040 2106 1161 2158 qua:
1190 2095 1303 2148 sola
1346 2096 1518 2166 legem
1564 2099 1853 2168 adimplet,
1898 2104 2004 2159 ﬁde

432 2178 741 2240 comparari
766 2182 944 2236 docet.
983 2200 1003 2233 ι
1052 2182 1152 2249 Qui
1183 2200 1247 2238 ex
1292 2191 1581 2256 gentibus,
1617 2194 1791 2262 inquit
1826 2212 1878 2249 ιι.
1911 2196 1999 2264 52,

431 2279 531 2332 per
553 2268 751 2323 Christi
784 2272 941 2326 ﬁdem
975 2275 1070 2329 Dei
1097 2278 1334 2335 cultores
1364 2292 1421 2335 et
1455 2284 1589 2353 justi
1618 2287 1745 2339 facti
1787 2303 1996 2356 sumus,

433 2369 625 2410 rursus
683 2374 806 2413 eum
851 2372 1143 2419 venturum
1175 2381 1577 2437 exspectamus.
1613 2393 1631 2424 ι
1662 2373 1811 2431 Hanc
1843 2378 2000 2433 [idem

432 2448 704 2505 cbaritate
741 2452 1041 2511 animatam
1082 2473 1271 2516 eorum
1312 2466 1586 2534 propriam
1618 2484 1740 2525 esse
1786 2473 1999 2539 statuit,

428 2553 486 2591 ιι.
523 2538 589 2592 15
618 2549 674 2593 et
708 2542 795 2602 14,
839 2564 860 2598 r
901 2550 997 2616 qui
1021 2566 1126 2606 non
1147 2550 1259 2621 jam
1290 2556 1569 2613 hircorum
1593 2570 1647 2615 et
1671 2563 1851 2617 ovium
1876 2581 2002 2619 san~

430 2631 596 2701 gnine
629 2637 943 2705 expiantur,
974 2653 1071 2698 aut
1098 2646 1283 2702 vitula:
1310 2649 1517 2715 cinere,
1544 2652 1805 2712 similaeve
1848 2659 2001 2713 obla-

430 2724 694 2792 tionibus,
724 2730 817 2783 sed
849 2730 952 2787 ﬁde
983 2749 1081 2803 per
1109 2740 1432 2808 sanguinem
1460 2743 1663 2799 Christi
1692 2757 1746 2801 et
1766 2761 1996 2803 mortem

427 2813 565 2884 ejus,
596 2817 686 2886 qui
718 2834 781 2873 ea
812 2821 925 2889 ipsa
957 2825 1026 2879 de
1057 2839 1224 2882 causa
1252 2842 1500 2886 mortuus
1524 2844 1627 2889 est.
1666 2856 1684 2887 ι
1714 2837 1914 2894 Probat
1944 2842 1999 2895 id

426 2922 649 2967 sanctus
685 2927 893 2988 martyr
933 2935 1000 2974 ex
1046 2924 1223 2992 capite
1251 2943 1345 2982 LIII
1379 2928 1567 2993 Isaiae,
1609 2931 1702 2985 ubi
1747 2932 1998 2990 Christus

424 3015 650 3074 peccata
695 3019 882 3064 nostra
922 3022 1143 3081 portare
1165 3057 1179 3081 ,
1210 3026 1263 3070 et
1301 3020 1619 3078 vulneratus
1650 3037 1872 3095 propter
1902 3031 1994 3084 de-

424 3091 553 3145 licta
584 3105 769 3151 nostra
796 3100 1014 3165 dicitur,
1064 3120 1272 3175 nosque
1311 3110 1431 3179 ejus
1472 3091 1885 3173 livoreisanari.
1913 3121 1991 3175 Ex
2018 3143 2063 3202 (ς

423 3200 531 3253 quo
559 3189 836 3245 concludit
884 3204 1087 3263 quanta
1135 3199 1208 3254 sit
1255 3201 1511 3272 baptismi
1557 3205 1990 3269 Christianorum

422 3279 707 3337 sanctitas.
744 3300 764 3333 ο
813 3282 1000 3355 Itaque
1042 3302 1139 3358 per
1184 3290 1459 3349 lavacrum
1505 3300 1874 3370 poenitentiae,
1906 3306 1991 3358 in-

420 3368 539 3437 quit
565 3409 580 3435 ,
609 3382 665 3426 et
704 3377 1032 3443 cognitionis
1061 3378 1332 3451 Dei,quod
1362 3401 1461 3454 pro
1490 3391 1735 3457 peccatis
1760 3368 1991 3463 populo-

422 3474 541 3515 rum
581 3462 676 3517 Dei
709 3465 1021 3523 institutum
1056 3482 1163 3539 est,
1194 3483 1253 3528 ut
1279 3474 1479 3531 clamat
1506 3478 1695 3545 Isaias,
1734 3462 1988 3541 nosicre-

418 3551 685 3617 didimus;
716 3566 770 3610 et
802 3565 1066 3615 testamur
1094 3562 1270 3630 ipsum
1291 3563 1424 3620 illud
1450 3567 1519 3622 ab
1547 3583 1613 3624 eo
1655 3577 1989 3640 praenuntia-

418 3650 536 3697 tum
591 3644 859 3713 baptisma
889 3687 905 3713 ,
950 3652 1097 3719 quod
1144 3654 1323 3710 solum
1381 3658 1709 3726 poenitentes
1767 3665 1992 3734 eXpiare

417 3743 621 3803 potest,
655 3736 792 3792 hanc
820 3754 943 3796 esse
973 3757 1166 3811 aquam
1200 3748 1344 3802 vitm.
1370 3770 1389 3803 ›

489 3825 556 3885 ll.
619 3827 830 3897 Duplici
864 3834 1084 3889 nomine
1115 3840 1525 3895 conversionem
1558 3845 1739 3901 cordis
1772 3846 1989 3906 Christo

417 3917 685 3985 attribuit,
719 3930 831 3975 tum
858 3926 985 3993 quia
1013 3931 1247 3997 gratuita
1286 3935 1461 4002 gratia
1494 3934 1826 3992 voluntatem
1855 3956 1989 4008 prae-

416 4016 668 4075 occupat,
700 4019 811 4064 tum
838 4014 964 4080 quia
1000 4024 1249 4083 potenter
1284 4019 1337 4072 in
1372 4022 1533 4076 nobis
1560 4034 1819 4091 Operatur
1850 4026 1990 4080 velle

417 4106 473 4151 et
516 4098 811 4179 perficere.
851 4102 1160 4161 Gratuitam
1212 4108 1416 4165 Christi
1467 4112 1696 4180 gratiam
1747 4115 1988 4183 pluribus

415 4184 552 4240 locis
582 4191 858 4271 praedicat.
891 4211 911 4244 ‹
946 4194 1085 4261 Quid
1115 4198 1312 4264 dicam,
1346 4200 1521 4269 inquit
1549 4203 1700 4269 Apol.
1728 4206 1779 4271 1,
1810 4221 1861 4274 p.
1897 4208 1984 4270 62,

419 4276 877 4339 innumerabilem
910 4301 1095 4340 eorum
1123 4289 1549 4357 multitudinem,
1581 4296 1672 4363 qui
1701 4311 1766 4349 ex
1798 4298 1988 4355 intent-

417 4370 669 4436 perantia
698 4376 947 4429 conversi
980 4386 1126 4443 sunt,
1162 4387 1329 4449 atque
1354 4382 1471 4437 haec
1500 4383 1843 4440 didicerunt?
1869 4388 1985 4442 Non

2115 1465 2333 1531 mereri,
2366 1477 2425 1519 ut
2463 1482 2492 1520 a
2536 1467 2757 1522 Christo
2790 1476 3134 1534 vocarentur,
3168 1468 3261 1522 sed
3287 1467 3454 1521 etiam
3491 1481 3718 1520 omnes

2113 1555 2316 1611 furoris
2363 1558 2445 1612 sui
2493 1568 2721 1613 conatus
2782 1560 2835 1613 in
2894 1559 3332 1615 Christianorum
3381 1560 3714 1628 perniciem

2111 1662 2438 1707 convertere
2478 1652 2738 1707 videbat:
2787 1672 2806 1706 ι
2845 1653 2955 1709 Nos
2990 1664 3203 1718 autem,
3237 1653 3415 1722 inquit
3447 1651 3707 1714 Iudaeis,

2110 1758 2166 1795 ιι.
2198 1741 2320 1806 108,
2357 1757 2457 1798 nec
2483 1758 2581 1799 vos
2604 1745 2839 1811 odimus,
2865 1760 2968 1800 nec
2997 1760 3094 1801 eos
3123 1748 3211 1814 qui
3241 1746 3403 1800 talem
3430 1746 3495 1800 de
3530 1742 3709 1799 nobis

2108 1835 2413 1903 Opinionem
2449 1850 2480 1888 a
2505 1837 2659 1891 vobis
2681 1848 3041 1907 acceperunt;
3063 1840 3154 1892 sed
3187 1853 3475 1905 precamur
3502 1847 3571 1890 ut
3607 1836 3713 1892 vel

2108 1942 2248 1979 nunc
2284 1927 2472 1981 saltem
2518 1929 2894 1997 paenitentiam
2943 1939 3202 2000 agentes,
3239 1931 3701 1984 misericordiam

2107 2020 2516 2087 consequamiui
2562 2036 2588 2074 a
2641 2023 2972 2088 perhumano
3015 2031 3069 2076 et
3118 2023 3315 2074 mirum
3358 2022 3411 2073 in
3458 2020 3707 2074 modum

2105 2112 2460 2165 misericorde
2503 2113 2881 2167 universorum
2919 2124 3142 2181 parente
3182 2114 3311 2166 Deo.
3347 2132 3365 2162 ι
3398 2112 3491 2165 Dei
3528 2112 3704 2179 judi~

2104 2203 2246 2256 ci‘um
2275 2203 2574 2257 admiratur
2608 2203 2849 2259 Justinus
2883 2206 2934 2258 in
2966 2207 3069 2259 hoc
3100 2203 3406 2257 Judaeorum
3436 2212 3491 2257 et
3515 2202 3699 2257 Chri-

2104 2292 2405 2344 stianorum
2456 2292 2793 2350 discrimine.
2826 2312 2843 2345 ι
2880 2292 2992 2348 Nec
3039 2292 3241 2346 frustra
3294 2308 3391 2346 nos
3448 2292 3500 2344 in
3554 2305 3701 2344 eum

2103 2384 2455 2450 credidimus,
2483 2385 2654 2454 inquit
2682 2401 2830 2439 num.
2858 2386 2983 2451 118,
3013 2401 3112 2441 nec
3139 2388 3206 2440 ab
3238 2386 3323 2452 iis,
3352 2385 3441 2454 qui
3477 2386 3553 2438 ita
3590 2386 3698 2439 do-

2102 2482 2353 2538 cuerunt,
2385 2474 2594 2542 decepti
2623 2490 2849 2541 sumus;
2886 2476 2981 2529 sed
3010 2484 3064 2531 et
3090 2475 3391 2530 admirabili
3427 2474 3521 2528 Dei
3550 2488 3693 2543 pro-

2101 2564 2338 2619 videntia
2368 2565 2420 2619 id
2446 2566 2708 2636 contigit,
2740 2576 2798 2619 ut
2842 2566 3031 2631 vobis,
3063 2567 3154 2636 Qui
3202 2566 3296 2621 Dei
3331 2575 3584 2618 amantes
3631 2571 3691 2619 et

2100 2656 2392 2723 prudentes
2420 2655 2943 2718 exi‘stimaminimec
2968 2658 3101 2714 estis
3124 2670 3325 2723 tamen,
3354 2656 3688 2724 prudentio-

2103 2763 2189 2802 res
2219 2763 2315 2802 nos
2339 2758 2390 2803 et
2419 2748 2786 2818 religiosiores
2817 2750 3185 2804 inveniremur
3211 2765 3306 2818 per
3334 2748 3687 2803 vocationem

2101 2843 2223 2896 novi
2255 2853 2309 2896 et
2331 2845 2519 2897 aeterni
2556 2846 2888 2909 testamenti,
2922 2846 2972 2899 id
3006 2855 3090 2899 est
3118 2844 3342 2900 Christi.

2169 2932 2318 2988 Hanc
2366 2935 2667 2989 doctrinam
2723 2946 3012 3004 acceperat
3059 2934 3303 2991 Justinus
3350 2938 3417 2989 ab
3464 2937 3686 3004 optimo

2098 3037 2251 3086 sene,
2286 3024 2439 3091 cujus
2470 3041 2533 3078 ex
2563 3025 2829 3080 sermone‘
2868 3027 3080 3079 initium
3114 3025 3303 3079 habuit
3341 3024 3548 3079 Christi
3579 3037 3683 3078 c»

2096 3114 2413 3181 gnosceudi.
2469 3114 2560 3169 Sic
2614 3116 2703 3169 ille
2755 3117 3034 3171 discedens
3094 3133 3125 3171 a
3171 3117 3388 3171 Justino
3444 3125 3681 3185 perorat

2098 3203 2335 3273 Dialog.,
2361 3221 2417 3259 ιι.
2448 3205 2477 3257 7
2502 3221 2517 3258 :
2558 3225 2578 3258 ‹
2615 3206 2735 3261 Tibi
2766 3224 2895 3263 vero
2923 3224 3148 3277 precare
3171 3219 3297 3264 ante
3324 3208 3506 3263 omnia
3532 3208 3680 3262 lucis

2095 3303 2280 3363 portas
2304 3297 2527 3364 recludi,
2547 3314 2721 3367 neque
2746 3301 2887 3353 enim
2915 3302 3029 3354 haec
3055 3302 3339 3371 quisquam
3366 3300 3681 3370 intelligere

2095 3396 2150 3439 et
2179 3388 2494 3457 perspicere
2524 3391 2715 3458 possit,
2745 3392 2845 3444 nisi
2871 3391 2956 3445 cui
2988 3393 3129 3445 Deus
3173 3391 3475 3459 intelligere
3502 3392 3676 3445 dede-

2093 3479 2164 3532 rit
2189 3486 2243 3531 et
2272 3478 2517 3534 Christus
2558 3480 2695 3549 ejus.
2733 3502 2752 3533 ι
2784 3482 2910 3535 Haec
2936 3493 3116 3536 autem
3155 3498 3259 3535 non
3303 3483 3370 3536 de
3403 3481 3673 3550 singulari

2093 3571 2328 3636 quadam
2362 3585 2424 3623 ac
2451 3570 2754 3625 sublimiori
2790 3574 3175 3641 mysteriorum
3211 3572 3544 3640 cognitione,
3570 3573 3669 3624 sed

2093 3661 2159 3714 de
2180 3659 2287 3713 ﬁde
2309 3662 2481 3730 accipi
2505 3663 2701 3717 debere
2723 3677 2788 3716 ex
2816 3678 2882 3717 eo
2908 3664 3256 3732 perspicitur,
3281 3665 3423 3731 quod
3449 3661 3672 3716 Justino

2093 3753 2329 3805 nondum
2362 3753 2429 3806 ad
2446 3753 2717 3808 Christum
2738 3768 3005 3808 converso
3038 3769 3143 3807 non
3173 3754 3511 3823 congruebat
3535 3753 3669 3807 sub-

2093 3842 2235 3897 limis
2263 3843 2351 3896 illa
2378 3854 2434 3898 et
2470 3855 2623 3899 extra
2680 3846 2927 3900 ordinem
2979 3846 3364 3915 mysteriorum
3397 3846 3664 3913 cognitio,

2092 3932 2186 3984 sed
2226 3930 2360 3987 ﬁdes
2385 3945 2441 3985 et
2486 3949 2739 3989 assensus
2770 3934 2893 3989 ﬁdei
2920 3935 3223 4001 elementis,
3252 3952 3373 4005 quae
3400 3949 3572 3990 senex
3611 3934 3663 3988 ei

2094 4022 2310 4074 tradere
2334 4032 2595 4090 coeperat.
2621 4023 2675 4076 Id
2700 4024 3053 4078 conﬁrmatur
3080 4040 3147 4077 cx
3173 4026 3293 4080 aliis
3320 4026 3472 4081 locis.
3504 4044 3522 4076 ε
3554 4022 3666 4079 Νυ-

2093 4113 2175 4167 bis
2215 4115 2397 4184 igitur,
2436 4116 2612 4183 inquit
2642 4116 2951 4188 Dialog.,n.
2999 4118 3123 4181 100,
3161 4117 3415 4172 Christus
3448 4119 3662 4174 revela-

2089 4207 2169 4260 vit
2202 4209 2381 4263 omnia
2405 4249 2418 4273 ,
2456 4223 2792 4276 quaecunque
2834 4224 2899 4263 ex
2951 4208 3250 4278 Scripturis
3297 4225 3394 4279 per
3424 4211 3660 4277 gratiam

2089 4297 2205 4365 ejus
2236 4299 2629 4363 intelleximus,
2664 4315 2787 4353 eum
2834 4309 3188 4368 agnoscentes
3235 4303 3661 4369 primogenitum

2092 4392 2188 4446 Dei
2220 4408 2340 4446 esse
2367 4402 2421 4446 et
2454 4402 2578 4446 ante
2610 4407 2696 4446 res
2726 4407 2915 4446 omnes
2957 4402 3198 4455 creatas,
3234 4404 3288 4445 et
3319 4394 3661 4460 patriarcha-

417 4460 562 4513 enim
589 4460 771 4529 justos
812 4475 906 4518 aut
945 4468 1169 4536 pudicos
1221 4472 1289 4525 ad
1330 4473 1718 4541 paenitentiam
1771 4482 1985 4534 vocavit
2016 4473 2061 4527 D
2092 4500 2212 4538 rum
2245 4484 2434 4546 lilium.
2472 4494 2528 4536 ut
2557 4484 2646 4551 qui
2692 4499 2756 4537 ex
2804 4484 3025 4550 Virgine
3062 4485 3127 4536 ab
3156 4484 3234 4537 eis
3259 4494 3374 4537 orta
3419 4500 3547 4537 caro
3573 4483 3655 4536 fa-

414 4552 691 4619 Christus,
733 4558 827 4611 sed
870 4559 1061 4630 impios
1093 4570 1147 4616 et
1187 4563 1487 4633 impudicos
1519 4574 1573 4620 et
1600 4567 1859 4636 injustos.
1894 4571 1985 4629 Sic

415 4645 561 4698 enim
589 4646 665 4699 ait
698 4661 714 4700 :
752 4647 877 4702 Non
910 4655 1022 4704 veni
1049 4670 1232 4708 vocare
1247 4655 1447 4724 justas,
1470 4658 1561 4711 sed
1585 4671 1880 4729 peccatores
1914 4663 1983 4716 ad

412 4740 1198 4805 paenitentiam'.iChristianos
1222 4748 1410 4803 eodem
1437 4752 1594 4806 modo
1624 4767 1686 4806 ac
1710 4752 1981 4809 Abraham

416 4838 641 4884 vocatos
670 4845 791 4887 esse
822 4839 1141 4901 pronuntiat
1178 4838 1476 4911 Dialog.,n.
1505 4843 1627 4909 119,
1674 4844 1762 4898 ubi
1796 4846 1874 4899 sic
1898 4846 1981 4899 lo-

415 4920 602 4986 quitur
638 4938 652 4976 :
691 4942 707 4972 ι
744 4923 885 4992 Quid
930 4925 1093 4993 igitur
1134 4930 1363 4997 amplius
1388 4932 1478 4986 hic
1502 4934 1738 4989 Ahraha:
1769 4938 1982 5005 gratiﬁ-

412 5024 571 5067 catur
601 5013 893 5072 Christus?
917 5018 1066 5087 Quod
1090 5020 1254 5075 simili
1280 5024 1568 5079 vocatione
1592 5041 1715 5080 eum
1744 5030 1981 5094 vocavit,

414 5121 538 5159 cum
572 5121 603 5161 e
632 5118 802 5178 terra,
836 5128 1000 5183 quam
1032 5114 1326 5179 incolebat.
1370 5122 1523 5177 exire
1564 5121 1747 5191 jussit,
1786 5140 1849 5179 ac
1886 5143 1982 5195 per

413 5202 559 5259 illam
591 5222 777 5263 vocem
812 5226 911 5265 nos
952 5226 1143 5270 omnes
1171 5216 1466 5279 vocavit,et
1493 5220 1763 5277 exivimus
1791 5236 1859 5275 ex
1889 5222 1981 5275 illo

414 5295 684 5362 instituto,
719 5299 772 5351 in
796 5315 902 5369 quo
933 5318 1098 5371 prave
1127 5308 1404 5361 communi
1440 5308 1673 5363 aliorum
1710 5319 1867 5365 terrae
1897 5312 1980 5365 in-

412 5388 652 5444 eolarum
686 5407 834 5447 more
859 5395 1173 5453 vivebamus
1195 5414 1211 5459 ;
1237 5409 1293 5453 et
1322 5414 1444 5454 cum
1473 5401 1748 5457 Abraham
1772 5417 1976 5459 sancta:

415 5492 576 5539 terra:
600 5485 843 5541 bzeredes
884 5489 1112 5557 erimus,
1165 5491 1538 5550 haereditatem
1594 5496 1647 5550 in
1705 5497 1972 5551 inﬁnitum

410 5589 581 5633 timum
623 5577 978 5648 accipientes,
1000 5583 1201 5652 quippe
1242 5598 1365 5640 cum
1396 5585 1490 5640 lilii
1517 5586 1747 5642 Abrahae
1778 5604 1874 5657 per
1899 5588 1971 5642 si-

486 5750 503 5779 ⁶
542 5748 734 5809 Matth.
782 5769 917 5822 xxu,
945 5755 1030 5809 57.
1129 5758 1147 5787 ⁷
1192 5758 1378 5814 Matth.
1418 5777 1491 5825 lx,
1529 5762 1608 5816 l3.

1705 5765 1722 5793 ⁸
1756 5764 1868 5816 Jac.
1905 5778 1958 5825 Il,
1993 5761 2082 5818 9.5.

2088 4582 2207 4628 ctus
2233 4615 2247 4639 ,
2284 4573 2532 4627 informis
2575 4576 2737 4627 homo
2763 4586 2818 4627 et
2846 4574 3106 4641 inglorius
3136 4584 3189 4628 et
3217 4576 3657 4643 perpessionibus

2092 4650 2362 4721 obnoxius
2408 4667 2523 4719 ﬁeri
2558 4668 2899 4723 sustinuerit.
2939 4687 2956 4719 ι
2991 4668 3055 4720 Et
3087 4684 3143 4723 ιι.
3193 4669 3292 4722 Hi)
3325 4685 3337 4720 :
3373 4686 3392 4717 ι
3445 4667 3657 4722 Putatis

2089 4757 2325 4811 futurqu
2360 4774 2595 4826 unquam
2620 4758 2809 4823 fuisse,
2836 4768 2893 4810 ut
2920 4759 3034 4812 haec
3058 4760 3109 4812 in
3136 4758 3432 4826 Scripturis
3455 4759 3653 4813 intelli-

2085 4864 2213 4917 gere
2260 4864 2568 4921 possemus,
2602 4851 2708 4906 nisi
2747 4853 3027 4906 voluntate
3066 4851 3210 4906 illius
3232 4892 3246 4917 ,
3280 4852 3371 4921 qui
3404 4853 3522 4907 htec
3556 4868 3653 4905 vo-

2085 4942 2225 5005 luit,
2282 4942 2514 5010 gratiam
2567 4944 2965 5011 accepissemus
3013 4944 3393 5013 intelligendi?
3445 4966 3464 4998 ι
3516 4947 3654 5000 llinc

2083 5032 2249 5085 etiam
2278 5048 2332 5086 ιι.
2363 5034 2456 5090 191
2487 5050 2501 5086 :
2537 5053 2555 5085 ι
2587 5034 2753 5091 Nobis
2776 5037 2962 5091 datum
2987 5047 3093 5101 est,
3127 5048 3185 5089 ut
3218 5054 3340 5091 eum
3370 5041 3653 5093 audiamus

2083 5133 2140 5177 et
2173 5123 2560 5195 intelligamus,
2592 5137 2647 5181 et
2675 5127 2946 5181 salvemur
2972 5142 3069 5196 per
3100 5129 3245 5182 hunc
3271 5128 3569 5197 Christum,
3598 5140 3652 5186 et

2084 5231 2171 5271 res
2215 5216 2396 5273 Patris
2439 5234 2629 5274 omnes
2674 5235 3087 5291 cognoscamus.
3133 5240 3155 5273 ι
3198 5221 3314 5275 Νοιι
3366 5224 3651 5278 dubitabat

2084 5308 2352 5379 Justinus,
2399 5312 2529 5381 quin
2579 5328 2713 5381 quos
2753 5315 2891 5368 Deus
2922 5315 3312 5383 praedestinavit
3356 5319 3649 5387 conformes

2084 5403 2199 5472 ﬁeri
2242 5404 2488 5473 imaginis
2516 5403 2645 5458 Filii
2686 5407 2768 5459 sui
2792 5406 2834 5469 θ,
2866 5406 2933 5460 iis
2978 5409 3281 5463 certissima
3321 5413 3387 5464 ad
3418 5413 3647 5465 salutent

2082 5496 2285 5549 auxilia
2317 5499 2723 5565 praeparaverit.
2756 5495 2812 5552 In
2846 5498 3068 5569 Dialogo
3101 5516 3260 5567 quem
3298 5501 3486 5555 habuit
3525 5519 3645 5556 cum

2077 5588 2298 5655 Judaeis,
2343 5589 2645 5645 molestiam
2671 5630 2687 5657 ,
2739 5605 2902 5660 quam
2946 5608 3012 5648 ex
3055 5594 3272 5649 illorum
3315 5596 3646 5666 percipiebat

2182 5763 2202 5793 ’
2236 5763 2389 5816 Rom.
2420 5780 2536 5829 \‘ttt,
2574 5764 2659 5819 ‘2‘).
