3932 6258
234 332 309 387 53
1337 329 1398 383 D.
1437 327 1699 383 MARAN
1734 326 2128 386 PRAEFATIO.
2162 360 2231 368 -—
2264 327 2443 384 PARS
2476 328 2537 381 ll.
3488 325 3555 379 54

242 448 576 515 pertinacia,
611 463 680 502 ea
715 464 823 518 spe
849 449 1179 514 molliebat,
1215 451 1405 505 borum
1442 450 1670 515 aliquem
1709 465 1773 502 ea:
1818 467 1877 503 eo
1908 450 1955 506 A
1982 449 2237 503 virtutem
2267 449 2475 505 habuit.
2509 465 2529 499 ι
2559 446 2711 514 Quod
2757 461 2889 516 ergo
2923 459 2953 498 a
2989 443 3319 501 daemonibus
3361 442 3555 498 libera-

250 541 459 608 reperiri
507 557 669 607 posse
718 543 983 607 semine,
1025 541 1175 609 quod
1226 543 1482 608 reliquum
1532 540 1602 592 ad
1654 539 1877 593 salutem
1979 557 2102 597 mur
2133 554 2188 598 et
2218 546 2497 599 daemones
2534 553 2875 611 superamus,
2916 552 3041 593 cum
3084 552 3150 591 ex
3177 537 3309 589 vitio
3339 536 3405 590 ad
3441 536 3553 589 vir-

253 642 498 683 crteme
529 630 748 695 factum
771 640 886 691 est,
913 648 978 685 ιι.
1006 631 1105 685 '52.
1139 632 1206 685 Et
1229 648 1285 683 ιι.
1312 632 1379 685 (54
1408 646 1421 683 :
1457 650 1474 681 ι
1508 630 1659 684 Nunc
1690 640 1872 684 autem
1981 644 2151 691 tutem
2187 634 2535 705 emergimus,
2577 630 2629 684 id
2658 628 2857 684 Christi
2904 628 3153 696 potentiae
3209 626 3552 681 tribuendum

258 722 375 793 quia
415 721 698 789 judicium
740 723 843 777 Dei
881 724 1154 789 formido,
1192 723 1267 777 de
1293 722 1439 777 nullo
1469 736 1532 775 ex
1569 732 1753 776 vestro
1778 738 1872 793 ge—

266 830 387 869 nere
410 814 747 884 prajudico,
777 826 979 870 utrum
1006 817 1052 870 is
1088 831 1198 870 non
1232 817 1304 869 sit
1332 829 1397 868 ex
1427 830 1613 869 eorum
1648 829 1873 883 genere,

277 910 357 974 qui
381 911 690 963 secundum
726 910 976 964 gratiam
1004 908 1231 965 Domini
1253 907 1489 962 Sabaoth
1521 906 1717 961 salvari
1750 920 1873 975 pos-

281 1013 412 1057 sunt.
436 1002 803 1071 Quapropter
819 1003 1081 1073 quamvis
1102 1019 1208 1058 non
1231 1002 1397 1070 probe
1418 1000 1627 1070 agatis;
1650 1014 1871 1069 pergam

282 1110 446 1150 tamen
500 1096 787 1163 quidquid
840 1110 871 1149 a
923 1095 1083 1150 vobis
1134 1096 1469 1164 pr0positum
1525 1102 1623 1147 aut
1677 1103 1868 1147 contra

281 1190 432 1243 merit
468 1190 712 1253 dictum,
758 1189 834 1243 ad
883 1189 939 1243 id
982 1190 1333 1257 respondere.
1367 1207 1385 1239 ι
1434 1186 1588 1254 Quod
1633 1189 1873 1256 gratuita

281 1281 660 1336 misericordia
702 1280 835 1335 aliis
870 1282 1221 1346 conceditur,
1257 1280 1307 1334 id
1340 1279 1487 1347 justo
1509 1278 1717 1350 judicio
1747 1278 1872 1332 aliis

282 1391 380 1427 non
409 1376 641 1427 concedi
678 1374 848 1429 docet
873 1391 931 1428 ιι.
956 1374 1027 1428 55
1059 1392 1073 1428 :
1106 1393 1123 1424 ι
1160 1372 1277 1427 Non
1303 1388 1474 1434 eram,
1512 1373 1762 1443 inquam,
1788 1371 1868 1426 al-

282 1469 506 1532 laturos,
540 1467 779 1539 Trypho
801 1509 817 1533 ,
852 1468 954 1521 has
981 1466 1509 1531 demonstrationes,
1548 1466 1743 1534 quibus
1776 1480 1869 1519 eos

281 1560 632 1612 condemnari
661 1559 805 1623 scio,
838 1559 929 1627 qui
957 1558 1073 1613 haec
1100 1566 1154 1613 et
1180 1558 1374 1612 similia
1401 1557 1609 1623 colunt,
1636 1558 1729 1611 sed
1753 1573 1867 1621 eas,

281 1666 411 1717 quas
439 1662 638 1704 contra
678 1665 847 1705 nemo
880 1650 1065 1705 dicere
1092 1650 1312 1719 poterit.
1359 1647 1525 1701 Nova:
1557 1658 1736 1701 autem
1772 1650 1869 1704 tibi

281 1744 627 1810 vidi-buntur,
659 1745 923 1814 quamvis
962 1745 1211 1814 quotidie
1240 1760 1269 1797 a
1305 1747 1458 1800 vobis
1502 1746 1778 1815 legantur,
1809 1751 1869 1797 ut

280 1835 360 1887 vel
386 1850 451 1888 ex
478 1836 586 1890 hoc
615 1847 973 1906 perspectum
1000 1837 1320 1901 habeamus,
1349 1837 1502 1892 vobis
1532 1838 1601 1891 ob
1630 1845 1863 1891 vestram

281 1929 585 1996 nequitiam
634 1944 668 1981 a
717 1930 833 1983 Deo
863 1937 1186 1998 potestatem
1230 1929 1544 1998 sapientia,
1574 1943 1695 1997 quae
1723 1928 1865 1983 illius

280 2022 462 2074 verbis
486 2021 660 2088 inest,
694 2019 1068 2090 intelligenda:
1095 2019 1463 2075 absconditam
1503 2020 1692 2087 fuisse,
1728 2036 1867 2075 non-

280 2113 435 2167 nullis
463 2113 743 2181 exceptis,
776 2114 978 2180 quibus
1005 2113 1308 2166 secundum
1354 2127 1579 2167 summa:
1620 2126 1730 2167 sua}
1765 2111 1867 2165 mi-

278 2205 590 2258 sericordia:
617 2205 854 2274 gratiam
875 2244 892 2269 ,
917 2214 976 2258 ut
1005 2204 1081 2257 ait
1102 2201 1293 2264 lsaias,
1325 2216 1506 2257 semen
1536 2205 1618 2257 ad-
1636 2202 1863 2256 salutem

278 2296 526 2363 reliquit,
582 2312 657 2350 ne
710 2306 771 2350 ut
823 2296 1231 2351 Sodomitarum
1262 2293 1863 2357 etGomorrhacorum,

279 2390 350 2442 ita
377 2398 429 2443 et
454 2404 637 2457 genus
666 2400 915 2444 vestrum
943 2390 1171 2459 periret.
1205 2407 1225 2441 ι

343 2482 427 2535 lll.
457 2482 635 2548 Quam
667 2494 864 2549 potens
900 2483 972 2535 sit
1003 2496 1270 2551 quamque
1297 2479 1484 2538 enica:
1515 2480 1716 2535 Christi
1740 2494 1865 2549 gra-

279 2576 368 2641 tia,
402 2592 526 2644 quae
563 2592 671 2628 nos
700 2591 766 2629 ex
802 2576 1062 2629 servitute
1093 2575 1147 2629 in
1180 2574 1479 2630 libertatem
1508 2573 1769 2637 vindicat,
1799 2587 1866 2626 ex

278 2668 551 2721 nonnullis
576 2667 916 2722 testimoniis
939 2666 1101 2721 modo
1131 2667 1310 2721 citatis
1338 2666 1638 2721 existimari
1667 2673 1864 2733 potest,

278 2760 415 2812 velut
441 2774 510 2811 ex
546 2759 615 2812 iis
648 2774 775 2825 quae
800 2756 1017 2812 Justino
1047 2773 1078 2811 a
1109 2758 1401 2813 venerabili
1448 2774 1578 2814 sene
1606 2760 1749 2815 dicta
1777 2776 1864 2815 re-

278 2850 391 2902 tuli.
440 2849 638 2905 Fidem
691 2851 839 2905 illam
887 2851 941 2905 in
989 2851 1158 2905 Deum
1208 2853 1567 2919 incarnatum,
1606 2869 1727 2922 qua:
1770 2869 1867 2909 nos

279 2948 485 3014 penitus
537 2956 820 3007 renovat,
873 2959 942 2999 ex
996 2942 1139 2999 illius
1185 2943 1538 3013 omnipotenti
1592 2943 1870 2999 voluntate

278 3039 487 3106 repetit,
508 3040 604 3108 qui
647 3037 844 3093 Filium
876 3037 1342 3090 suamincaruari
1372 3036 1562 3093 voluit.
1596 3053 1618 3089 ι
1664 3038 1871 3095 Putatis

1976 740 2091 795 est;
2133 743 2237 783 non
2291 728 2469 782 minus
2505 724 2781 794 profecto,
2806 736 2967 789 quam
3018 736 3140 774 cum
3187 720 3450 773 daemonia
3483 734 3552 772 ex

1976 820 2295 890 corporibus
2326 817 2617 887 pelluntur.
2661 814 2715 869 Id
2756 826 2988 883 quoque
3017 811 3258 864 declarat
3284 809 3550 864 Justinus.

1982 932 2001 965 ι
2037 912 2355 979 Adjutorem
2418 908 2560 963 enim
2605 906 2777 972 illum,
2827 905 2999 973 inquit
3048 903 3285 973 ejusdem
3316 901 3550 970 Dialog.,

1977 1022 2030 1059 ιι.
2067 1004 2157 1070 '50,
2202 1012 2256 1059 et
2286 1000 2698 1069 Redemptorem
2734 997 3086 1068 appellamus,
3124 993 3280 1063 cujus
3329 992 3412 1047 vel
3461 1007 3552 1046 no-

1975 1097 2137 1151 minis
2189 1096 2486 1166 potentiam
2533 1089 2797 1147 demonia
2846 1089 2963 1158 ipsa
3016 1087 3460 1156 perhorrescunt,
3486 1098 3551 1138 ac

1974 1191 2137 1246 hodie
2189 1204 2285 1259 per
2328 1202 2523 1242 nomen
2562 1185 2687 1240 .lesu
2735 1182 2934 1238 Christi
2984 1180 3083 1233 sub
3131 1179 3324 1234 Pontio
3372 1176 3549 1231 Pilato

1971 1280 2170 1338 Judzem
2200 1279 2426 1351 pneside
2451 1276 2697 1334 cruciﬁxi
2727 1275 2969 1343 adjurata
3002 1270 3382 1338 subjiciuntur.
3418 1285 3438 1318 ι

2044 1374 2313 1431 Concessa
2355 1372 2409 1426 in
2452 1373 2668 1425 deserto
2717 1365 2930 1422 curatio
2968 1363 3054 1417 his
3096 1360 3186 1429 qui
3234 1368 3548 1429 serpentum

1972 1466 2244 1522 morsibus
2278 1463 2490 1518 fuerant
2523 1457 2816 1521 vulnerati,
2854 1455 3033 1524 imago
3059 1464 3113 1507 et
3140 1453 3308 1522 figura
3339 1449 3550 1508 exstitit

1971 1559 2162 1613 salutis
2188 1599 2200 1617 ,
2254 1569 2417 1625 quam
2448 1568 2475 1605 a
2510 1550 2728 1607 Christo
2774 1546 3090 1617 accipimus.
3124 1562 3143 1595 ι
3175 1545 3353 1611 Atque
3401 1540 3545 1593 illam

1970 1652 2137 1707 etiam
2186 1653 2449 1718 tiguram,
2498 1644 2738 1714 illudque
2816 1640 3050 1709 signum,
3111 1637 3285 1704 inquit
3333 1632 3543 1701 Dialog.

1972 1760 2026 1799 ιι.
2058 1742 2148 1808 9|,
2181 1740 2323 1811 quod
2353 1738 2614 1792 adversus
2647 1733 2974 1802 serpentium
3004 1743 3216 1783 morsus
3244 1725 3428 1780 lsracli
3458 1724 3547 1777 iu-

1968 1835 2213 1891 stitutum
2244 1842 2346 1895 est,
2377 1830 2445 1884 ad
2466 1841 2653 1884 eorum
2678 1824 2908 1880 salutem
2930 1830 3174 1876 erectum
3206 1833 3329 1873 esse
3354 1817 3543 1886 liquet,

1965 1926 2056 1999 qui
2077 1924 2189 1995 jam
2221 1933 2331 1978 tum
2362 1919 2777 1991 prmnuntiatam
2812 1913 2981 1967 fuisse
3013 1909 3245 1966 credunt
3289 1916 3344 1962 et
3393 1922 3545 1999 mor-

1967 1995 2075 2073 tem
2104 2012 2341 2086 serpenti
2380 2025 2476 2080 per
2500 2023 2644 2073 eum,
2678 2006 2767 2076 qui
2792 1999 3192 2071 cruciﬁgendus
3226 2006 3365 2061 erat,
3398 1995 3544 2086 futu-

1965 2123 2106 2173 ram,
2130 2085 2448 2161 etisalutem
2479 2100 2545 2154 iis
2569 2098 2657 2167 qui
2709 2091 2982 2163 serpentis
3011 2088 3278 2145 morsibus
3321 2085 3432 2140 laesi
3476 2085 3543 2139 ad

1965 2216 2112 2265 eum,
2156 2214 2183 2253 a
2213 2211 2323 2267 quo
2354 2192 2648 2252 cruciﬁxus
2688 2188 2774 2244 ille
2809 2188 2977 2243 Filius
3022 2185 3073 2238 in
3112 2182 3369 2237 mundum
3416 2180 3545 2237 mis-

1967 2310 2060 2351 sus
2083 2303 2188 2357 est,
2223 2288 2564 2358 confugiunt.
2598 2304 2616 2337 ι

2036 2389 2228 2446 Crucis
2274 2384 2589 2455 potentiam,
2631 2394 2793 2450 quam
2851 2374 3133 2430 unicornis
3176 2371 3439 2427 cornibus
3490 2370 3541 2423 in

1970 2485 2249 2552 Scriptura
2298 2475 2571 2545 designari
2619 2482 2803 2544 putat,
2849 2471 2929 2525 sic
2976 2468 3175 2524 ibidem
3228 2464 3287 2519 S.
3339 2472 3546 2533 martyr

1968 2578 2265 2650 praedicat:
2311 2591 2330 2624 ι
2369 2569 2501 2625 lllud
2534 2576 2735 2631 autem,
2781 2563 2893 2618 His
2923 2560 3167 2616 cornibus
3202 2564 3544 2650 gentespetct

1968 2648 2092 2723 inde
2129 2680 2290 2735 usque
2322 2663 2386 2717 ab
2418 2670 2647 2716 extremo
2677 2667 2853 2719 terrm,
2890 2650 3113 2721 id‘quod
3151 2648 3311 2705 hodie
3345 2648 3397 2700 in
3430 2661 3545 2700 om-

1970 2763 2129 2816 nibus
2165 2756 2413 2829 gentibus
2449 2753 2653 2808 factum
2681 2749 2931 2805 videmus
2970 2745 3327 2800 demonstrat.
3361 2739 3543 2794 Cornu

1969 2855 2113 2909 enim
2147 2850 2325 2920 petiti,
2353 2849 2405 2903 id
2434 2853 2515 2903 est
2553 2840 2863 2911 compuncti
2902 2853 2968 2893 ex
3014 2835 3267 2892 omnibus
3291 2831 3544 2902 gentibus

1970 2948 2038 3002 ab
2061 2944 2308 3000 inanibus
2335 2936 2641 2995 simulacris
2671 2942 2724 2988 et
2763 2929 3096 2985 daemonibus
3126 2926 3194 2979 ad
3220 2925 3387 2978 Deum
3413 2939 3544 2977 con-

1970 3039 2111 3094 versi
2145 3045 2290 3092 sunt.
2330 3029 2664 3090 itCharitas,
2704 3039 2866 3095 quam
2917 3022 3165 3077 Christus
3194 3016 3442 3071 diii‘undit
3489 3015 3540 3068 in

280 3107 804 3196 ΐαιιιτιιιιιιιιιιιιιιιιιι
833 3126 1029 3191 fuisse,
1059 3135 1117 3182 ut
1146 3128 1261 3181 haec
1305 3127 1359 3179 in
1388 3126 1686 3196 Scripturis
1716 3127 1871 3181 intei-
1902 3143 1948 3201 ς,
1980 3132 2142 3191 corda
2173 3134 2378 3189 nostra,
2400 3136 2540 3191 saepe
2563 3137 2591 3173 a
2615 3117 2824 3173 Justino
2852 3112 3155 3183 depingitur
3184 3110 3282 3165 sub
3314 3107 3545 3201 imagine

278 3219 439 3287 ligere
466 3234 787 3288 possemus,
822 3219 880 3272 ni
912 3218 1190 3273 voluntate
1235 3218 1375 3273 illius
1403 3219 1492 3288 qui
1530 3218 1646 3272 haec
1677 3219 1863 3284 voluit,

279 3313 503 3383 gratiam
538 3313 955 3381 accepissemus
1003 3311 1339 3381 intelligendi
1370 3308 1444 3361 ‘°?
1471 3330 1489 3361 ι
1525 3311 1725 3366 Christi
1772 3328 1867 3382 po-

281 3406 499 3459 tentiam
554 3407 610 3460 in
666 3406 911 3476 gentium
956 3405 1312 3460 conversione
1364 3404 1593 3458 mirilice
1651 3403 1866 3459 elucere

280 3500 452 3551 docet.
492 3518 511 3549 ι
554 3498 705 3563 Haec,
776 3497 956 3564 inquit
1009 3495 1166 3563 Apol.
1214 3511 1278 3560 ll,
1319 3511 1373 3548 n.
1442 3494 1531 3557 10.
1620 3494 1867 3551 Christus

285 3600 466 3644 noster
489 3589 714 3658 propria
751 3605 849 3643 sua
882 3590 1084 3643 virtute
1126 3588 1373 3658 perfecit.
1406 3606 1425 3639 ι
1452 3586 1574 3642 Mox
1599 3586 1865 3643 Christia-

288 3696 472 3733 norum
520 3680 890 3735 constantiam
943 3680 1285 3744 describens,
1334 3679 1410 3733 ait
1444 3696 1459 3734 :
1489 3698 1508 3731 ι
1549 3677 1674 3734 Haec
1719 3679 1864 3733 enim

289 3772 452 3823 virtus
496 3770 677 3825 Patris
728 3769 1119 3825 inenarrabilis
1166 3770 1313 3833 fecit,
1350 3785 1459 3824 non
1496 3768 1715 3823 humani
1747 3782 1864 3822 ser-

292 3862 459 3914 monis
498 3862 883 3915 instrumenta.
926 3878 948 3914 ι
983 3859 1183 3915 Christi
1217 3867 1395 3915 autem
1427 3859 1726 3930 potentiam
1758 3874 1863 3913 non

294 3962 412 4004 tunc
459 3952 638 4005 solum
677 3951 945 4005 enituisse
986 3950 1282 4016 existimat,
1331 3966 1454 4005 cum
1497 3958 1551 4006 et
1603 3950 1864 4019 apostolis

296 4043 540 4094 invictam
571 4042 639 4094 ad
674 4039 1081 4110 praedicandum
1124 4039 1471 4110 Evangelium
1503 4042 1862 4095 constantiam

294 4132 506 4197 aﬂlavit,
562 4146 621 4188 et
671 4149 860 4187 eorum
909 4135 1000 4203 qui
1056 4134 1329 4203 apostolos
1364 4135 1657 4189 audiebant
1700 4136 1863 4189 corda

295 4229 515 4290 aperuit,
556 4226 653 4281 sed
693 4229 859 4282 etiam
891 4242 1015 4280 cum
1051 4241 1239 4295 magos
1266 4226 1333 4281 ad
1365 4240 1625 4295 przesepe,
1655 4228 1711 4282 in
1755 4243 1863 4296 quo

295 4318 465 4373 infans
488 4320 732 4388 jacebat,
765 4319 1011 4375 attraxit.
1047 4317 1140 4372 Sic
1186 4320 1331 4372 enim
1368 4318 1603 4385 loquitur
1654 4317 1859 4388 Dialog.

291 4425 343 4463 ιι.
375 4410 482 4464 78:
519 4428 543 4460 ι
580 4407 720 4463 Nam
758 4420 814 4463 et
843 4411 983 4476 quod
1018 4409 1151 4462 dicit
1182 4408 1385 4462 Isaias:
1437 4408 1664 4471 Accipiet
1700 4410 1862 4461 virtu-

1976 3218 2406 3287 circumcisionis
2451 3233 2466 3268 ;
2514 3221 2570 3267 et
2620 3207 3120 3266 circumcisionem,
3171 3215 3329 3269 quam
3381 3197 3545 3253 .losue

1969 3320 2155 3377 cu’tris
2200 3308 2423 3383 lapideis
2470 3304 2680 3376 peregit
2706 3303 2770 3364 “,
2798 3298 3023 3369 ﬁgurant
3070 3294 3345 3349 exstitisse
3392 3300 3544 3360 putat

1969 3416 2111 3469 iuius
2158 3400 2623 3464 circmucisionis,
2662 3408 2821 3462 quam
2873 3405 2903 3443 a
2955 3388 3179 3442 Christo
3222 3386 3541 3453 accipimus.

1975 3526 1993 3556 ι
2032 3499 2297 3557 Praeclare
2344 3506 2472 3560 ergo
2522 3490 2575 3541 in
2623 3483 2777 3538 nobis
2828 3481 3027 3551 agitur,
3095 3477 3267 3545 inquit
3332 3475 3542 3541 Diu/0g.

1968 3614 2023 3651 ιι.
2074 3591 2198 3655 lli,
2232 3586 2323 3657 qui
2364 3579 2552 3637 cultris
2599 3572 2836 3643 lapideis.
2867 3568 3173 3625 circumcisi
3222 3582 3409 3657 sumus
3455 3582 3543 3619 sc-

1967 3686 2141 3743 cunda
2172 3656 2611 3735 circumcisione.
2642 3668 2823 3722 Prima
2862 3664 3005 3719 enim
3048 3662 3137 3715 illa
3171 3671 3347 3716 vestra
3398 3656 3543 3710 icrro

1966 3784 2188 3849 peracta
2218 3781 2304 3828 est
2331 3776 2386 3822 et
2419 3764 2694 3837 peragitur
2721 3778 2735 3815 :
2766 3762 2901 3815 duro
2935 3758 3079 3812 enim
3127 3755 3293 3809 corde
3322 3766 3540 3820 perma—

1968 3843 2131 3924 netis.
2164 3864 2358 3918 Nostra
2396 3866 2574 3913 autem
2607 3851 2969 3913 circumcisio,
3006 3862 3127 3917 quae
3168 3843 3399 3900 secunda
3440 3859 3540 3894 nu-

1967 3973 2117 4013 mero
2152 3960 2273 4025 post
2298 3960 2533 4008 vestram
2566 3948 2811 4002 instituta
2837 3956 2937 4009 est,
2970 3958 3062 4013 per
3090 3942 3292 4010 lapides
3326 3947 3536 3999 acutos,

1968 4052 2018 4106 id
2045 4058 2127 4105 est
2155 4063 2251 4118 per
2273 4058 2565 4102 sermones
2584 4039 2946 4110 apostolorum
2971 4036 3167 4091 summi
3207 4035 3353 4087 illius
3382 4046 3544 4099 angu-

1966 4142 2096 4197 laris
2134 4139 2331 4209 lapidis
2362 4148 2415 4192 et
2447 4136 2567 4189 sine
2613 4133 2861 4187 manibus
2903 4128 3155 4191 abscissi,
3201 4124 3544 4183 circumcidit

1968 4249 2066 4289 nos
2095 4248 2125 4286 a
2160 4229 2572 4286 simulacrorum
2601 4226 2747 4281 cuitu
2786 4233 2840 4280 et
2879 4224 2946 4277 ab
2989 4221 3135 4277 omni
3165 4233 3384 4289 prorsus
3414 4230 3540 4285 pra-

1967 4324 2155 4377 vitate.
2180 4320 2418 4386 Quorum
2449 4316 2609 4372 corda
2639 4316 2715 4368 ita
2746 4321 2871 4368 sunt
2898 4313 3165 4382 pravitate
3193 4305 3539 4368 circumcisa,

1967 4424 2027 4469 ut
2078 4414 2185 4467 laeti
2237 4420 2466 4465 mortem
2511 4418 2841 4478 oppetamus
2887 4413 3105 4475 propter
3157 4416 3349 4455 nomen
3406 4413 3544 4467 prae»

292 4514 384 4553 tan
413 4502 667 4556 Damasci
693 4511 744 4555 et
778 4502 945 4568 spolia
977 4500 1239 4555 Samariw
1289 4500 1352 4565 “,
1379 4500 1723 4567 signiﬁcabat
1774 4515 1867 4553 ne-
1898 4498 1943 4553 D
1972 4506 2132 4560 clara:
2162 4503 2307 4557 illius
2336 4501 2526 4565 Petrze,
2564 4516 2685 4570 qua:
2718 4500 2857 4553 etin
2893 4510 3079 4550 eorum
3112 4493 3295 4554 corda,
3327 4490 3417 4558 qui
3448 4503 3542 4556 per

291 4592 413 4645 larii
446 4592 733 4657 daemonis,
763 4595 855 4660 qui
909 4593 1189 4647 habitabat
1222 4590 1493 4655 Damasci,
1540 4599 1860 4660 potestatem

289 4698 315 4732 a
348 4682 565 4735 Christo
618 4684 805 4736 statim
862 4692 1020 4752 atque
1073 4694 1230 4737 natus
1285 4692 1464 4747 esset,
1519 4682 1721 4737 victum
1774 4683 1860 4748 iri,

289 4778 421 4842 quod
445 4777 666 4843 quidem
698 4776 898 4829 factum
921 4791 1041 4831 esse
1071 4776 1489 4830 demonstratur.
1526 4773 1663 4842 Magi
1694 4776 1862 4840 enim,

286 4868 373 4934 qui
405 4876 463 4920 ut
492 4866 669 4935 spolia
695 4867 833 4933 rapti
862 4866 1074 4919 fuerant
1103 4865 1170 4918 ad
1208 4865 1374 4917 malas
1409 4880 1652 4932 quasque
1689 4865 1862 4918 actio-

290 4974 399 5017 nes,
429 4959 499 5011 ad
529 4974 666 5025 quas
698 4970 795 5010 eos
836 4955 924 5008 ille
958 4955 1167 5008 dzeinon
1209 4953 1541 5023 impellebat,
1577 4957 1665 5009 ubi
1702 4956 1863 5010 Chri-

289 5060 423 5103 stum
452 5054 739 5104 adoratum
782 5057 1070 5111 venerunt,
1112 5047 1378 5113 defecere,
1415 5058 1476 5103 ut
1511 5049 1859 5102 manifestum

286 5153 385 5206 est,
414 5143 484 5195 ab
518 5157 605 5205 ea,
628 5155 751 5210 qua:
786 5140 913 5194 illos
945 5147 1004 5191 ut
1049 5139 1220 5207 spolia
1259 5148 1536 5207 rapuerat,
1565 5148 1860 5207 potestate,

284 5251 440 5305 quam
472 5235 630 5291 nobis
662 5248 865 5290 arcane
904 5229 1187 5299 Scriptura
1220 5230 1469 5288 Damasci
1498 5231 1746 5285 habitare
1778 5233 1861 5284 in-

288 5332 444 5381 dicat.
489 5347 510 5380 »
546 5326 610 5382 Et
638 5345 695 5383 ιι.
720 5328 790 5384 88
822 5346 837 5382 :
873 5346 893 5379 ι
928 5327 1109 5393 Atque
1130 5326 1272 5393 ,illud
1313 5326 1476 5379 etiam
1516 5324 1671 5379 vobis
1708 5324 1861 5377 testi-

286 5421 456 5475 monia
486 5421 575 5485 sit,
604 5422 745 5490 quod
778 5420 945 5476 vobis
970 5416 1079 5471 dixi
1106 5418 1173 5472 ab
1193 5416 1409 5473 Arabia:
1436 5416 1608 5483 magis
1635 5413 1857 5478 factum,

288 5513 367 5577 qui
398 5529 519 5566 cum
544 5516 723 5570 statim
751 5530 821 5569 ac
846 5524 997 5584 puer
1021 5517 1182 5563 natus
1203 5516 1309 5572 est,
1338 5507 1628 5571 venissent,
1660 5507 1858 5560 adora-

293 5614 469 5658 \‘Cﬂlnl
499 5619 632 5662 eum.
674 5607 809 5664 Nam
869 5612 943 5659 ut
998 5600 1056 5655 in
1104 5599 1278 5655 lucem
1327 5599 1501 5653 editus
1553 5607 1656 5661 est,
1701 5614 1853 5652 suam

353 5746 393 5774 "
424 5744 633 5817 Dialag.,
660 5769 713 5809 ιι.
753 5749 899 5807 “9.
992 5743 1029 5774 "
1069 5741 1170 5798 lsa.
1228 5758 1343 5810 \‘lll,
1374 5741 1426 5798 4.

1511 5742 1550 5773 ⁸³
1584 5739 1743 5798 Josuc
1801 5758 1849 5808 ν,
1880 5744 1934 5797 ‘2.

1974 4597 2145 4665 ipsum
2174 4594 2403 4663 diligunt
2438 4591 2652 4645 Patrem
2700 4589 3096 4651 universorum,
3126 4598 3320 4652 aquam
3363 4580 3540 4633 vivam

1971 4686 2164 4741 emittit
2187 4695 2241 4739 et
2272 4699 2367 4739 eos
2398 4692 2564 4752 potat,
2594 4683 2683 4751 qui
2716 4696 2910 4749 aquam
2944 4680 3067 4733 vitae
3098 4678 3308 4733 sitiunt.
3336 4692 3354 4724 ι

2033 4775 2335 4832 Mirabilem
2374 4775 2518 4828 illam
2558 4774 2738 4829 cordis
2783 4769 3272 4833 circumcisionem,
3303 4780 3465 4835 quam
3510 4780 3540 4817 a

1971 4866 2195 4923 Christo
2224 4869 2540 4939 accipimus,
2576 4882 2771 4922 novam
2802 4863 3092 4934 quamdam
3133 4860 3539 4929 generationem

1970 4971 2024 5014 et
2053 4960 2386 5016 creationem
2433 4974 2553 5014 esse
2601 4958 2919 5028 pronuntiat
2955 4956 3013 5011 S.
3060 4963 3265 5022 martyr
3299 4951 3542 5015 Scriptu-

1966 5066 2150 5104 rarum
2203 5051 2527 5106 auctoritate
2577 5050 2767 5105 fretus.
2806 5068 2827 5100 ι
2859 5046 3000 5111 Nos,
3056 5044 3252 5112 inquit,
3309 5060 3363 5095 ιι.
3416 5042 3540 5105 155,

1964 5160 2031 5199 ex
2081 5144 2289 5201 Christi
2334 5152 2487 5199 utero
2530 5143 2688 5198 recisi
2732 5155 2917 5196 verum
2970 5154 3157 5193 sumus
3187 5136 3540 5190 lsraeliticum

1964 5250 2152 5305 genus.
2196 5253 2216 5287 ι
2254 5234 2320 5289 Et
2350 5252 2403 5289 ιι.
2446 5234 2590 5291 l38:
2632 5255 2649 5287 ι
2687 5235 2937 5291 Christus
2978 5247 3099 5288 cum
3151 5228 3542 5298 pritttogenilus

1965 5335 2112 5381 esset
2137 5329 2319 5383 omnis
2347 5337 2629 5395 creaturae,
2664 5343 2854 5382 rursus
2883 5325 3045 5380 etiam
3074 5322 3251 5376 factus
3280 5329 3363 5375 est
3391 5320 3541 5388 priu-

1965 5416 2164 5486 cipium
2229 5419 2452 5475 alterius
2510 5420 2728 5491 generis
2784 5420 2852 5474 ab
2909 5418 3024 5487 ipso
3082 5414 3385 5486 regenerati
3443 5428 3542 5479 per

1967 5524 2161 5578 aquam
2188 5520 2243 5566 et
2286 5512 2445 5569 ﬁdem
2488 5523 2541 5569 ct
2580 5513 2812 5584 lignum,
2864 5527 2971 5587 quo
3016 5508 3329 5582 mysterium
3361 5504 3541 5562 crucis

1964 5603 2291 5660 continetur.
2319 5625 2338 5659 ι
