3932 6258
430 347 500 402 55
1308 342 1367 397 s.
1403 340 1742 397 JUSTINUS
1772 340 2253 397 rurnosoruus
2285 341 2372 395 ET
2410 340 2726 397 manu.
2812 314 2813 317 γ
3602 339 3711 395 56

496 441 614 496 Non
664 441 844 498 minus
877 439 1056 497 elucet
1102 435 1306 496 Christi
1350 441 1588 510 potentia
1636 440 1691 492 in
1742 454 1995 508 perseve-
2020 448 2070 502 Α
2097 440 2415 493 charitatem
2447 439 2790 503 declarastis,
2823 439 2916 492 sed
2961 453 3191 508 semper,
3228 446 3286 490 ut
3317 437 3693 491 manifestum

428 536 618 589 rantire
653 536 817 590 dono.
878 554 897 587 ε
943 534 1148 590 Stolam
1190 533 1330 601 ejus,
1393 533 1567 602 inquit
1608 550 1659 586 ιι.
1729 532 1818 598 54,
1874 531 1995 601 Spi-
2097 542 2198 594 est,
2232 542 2286 587 et
2315 531 2724 586 simulacrorum
2772 531 3006 585 cultores
3040 540 3095 586 et
3132 531 3399 600 justorum
3442 529 3709 583 interfe—

428 629 566 683 ritus
593 639 813 684 sanctus
842 644 935 686 eos
966 631 1204 694 vocavit,
1231 628 1322 698 qui
1352 643 1446 696 per
1470 644 1591 684 eum
1617 630 1992 684 remissionem
2094 632 2273 677 ctores
2318 638 2415 676 vos
2460 621 2783 691 prtehuistis.
2821 640 2842 672 ι
2883 621 3021 676 llinc
3068 631 3175 675 tam
3214 635 3356 690 saepe
3404 621 3699 674 observat.

428 731 774 788 peccatorum
822 731 1165 792 acceperunt,
1209 722 1262 775 in
1294 722 1488 790 quibus
1528 724 1728 775 virtute
1772 723 1990 792 quidem
2095 711 2581 777 circumcisiouem,
2605 711 2861 775 Sabbata,
2886 710 3055 765 ferias
3085 721 3139 766 et
3168 711 3431 766 sacrificia
3456 709 3695 764 Judzeis

427 826 640 881 semper
667 812 842 876 adest,
880 811 1166 867 manifeste
1215 822 1394 865 autem
1440 814 1614 866 aderit
1652 813 1709 866 in
1748 814 1992 868 secundo
2093 805 2161 859 0b
2193 813 2431 873 peccata,
2466 804 2628 859 veluti
2665 803 2875 873 jugum.
2909 805 3160 874 imposila
3188 804 3374 867 “lisse.
3404 813 3568 871 atque
3608 814 3695 853 ιιι

424 902 680 962 adveutu.
720 921 741 954 ι
771 902 1016 958 Victores
1060 904 1193 959 facit
1229 905 1431 961 Christi
1477 906 1650 973 gratia
1697 919 1766 959 ex
1813 912 1989 958 tenta-

427 995 683 1059 tionibus,
714 994 910 1063 quibus
950 1010 1048 1050 nos
1077 996 1324 1053 diabolus
1365 997 1676 1067 impugnare
1705 1012 1809 1051 non
1842 995 1986 1050 desi-

422 1088 524 1142 nit.
564 1106 585 1140 σ
622 1088 728 1143 Sed
782 1097 843 1143 ut
898 1088 1053 1147 vobis
1100 1092 1361 1146 rationem
1419 1094 1665 1157 reddam,
1715 1093 1891 1163 inquit
1927 1109 1983 1146 ιι.

421 1177 547 1244 116,
617 1180 683 1234 de
730 1180 1059 1236 revelatione
1106 1181 1231 1238 Jesu
1279 1182 1482 1238 Christi
1546 1184 1742 1247 sancti,
1800 1191 1986 1253 repeto

419 1280 749 1331 sermonem,
785 1283 851 1323 ac
900 1268 1022 1325 dico
1068 1269 1208 1326 hanc
1245 1286 1459 1342 quoque
1508 1272 1889 1327 revelationem
1929 1273 1983 1326 in

418 1373 522 1414 nos
557 1359 754 1415 factam
789 1374 933 1428 esse,
965 1363 1057 1430 qui
1099 1364 1152 1416 in
1190 1362 1463 1419 Christum
1496 1379 1763 1419 summum
1801 1378 1984 1421 sacer-

417 1452 622 1518 dotem,
675 1452 820 1507 bunc
862 1453 1217 1521 cruciﬁxum,
1265 1455 1561 1519 credimus;
1615 1457 1705 1524 qui
1757 1471 1876 1510 cum
1927 1456 1981 1510 in

416 1543 619 1611 stupris
642 1559 704 1598 ac
731 1546 877 1600 omni
902 1560 1122 1614 prorsus
1148 1546 1368 1603 sordida
1393 1547 1604 1601 actione
1621 1560 1977 1612 versaremur,

416 1652 512 1706 per
540 1638 766 1705 gratiam
803 1654 833 1692 a
868 1649 1056 1695 nostro
1092 1638 1254 1705 Jesu,
1303 1640 1601 1694 secundum
1649 1638 1978 1693 voluntatem

415 1727 586 1795 ipsius
615 1728 811 1793 Patris,
842 1744 1177 1793 concessam,
1204 1727 1419 1782 sordida
1454 1726 1633 1780 omnia
1665 1728 1859 1795 quibus
1886 1726 1971 1780 in-

2091 911 2276 950 eorum
2325 896 2712 965 reprimeretur
2762 897 3177 966 improbitasm.
3219 897 3307 959 18,
3342 895 3428 961 l9,
3459 895 3551 956 23,
3594 893 3671 947 91

2090 1000 2145 1044 et
2180 1005 2330 1059 seqq.
2375 990 2801 1043 Christianorum
2853 998 3031 1043 autem
3078 989 3343 1057 baptismo
3392 987 3679 1056 Spiritum

2090 1092 2334 1138 sanctum
2357 1081 2593 1135 conferri
2609 1099 2623 1147 ;
2642 1097 2836 1135 novum
2863 1090 3261 1140 testamentum,
3279 1095 3385 1132 non
3408 1088 3463 1131 ut
3479 1080 3685 1147 prius,.

2088 1177 2181 1231 sed
2221 1176 2339 1229 sine
2379 1184 2520 1229 metu
2552 1186 2601 1229 et
2642 1186 2875 1229 tremore
2921 1185 2974 1229 et
3012 1173 3310 1243 fulguribus
3347 1172 3667 1225 institutum

2088 1266 2337 1328 fuisse,n.
2371 1267 2461 1332 67,
2489 1282 2552 1319 ac
2578 1270 2682 1319 duo
2717 1266 3059 1335 intelligenda
3103 1282 3214 1319 esse
3256 1263 3414 1317 Juda:
3448 1264 3663 1316 semina

2084 1359 2253 1412 etduo
2277 1374 2484 1428 genera,
2512 1359 2948 1429 quemadmodum
2973 1360 3105 1411 duas
3133 1359 3319 1411 domus
3345 1356 3533 1421 Jacob,
3568 1355 3665 1408 al—

2084 1460 2248 1505 terum
2277 1468 2341 1505 ea:
2368 1453 2621 1520 sanguine
2668 1460 2717 1503 et
2763 1466 2940 1517 carne,
2978 1451 3199 1504 alterunt
3240 1466 3304 1503 ea:
3351 1450 3560 1517 spiritu,
3590 1465 3653 1502 ιι.

2088 1543 2206 1598 155.
2234 1542 2388 1596 Tanti
2420 1543 2673 1599 momenti
2700 1557 2820 1597 esse
2838 1543 2986 1596 ducit
3007 1541 3176 1611 legem
3200 1558 3230 1595 a
3253 1542 3425 1611 gratia
3454 1541 3654 1595 distin-

2081 1648 2264 1703 guere,
2303 1643 2359 1687 ut
2399 1635 2453 1687 in
2486 1634 2586 1688 hac
2625 1633 2972 1687 distinctione
3014 1634 3373 1703 cognitimtem
3401 1632 3651 1686 omnium

2087 1727 2465 1797 mysteriorum
2493 1741 2753 1794 reponere
2792 1742 2894 1779 non
2923 1725 3154 1790 dubitet,
3188 1742 3243 1781 ιι.
3275 1725 3344 1779 44
3370 1742 3385 1790 ;
3425 1724 3650 1794 religio-

414 1818 528 1872 duti
556 1833 792 1882 eramus,
833 1818 971 1872 mala
997 1816 1245 1871 exuimus
1270 1832 1286 1870 :
1313 1814 1509 1883 quibus
1539 1813 1782 1868 diabolus
1814 1813 1979 1867 instat
2007 1821 2053 1881 Β
2080 1820 2161 1873 nis
2190 1818 2508 1873 Christianae
2529 1821 2803 1888 proprium
2834 1835 2955 1876 esse
2980 1820 3139 1874 docet
3168 1819 3309 1873 hanc
3340 1818 3651 1874 distinctio-

414 1923 628 1977 semper
649 1910 965 1975 adversans,
991 1922 1054 1963 ac
1092 1922 1281 1962 omnes
1315 1907 1382 1960 ad
1412 1920 1472 1960 se
1502 1905 1721 1958 trahere
1748 1902 1934 1958 volens
1959 1920 1973 1969 ;

412 2001 507 2056 sed
533 2000 751 2070 angelus
795 2001 911 2066 Dei,
942 2001 994 2054 id
1028 2008 1113 2056 est
1138 2000 1312 2054 virtus
1342 1997 1437 2053 Dei
1479 1996 1634 2052 nobis
1677 2011 1772 2064 per
1792 1995 1976 2050 Jesum

410 2090 684 2146 Christum
718 2094 981 2156 immissa,
1018 2095 1263 2162 increpat
1288 2108 1410 2146 eum
1442 2101 1497 2146 et
1529 2107 1559 2145 a
1600 2091 1757 2145 nobis
1804 2091 1977 2145 disce-

410 2183 509 2236 dit.
541 2188 619 2237 Ac
647 2192 901 2251 tanquam
931 2199 994 2238 ex
1024 2184 1145 2252 igne
1174 2181 1403 2237 extracti
1448 2196 1654 2245 sumus,
1683 2195 1804 2233 cum
1830 2179 1975 2246 prio-

409 2276 561 2330 ribus
591 2279 831 2344 peccatis
866 2276 1035 2339 exuti,
1070 2285 1181 2329 tum
1224 2289 1289 2329 ex
1333 2272 1679 2329 tribulatione
1726 2271 1973 2337 eruendi,

407 2376 463 2421 et
492 2382 557 2420 ex
590 2367 840 2422 incendio
868 2366 1024 2421 nobis
1048 2382 1078 2420 a
1104 2366 1318 2422 diabolo
1347 2364 1571 2435 ejusque
1593 2364 1842 2419 omnibus
1869 2363 1972 2416 mi-

406 2460 594 2513 nistris
641 2458 917 2525 immisso;
965 2473 1031 2512 ex
1078 2458 1274 2528 quibus
1320 2473 1417 2512 nos
1462 2457 1625 2511 etiam
1679 2471 1868 2510 rursus
1915 2470 1973 2509 se

405 2559 778 2605 extracturum
804 2548 962 2605 Jesus
986 2550 1076 2605 Dei
1102 2550 1293 2614 Filius,
1317 2565 1379 2602 ac
1397 2548 1711 2617 praeparatis
1733 2547 1972 2601 vestibus

403 2658 505 2697 nos
553 2643 887 2705 induturum,
940 2642 985 2696 si
1041 2644 1295 2696 mandata
1344 2642 1460 2710 ejus
1512 2638 1880 2703 observemus,
1916 2646 1970 2693 et

405 2749 628 2802 regnum
663 2743 927 2789 aeternum
954 2736 1294 2802 provisurum
1319 2732 1588 2801 promisit.
1627 2751 1645 2783 ι

474 2826 550 2880 Ex
585 2840 720 2879 nova
751 2826 853 2879 hac
890 2827 1258 2894 generatione,
1298 2839 1461 2893 quam
1496 2839 1529 2877 a
1562 2823 1779 2878 Christo
1808 2838 1968 2877 acce-

402 2919 601 2988 pimus,
630 2918 744 2972 sive
774 2933 841 2972 ex
870 2919 960 2973 illa
1001 2918 1271 2973 charitate
1298 2932 1457 2985 quam
1500 2918 1552 2971 in
1590 2918 1757 2971 corda
1783 2925 1970 2971 nostra

403 3010 672 3075 diffundit,
703 3010 961 3080 praeclara
988 3010 1231 3066 Justinus
1260 3020 1575 3081 argumenta
1606 3010 1756 3064 ducit
1780 3024 1844 3063 ac
1870 3009 1966 3062 de-

401 3106 701 3160 fensiouem
739 3103 1019 3173 religionis
1067 3104 1407 3159 Christianae.
1446 3122 1465 3153 ι
1504 3103 1558 3157 Si
1596 3118 1726 3171 ergo
1770 3116 1965 3155 novum

2081 1923 2201 1960 nem
2232 1908 2682 1970 demonstrarem.
2709 1910 2796 1964 67.

2152 1999 2237 2053 IV.
2286 1998 2471 2053 Fidem
2515 2000 2660 2054 illam
2697 2001 2963 2056 charitate
3006 2004 3324 2068 animatam,
3354 2019 3475 2070 qu:e
3510 2019 3650 2073 gra—

2079 2092 2225 2146 tuitae
2253 2103 2308 2146 et
2339 2094 2575 2161 potentis
2604 2096 2793 2164 gratiae
2824 2097 3025 2150 donum
3051 2105 3168 2162 est,
3200 2111 3413 2164 semper
3444 2098 3510 2149 ad
3546 2114 3648 2150 sa-

2078 2185 2238 2239 lutem
2274 2186 2443 2240 fuisse
2473 2190 2868 2250 necessariam,
2905 2189 2956 2241 id
2986 2198 3067 2241 est
3103 2190 3202 2243 sub
3236 2188 3353 2257 lege
3370 2185 3570 2256 Moysis
3590 2199 3650 2243 et

2076 2287 2202 2332 ante
2234 2277 2406 2344 ipsam
2450 2280 2649 2347 legem,
2700 2281 2944 2347 pluribus
2984 2280 3116 2335 locis
3155 2281 3455 2335 luculenter
3484 2282 3649 2334 docet

2074 2367 2333 2423 Justinus.
2369 2387 2387 2419 ‹
2423 2369 2555 2423 Nam
2603 2381 2656 2425 et
2694 2372 2808 2439 ipse
2863 2374 3171 2436 Abraham,
3215 2373 3390 2442 inquit
3443 2390 3496 2424 η.
3530 2372 3642 2439 25,

2073 2475 2195 2513 cum
2221 2462 2271 2514 in
2303 2464 2564 2531 praeputio
2585 2473 2749 2528 esset,
2779 2478 2871 2533 per
2901 2464 3083 2531 fidem,
3116 2479 3221 2531 qua
3251 2464 3481 2518 credidit
3504 2465 3643 2528 Deo,

2067 2551 2397 2617 justificatus
2423 2567 2477 2606 et
2507 2556 2825 2609 benedictus
2856 2564 2939 2610 est
2971 2556 3034 2609 “.
3071 2574 3092 2606 ι
3130 2555 3251 2609 Vid.
3284 2572 3339 2608 ιι.
3371 2555 3471 2610 9'2.
3510 2553 3646 2607 Nul-

2075 2646 2153 2698 los
2186 2662 2408 2714 prorsus
2433 2649 2637 2704 electos
2667 2651 2912 2720 agnoscit
2946 2652 3038 2720 qui
3082 2668 3187 2705 non
3236 2652 3375 2704 hanc
3404 2650 3648 2703 Abrahae

2072 2735 2234 2789 fidem
2265 2739 2463 2791 imitati
2496 2739 2719 2794 fuerint.
2766 2741 2857 2795 Sic
2885 2743 3028 2795 enim
3079 2741 3275 2796 refellit
3312 2742 3530 2796 stultam
3577 2742 3647 2795 il-

2073 2826 2177 2879 lam
2208 2830 2516 2895 opiuionetn
2538 2871 2552 2893 ,
2586 2847 2695 2899 qua
2736 2831 2902 2884 inﬂati
2934 2830 3102 2885 Judaei
3137 2832 3319 2887 salvos
3350 2848 3408 2886 se
3434 2834 3503 2886 ob
3537 2833 3641 2885 de-

2071 2920 2286 2975 ductam
2334 2924 2402 2977 ab
2446 2922 2759 2978 Abrahamo
2793 2925 3059 2993 originem
3098 2924 3308 2979 futuros
3346 2926 3637 2995 putabant.

2074 3028 2094 3060 ι
2130 3009 2333 3074 Nemo,
2386 3015 2563 3084 inquit
2608 3032 2662 3069 ιι.
2697 3016 2798 3080 44,
2841 3033 2909 3071 ne
2949 3030 3014 3069 ex
3045 3017 3133 3069 illo
3167 3018 3382 3085 quidem
3427 3019 3640 3073 semine

2067 3104 2360 3173 quidquam
2402 3107 2648 3173 accipere
2688 3116 2898 3174 potest,
2938 3118 3135 3175 praeter
3163 3124 3279 3171 eos,
3325 3110 3415 3177 qui
3454 3110 3647 3164 animo

402 3205 810 3261 testamentum,
851 3196 1028 3265 inquit
1066 3195 1274 3264 Dialog.
1330 3212 1383 3248 ιι.
1423 3196 1509 3257 ll,
1560 3195 1701 3248 Deus
1746 3192 1964 3245 inslitu-
1991 3198 2034 3253 C
2069 3192 2350 3248 assimilati
2379 3194 2581 3250 fuerint
2624 3197 2746 3251 lidei
2788 3200 3042 3265 Abrahae,
3073 3211 3128 3255 et
3161 3202 3422 3270 mysteria
3452 3205 3644 3259 omnia

402 3299 512 3342 tum
546 3290 613 3343 irl
645 3288 979 3357 praedicavit,
1014 3290 1255 3357 illudque
1301 3289 1352 3341 in
1386 3286 1558 3341 lucem
1592 3285 1853 3355 gentium,
1884 3283 1964 3334 vi-

399 3387 587 3437 demus
627 3392 806 3436 antem
852 3396 917 3435 ac
965 3394 1284 3449 persuasum
1334 3379 1593 3432 habemus
1630 3391 1726 3445 per
1770 3390 1964 3429 nomen

399 3474 569 3543 ipsius
595 3474 724 3529 Jesu
754 3473 958 3527 Christi
985 3470 1255 3537 crucifixi,
1288 3485 1317 3522 a
1356 3467 1662 3524 simulacris
1685 3474 1739 3520 et
1764 3466 1832 3520 ab
1862 3466 1965 3519 alia

398 3568 639 3637 nequitia
670 3568 916 3622 homines
959 3565 1025 3620 ad
1064 3564 1235 3618 Deum
1282 3563 1562 3626 accedere,
1604 3575 1667 3613 ac
1696 3575 1762 3613 ne
1792 3568 1966 3611 morte

398 3660 611 3727 quidem
654 3657 927 3728 proposita
977 3672 1006 3709 a
1057 3655 1399 3709 confessione
1450 3664 1505 3707 et
1549 3653 1749 3720 pietate
1789 3651 1965 3704 disce—

397 3752 554 3811 dere;
587 3765 709 3804 cum
741 3763 804 3801 ex
835 3749 1111 3817 operibus,
1145 3755 1255 3799 tum
1284 3761 1349 3799 ex
1379 3746 1833 3814 consequentibus
1864 3744 1966 3798 mi-

399 3843 597 3898 raculis
637 3841 767 3895 licet
792 3840 1097 3911 intelligere
1144 3840 1287 3892 hunc
1325 3852 1445 3892 esse
1489 3853 1681 3891 novam
1713 3838 1879 3908 legem
1908 3844 1963 3891 et

396 3949 592 3987 novum
632 3942 1032 3996 testamentum,
1073 3941 1126 3986 et
1167 3931 1620 3999 exspectationem
1653 3946 1841 3984 eorum
1871 3929 1964 3996 qui

395 4042 462 4081 ex
484 4026 733 4081 omnibus
755 4024 1002 4094 gentibus
1030 4040 1059 4076 a
1087 4023 1198 4077 Deo
1238 4025 1375 4077 bona
1402 4031 1738 4089 exspectant.
1765 4041 1784 4073 ι
1811 4021 1965 4089 Smpe

396 4120 532 4172 alias
565 4117 839 4172 Christum
885 4131 1007 4170 esse
1057 4132 1252 4169 novam
1297 4116 1442 4168 illam
1487 4115 1659 4183 legem
1696 4115 1748 4168 in
1781 4125 1962 4167 vetere

394 4210 718 4280 promissam
748 4208 1047 4273 contendit,
1076 4210 1201 4277 quia
1230 4208 1438 4262 scilicet
1458 4207 1702 4262 Christus
1732 4206 1843 4275 ipse
1871 4222 1963 4273 per

396 4300 658 4368 Spiritum
694 4315 848 4354 suum
887 4300 940 4353 in
984 4300 1137 4353 nobis
1174 4298 1382 4353 habitat
1412 4299 1476 4365 ³⁸,
1506 4307 1667 4367 atque
1705 4299 1844 4353 hanc
1886 4299 1962 4352 le-

394 4410 513 4462 gem
540 4394 594 4447 in
626 4392 877 4446 cordibus
902 4393 1103 4447 nostris
1131 4392 1339 4447 scribit.
1366 4392 1541 4460 Atque
1571 4391 1622 4444 in
1656 4392 1755 4444 hoc
1789 4391 1961 4444 maxi-

394 4504 541 4540 mum
575 4485 868 4540 Christiani
901 4494 955 4539 et
984 4484 1154 4540 Judaei
1196 4485 1486 4539 discrimen
1529 4484 1826 4538 constituit.
1858 4483 1959 4536 Fa-

2066 3288 2436 3356 cognoveriut,
2476 3288 2529 3342 id
2578 3300 2661 3343 est
2712 3290 2813 3343 alia
2843 3293 3090 3358 quaedam
3130 3302 3389 3361 praecepta
3433 3293 3500 3347 ad
3540 3295 3642 3349 Dei

2065 3377 2590 3448 cultumetjuStitite
2618 3382 3081 3447 observationem,
3130 3385 3231 3436 alia
3283 3396 3464 3439 autem
3499 3401 3642 3451 prae-

2065 3479 2219 3539 cepta
2246 3480 2301 3525 et
2326 3487 2489 3539 opera
2522 3474 2605 3526 vel
2630 3476 2695 3527 ad
2730 3475 2929 3528 Christi
2963 3478 3295 3545 mysterium,
3328 3478 3409 3529 vel
3440 3481 3509 3531 ob
3541 3480 3641 3529 du-

2067 3561 2246 3613 ritiam
2273 3563 2453 3617 cordis
2480 3564 2656 3631 populi
2683 3566 2845 3617 vestri
2873 3565 3125 3619 similiter
3148 3580 3267 3619 esse
3306 3566 3637 3633 descripta.-

2066 3653 2217 3708 llanc
2244 3655 2645 3709 distinctionem
2681 3666 3073 3725 praeceptorqu
3122 3658 3349 3726 requirit
3389 3660 3454 3710 ad
3486 3660 3637 3710 salu-

2067 3753 2194 3807 tem,
2223 3746 2349 3814 quia
2382 3746 2428 3798 si
2458 3747 2579 3814 quis
2601 3748 2869 3816 justitiam
2905 3750 2958 3802 in
2989 3749 3102 3802 sola
3135 3750 3554 3804 circumcisione
3581 3761 3638 3803 et

2065 3837 2304 3892 Sabbato
2348 3847 2401 3892 et
2445 3838 2593 3893 feriis
2636 3841 2868 3907 positam
2898 3842 3192 3906 existimet,
3225 3852 3279 3896 et
3313 3858 3521 3897 summa
3554 3843 3629 3895 le-

2062 3932 2144 3998 gis
2169 3943 2384 3987 aaternae
2415 3934 2687 3988 oblivione
2720 3936 3046 4001 versabitur,
3071 3954 3171 3991 uec
3198 3938 3426 4005 proinde
3450 3937 3636 3990 salvus

2062 4037 2183 4077 esse
2214 4024 2429 4091 poterit.
2459 4023 2726 4079 Justinum
2757 4037 2933 4080 autent
2958 4028 3024 4081 de
3056 4027 3159 4082 illis
3189 4031 3348 4083 etiam
3378 4030 3635 4096 tempori-

2063 4113 2163 4167 bus
2198 4112 2368 4182 loqui,
2404 4129 2526 4180 qua:
2555 4124 2682 4167 ante
2721 4116 3151 4169 lncarnatiouem
3200 4117 3409 4171 Domini
3459 4117 3633 4171 fluxe-

2065 4214 2227 4271 runt,
2274 4205 2621 4259 manifestqu
2674 4216 2759 4260 est
2800 4223 2865 4260 ex
2912 4208 2996 4262 his
3033 4223 3155 4276 quae
3191 4210 3373 4262 statim
3434 4210 3630 4262 addit:

2069 4312 2087 4344 ι
2125 4295 2301 4363 Atque
2348 4295 2423 4349 ita
2469 4311 2589 4350 sese
2627 4312 2740 4351 rem
2776 4299 2975 4352 habere
3010 4299 3150 4352 Deus
3181 4299 3323 4367 apud
3372 4299 3632 4353 Ezechie-

2064 4390 2164 4439 lem
2206 4388 2517 4454 pronuntiat
2561 4390 2612 4441 in
2661 4390 2777 4444 haec
2808 4393 2970 4444 verba
3005 4409 3018 4444 :
3059 4391 3113 4445 Si
3159 4391 3296 4455 Noe,
3340 4402 3397 4445 et
3440 4390 3539 4445 Job
3578 4402 3634 4445 et

2065 4479 2252 4533 Daniel
2285 4482 2700 4549 depoposcerint
2726 4485 2805 4536 vel
2841 4483 2977 4537 filios
3010 4484 3092 4536 vel
3134 4484 3292 4545 tilias,
3335 4500 3438 4537 non
3473 4486 3628 4537 dabi-

398 4590 541 4635 tetur
570 4594 689 4648 qua!
724 4588 913 4631 natura
951 4578 1208 4646 prteclara
1244 4588 1291 4631 et
1329 4578 1417 4645 pia
1448 4586 1495 4629 et
1530 4576 1679 4644 justa
1725 4584 1869 4638 sunt,
1901 4593 1961 4629 ea
1994 4557 2038 4608 D
2071 4581 2157 4623 lut‘
2180 4572 2259 4625 eis
2285 4573 2348 4626 “’.
2391 4591 2408 4622 ι
2442 4572 2556 4639 Ipse
2586 4573 2827 4628 Justinus
2859 4576 3018 4642 paulo
3051 4586 3168 4643 post
3196 4576 3436 4629 declarat
3476 4592 3534 4630 se
3564 4578 3632 4628 de
3666 4584 3671 4587 ‘

392 4676 447 4726 in
493 4673 602 4743 lege
642 4670 805 4725 Hosis
831 4670 911 4723 his
952 4671 1041 4736 qui
1094 4670 1195 4739 legi
1242 4678 1444 4737 parent,
1490 4685 1545 4721 ιι.
1585 4667 1677 4733 45,
1717 4669 1961 4735 facienda

392 4762 680 4831 praescribi.
711 4761 909 4830 Legem
948 4768 1127 4813 autem
1178 4757 1361 4822 illam,
1402 4772 1521 4826 qua:
1565 4767 1685 4826 post
1733 4770 1957 4812 mortem

392 4853 554 4907 Mosis
600 4852 830 4921 prodiit,
892 4860 1076 4919 utpote
1131 4851 1182 4903 iu
1231 4849 1436 4919 psalmo
1486 4865 1580 4902 χιιι
1637 4858 1953 4907 memorata.

391 4944 824 4999 Christianorum
854 4941 1123 5011 propriam
1161 4955 1280 4995 esse
1311 4949 1365 4996 et
1400 4941 1452 4992 in
1482 4955 1672 4995 eorum
1702 4940 1957 4995 cordibus

391 5034 647 5101 scriptam
699 5032 779 5086 sic
813 5030 1027 5099 probat,
1068 5046 1125 5083 ιι.
1165 5029 1274 5083 50:
1310 5048 1328 5081 ι
1361 5028 1487 5084 llzec
1530 5036 1708 5083 autem
1753 5028 1952 5095 judicia

390 5124 603 5178 Domini
634 5122 810 5186 nobis,
843 5120 1038 5190 quibus
1075 5120 1389 5188 sapientiam
1433 5120 1801 5190 praestiterunt
1836 5119 1954 5173 dul-

390 5213 541 5266 ciora
569 5226 732 5280 super
768 5210 873 5265 mel
903 5219 959 5264 et
990 5209 1169 5264 favum
1194 5211 1386 5273 videri,
1416 5224 1482 5263 ex
1511 5226 1577 5265 eo
1608 5210 1950 5278 perspicitur,

390 5303 534 5373 quod
561 5317 629 5356 ne
656 5311 830 5356 morte
854 5302 1069 5371 quidem
1094 5303 1364 5369 proposita
1392 5301 1746 5368 adducamur,
1774 5310 1832 5354 ut
1856 5316 1953 5355 no-

388 5409 512 5449 men
538 5393 655 5462 ejus
681 5395 1028 5464 abnegemus.
1057 5413 1075 5446 ι
1095 5392 1309 5449 Judteos
1335 5402 1511 5449 autem
1540 5393 1621 5448 sic
1646 5393 1950 5461 compellat,

388 5501 447 5541 ιι.
479 5484 551 5541 95
582 5503 595 5539 :
635 5503 657 5538 ι
690 5486 797 5542 Vos
828 5497 1006 5541 autem
1039 5501 1213 5557 neque
1242 5487 1295 5541 in
1323 5488 1514 5551 Deum,
1544 5500 1716 5555 neque
1746 5486 1797 5540 in
1831 5500 1955 5553 pro-

388 5580 604 5648 phetas,
635 5594 809 5649 neque
840 5580 893 5634 in
921 5581 1276 5649 vosmetipsos
1319 5594 1557 5633 amorem
1584 5594 1818 5648 unquam
1856 5587 1949 5631 aut

466 5725 682 5780 "llum.
713 5714 841 5795 Vttl,‘
864 5727 950 5785 ll.
1006 5728 1070 5789 3‘
1095 5726 1208 5783 Jac.
1236 5744 1296 5795 ιι,
1320 5729 1410 5783 23.
1446 5727 1486 5759 ¹⁸
1518 5727 1719 5781 Ezech.
1755 5742 1865 5793 xiv,
1891 5727 1981 5780 '20.

2070 4663 2157 4723 iis,
2189 4663 2280 4731 qui
2314 4663 2415 4717 sub
2457 4665 2575 4733 lege
2622 4665 2875 4730 fuerunt,
2931 4668 3041 4721 haec
3083 4669 3303 4722 dixisse.
3356 4668 3628 4734 Quaerenti

2066 4755 2207 4807 enim
2237 4756 2510 4824 Tryphoni
2546 4773 2670 4810 nqu
2700 4758 2757 4823 ii,
2792 4759 2882 4826 qui
2922 4757 3091 4825 legem
3119 4758 3282 4813 Musis
3319 4770 3626 4828 servarunt,

2064 4846 2197 4900 salvi
2244 4847 2354 4901 sint
2400 4849 2563 4901 futuri
2605 4864 2726 4902 cum
2760 4849 2942 4915 justis,
2975 4853 3064 4918 qui
3112 4858 3236 4905 ante
3283 4848 3483 4904 Mosem
3549 4848 3632 4901 vi-

2058 4942 2367 5007 xerunt,sic
2407 4942 2694 5009 respondet
2731 4939 2975 4995 Justinus
3006 4960 3019 4996 :
3063 4959 3082 4992 r
3118 4943 3249 4996 Cum
3291 4958 3354 4997 ea
3391 4943 3627 5011 protuli,

2064 5032 2305 5100 Trypho,
2336 5048 2456 5101 qua:
2479 5034 2544 5086 ab
2576 5033 2860 5088 Ezechiele
2891 5036 3033 5089 dicta
3061 5044 3206 5103 sunt,
3232 5035 3458 5090 Etiamsi
3488 5036 3625 5101 Nae,

2057 5120 2247 5173 Daniel
2279 5130 2328 5174 et
2356 5120 2457 5175 Job
2489 5122 2627 5189 ﬁlios
2657 5132 2705 5176 et
2726 5125 2870 5191 ﬁlias
2910 5141 3038 5179 suas
3076 5128 3435 5195 deprecentur,
3470 5130 3630 5182 mini-

2060 5225 2147 5264 me
2173 5210 2255 5265 eis
2284 5227 2599 5266 concessum
2627 5214 2711 5278 iri,
2748 5217 2841 5268 sed
2878 5232 2977 5285 pro
3018 5232 3076 5271 se
3105 5232 3374 5288 quemque
3418 5238 3512 5275 sua
3544 5224 3629 5291 ip-

2057 5303 2170 5357 sius
2188 5304 2438 5358 videlicet
2472 5304 2678 5373 justitia
2721 5308 2925 5361 salvum
2970 5309 3129 5378 fore;
3159 5327 3253 5366 eos
3283 5328 3497 5382 quoque
3531 5317 3624 5384 qui

2056 5396 2351 5449 secundum
2400 5396 2570 5466 legem
2606 5400 2808 5474 Moysis
2829 5401 3102 5468 vixerunt,
3149 5405 3328 5460 salvos
3372 5406 3627 5461 similiter

2057 5488 2269 5543 futuros
2300 5490 2437 5545 dixi.
2478 5510 2497 5544 ι

2122 5581 2203 5634 Ad
2223 5594 2315 5647 ea,
2347 5597 2465 5651 quae
2494 5582 2597 5639 hoc
2624 5583 2742 5641 loco
2772 5585 3011 5656 disputat
3052 5586 3316 5657 Justinus,
3360 5591 3501 5645 infra
3541 5606 3622 5646 re-
