3932 6258
195 342 250 396 57
1274 351 1333 408 D.
1367 353 1629 408 MARANI
1664 354 1818 409 PRIE

1926 356 2058 412 ΤΙΟ.
2093 388 2161 397 ——
2188 358 2377 413 PARS.
2404 358 2471 416 ΙΙ.
3442 360 3516 416 53

197 472 347 518 vocat
367 462 771 533 Tryphonem,
806 470 938 538 qui,
974 487 1041 524 η.
1084 471 1180 537 64,
1210 476 1357 542 quasi
1404 491 1508 529 non
1552 477 1825 531 meminis-
1860 485 1907 540 Α
1934 495 2056 531 nem
2090 490 2145 533 et
2178 481 2381 536 Christi
2427 481 2544 549 ejus
2588 490 2643 535 et
2690 481 3020 549 sempiterna
3060 480 3206 548 justa
3236 481 3509 545 observet,

206 568 282 610 set
307 566 397 609 aut
426 571 631 625 parum
658 572 905 616 curaret
934 579 1076 632 qua:
1108 567 1359 620 hactenus
1388 569 1664 635 disputata
1709 568 1826 623 fue-
1930 573 2295 627 circumcisus
2335 583 2419 627 est
2447 572 2707 640 prmclara
2742 582 2795 627 et
2820 572 2938 625 utili
2970 572 3382 627 circumcisione
3403 611 3419 636 ,
3449 582 3506 626 et

211 661 346 713 rant,
394 664 492 718 per
545 666 609 705 se
665 653 852 709 licere
909 657 1116 711 aiebat
1158 658 1508 725 Christianis,
1555 671 1614 714 ut
1643 660 1825 715 Jesum
1930 664 2141 718 amicus
2170 664 2300 728 Deo,
2334 662 2560 733 ejusque
2592 664 2746 719 donis
2774 673 2829 719 et
2859 663 3224 719 oblationibus
3249 666 3389 719 Dens
3421 666 3515 719 de-

218 739 479 793 Christum
509 741 711 796 colant
737 762 755 809 ;
788 757 853 798 at
886 745 1106 802 Judteis
1131 749 1292 804 Deum
1325 750 1497 818 ipsum
1525 751 1829 807 colentibus

228 831 347 884 nihil
374 847 513 899 opus
548 848 684 888 esse
732 846 796 889 ut
846 836 1140 893 Christum
1184 843 1539 896 conﬁteantur
1592 853 1687 897 aut
1734 844 1829 897 ad-

238 932 391 977 orent.
415 923 558 976 Tum
586 924 859 981 Justinus
886 929 1090 984 leuiter
1112 934 1369 1000 castigata
1401 934 1501 987 hac
1524 935 1831 1005 Ttyphonis

240 1014 521 1081 pertinacia
554 1017 639 1068 ait
670 1035 684 1069 :
730 1037 750 1068 ι
790 1018 852 1072 Si
906 1020 1079 1088 igitur
1123 1024 1361 1076 animum
1395 1025 1459 1075 ad
1490 1040 1575 1090 ea,
1605 1041 1725 1093 qua:
1762 1041 1831 1079 ex

238 1108 519 1174 Scripturis
565 1110 742 1163 attuli
769 1149 789 1176 ,
839 1113 1242 1179 advertissﬂis,
1286 1130 1380 1170 eos
1407 1116 1569 1169 etiam
1594 1157 1608 1181 ,
1641 1117 1734 1184 qui
1762 1131 1830 1169 ex

239 1208 402 1252 vestro
425 1215 632 1267 genere
661 1202 982 1269 salvantur,
1015 1220 1111 1273 per
1147 1207 1286 1259 hunc
1314 1207 1536 1268 salvari,
1569 1216 1731 1274 atque
1774 1208 1828 1260 in

238 1290 343 1354 ejus
376 1302 532 1358 parte
557 1307 692 1347 esse
730 1295 1146 1351 intellexissetis
1180 1298 1422 1367 profecto
1445 1340 1460 1363 ,
1495 1314 1596 1352 nec
1626 1314 1713 1351 me
1745 1299 1829 1351 vi-

240 1383 423 1436 delicet
456 1398 521 1437 ea
548 1385 620 1439 de
654 1400 720 1439 re
765 1389 961 1443 essetis
990 1391 1313 1458 percontati.
1350 1409 1369 1441 ι
1422 1392 1493 1443 Ea
1523 1405 1652 1460 ergo
1679 1405 1831 1444 revo-

241 1485 323 1526 cat
354 1476 405 1527 in
428 1478 793 1543 memoriam,
817 1494 958 1548 quae,
992 1496 1048 1537 n.
1074 1481 1167 1545 44,
1194 1482 1260 1537 de
1296 1482 1461 1551 justis
1490 1492 1616 1536 ante
1646 1481 1831 1536 lucar-

243 1567 505 1621 nationem
540 1572 789 1625 mortuis
816 1572 1050 1629 dixerat.

306 1678 536 1732 Causam
584 1698 750 1734 suam
797 1683 1043 1752 profecto
1093 1687 1415 1754 prodidisset
1458 1687 1725 1749 Justinus,
1775 1695 1831 1740 et

244 1785 384 1821 arma
414 1771 760 1826 adversariis
792 1775 1187 1840 ntinistrasset,
1220 1779 1262 1830 si
1295 1793 1451 1844 quem
1479 1780 1599 1833 sine
1632 1779 1736 1831 lide
1776 1780 1826 1829 ιιι

241 1858 507 1913 Christum
551 1873 823 1915 mternam
854 1866 1085 1920 salutem
1120 1879 1430 1921 assecutum
1461 1884 1583 1922 esse
1602 1883 1827 1922 conces-

240 1948 426 2013 sisset;
456 1952 553 2003 sed
586 1966 755 2004 unam
795 1968 1012 2022 semper
1056 1972 1122 2010 ac
1168 1958 1412 2011 eamdem
1452 1959 1645 2012 salutis
1678 1958 1821 2011 viam

240 2043 510 2095 exstitisse
565 2045 877 2099 contendit.
916 2065 937 2095 ι
981 2049 1060 2100 Ac
1114 2063 1214 2101 nos
1256 2049 1492 2117 quidem,
1538 2049 1734 2118 inquit,
1768 2065 1822 2101 ιι.

240 2134 321 2194 45,
361 2138 452 2202 qui
502 2152 605 2204 per
651 2137 932 2191 Christum
974 2142 1040 2192 ad
1092 2140 1259 2194 Deum
1285 2141 1653 2203 accessimus,
1717 2157 1822 2193 non

240 2224 386 2277 istam
422 2228 613 2280 carnis
648 2229 1129 2284 circumcisionem
1161 2233 1491 2300 accepimus,
1534 2233 1629 2285 sed
1666 2233 1824 2299 spiri-

238 2318 467 2380 tualem,
524 2333 699 2387 quam
768 2319 987 2374 Henoch
1048 2322 1275 2390 ejusque
1324 2323 1529 2376 similes
1587 2324 1825 2376 custodi-

240 2419 406 2460 erunt.
436 2428 456 2460 ι
488 2409 559 2461 Et
590 2427 652 2462 ιι.
680 2411 824 2463 “3:
861 2431 880 2463 ι
915 2411 1185 2480 Lapideos
1212 2414 1375 2482 igitur
1406 2415 1617 2467 cultros
1656 2414 1823 2467 verba

237 2500 340 2565 eius
372 2499 631 2567 (Christi)
668 2501 1066 2570 intelligemus,
1101 2519 1200 2571 per
1226 2520 1343 2571 qua:
1385 2513 1463 2556 tot
1502 2520 1530 2557 a
1560 2506 1825 2574 praeputio

237 2588 495 2654 homines,
521 2591 621 2659 qui
660 2591 714 2643 in
753 2607 948 2647 errore
975 2594 1353 2659 versabantur,
1382 2595 1562 2647 cordis
1594 2594 1827 2647 circuiu—

235 2681 430 2735 cisione
464 2682 795 2737 circumcisi
821 2696 969 2748 sunt,
998 2701 1104 2754 qua
1121 2686 1337 2755 quidem
1368 2696 1425 2739 ut
1457 2686 1492 2738 ii
1524 2687 1686 2740 etiam
1710 2689 1821 2739 cir-

235 2772 716 2837 Cumciderentur,
763 2775 854 2841 qui
906 2775 1373 2829 circumcisionem
1418 2776 1486 2829 ab
1513 2777 1822 2831 Abrahatso

236 2862 435 2914 initium
472 2865 780 2919 ducentem
810 2867 1104 2930 habebant,
1127 2866 1371 2933 jamtum
1417 2867 1558 2921 Deus
1605 2881 1702 2936 per
1730 2867 1819 2922 Je-

236 2968 343 3008 utm
393 2957 701 3019 hortatur;
756 2960 957 3028 quippe
1000 2976 1125 3015 cum
1176 2976 1289 3023 eos,
1326 2962 1419 3029 qui
1469 2962 1520 3013 in
1576 2970 1821 3016 sanctam

237 3045 367 3099 llam
417 3060 635 3102 terram
680 3050 1153 3115 ingrediebantur,
1205 3068 1234 3104 a
1270 3052 1401 3108 Jesu
1446 3055 1820 3112 circumcisio-

234 3154 347 3191 nem
373 3140 572 3194 cultris
608 3141 844 3209 lapideis
872 3143 1017 3196 dicat
1048 3145 1341 3207 accepisse.

298 3233 443 3286 Adeo
486 3239 792 3287 constabat
836 3234 1054 3289 Justino
1096 3236 1252 3290 tidem
1301 3239 1553 3292 omnibus
1604 3252 1818 3305 semper

236 3325 594 3377 necessariam
633 3326 701 3376 ad
732 3326 962 3381 salutem
990 3326 1180 3389 fuisse,
1209 3340 1265 3382 ut
1307 3338 1549 3384 statuere
1580 3346 1687 3382 non
1720 3330 1818 3383 du-

236 3413 359 3467 bitet
399 3415 572 3469 Deum
624 3418 918 3472 calumniis
958 3422 1260 3487 expositum
1303 3423 1441 3484 fore,
1472 3423 1517 3476 si
1563 3423 1669 3485 lex,
1696 3437 1817 3490 qua:

238 3504 392 3557 certis
430 3504 572 3559 locis
608 3514 667 3559 et
702 3508 1040 3575 temporibus
1080 3511 1296 3563 deﬁnita
1324 3508 1448 3576 fuit,
1484 3511 1819 3577 justiticasse

239 3596 459 3647 dicatur.
499 3615 519 3645 σ
549 3597 711 3661 Quod
744 3598 787 3651 si
832 3599 965 3663 lucc,
1013 3599 1188 3668 inquit
1232 3618 1283 3652 ιι.
1322 3600 1427 3663 25,
1464 3603 1620 3654 fateri
1675 3601 1815 3654 noli-

242 3700 372 3748 mus,
400 3688 624 3739 eveniet
672 3688 833 3741 nobis
864 3698 921 3741 ut
952 3690 1004 3741 itt
1039 3691 1301 3743 absurdas
1330 3692 1689 3759 cogitationes
1734 3691 1819 3744 itt-

245 3778 503 3841 cidamus,
554 3782 717 3848 quasi
763 3797 867 3834 non
908 3782 1049 3834 idem
1087 3781 1230 3834 Deus
1272 3782 1439 3835 fuerit
1483 3783 1817 3851 temporibus

247 3868 452 3924 Henoch
485 3883 544 3925 et
580 3872 839 3936 aliorum,
862 3873 957 3941 qui
994 3888 1092 3926 nec
1119 3872 1590 3927 circumcisionem
1632 3875 1817 3929 carnis

248 3962 468 4016 habuere
492 3979 601 4017 nec
628 3965 872 4018 Sabbata
897 3973 954 4017 et
982 3965 1088 4017 alia
1119 3966 1383 4032 ejusmodi
1430 3965 1815 4029 observarunt,

246 4054 431 4121 quippe
473 4072 603 4109 cum
641 4072 672 4109 a
730 4056 874 4111 Mose
915 4058 1160 4110 instituta
1198 4057 1433 4122 fuerint;
1467 4057 1551 4111 vel
1581 4073 1685 4111 non
1721 4072 1817 4111 ea-

252 4144 356 4195 dem
380 4146 524 4213 justa
554 4148 623 4199 ab
659 4148 803 4200 omni
828 4162 1044 4214 setuper
1076 4150 1351 4201 hominum
1390 4164 1592 4217 genere
1632 4150 1818 4203 obser-

252 4237 354 4286 vari
386 4236 643 4290 voluerit.
684 4255 705 4288 s
739 4238 875 4292 Hinc
899 4240 1086 4303 etiam,
1113 4256 1164 4291 n.
1198 4240 1287 4305 92,
1309 4240 1536 4294 Judaica
1569 4242 1817 4295 instituta

251 4334 549 4392 contemptu
586 4328 749 4395 digna
792 4328 1037 4395 plurimis
1075 4330 1251 4384 visqu
1315 4331 1381 4383 iri
1431 4331 1815 4394 demonstrat,

253 4416 341 4467 nisi
388 4416 529 4469 idem
579 4432 645 4469 ac
672 4416 969 4472 Christiani
1005 4419 1579 4487 respornrleantJudwi,
1617 4422 1661 4474 si
1696 4421 1818 4489 quis

1932 759 2181 812 lectatur.
2218 776 2237 808 ι

2002 850 2067 903 γ.
2095 850 2387 920 Postquam
2415 850 2658 907 Justinus
2684 861 2791 907 tam
2821 865 3136 909 accuratum
3170 864 3389 924 tamque
3421 869 3511 907 ve-

1930 943 2236 997 hementem
2289 945 2675 1014 redemptionis
2738 947 2979 1016 mysterii
3050 945 3391 1002 defensorem
3447 960 3510 1001 se

1931 1032 2191 1097 prarbuit;
2230 1034 2352 1101 quis
2395 1033 2724 1091 credidisset
2757 1038 2903 1090 illum
2934 1038 3003 1091 ob
3033 1052 3351 1091 concessam
3401 1037 3506 1089 So-

1930 1124 2067 1175 crati
2095 1135 2150 1178 et
2177 1124 2449 1180 Heraclito
2474 1135 2529 1179 et
2553 1126 2676 1181 aliis
2700 1127 2966 1195 ejusmodi
2986 1136 3243 1181 teteruam
3278 1128 3511 1181 salutem

1930 1224 2024 1266 aut
2054 1215 2263 1268 laudari
2296 1227 2387 1271 aut
2419 1219 2717 1286 vituperari
2747 1220 3027 1286 potuisse?
3064 1218 3217 1273 Hanc
3249 1229 3428 1271 tamen
3454 1218 3506 1271 ei

1931 1304 2242 1371 opinionem
2292 1305 2584 1376 aliingunt,
2637 1324 2742 1361 non
2785 1309 2958 1362 solum
3006 1307 3212 1362 laudati
3260 1309 3311 1361 in
3344 1310 3504 1377 epist.

1933 1397 2119 1451 sulcet.
2150 1398 2218 1451 24
2248 1399 2478 1454 Simonii
2513 1410 2551 1454 ι.
2585 1401 2668 1466 ΙΙΙ,
2698 1411 2888 1455 auctor
2914 1398 3059 1454 Nodi
3085 1402 3507 1469 prwdestinatio-

1933 1490 2011 1541 nis
2043 1489 2201 1541 soluti
2236 1499 2291 1545 et
2324 1489 2561 1545 Jacobus
2586 1492 2774 1562 'Payva
2822 1494 2873 1546 in
2924 1492 3377 1559 Explicationibus
3418 1509 3508 1545 or-

1932 1580 2209 1645 thodoxis,
2237 1583 2330 1637 sed
2365 1584 2552 1648 etiam,
2586 1586 2728 1652 quod
2762 1585 2932 1652 magis
2964 1584 3179 1638 mireris
3203 1625 3219 1649 ,
3252 1584 3506 1638 doctissi-

1934 1688 2050 1724 mus
2102 1670 2434 1728 Senoncnsis
2488 1674 2657 1728 abbas
2710 1674 2933 1727 Dissert.
2990 1676 3045 1727 in
3091 1673 3265 1739 Epist.
3307 1672 3503 1739 Pauli,

1935 1776 2055 1829 pag.
2085 1761 2152 1814 67
2182 1781 2196 1816 :
2231 1781 2249 1811 ι
2282 1761 2528 1818 Justinus
2557 1775 2789 1834 martyr,
2819 1765 3025 1833 inquit,
3065 1766 3254 1818 statuit
3296 1774 3506 1817 veteres

1934 1852 2305 1920 philosophos,
2327 1854 2417 1921 qui
2447 1866 2812 1909 consentanee
2860 1856 3054 1909 rationi
3088 1857 3361 1915 vixerunt,
3391 1856 3504 1923 jam

1927 1951 2063 2006 tum,
2097 1944 2197 1997 etsi
2221 1942 2406 1996 Jcsum
2435 1943 2713 1998 Christum
2754 1961 2859 1999 non
2893 1947 3314 2015 cognoscebant,
3339 1947 3506 1999 fuisse

1924 2035 2302 2104 Christianos,
2338 2040 2466 2107 quia
2515 2039 2660 2094 illius
2688 2052 2956 2110 prrecepta
3000 2052 3053 2094 et
3085 2042 3385 2095 doctrinam
3419 2057 3507 2095 se-

1926 2131 2266 2195 quebantur,
2309 2132 2442 2184 tales
2492 2131 2659 2186 fuisse
2696 2134 2833 2201 apud
2860 2133 3082 2189 ϐιαιως
3125 2134 3407 2189 Socratem
3456 2145 3510 2189 et

1926 2218 2255 2273 Heraclitum
2287 2236 2341 2277 et
2364 2224 2644 2277 nonnullos
2662 2225 2813 2279 alios.
2846 2244 2864 2277 ι

1995 2314 2174 2371 Locus
2205 2317 2269 2369 ad
2301 2315 2498 2370 Justini
2546 2320 2992 2374 criminationem
3040 2321 3283 2387 jactalus
3328 2331 3505 2375 exstat

1924 2408 2077 2473 Apol.
2125 2409 2174 2471 Ι,
2201 2426 2253 2461 n.
2298 2409 2408 2462 46:
2448 2411 2550 2463 Τὸν
2596 2412 2829 2481 Χριστὸν
2856 2412 3196 2484 πρωτότοκον
3242 2413 3335 2466 τοῦ
3368 2412 3504 2465 Θεοῦ

1925 2496 2062 2552 εἶναι
2111 2501 2483 2571 ἐδιδάχθημεν,
2528 2504 2618 2555 καὶ
2671 2504 3123 2575 προεμηνύσαμεν
3155 2505 3311 2574 λόγον
3351 2506 3503 2565 ὄντα,

1924 2585 1981 2643 οὗ
2018 2592 2121 2643 πᾶν
2152 2593 2307 2659 γένος
2340 2593 2639 2663 ἀνϐριῖιττων
2676 2594 2902 2665 μετέσχε
2932 2612 2945 2623 ”
2979 2596 3070 2647 καὶ
3104 2598 3150 2647 οἱ
3180 2596 3318 2666 μετὰ
3345 2596 3503 2663 λόγου

1927 2680 2220 2751 βιώσαντες
2279 2685 2590 2756 Χριστιανοί
2622 2687 2757 2749 εἰσι,
2808 2686 2911 2739 κᾶν
2944 2686 3088 2740 ἄθεοι
3122 2687 3503 2757 ἐνομὶσοτςσοιν⁸

1922 2770 2022 2827 οἶοι
2056 2776 2113 2827 ἐν
2138 2774 2362 2845 Ἕλλησι
2411 2776 2507 2845 μὲν
2552 2778 2850 2849 Σωκράτης
2884 2779 2976 2831 καὶ
3032 2778 3378 2849 Ἡράκλειτος
3412 2780 3503 2831 καὶ

1921 2866 1969 2916 οἱ
1992 2865 2163 2934 ὅμοιοι
2198 2866 2399 2927 αὐτοῖς·
2438 2868 2494 2917 ἐν
2530 2865 2823 2937 βαρϐάροις
2852 2866 2907 2918 δὲ
2940 2866 3206 2937 Ἀϐραὰμ,
3244 2868 3333 2920 καὶ
3359 2868 3509 2917 Ἀνα-

1920 2954 2041 3017 via;
2070 2955 2164 3006 καὶ
2196 2955 2448 3025 Ἀζαρίας
2481 2957 2575 3008 καὶ
2606 2956 2843 3026 Μισαὴλ,
2879 2958 2971 3009 καὶ
3003 2957 3204 3019 Ἠλίας,
3237 2958 3328 3010 καὶ
3356 2957 3502 3009 ἄλλοι

1922 3046 2124 3110 πολλοὶ,
2162 3040 2235 3099 ὧν
2266 3047 2366 3110 τὰς
2400 3048 2658 3119 πράξεις,
2708 3049 2741 3119 ἢ
2789 3048 2856 3100 τὰ
2906 3049 3142 3119 ὀνόματα
3187 3048 3503 3115 καταλέγειν

1926 3138 2132 3209 μακρὸν
2165 3134 2302 3191 εἶναι
2333 3141 2705 3209 ἐπιστάμενοι,
2738 3140 2904 3192 τανῦν
2934 3139 3364 3211 παραιτούμεθα,
3392 3150 3500 3195 etc.

1930 3248 1949 3280 ι
1986 3229 2264 3284 Christum
2296 3233 2717 3301 primogenitum
2752 3233 2843 3286 Dei
2872 3248 2993 3287 esse
3027 3249 3089 3287 ac
3131 3234 3395 3287 rationem
3435 3234 3498 3284 il-

1924 3320 2057 3383 lam,
2091 3322 2245 3388 cujus
2280 3338 2442 3376 omne
2473 3324 2754 3377 hominum
2784 3339 2953 3393 genus
2986 3324 3254 3391 particeps
3286 3336 3389 3386 est,
3413 3325 3495 3376 di-

1924 3412 2154 3467 dicimus
2195 3421 2249 3467 ct
2278 3428 2437 3481 supra
2470 3414 2888 3468 declaravimus.
2922 3415 2985 3467 Et
3007 3415 3093 3481 qui
3127 3429 3246 3466 cum
3289 3414 3502 3468 ratione

1924 3502 2212 3566 vixerunt,
2250 3504 2544 3557 Christiani
2573 3514 2722 3569 sunt,
2755 3505 2965 3559 etiamsi
3009 3505 3153 3557 athei
3197 3504 3495 3559 existimati

1922 3593 2051 3657 sint,
2084 3596 2273 3660 quales
2298 3596 2437 3661 apud
2462 3592 2683 3647 Grtecos
2714 3594 2862 3648 fuere
2894 3594 3147 3648 Socrates
3174 3604 3227 3647 et
3260 3594 3498 3647 Heracli-

1924 3693 2011 3738 tus
2032 3694 2086 3739 et
2117 3700 2303 3739 eorum
2340 3686 2577 3749 similes;
2621 3686 2760 3753 apud
2793 3688 3053 3740 barbaros
3098 3694 3279 3741 autem
3320 3687 3494 3739 Abra-

1924 3775 2070 3839 bam,
2125 3776 2385 3839 Ananias,
2430 3776 2673 3840 Azarias,
2728 3776 2913 3830 Misael
2945 3786 3000 3831 et
3047 3778 3207 3842 Elias,
3252 3793 3488 3846 quorum

1925 3864 2227 3919 actionibus
2253 3876 2344 3918 aut
2370 3866 2679 3920 nominibus
2707 3866 3051 3921 recensendis
3075 3908 3088 3931 ,
3123 3868 3251 3937 quia
3275 3868 3491 3938 longum

1924 3957 1974 4009 id
2005 3971 2125 4011 esse
2160 3957 2365 4013 scimus
2387 3998 2402 4023 ,
2446 3973 2589 4011 nunc
2629 3962 3067 4027 supersedemus.
3101 3958 3367 4014 Similiter
3396 3962 3493 4029 qui

1922 4046 2049 4101 olim
2084 4048 2289 4117 absque
2315 4049 2523 4103 ratione
2550 4050 2757 4114 vixere,
2790 4050 3018 4119 improbi
3064 4062 3116 4105 et
3143 4052 3363 4106 Christo
3395 4052 3494 4105 ini-

1922 4141 2045 4194 mici
2078 4141 2247 4206 luere,
2276 4150 2328 4195 et
2354 4157 2563 4205 eorum,
2593 4144 2683 4211 qui
2711 4159 2834 4197 cum
2861 4145 3070 4197 ratione
3100 4145 3374 4205 vivebant,
3394 4144 3491 4197 ho-

1923 4232 2153 4286 micidae.
2189 4233 2293 4297 Qui
2326 4248 2455 4287 vero
2493 4248 2615 4287 eum
2650 4234 2862 4287 ratione
2887 4235 3143 4288 vixerunt
3188 4244 3243 4289 et
3273 4236 3490 4300 vivunt,

1922 4324 2216 4378 Christiani
2243 4334 2367 4377 sunt
2390 4334 2443 4378 et
2471 4324 2723 4391 impavidi
2755 4336 2916 4393 atque
2942 4326 3215 4395 intrepidi.
3251 4346 3270 4378 ι

1994 4416 2124 4468 lllud
2156 4416 2329 4481 primo
2360 4416 2763 4469 observandum
2791 4417 2950 4470 nobis
2981 4429 3097 4485 est,
3137 4436 3240 4473 non
3284 4421 3334 4475 id
3381 4423 3489 4479 hoc

250 4520 309 4556 ex
333 4506 407 4557 cis
430 4520 663 4574 quamn,
708 4524 803 4559 cur
828 4526 945 4561 cum
978 4509 1157 4564 Enoclt
1186 4521 1233 4563 et
1273 4509 1389 4565 Noe
1419 4528 1537 4565 cum
1564 4511 1715 4578 ﬁliis,
1766 4520 1815 4564 et
1847 4527 1890 4579 ο
1925 4506 2042 4559 loco
2065 4506 2293 4572 expendi
2327 4522 2355 4557 τι
2389 4506 2447 4558 8.
2475 4516 2736 4575 martyre,
2770 4511 3043 4575 quomodo
3070 4510 3301 4566 salutem
3333 4528 3487 4568 asse-

252 4598 293 4647 si
328 4599 413 4663 qui
442 4598 539 4649 alii
574 4599 867 4666 ejusmodi,
900 4601 1015 4653 sine
1050 4604 1443 4656 circumcisione
1479 4612 1528 4656 et
1567 4602 1814 4657 Sabbatis

254 4687 349 4741 Deo
376 4692 709 4756 placuerint;
738 4702 813 4745 tot
861 4692 1051 4760 elapsis
1097 4696 1339 4747 (statibus
1371 4696 1513 4749 Deus
1558 4713 1649 4764 per
1677 4696 1811 4748 alios

250 4780 394 4833 duces
423 4791 473 4834 et
498 4782 612 4833 alia
640 4783 881 4834 instituta
897 4783 1187 4851 justiﬁcari
1218 4785 1436 4839 voluerit
1459 4803 1547 4840 eos
1575 4787 1809 4854 quidem,

243 4878 323 4937 qui
351 4876 413 4926 ab
460 4875 734 4927 Abraham
774 4875 843 4927 ad
868 4874 1063 4928 Mosam
1117 4878 1350 4944 fuerunt,
1390 4896 1483 4946 per
1527 4879 1809 4932 circumci-

246 4966 469 5029 siam;
501 4982 590 5019 eos
614 4974 794 5019 autem
829 4967 921 5034 qui
950 4976 1063 5033 post
1102 4967 1320 5033 Mosem,
1345 4980 1451 5023 tum
1484 4988 1575 5035 per
1592 4974 1812 5024 circum-

246 5058 506 5121 cisionem,
536 5067 647 5108 tum
679 5074 773 5123 per
812 5058 923 5110 alia
972 5070 1250 5127 prwcepta,
1283 5061 1337 5112 id
1375 5070 1449 5113 est
1494 5060 1806 5127 Sabbatum,

244 5151 496 5211 victimas,
536 5150 844 5213 libationes,
886 5150 1049 5202 dona.
1099 5149 1238 5203 Num
1270 5166 1400 5220 ergo
1434 5150 1667 5219 Judaaos,
1714 5156 1805 5224 qui

236 5241 674 5308 justiﬁcationem
738 5242 790 5294 in
863 5239 999 5308 legis
1063 5243 1449 5295 observatione
1506 5244 1807 5312 ponebant,

240 5333 497 5400 ejusmodi
530 5341 856 5402 argumento
885 5331 1224 5386 conl'utasset
1245 5330 1515 5396 Justinus,
1550 5333 1648 5387 nisi
1694 5334 1808 5401 ipse

241 5423 412 5484 ﬁdem,
445 5426 532 5477 cui
570 5423 1022 5491 justih'cationcm
1050 5423 1315 5486 attribuit,
1352 5424 1418 5477 ad
1458 5440 1647 5479 omnes
1674 5436 1809 5479 teta-

244 5523 316 5567 tcs
348 5524 402 5568 ct
426 5515 772 5569 conditiones
807 5514 1087 5582 pertinere
1115 5515 1481 5569 credidisset?

302 5607 379 5658 Ad
411 5620 606 5659 omnes
625 5620 758 5674 ergo
786 5614 981 5659 states
1012 5612 1066 5656 et
1094 5604 1436 5658 conditiones
1461 5605 1803 5659 referendum

241 5696 372 5762 quod
412 5697 484 5749 ait
508 5698 568 5749 8.
601 5707 831 5765 martyr,
861 5711 1013 5749 num.
1040 5695 1111 5747 28
1139 5713 1153 5748 :
1187 5713 1206 5745 ‹
1233 5695 1370 5761 Quin
1407 5696 1569 5749 etiam
1595 5697 1641 5751 si
1682 5699 1804 5765 quis

243 5785 435 5853 Scytha
480 5786 551 5840 sit
593 5797 688 5842 aut
727 5785 926 5852 Persa,
959 5784 1153 5840 habeat
1204 5793 1375 5840 autem
1404 5785 1498 5841 Dei
1534 5789 1799 5857 cognitio»

1919 4596 2029 4650 cuti
2056 4597 2181 4657 sint,
2216 4595 2307 4664 qui
2341 4605 2467 4648 ante
2488 4594 2767 4648 Christum
2792 4596 2843 4648 in
2874 4599 3130 4666 gentibus
3159 4605 3361 4665 vixere,
3388 4607 3485 4657 sed

1917 4685 2355 4755 qumnodojuste
2385 4685 2651 4737 damnati.
2697 4684 2790 4738 Sic
2837 4687 2985 4740 enim
3021 4689 3137 4757 ipse
3184 4689 3287 4743 sibi
3341 4690 3487 4744 hanc

1916 4780 2268 4846 quaestionem
2302 4779 2550 4846 proponit
2575 4793 2589 4829 :
2624 4775 2707 4829 Ne
2731 4778 2819 4845 qui
2850 4789 3023 4833 autem
3049 4798 3081 4833 a
3107 4782 3306 4834 ratione
3331 4782 3483 4835 aber-

1916 4881 2111 4933 rantes,
2136 4871 2202 4921 at!
2216 4886 2273 4922 ea
2290 4885 2405 4938 quo:
2418 4872 2690 4923 docuimus
2712 4872 3091 4940 detorquenda,
3110 4872 3377 4926 Christum
3392 4875 3479 4925 di-

1914 4973 2032 5014 cant
2062 4973 2180 5014 ante
2200 4978 2364 5013 annos
2388 4969 2594 5013 centum
2616 4972 2661 5014 et
2676 4962 3054 5032 quinquaginta
3077 4975 3257 5017 natum
3281 4982 3313 5018 a
3331 4966 3483 5020 nobis

1912 5057 2016 5107 dici
2044 5056 2137 5107 sub
2162 5054 2403 5123 Cyrenio,
2429 5070 2491 5107 ac
2513 5064 2628 5121 post
2647 5056 2777 5107 illud
2795 5067 2994 5123 tempus
3010 5074 3069 5110 ea
3084 5058 3342 5124 docuisse,
3360 5050 3499 5129 quas

1911 5146 2058 5197 illum
2074 5146 2310 5197 docuisse
2322 5145 2483 5195 dixiin
2493 5161 2549 5197 us
2563 5144 2658 5197 sub
2681 5147 2870 5199 Pontio
2892 5146 3068 5199 Pilato
3088 5164 3105 5209 ;
3128 5149 3347 5217 indeque
3361 5167 3478 5203 con-

1910 5240 2053 5305 sequi
2078 5237 2355 5303 objiciunt,
2378 5246 2432 5288 ut
2448 5238 2678 5290 insontes
2691 5238 2793 5291 sint
2812 5240 3046 5292 [contines
3061 5257 3237 5294 omnes
3249 5243 3337 5311 qui
3354 5252 3475 5296 ante

1910 5327 2043 5379 illud
2075 5336 2273 5391 tempus
2307 5327 2482 5394 fuere;
2520 5327 2868 5379 dubitationis
2896 5328 3210 5383 solutionem
3252 5348 3476 5398 occupa-

1910 5418 2100 5470 bimus.
2124 5417 2390 5485 Quidquid
2425 5418 2592 5485 igitur
2616 5418 2834 5472 virtutis
2864 5418 3074 5474 Socrati
3106 5431 3155 5473 et
3198 5422 3476 5478 Heraclito

1908 5519 1960 5561 et
2002 5523 2188 5561 eornut
2219 5507 2486 5563 similibus
2528 5507 2829 5564 attribuere
2878 5510 3111 5577 videtur,
3156 5513 3209 5567 id
3242 5529 3306 5569 eo
3348 5531 3473 5583 spe-

1907 5607 2036 5663 ctat,
2075 5608 2135 5651 ut
2169 5598 2311 5653 nulla
2342 5600 2481 5668 juris
2525 5601 2789 5656 naturalis
2838 5602 3057 5656 violatio
3100 5606 3473 5661 excusationis

1907 5692 2121 5745 veniam
2153 5692 2375 5755 habeat;
2402 5693 2600 5763 quippe
2639 5708 2761 5747 cum
2790 5692 3038 5751 Christus
3066 5706 3190 5750 ante
3216 5696 3468 5755 lncarna:

1910 5786 2130 5849 tionem,
2161 5794 2423 5855 quatenus
2451 5785 2684 5841 Verbum
2730 5796 2842 5854 est,
2876 5789 3126 5844 munibus
3156 5788 3466 5843 hominibus
