3932 6258
375 361 444 416 59
1257 355 1315 409 S.
1357 353 1699 410 JUSTlNUS‘
1726 349 1940 406 Ρωιοῖ

2046 348 2205 405 ’HUS
2232 347 2320 402 ET
2355 345 2663 402 ΜΑΒἹὝΒ.

3553 352 3649 407 60'

374 482 547 534 lucem
587 496 741 535 suam
798 479 1166 547 praetenderit.
1218 478 1362 532 idem
1430 478 1587 532 docet
1633 477 1843 545 Dialog.
1893 491 1953 527 ιι.
1982 482 2027 537 Α
2058 473 2350 527 observare
2381 469 2696 524 debuissent
2734 468 2826 537 qui
2857 469 2923 524 de
2955 468 3046 524 illo
3076 469 3478 525 detraxerunt:
3511 479 3634 525 sta-

372 571 462 635 95,
495 587 684 639 nempe
718 571 849 624 nihil
887 586 1111 640 prorsus
1152 570 1373 639 praetexi
1424 584 1586 637 posse
1637 569 1705 622 ab
1732 568 1814 620 bis
1860 566 1948 633 qui

371 666 543 733 legem
583 665 677 717 Dei
712 664 962 728 violant,
1010 662 1222 717 etiamsi
1265 659 1620 730 perditissimi
1656 668 1712 712 et
1757 671 1950 712 corru-

369 758 604 826 ptissimi
636 757 766 811 sint.

441 869 500 921 2ο
529 868 583 921 Si
608 867 854 923 Justinus
887 867 1125 921 salutem
1156 876 1417 921 mternam
1446 863 1813 934 philosophis,
1856 863 1948 931 qui

368 969 492 1013 ante
537 957 815 1012 Christum
859 957 1096 1022 fuerant,
1145 957 1482 1012 concessisse
1507 956 1726 1019 dicitur,
1760 954 1949 1009 eadem

370 1051 445 1104 illi
480 1066 606 1119 erga
639 1066 734 1104 eos
762 1052 853 1118 qui
892 1062 1013 1118 post
1052 1050 1331 1104 Christum
1359 1049 1529 1111 fuere,
1559 1063 1623 1101 ac
1651 1048 1749 1116 ipsi
1781 1044 1952 1100 Justi-

369 1159 441 1196 no
471 1142 703 1210 a'quales
730 1152 908 1206 erant,
935 1142 1132 1198 lenitas
1176 1150 1229 1195 et
1273 1140 1611 1209 indulgentia
1660 1139 1765 1193 erit
1796 1138 1952 1190 attri-

369 1235 609 1288 buenda.
664 1236 795 1288 Nam
850 1234 914 1287 de
958 1234 1207 1302 utrisque
1241 1233 1410 1287 dicit:
1445 1232 1548 1297 Qui
1589 1247 1705 1283 cum
1749 1230 1951 1281 ratione

370 1328 617 1380 rixerunt
651 1337 696 1380 et
737 1329 929 1394 vivunt,
957 1326 1246 1383 Christiani
1276 1336 1397 1379 sunt
1429 1336 1476 1377 et
1507 1322 1759 1391 impavidi
1791 1336 1853 1373 ac
1878 1321 1954 1373 in-

368 1420 582 1487 trepidi.

436 1530 494 1583 3°
522 1531 861 1584 Christianos
907 1546 1028 1586 esse
1078 1530 1213 1587 dicit
1261 1544 1389 1593 eos,
1434 1529 1524 1596 qui
1554 1527 1715 1581 vitam
1753 1525 1947 1580 rationi

367 1633 789 1676 consentaneam
831 1624 1147 1688 duxerunt,
1178 1632 1238 1677 ut
1285 1621 1570 1676 Socratem
1612 1628 1667 1674 et
1702 1617 1949 1672 Heracli-

370 1723 484 1767 tum
510 1730 524 1779 ;
561 1730 666 1767 non
691 1716 829 1783 quod
859 1716 942 1767 isti
971 1730 1065 1783 per
1094 1714 1251 1768 ﬁdem
1296 1714 1348 1766 in
1391 1710 1598 1766 Christi
1627 1710 1947 1777 sanguinem

2056 562 2159 614 tuit
2188 560 2451 614 malorum
2486 560 2791 612 daemonum
2822 559 3103 612 molitione
3130 562 3538 627 persecutiones
3569 560 3657 614 in~

2051 653 2391 708 Christianos
2417 654 2647 707 excitari
2679 671 2692 705 :
2730 654 2871 722 quod
2901 652 3121 721 quidem
3153 666 3220 705 ne
3263 653 3509 704 videatur
3541 653 3635 705 in-

2053 743 2341 808 credibile,
2372 758 2435 796 ea
2476 744 2640 797 sumit
2676 743 2982 813 argumenti
3012 742 3151 806 loco,
3192 757 3310 810 quae
3343 741 3473 795 viris
3504 742 3632 795 vir-

2052 835 2186 889 tutis
2211 834 2369 889 laude
2396 834 2699 903 insignibus
2720 842 3039 888 evenerunt.
3078 832 3217 887 Vera
3252 847 3421 885 necne
3449 832 3635 885 exsti-

2052 926 2181 980 terit
2207 925 2422 980 illorum
2455 926 2632 980 virtus
2672 941 2780 979 non
2829 927 3107 981 examinat
3137 944 3150 979 :
3178 926 3310 980 satis
3344 926 3503 979 ei-est
3528 927 3636 980 de-

2050 1026 2375 1083 monstrare,
2416 1017 2537 1071 odio
2580 1017 2790 1070 habitos
2835 1016 3038 1085 fuisse,
3090 1017 3181 1086 qui
3228 1017 3411 1086 quovis
3460 1016 3633 1069 modo

2049 1112 2335 1163 secundum
2372 1110 2625 1165 rationem
2662 1112 2831 1164 vivere
2875 1122 2921 1162 et
2963 1110 3145 1163 vitium
3183 1109 3363 1179 fugere
3389 1110 3630 1161 studue-

2050 1202 2176 1265 rint,
2223 1201 2377 1269 Apol.
2424 1201 2485 1267 2,
2558 1218 2705 1254 num.
2743 1201 2793 1256 8.
2820 1199 2988 1255 Nemo
3037 1215 3168 1254 sane
3218 1200 3417 1254 dixerit
3462 1213 3633 1252 veras

2050 1295 2275 1349 virtutes
2297 1310 2326 1347 a
2355 1294 2571 1349 Justino
2599 1295 2651 1349 in
2702 1294 2927 1349 athletis
2968 1292 3217 1346 laudatas
3258 1290 3465 1355 fuisse;
3491 1290 3655 1358 quia-

2050 1397 2233 1439 tamen
2264 1386 2567 1440 honoriﬁca
2602 1386 2669 1440 de
2697 1386 2804 1439 illis
2827 1398 2985 1440 erant
3011 1384 3285 1438 hominum
3314 1381 3538 1450 judicia,
3570 1382 3655 1435 id-

2050 1476 2117 1529 ad
2147 1491 2273 1530 usus
2305 1492 2434 1531 suos
2463 1477 2706 1546 adiungit
2744 1484 2803 1530 ut
2829 1474 3176 1537 Christianis,
3204 1488 3431 1542 quorum
3469 1480 3651 1525 tanta

2049 1577 2168 1621 erat
2198 1568 2249 1621 in
2284 1579 2460 1623 morte
2509 1568 2813 1637 oppetenda
2868 1566 3035 1620 animi
3083 1564 3368 1629 fortitudo,
3422 1564 3655 1618 eadem.

2057 1659 2176 1715 laus
2201 1676 2307 1715 non
2342 1663 2726 1730 denegaretur.
2774 1678 2792 1712 ι
2829 1661 2929 1727 Qui
2955 1668 3136 1713 autem
3182 1675 3311 1714 vera
3337 1661 3503 1723 bona,
3539 1659 3632 1711 in—

2052 1752 2169 1819 quit
2192 1752 2343 1821 Apol.
2369 1752 2424 1817 2,
2459 1769 2514 1806 ιι.
2538 1754 2586 1807 11
2610 1793 2624 1816 ,
2658 1768 2722 1806 ac
2750 1753 2971 1805 minime
3000 1752 3177 1806 fucata
3221 1753 3628 1810 internoscunl.

366 1806 643 1909 ιξυοηιιίει
674 1807 911 1910 ροροξιιίε
931 1806 1166 1912 tuatim;
1197 1806 1294 1912 sed,
1322 1804 1452 1912 sea.
1479 1803 1738 1907 αξιίαςυίει
1974 1831 2025 1889 Β
2050 1802 3037 1911 ranas’tegtai'0";..;a;;;g.ii
3064 1802 3503 1912 eadem...
3564 1802 3651 1894 εί.

370 1900 456 1951 tiae
479 1910 534 1953 et
563 1899 780 1952 virtmis
810 1899 863 1952 in
895 1900 975 1953 eis
1015 1898 1208 1961 eluxit,
1244 1897 1295 1951 id
1325 1896 1694 1951 Christianum
1730 1903 1835 1958 est,
1859 1902 1945 1946 ut-

367 2000 493 2060 pote
546 2006 667 2044 cum
719 1992 1044 2045 Clll‘iStialtis
1097 1990 1305 2044 faciens
1336 1998 1390 2042 et
1438 2004 1469 2041 a
1502 1987 1682 2041 Verbo
1726 1999 1957 2039 omnem,

367 2081 643 2134 hominem
694 2081 1037 2136 illuminante
1081 2082 1359 2135 donatum.
1391 2095 1411 2128 ‹
1448 2076 1826 2145 Quaecunque.
1864 2074 1947 2127 ίη⁶

365 2172 480 2238 quit
510 2171 660 2237 Apol.
688 2171 746 2235 2,
785 2187 839 2224 ιι.
901 2171 985 2234 10,
1038 2170 1298 2238 praeclare
1337 2182 1575 2237 unquam
1627 2166 1815 2219 dixere
1854 2173 1947 2216 aut

364 2263 749 2332 excogitavere
780 2262 1089 2331 philoSOpbi
1121 2271 1216 2315 aut
1247 2260 1424 2329 legum
1452 2258 1677 2322 latores,
1706 2257 1823 2309 Ιιτεο
1855 2255 1942 2308 in-

366 2365 530 2409 vento
558 2365 610 2408 et
642 2355 983 2409 considerato
1032 2354 1215 2422 aliqua
1248 2369 1311 2407 ex
1360 2360 1517 2421 parte
1548 2348 1725 2405 Verbo
1754 2348 1943 2403 elabo-

365 2455 573 2500 rarunt.
604 2465 622 2497 ι
654 2446 721 2499 Et
752 2462 806 2499 ιι.
834 2446 901 2500 15
931 2464 944 2499 :
982 2463 1000 2496 ι
1039 2445 1385 2512 ρυῖιιοιιιιιιιιε
1414 2442 1556 2511 apud
1591 2441 1729 2495 alios
1753 2454 1944 2497 omnes

364 2536 626 2606 praeclare
667 2538 830 2601 dicta,
864 2552 927 2590 ea
954 2546 1139 2590 nostra
1173 2542 1299 2589 sunt
1327 2534 1819 2589 Christianorum.»
1847 2528 1941 2581 Sic

364 2626 733 2681 TerLullianus
759 2643 947 2681 omnes
982 2627 1232 2681 homines
1253 2625 1576 2678 naturaliter
1606 2622 1943 2677 Christianos

377 2734 499 2773 esse
522 2720 674 2783 dicit,
717 2721 867 2788 quia,
918 2729 1109 2773 natura
1139 2719 1305 2783 duce,
1344 2715 1598 2771 nonnulla
1640 2715 1819 2768 dicere
1848 2727 1940 2766 so-

365 2816 498 2879 lent,
532 2830 648 2883 quat
672 2814 977 2868 Christiana
1006 2822 1155 2868 sunt.
1233 2813 1374 2865 Deus
1445 2824 1676 2881 magnus
1715 2817 1769 2860 et
1800 2807 1941 2861 Deus

364 2908 564 2969 bonus,
590 2915 644 2961 et
670 2908 814 2975 quod
847 2905 986 2960 Deus
1014 2906 1244 2970 dederit,
1286 2903 1525 2958 omnium
1564 2916 1669 2955 vox
1701 2908 1805 2953 est.
1844 2898 1942 2953 Ju-

364 2999 542 3052 d.cein
598 3012 817 3067 quoque
871 3006 1211 3050 contestatur
1266 2995 1444 3059 illum,
1497 2994 1638 3046 Deus
1683 2990 1850 3051 videt,
1885 2996 1941 3041 et

364 3090 477 3143 Dco
505 3091 830 3144 commendo
878 3097 932 3141 et
974 3089 1115 3142 Deus
1167 3087 1297 3140 mihi
1348 3085 1553 3139 reddet.
1606 3082 1649 3135 0
1700 3082 1940 3135 testimoo

365 3182 515 3234 nium
549 3182 743 3234 anima:
777 3180 1099 3233 naturaliter
1127 3177 1485 3233 Christiania!
1523 3194 1542 3226 ι
1571 3174 1708 3241 Quid
1741 3174 1936 3227 mirum
1965 3164 2015 3225 Ο

363 3288 495 3342 ergo
540 3275 583 3328 si
629 3272 969 3327 Christianos
1008 3280 1166 3325 vocat
1198 3269 1445 3324 Justinus
1486 3282 1579 3321 eos
1626 3267 1716 3336 qui
1768 3281 1937 3321 unum

364 3365 536 3419 Deum
577 3379 699 3418 esse
747 3362 1088 3416 docuerunt?
1133 3379 1152 3412 ι
1194 3359 1401 3414 Horum
1438 3359 1716 3422 omnium,
1764 3357 1940 3427 inquit

364 3457 519 3523 Apol.
543 3455 602 3521 2,
651 3472 703 3507 ιι.
728 3453 815 3518 10,
855 3454 1015 3523 longe
1042 3451 1384 3506 ﬁrmissimus
1412 3449 1514 3503 hac
1556 3449 1607 3503 in
1641 3466 1700 3503 re
1740 3449 1937 3503 Socra-

366 3558 446 3603 tes
477 3548 526 3601 in
551 3547 738 3601 eadem
773 3560 839 3599 ac
881 3560 980 3599 nos
1007 3544 1235 3598 crimina
1258 3556 1484 3597 vocatus
1499 3554 1601 3597 est.
1627 3542 1772 3595 Nova
1791 3544 1933 3595 enim

364 3640 629 3695 dzenionia
664 3639 916 3691 dixerunt
946 3638 1012 3689 ab
1034 3649 1099 3689 eo
1127 3635 1332 3697 induci,
1363 3646 1415 3687 et
1447 3648 1584 3703 quos
1611 3633 1801 3686 civitas
1826 3630 1939 3685 exi-

362 3734 552 3787 stimat
582 3732 733 3793 deos,
783 3729 849 3782 ab
892 3745 956 3782 eo
1008 3743 1112 3781 non
1158 3726 1483 3781 existimari.
1526 3745 1544 3777 ι
1598 3728 1664 3779 At
1715 3725 1937 3779 minime

364 3825 723 3882 dissimulavit
765 3822 1010 3877 Justinus
1052 3822 1179 3889 quid
1222 3821 1485 3887 ejusmodi
1535 3820 1841 3873 hominibus
1882 3820 1935 3873 in

363 3919 601 3973 Verbum
637 3917 982 3969 incarnatum
1011 3928 1112 3966 non
1145 3911 1491 3967 credentibus
1522 3910 1778 3972 defuerit,
1822 3920 1935 3964 tum

364 4013 418 4066 in
450 4010 536 4075 iis,
568 4023 688 4077 quae
734 4008 801 4061 ad
832 4008 1193 4075 cognitionem
1226 4005 1470 4059 veritatis
1514 4012 1783 4071 speetant,
1820 4012 1933 4055 tum

364 4103 418 4156 in
450 4102 515 4155 iis
538 4116 657 4171 qua:
688 4101 753 4153 ad
786 4099 948 4152 vitam
977 4111 1032 4151 et
1057 4112 1253 4151 mores.
1285 4096 1575 4166 Postquam
1600 4095 1744 4149 enim
1770 4091 1933 4146 Verbi

362 4206 524 4247 omne
550 4193 844 4246 humanum
871 4203 1039 4259 genus
1063 4190 1335 4257 particeps
1366 4202 1487 4242 esse
1514 4187 1726 4249 docuit,
1757 4184 1933 4252 proti—

363 4298 468 4337 nus
508 4292 724 4337 revocat
758 4282 812 4335 in
856 4281 1202 4343 memoriam,
1241 4294 1359 4347 quae
1383 4287 1539 4331 antea
1566 4278 1632 4330 de
1675 4276 1936 4330 lncarna-

366 4374 528 4427 tionis
552 4388 713 4427 causa
741 4373 985 4436 dixerat;
1021 4371 1276 4425 nimirum
1307 4379 1367 4423 ut
1389 4370 1589 4424 indicet
1613 4369 1741 4438 quid
1774 4367 1938 4421 inter-

365 4472 435 4527 sit
463 4471 603 4525 inter
629 4484 755 4535 eos,
802 4470 893 4538 qui
922 4486 951 4522 a
986 4466 1162 4522 Verbo
1208 4465 1445 4534 aliquam
1483 4463 1729 4518 veritatis
1760 4461 1933 4530 parti—

364 4566 538 4620 culam
594 4572 943 4632 acceperunt,
1001 4572 1057 4616 et
1099 4575 1216 4623 eos,
1266 4561 1357 4628 qui
1408 4559 1462 4613 in
1513 4558 1655 4611 idem
1699 4556 1933 4609 Verbum

366 4660 710 4711 incarnatum
755 4653 1126 4708 crediderunt.
1180 4650 1319 4705 Hinc
1363 4650 1416 4704 in
1466 4649 1622 4717 Apol.
1651 4648 1706 4712 2,
1740 4662 1792 4699 ιι.
1823 4648 1855 4701 8
1882 4655 1939 4699 et

365 4751 454 4815 10,
508 4749 752 4804 declarat
798 4746 1141 4801 Christianos
1189 4760 1292 4797 non
1328 4742 1397 4795 ad
1445 4751 1647 4810 partem
1701 4740 1935 4808 aliquant

364 4843 719 4897 disseminata:
748 4841 969 4894 rationis
1014 4841 1173 4893 vitam
1206 4837 1495 4901 instituere,
1526 4835 1615 4887 sed
1643 4835 1710 4886 ad
1750 4834 1934 4896 totius,

366 4935 421 4988 id
451 4945 526 4987 est
569 4933 763 4987 Christi
809 4931 1162 4998 cognitionem
1192 4936 1239 4981 et
1263 4925 1772 4993 contemplationem.
1799 4922 1934 4976 Par-

370 5025 590 5080 ticulam
626 5023 875 5077 veritatis
916 5021 1185 5090 cognitam
1218 5018 1386 5072 fuisse
1427 5016 1765 5086 philosophis
1797 5015 1935 5069 fate-

368 5130 479 5183 tur,
505 5117 599 5172 sed
626 5117 876 5177 obscure,
899 5114 970 5167 ita
997 5123 1055 5166 ut
1076 5128 1257 5166 secum
1292 5109 1393 5180 ipsi
1417 5108 1709 5178 pugnantia
1739 5107 1935 5162 docue-

366 5213 498 5275 rint,
534 5227 586 5265 n.
626 5209 714 5273 13,
745 5217 799 5260 at
846 5222 941 5261 eos
977 5215 1183 5259 tantum
1222 5204 1379 5257 docet
1411 5201 1591 5257 sanari
1629 5214 1808 5269 posse,
1840 5198 1931 5267 qui

368 5308 423 5363 in
449 5304 726 5359 Christum
757 5299 1007 5353 credunt.
1046 5313 1065 5347 ι
1100 5294 1291 5349 Natum
1332 5293 1500 5357 enim,
1533 5293 1730 5361 inquit,
1760 5306 1825 5345 ex
1852 5292 1934 5344 in-

368 5398 552 5469 genito
594 5404 647 5449 et
684 5407 794 5446 non
838 5388 1129 5444 enarrabili
1190 5387 1300 5441 Deo
1342 5386 1579 5441 Verbum
1633 5384 1932 5439 secundum

370 5495 537 5546 Deum
575 5487 895 5547 adoramus;
927 5480 1366 5551 quandoquidem
1393 5488 1615 5548 propter
1644 5491 1741 5530 nos
1768 5476 1931 5529 homo

372 5587 571 5641 factum
602 5591 715 5643 est,
748 5587 804 5632 ut
835 5574 1246 5647 perpessionutn
1301 5583 1609 5628 nostrarum
1661 5571 1933 5640 particeps

370 5678 573 5734 factum
605 5670 869 5728 medelam
907 5668 1012 5723 illis
1038 5668 1259 5725 faceret.
1302 5688 1323 5719 ι

438 5793 496 5843 tr
523 5788 665 5843 lncst
692 5781 887 5840 Justini
923 5782 1103 5837 verbis
1134 5793 1290 5838 acuta
1334 5780 1705 5845 ratiocinatio,
1760 5790 1920 5847 quam

2052 1933 2116 1987 de
2158 1932 2492 1989 Christianis
2524 1950 2587 1988 ac
2632 1934 2697 1989 de
2743 1934 2983 2000 athletis,
3020 1934 3193 2002 iisque
3219 1934 3312 2003 qui
3348 1950 3433 1986 res
3470 1932 3627 2000 ejus-

2051 2025 2199 2079 modi
2229 2040 2449 2094 gessere
2479 2027 2667 2096 quales
2706 2036 2881 2096 poetae
2908 2027 2974 2081 de
3010 2025 3301 2080 celebratis
3334 2025 3627 2078 hominum

2051 2119 2310 2187 opinione
2354 2118 2460 2171 diis
2484 2119 2791 2188 scripsere,
2818 2134 2924 2173 non
2954 2118 3350 2173 insulsissimus
3390 2117 3629 2185 quisque

2049 2209 2373 2263 existimare
2422 2210 2605 2274 debet,
2659 2213 2763 2266 hoc
2813 2211 3010 2265 ductus
3071 2220 3417 2280 argumento,
3469 2211 3624 2279 quod

2049 2310 2303 2364 mortem,
2356 2314 2477 2368 qua:
2527 2301 2738 2355 videtur
2785 2300 3066 2370 fugienda,
3108 2314 3549 2356 contemnamus.
3602 2320 3622 2350 ρ

2054 2392 2126 2449 Ut
2159 2394 2225 2447 de
2259 2393 2501 2455 athletis,
2522 2393 2593 2447 ita
2628 2403 2682 2448 et
2714 2393 2781 2448 de
2809 2395 3154 2463 philosophis
3182 2391 3634 2463 loquiturJusti-

2048 2498 2198 2539 nus:
2233 2500 2300 2539 ex
2337 2485 2556 2553 opinata
2609 2493 2976 2553 utrorumque
3020 2486 3225 2540 virtute
3271 2485 3323 2539 id
3372 2485 3631 2553 excerpit

2050 2576 2319 2630 commodi
2356 2576 2425 2629 ad
2458 2575 2835 2630 defensionem
2865 2576 3166 2646 religionis,
3199 2587 3257 2631 ut
3285 2577 3374 2645 qui
3401 2577 3467 2629 de
3498 2576 3655 2630 istis.

2046 2668 2351 2723 honorifice
2392 2667 2662 2737 iudicant,
2704 2683 2800 2722 eos
2847 2671 2913 2723 de
2962 2669 3293 2723 Christianis
3341 2683 3449 2723 non
3499 2668 3651 2722 sine.

2045 2774 2254 2814 summa
2295 2759 2585 2829 iniquitate
2621 2760 2915 2815 detrahere
2946 2756 3300 2815 demonstret.

2115 2850 2200 2907 Vl.
2226 2849 2699 2905 Praestantissima
2724 2851 2791 2905 ad
2820 2851 3139 2921 Diognetum
3164 2850 3405 2919 epistola:
3428 2860 3630 2904 auctor

2043 2940 2294 2996 observat
2340 2941 2525 2997 tandiu
2558 2942 2809 2996 homines
2842 2941 2896 2993 in
2930 2955 3146 2995 sutan
3189 2940 3420 2993 miseria:
3464 2949 3628 2992 statu

2045 3033 2265 3087 relictos
2285 3032 2477 3099 fuisse,
2511 3042 2570 3087 ut
2603 3032 2822 3086 tandem
2857 3032 3149 3101 aliquando
3171 3048 3201 3084 a
3227 3031 3370 3085 Filio
3400 3031 3493 3085 Dei
3527 3045 3626 3084 re-

2044 3125 2244 3192 dempti
2282 3123 2582 3178 immeritos
2623 3137 2682 3177 se
2708 3122 2944 3192 gratiam
2988 3122 3266 3190 accepisse
3289 3121 3624 3176 faterentur.

2047 3234 2066 3267 ι
2096 3215 2345 3281 Quandiu
2377 3214 2560 3284 igitur,
2590 3212 2768 3281 inquit
2809 3229 2866 3266 ιι.
2903 3211 2958 3277 8,
2994 3213 3234 3280 prudens
3286 3226 3440 3266 suum
3477 3225 3624 3263 con-

2040 3307 2220 3363 silium
2245 3306 2296 3358 in
2332 3305 2598 3375 mysterio
2633 3305 2927 3370 retinebat,
2962 3305 3230 3366 neglectui
3262 3319 3360 3358 nos
3384 3304 3621 3367 habere,

2040 3401 2352 3467 nullamque
2380 3398 2552 3453 nostri
2595 3412 2781 3451 curam
2815 3413 3007 3468 gerere
3047 3396 3451 3451 videbatur.....
3486 3394 3627 3448 Om-

2039 3490 2127 3543 nia
2169 3490 2332 3559 igitur
2369 3488 2512 3556 apud
2543 3503 2605 3542 se
2632 3488 2844 3543 sciebat
2875 3503 2981 3541 una
3026 3503 3155 3543 cum
3192 3487 3351 3551 Filio,
3391 3500 3621 3541 (neutro-

2038 3580 2178 3634 mica
2233 3594 2330 3634 sua
2374 3578 2629 3633 scientia.
2683 3578 2956 3633 Czeterum
3012 3593 3187 3648 usque
3234 3579 3302 3632 ad
3355 3578 3641 3645 superius

2039 3679 2248 3739 tempus
2266 3671 2393 3725 sivit
2417 3685 2516 3724 nos
2543 3684 2644 3739 pro
2667 3668 2826 3724 libito
2856 3669 3083 3723 incertis
3114 3669 3353 3723 motibus
3384 3668 3615 3737 agitari,

2036 3758 2161 3812 dum
2189 3773 2219 3811 a
2254 3757 2624 3828 voluptatibus
2661 3766 2716 3811 et
2746 3758 3141 3827 cupiditatibus
3173 3757 3479 3812 transversi
3516 3773 3615 3810 ra-

2035 3862 2329 3917 peremur:
2378 3862 2485 3901 non
2536 3848 2757 3918 quidem
2810 3849 2958 3918 quod
3009 3849 3118 3903 ullo
3164 3850 3324 3903 modo
3371 3848 3627 3916 peccatis

2042 3941 2247 3995 nostris
2282 3941 2569 4010 gauderet,
2602 3940 2696 3995 sed
2725 3955 2791 3996 ea
2834 3942 3109 4006 tolerans;
3137 3956 3314 4011 neque
3348 3942 3473 3997 illud
3508 3958 3623 4008 quo

2035 4032 2303 4101 injustitia
2333 4034 2699 4088 exercebatur
2733 4044 2944 4102 tempus
2980 4036 3308 4103 approbatis,
3341 4034 3435 4088 sed
3462 4049 3623 4087 nn-n-

2035 4132 2142 4178 tem
2189 4125 2411 4195 justitia:
2446 4140 2665 4191 creans,
2699 4137 2757 4179 ut
2807 4142 2930 4180 cum
2981 4141 3045 4181 eo
3083 4138 3329 4195 tempore
3368 4125 3620 4180 convicti

2034 4232 2276 4271 essemus
2305 4234 2336 4272 e
2367 4219 2601 4287 propriis
2622 4218 2901 4287 operibus,
2926 4220 3035 4274 vita
3064 4237 3183 4277 esse
3215 4221 3446 4290 indigni,
3485 4231 3619 4273 tunc

2037 4308 2129 4362 Dei
2160 4307 2466 4380 benignitas
2491 4325 2587 4365 nos
2608 4325 2671 4364 ea
2709 4312 3050 4380 dignaretur.
3093 4331 3112 4363 ι

2106 4401 2273 4455 Deum
2306 4403 2579 4457 hominem
2609 4402 2809 4459 factum
2838 4403 3009 4459 fuisse
3030 4404 3223 4473 probat
3246 4418 3315 4457 ex
3342 4402 3484 4456 illius
3515 4404 3620 4453 ad-

1967 4500 2011 4555 D
2043 4503 2232 4548 ventus
2285 4494 2607 4563 dignissimo
2657 4504 3041 4559 monumento,
3083 4494 3326 4548 eordium
3372 4509 3616 4548 conver-

2039 4585 2195 4639 sione
2221 4596 2275 4639 et
2305 4586 2483 4639 stabili
2514 4602 2576 4640 ac
2602 4587 2759 4639 ﬁrma
2781 4586 3018 4654 justitia,
3048 4598 3209 4652 quam
3251 4584 3319 4637 ab
3360 4599 3426 4638 eo
3451 4584 3616 4637 Chri-

2041 4676 2204 4728 stiani
2239 4676 2530 4744 accipiunt.
2560 4674 2837 4732 Observat
2886 4691 2993 4729 non
3027 4674 3337 4729 tninistrum
3370 4673 3621 4741 aliquem.

2039 4778 2133 4819 aut
2162 4767 2416 4835 angelum
2451 4784 2479 4821 a
2515 4768 2622 4822 Deo
2668 4768 2895 4821 missum
2928 4765 3117 4830 fuisse,
3146 4769 3239 4820 sed
3274 4764 3448 4833 ipsum
3480 4765 3607 4834 opi-

2040 4856 2194 4908 licem
2244 4865 2298 4909 et
2345 4855 2658 4911 Creatorem
2703 4856 2965 4910 omnium.
3000 4874 3018 4906 ι
3050 4854 3165 4909 Νοιι
3220 4855 3392 4919 vides,
3436 4856 3614 4923 inquit

2038 4961 2095 5000 ιι.
2129 4946 2180 5009 7,
2214 4961 2323 5014 quo
2355 4948 2537 5015 plures
2566 4946 2849 5015 suppliciis
2896 4946 3226 5010 afﬁciuntur,
3257 4953 3407 4998 tanto
3433 4946 3611 5013 majo-

2039 5053 2153 5091 rem
2187 5039 2418 5092 aliorum
2445 5054 2567 5093 eSse
2604 5039 2926 5093 numerum?
2954 5038 3076 5093 lla’c
3111 5054 3215 5092 non
3250 5038 3503 5092 videntur
3537 5040 3613 5093 ab

2039 5130 2353 5183 hominibus
2384 5128 2502 5183 ﬁeri
2531 5145 2544 5180 :
2579 5129 2694 5181 haec
2742 5130 3008 5182 adventus
3034 5127 3152 5196 ejus
3192 5138 3320 5182 sunt
3363 5129 3562 5183 indicia
3586 5134 3612 5184 ’ὲ

2036 5220 2173 5287 Quis
2201 5222 2346 5273 enim
2389 5236 2455 5273 ex
2484 5220 2795 5274 hominibus
2840 5221 3093 5274 omnibus
3116 5230 3275 5274 norat
3299 5222 3425 5289 quid
3462 5233 3612 5276 esset

2039 5316 2205 5379 Deus,
2235 5313 2552 5383 priusquam
2578 5313 2692 5382 ipse
2724 5312 3009 5367 venisset?
3042 5333 3059 5365 ι
3098 5313 3193 5368 Dei
3222 5313 3486 5369 voluntati
3515 5330 3612 5369 ac-

2036 5418 2249 5478 ceptum
2306 5407 2475 5460 refert
2525 5404 2791 5474 quidquid
2848 5404 3006 5459 nobis
3081 5405 3224 5459 inest
3291 5405 3601 5460 charitatis.

2034 5500 2326 5566 Postquam
2372 5506 2575 5558 autem,
2615 5492 2811 5561 inquit,
2844 5508 2898 5545 ιι.
2932 5492 3020 5556 10,
3049 5492 3196 5545 illum
3240 5492 3594 5559 cognoveris,

2035 5597 2233 5657 quanta
2262 5596 2312 5641 te
2339 5586 2617 5655 impletum
2645 5584 2710 5638 iri
2739 5583 2925 5637 Itetitia
2956 5582 3274 5637 existimas?
3296 5583 3404 5634 Aut
3429 5597 3606 5650 quan-

2039 5694 2148 5735 tum
2176 5678 2366 5747 diliges
2413 5692 2535 5731 eum
2590 5676 2680 5744 qui
2730 5674 2877 5743 prior
2928 5685 2978 5728 te
3025 5677 3097 5728 ita
3145 5672 3607 5727 dilexerit?Cum

2035 5780 2215 5828 autem
2240 5770 2464 5839 diligere
2495 5768 2752 5836 cu'peris,
2799 5768 3041 5825 imitator
3093 5765 3445 5837 benignitatis
3477 5764 3605 5833 ritis
