3932 6258
183 524 302 579 eris.
337 523 414 576 Ac
453 536 532 574 ne
582 495 1068 584 mirerisiposse
1115 507 1383 566 hominem
1427 515 1549 555 esse
1579 492 1820 549 imitato-

188 631 294 674 rem
318 613 437 668 Dei.
471 613 678 665 Potest
713 627 786 665 eo
813 610 1089 663 volente.
1137 629 1155 658 ι

257 709 551 768 Tatianus,
611 704 718 774 qui
769 703 1044 757 nondum
1096 703 1373 764 acceptam
1418 706 1447 743 a
1500 686 1559 740 S.
1605 680 1821 736 Justino

205 803 496 860 doctrinam
528 800 903 868 proiecerat,
947 810 1083 850 cum
1123 787 1347 858 scripsit
1386 783 1646 836 adversus
1686 790 1820 843 gen-

210 897 336 960 tiles,
364 896 430 948 de
463 893 691 947 auxilio
722 892 989 960 Spiritus
1015 887 1222 947 sancti,
1248 891 1408 949 quem
1439 888 1468 927 a
1493 874 1608 928 Deo
1640 871 1825 923 incar-

221 1004 333 1046 ιιιιο
352 987 700 1056 accipimus,
739 985 1024 1038 nonnulla
1059 981 1302 1042 disserit,
1350 988 1468 1043 quae
1494 967 1824 1040 praetermit-

226 1082 366 1137 tenda
407 1081 514 1135 hoc.
552 1079 690 1132 loco
737 1093 855 1130 non
890 1076 1176 1127 videntur.
1219 1089 1237 1120 ι
1272 1069 1375 1122 Per
1404 1080 1462 1119 se
1501 1062 1708 1124 anima,
1742 1059 1824 1108 iu-

230 1175 333 1246 quit
371 1189 523 1227 num.
562 1170 662 1236 1³5,
697 1169 845 1223 nihil
883 1167 1030 1220 aliud
1076 1173 1164 1217 est
1213 1175 1377 1230 quam
1431 1155 1688 1216 tenehrm,
1725 1164 1824 1201 nec

231 1270 514 1341 quidquam
545 1266 608 1318 in
663 1277 737 1318 ea
779 1260 1153 1315 luminosum.
1187 1255 1367 1321 Atque
1412 1249 1464 1302 id
1517 1247 1692 1316 ipsum
1740 1250 1826 1296 est

233 1336 364 1432 quod
413 1357 622 1411 dicitur
670 1373 687 1410 :
738 1352 1001 1407 Tenebris
1041 1349 1212 1401 lucem
1264 1360 1368 1396 non
1415 1336 1825 1406 comprehende-

235 1465 347 1507 rut
370 1451 433 1502 ".
475 1447 679 1516 Neque
733 1445 893 1499 enim
928 1441 1111 1496 anitna
1141 1437 1394 1508 spiritum
1428 1434 1691 1500 servavit,
1732 1432 1824 1485 sed

240 1547 300 1598 ab
324 1560 387 1597 eo
415 1551 642 1596 servata
671 1546 770 1591 est
797 1545 858 1590 et
898 1534 997 1587 lux
1029 1533 1287 1586 tenebras
1315 1525 1700 1597 apprehendit.
1732 1524 1824 1577 Est

237 1649 406 1691 autem
448 1633 704 1688 Verbum
739 1628 933 1682 divina
976 1624 1107 1688 lux;
1137 1622 1374 1676 tenebrae
1410 1633 1542 1671 vero
1573 1616 1824 1686 imperita

237 1731 431 1780 anitua.
465 1726 843 1791 Quapropter
886 1719 931 1772 si
966 1719 1131 1786 degat
1175 1713 1446 1774 solitaria,
1472 1711 1726 1764 deorsum
1760 1707 1824 1758 ad

235 1820 514 1876 materiam
543 1815 760 1884 vergit,
793 1827 904 1866 una
936 1820 1266 1872 cum.carne
1298 1807 1558 1857 moriens.
1587 1801 1720 1853 Cum
1744 1797 1828 1850 di-
1859 1826 1901 1879 Β

234 1915 353 1968 vino
386 1924 575 1966 autem
636 1907 862 1976 Spiritu
913 1902 1186 1972 copulata,
1237 1913 1343 1951 non
1388 1905 1542 1951 caret
1583 1893 1821 1955 auxilio;

233 2011 321 2064 sed
372 2022 437 2060 eo
481 2002 753 2058 ascendit
807 2013 917 2068 quo
966 1995 1260 2050 deducitur
1305 2007 1334 2044 a
1375 1988 1607 2052 Spiritu.
1657 1985 1828 2049 Hujus

232 2103 366 2155 enim
392 2101 560 2154 sedes
593 2098 655 2150 in
690 2093 954 2161 supernis
981 2107 996 2154 ;
1023 2089 1170 2143 illius
1201 2086 1486 2156 generatio
1517 2083 1570 2136 in
1603 2079 1829 2135 inferio-

232 2194 374 2246 ribus
407 2192 573 2244 locis.
615 2191 702 2240 Ac
729 2185 895 2239 initio
927 2182 1153 2250 quidem
1190 2177 1423 2247 spiritus
1457 2175 1656 2228 anima:
1687 2186 1826 2225 con-

231 2287 403 2337 victor
432 2291 582 2343 erat,
613 2279 720 2333 sed
751 2291 880 2330 eam
910 2274 1062 2342 sequi
1091 2271 1364 2326 nolentem
1395 2263 1659 2319 deseruit.
1693 2281 1709 2312 ι
1739 2261 1828 2322 Ει,

232 2393 282 2429 ιι.
327 2376 442 2429 15ε
483 2391 505 2423 ι
540 2374 623 2425 Ac
675 2370 808 2423 talis
852 2367 1074 2438 quidem
1125 2373 1335 2416 natura:
1385 2357 1638 2427 species,
1687 2353 1730 2406 si
1773 2366 1832 2407 se

233 2461 612 2532 tostartempli
654 2460 894 2521 habeat,
917 2451 1300 2510 libenterillud
1335 2449 1527 2505 incolit
1560 2451 1704 2504 Deus
1736 2462 1831 2516 per

232 2559 461 2626 legatum
504 2551 824 2621 Spiritum.
852 2548 911 2603 Si
944 2565 1074 2602 vero
1106 2547 1213 2600 tale
1245 2561 1352 2600 non
1380 2542 1548 2595 fuerit
1573 2541 1832 2596 taberna-

233 2651 423 2716 culum,
457 2655 704 2720 praestat
743 2645 914 2699 homo
950 2641 1149 2693 belluis
1179 2637 1293 2693 sola
1339 2651 1472 2691 voce
1499 2633 1828 2695 articulata;

233 2754 421 2797 cetera
445 2755 590 2795 vero
623 2737 879 2805 ejusdem
912 2745 999 2790 est
1022 2748 1087 2786 ac
1109 2731 1213 2784 illae
1247 2728 1459 2782 vivendi
1492 2726 1744 2788 rationis,
1774 2733 1833 2777 ut

238 2838 324 2908 qui
353 2852 456 2891 non
490 2835 571 2888 sit
608 2830 927 2886 similitudo
967 2828 1086 2880 Dei.
1115 2847 1134 2879 ι
1164 2827 1252 2890 Ει,
1280 2842 1335 2877 ιι.
1366 2819 1436 2873 20
1464 2837 1476 2872 :
1503 2837 1521 2869 ι
1553 2817 1665 2870 Aha
1686 2815 1832 2869 enim

239 2940 390 2984 erant
421 2929 635 2981 anima:
669 2923 917 2992 Spiritus
949 2930 1194 2982 sanctus,
1216 2934 1376 2988 quem
1395 2928 1521 2966 cum
1557 2908 1832 2978 peccando

237 3023 581 3091 projecisset,
629 3017 844 3072 volavit
903 3015 1082 3068 instar
1125 3011 1255 3080 pulli
1296 3020 1350 3064 et
1393 3007 1543 3064 humi
1591 3003 1830 3065 decidit;

236 3116 439 3170 cdesti
473 3122 675 3166 autem
730 3108 994 3163 convictu
1045 3105 1265 3172 delapsa
1323 3100 1643 3155 inferiorum
1673 3111 1834 3149 com-

241 3209 498 3262 mercium
523 3203 928 3273 appetivit.....
957 3198 1146 3252 Potest
1170 3205 1350 3251 autem
1378 3191 1626 3263 quisquis
1659 3189 1836 3244 nudus

241 3314 320 3356 est
355 3304 458 3355 hoc
506 3305 920 3353 ornamentum
960 3291 1221 3360 consequi
1256 3300 1310 3342 et
1357 3289 1423 3341 ad
1470 3295 1712 3340 veterem
1746 3298 1836 3336 co,-

244 3394 551 3464 guationem
576 3389 794 3446 redire.
817 3408 837 3440 ι

850 3497 1083 3556 CAPUT
1115 3495 1254 3553 Vill.

253 3614 580 3683 Expendit”
618 3611 684 3664 S.
713 3607 924 3683 Justini
950 3604 1139 3683 agendi
1172 3604 1308 3655 ratio
1332 3615 1472 3683 "cum
1503 3593 1825 3652 Christianis

638 3683 823 3734 adhuc
856 3678 1020 3746 legem
1051 3672 1462 3727 observantibus.

1862 3159 1907 3215 C

260 3792 294 3840 l.
315 3788 655 3842 Communicat
672 3797 790 3833 cum
810 3783 892 3830 his
912 3776 1197 3842 hominibus
1220 3772 1463 3842 Justinus,
1477 3770 1568 3818 sed
1585 3770 1846 3817 cautiones

316 3836 528 3901 adhibet.
555 3848 621 3897 ll.
649 3847 791 3895 Hanc
811 3844 1072 3892 tenuitatem
1100 3838 1256 3899 ipsum
1279 3837 1428 3901 etiam
1453 3841 1649 3893 tempus
1671 3836 1840 3892 postu-

316 3900 456 3962 labat.
484 3911 573 3962 lll.
601 3909 714 3958 Non
733 3907 873 3954 solus
893 3906 960 3953 ita
988 3903 1147 3951 sensit
1169 3900 1409 3948 Justinus.

327 4023 364 4075 l.
393 4021 492 4088 Qui
535 4017 823 4074 Iustinum
857 4027 985 4066 cum
1029 4004 1301 4062 Ebionitis
1330 3999 1533 4056 Christi
1587 3998 1842 4052 divinita-

269 4128 363 4170 tem
391 4113 722 4184 negantibus
751 4121 942 4178 pacem
995 4113 1050 4157 et
1081 4096 1518 4155 communionem
1554 4093 1758 4147 fovisse
1788 4098 1842 4144 et

272 4210 548 4263 furendam
596 4202 958 4258 existimasse
991 4197 1202 4255 volunt,
1236 4191 1319 4244 his
1357 4189 1492 4243 satis
1521 4198 1841 4251 responsum

273 4313 346 4357 est
368 4302 419 4354 in
441 4293 935 4353 observationibus
963 4288 1029 4340 ad
1063 4305 1120 4339 ιι.
1157 4284 1226 4338 48
1257 4280 1497 4351 Dialoqi,
1537 4278 1625 4331 vel
1660 4275 1841 4346 potius

273 4397 397 4448 satis
418 4407 512 4448 eos
564 4386 771 4443 refellit
802 4383 978 4453 ipsius
1015 4381 1143 4441 loci,
1174 4392 1281 4446 quo
1327 4375 1718 4433 abolebantur,
1753 4383 1845 4421 ac-

1256 379 1316 435 D.
1353 369 1617 432 ιιΑιιΑΝι
1655 320 2051 421 ΡιιιειτΑ-ιιο.
2089 388 2155 397 -
2190 353 2370 407 rans
2405 350 2470 407 ιι.

3420 341 3500 398 σε

1850 490 1897 546 Α
1925 495 2070 540 stum
2111 479 2459 540 cruciﬁxum,
2489 483 2854 545 agnoscentes
2896 486 3021 527 eum
3059 485 3181 526 esse
3211 469 3492 526 Christum

1925 577 2044 639 Dei.
2074 576 2233 642 eique
2264 574 2453 625 datum
2485 582 2611 623 esse
2640 581 2833 622 omnes
2859 566 3082 620 omnino
3115 561 3392 628 judicare,
3427 577 3498 616 ac

1926 687 2154 743 regnum
2193 668 2310 735 ejus
2339 681 2460 720 esse
2487 664 2915 732 sempiternum;
2948 676 3015 712 an
3043 659 3079 711 ii
3109 672 3325 725 quoque
3356 655 3492 710 salvi

1923 780 2043 820 esse
2075 760 2338 833 possunt?
2378 779 2396 811 ι
2440 758 2562 812 Visa
2597 764 2684 809 est
2713 752 2946 822 quaestio
2984 750 3043 803 S.
3096 747 3323 817 martyri
3385 760 3492 799 non

1925 861 2102 915 facilis
2151 859 2214 910 ad
2268 854 2630 910 solvendum:
2674 847 3098 904 examinandum
3149 857 3276 897 esse
3335 849 3494 909 putat

1926 964 2110 1007 utrum
2139 950 2254 1002 haec
2282 947 2416 1017 legis
2434 942 2747 999 observatio
2770 941 2839 993 ab
2862 937 3235 992 imbecillitate
3254 931 3496 1002 quadam

1927 1045 2092 1100 animi
2121 1042 2525 1112 proﬁciscatur,
2556 1053 2623 1089 an
2669 1050 2698 1086 a
2729 1033 2895 1088 stulta
2927 1029 3180 1100 opinione
3219 1025 3377 1096 quasi
3409 1023 3497 1078 lex

1927 1138 2236 1193 necessaria
2285 1135 2358 1187 sit
2403 1131 2470 1184 ad
2516 1129 2770 1183 salutem.
2801 1125 2984 1191 Quare
3021 1120 3262 1176 breviter
3301 1115 3501 1186 repetit

1925 1230 2070 1298 quod
2126 1227 2372 1296 pluribus
2419 1232 2580 1278 antea
2628 1221 3002 1279 disseruerat,
3053 1213 3190 1282 legis
3239 1209 3500 1265 Mosaicae.

1928 1328 2201 1390 praecepta
2225 1319 2296 1372 ob
2340 1315 2605 1370 duritiam
2650 1309 2833 1366 cordis
2879 1306 3194 1362 Iudaeorum
3240 1302 3501 1356 instituta.

1928 1426 2073 1473 esse,
2106 1417 2165 1463 ut
2210 1407 2377 1460 variis
2417 1407 2570 1459 hisce
2590 1403 2753 1457 rebus
2788 1397 3059 1455 admoniti
3087 1396 3255 1448 Deum
3281 1406 3498 1458 semper

1928 1516 2058 1559 ante
2082 1502 2272 1559 oculos
2315 1500 2604 1562 haberent,
2655 1499 2750 1552 sed
2783 1510 2851 1550 ne
2901 1494 2983 1548 sic
3029 1491 3248 1561 quidem
3297 1486 3424 1542 illos
3468 1500 3499 1538 a

1928 1599 2346 1652 simulacrorum
2381 1594 2528 1648 cultu
2561 1599 2843 1646 revocatos
2873 1587 3078 1641 fuisse:
3126 1593 3318 1637 contra
3344 1577 3504 1633 Chri-

1930 1695 2139 1746 stianos
2175 1705 2240 1743 ne
2271 1689 2337 1742 iis
2368 1688 2704 1748 sacriﬁcent,
2750 1682 2946 1750 quibus
2973 1678 3102 1732 olim
3145 1673 3498 1728 sacriﬁcave-

1933 1795 2075 1844 rant.
2112 1793 2358 1836 extrema
2383 1777 2647 1846 supplicia
2671 1773 2937 1844 perferre,
2968 1780 3022 1824 et
3047 1781 3369 1837 persuasum
3402 1762 3501 1816 ha-

1931 1882 2078 1939 bere,
2110 1892 2226 1945 qua:
2262 1874 2322 1926 ob
2366 1871 2622 1924 duritiam
2671 1867 2846 1921 cordis
2888 1864 3203 1917 Iudaeorum
3247 1858 3496 1912 instituta

1929 1985 2072 2034 sunt,
2104 1988 2164 2025 ea
2207 1969 2334 2023 nihil
2381 1967 2449 2019 ad
2471 1962 2703 2034 justitia:
2742 1969 2792 2012 et
2817 1956 3032 2022 pietatis
3073 1951 3486 2008 observationem

1931 2064 2190 2131 conferre.

2003 2154 2138 2208 Tum
2158 2151 2377 2220 Trypho
2403 2165 2415 2201 :
2443 2166 2465 2199 ε
2493 2147 2556 2201 Si
2577 2145 2698 2214 quis
2719 2144 2834 2197 haec
2860 2142 2934 2195 ita
2965 2154 3024 2193 se
3051 2137 3256 2192 habere
3289 2131 3495 2194 sciens,

1933 2256 2294 2317 pneterquatn
2343 2241 2488 2309 quod
2539 2239 2683 2292 hunc
2725 2234 3004 2290 Christum
3049 2244 3168 2284 esse
3226 2231 3489 2296 agnoscat

1933 2344 2091 2411 eique
2142 2338 2397 2391 videlicet
2453 2331 2644 2387 credat
2699 2334 2755 2383 et
2807 2325 3063 2388 obediat,
3113 2323 3231 2376 haec
3287 2332 3504 2389 quoque

1935 2435 2184 2489 instituta
2219 2441 2442 2484 servare
2481 2423 2749 2486 voluerit;
2780 2430 2957 2474 utrum
2987 2417 3032 2472 is
3075 2413 3376 2469 salvabitur
3398 2411 3424 2464 τ
3459 2427 3480 2462 ι

2007 2527 2093 2581 Sic
2146 2521 2437 2589 respondet
2479 2516 2730 2572 Justinus
2768 2529 2782 2566 :
2818 2530 2836 2563 ι
2884 2509 2952 2565 Ut
2993 2507 3126 2562 mihi
3159 2506 3379 2574 quidem
3422 2502 3504 2556 vi-

1933 2622 2112 2682 detur,
2144 2633 2176 2673 ο
2206 2615 2450 2686 Trypho,
2492 2608 2763 2680 ejusmodi
2803 2606 3083 2660 hominem
3129 2600 3336 2654 salvum
3384 2596 3505 2651 dico

1936 2717 2212 2775 futurum;
2242 2711 2289 2763 si
2329 2707 2486 2761 modo
2514 2703 2732 2759 caneris
2757 2699 3092 2758 hominibus.
3127 2697 3177 2749 id
3207 2703 3292 2748 est
3321 2692 3388 2746 iis
3412 2690 3504 2760 qui

1935 2822 2004 2859 ex
2043 2801 2296 2874 gentibus
2357 2813 2455 2868 per
2506 2795 2785 2850 Christum
2833 2792 2899 2845 ab
2943 2803 3133 2844 errore
3193 2782 3502 2840 circumcisi

1937 2905 2087 2959 sunt,
2131 2893 2356 2948 omnino
2393 2889 2728 2959 persuadere
2771 2899 2879 2938 non
2922 2891 3174 2944 conetur,
3223 2887 3282 2931 ut
3314 2875 3503 2931 eadem

1938 3005 2002 3044 ac
2030 2990 2145 3056 ipse
2167 2986 2483 3041 observent.
2518 2979 2688 3047 Quale
2714 2986 2796 3032 est
2833 2977 2978 3045 quod
3014 2985 3069 3028 et
3091 2971 3246 3024 initio
3271 2970 3487 3036 disputa

1941 3081 2104 3135 tionis
2132 3078 2401 3138 faciebas,
2450 3088 2574 3129 cum
2609 3070 2995 3141 pronuntiares
3022 3065 3235 3122 salvum
3271 3077 3357 3118 me
3401 3077 3509 3116 non

1939 3173 2209 3235 futurum,
2239 3171 2342 3225 nisi
2371 3171 2487 3223 hinc
2513 3167 2885 3221 observarem.
2921 3181 2942 3213 ι

2010 3266 2245 3320 Rursum
2295 3262 2378 3318 sic
2428 3261 2734 3328 interrogat
2770 3256 2992 3325 Trypho
3036 3268 3051 3305 :
3104 3270 3123 3303 ι
3165 3251 3276 3306 Cur
3335 3249 3505 3319 igitur

1939 3359 2120 3413 dixisti
2157 3375 2170 3410 :
2202 3355 2274 3409 Ut
2321 3354 2448 3407 mihi
2490 3352 2700 3422 quidem
2736 3349 2963 3410 videtur,
3039 3343 3215 3398 salvus
3249 3343 3368 3406 erit,
3401 3339 3510 3393 nisi

1937 3448 2065 3518 quia
2099 3454 2245 3508 sunt,
2279 3443 2371 3512 qui
2422 3441 2558 3494 tales
2597 3446 2798 3506 negent
2835 3435 3014 3489 salvos
3052 3431 3267 3485 futuros
3296 3429 3320 3480 ?
3351 3448 3369 3478 ι
3404 3425 3512 3480 Re-

1882 3586 1885 3587 ν
1942 3516 2175 3609 spondet
2208 3535 2460 3590 Justinus
2491 3547 2506 3583 :
2543 3549 2560 3581 ι
2595 3530 2756 3592 Sunt,
2789 3527 3033 3595 inquam,
3061 3537 3093 3577 ο
3117 3519 3360 3588 Trypho,
3389 3516 3513 3587 qui-

1940 3648 2048 3703 que
2085 3645 2208 3686 cum
2240 3629 2320 3682 eis
2364 3640 2466 3680 nec
2509 3620 2802 3685 sermonis,
2841 3633 2946 3673 nec
2994 3611 3214 3681 hospitii
3263 3623 3513 3665 counnu-

1943 3728 2107 3782 nione
2132 3719 2385 3790 conjungi
2414 3717 2652 3772 audeant
2677 3731 2692 3781 ;
2721 3710 2922 3782 quibus
2949 3721 3053 3777 ego
3079 3719 3184 3759 non
3203 3699 3477 3756 assentior
3497 3742 3509 3752 .

1941 3819 2033 3874 sed
2091 3817 2136 3870 si
2183 3814 2254 3868 ob
2302 3809 2473 3865 animi
2522 3805 2905 3862 inﬁrmitatem
2959 3798 3127 3853 etiam
3176 3805 3516 3863 quaecunque

1941 3928 2085 3968 nunc
2116 3915 2343 3980 possunt
2369 3920 2438 3958 ex
2470 3903 2558 3965 iis,
2583 3914 2705 3969 qua:
2744 3913 2774 3951 a
2800 3893 2949 3950 Mose
2999 3899 3222 3962 propter
3254 3885 3515 3943 duritiam

1942 3978 2130 4059 cordis
2155 3997 2337 4069 populi
2383 3994 2638 4048 instituta
2679 3987 2952 4050 novimus,
2996 3998 3119 4037 cum
3154 3994 3249 4049 spe
3283 3978 3336 4031 in
3373 3979 3517 4030 hunc

1943 4068 2220 4151 Christum
2248 4097 2302 4144 et
2353 4095 2686 4142 aeternorum
2716 4094 2780 4133 ac
2816 4075 3148 4132 naturalium
3175 4068 3408 4140 justitia:
3457 4075 3515 4120 et

1945 4182 2167 4254 pietatis
2195 4186 2596 4250 praeceptorum
2639 4171 3026 4227 observatione
3056 4162 3393 4232 conjungere
3416 4173 3515 4212 vo-

1945 4251 2189 4338 luerint;
2222 4270 2384 4327 modo
2421 4283 2543 4322 cum
2587 4261 2919 4319 Christianis
2944 4267 2999 4314 et
3051 4256 3300 4312 ﬁdelibus
3333 4251 3519 4304 vivere

1946 4385 2052 4424 non
2086 4373 2361 4427 recusent,
2388 4375 2494 4415 nec
2520 4359 2607 4422 iis,
2641 4365 2700 4412 ut
2726 4357 2842 4425 jatn
2871 4352 3004 4416 dixi,
3039 4351 3329 4412 suadeant,
3359 4355 3418 4400 ut
3444 4346 3520 4400 si-

275 4487 504 4540 curatior
527 4497 697 4552 quam
728 4480 780 4531 in
816 4472 1192 4543 superioribus
1218 4466 1548 4523 editionibus
1579 4461 1844 4526 interpre-
1873 4491 1920 4545 Β
1951 4463 2152 4516 militet
2182 4474 2246 4512 ac
2275 4456 2376 4526 ipsi
2407 4451 2893 4512 circumcidamur,
2923 4455 3017 4500 aut
3058 4443 3296 4499 sabbata
3330 4449 3386 4495 et
3413 4439 3519 4492 alia

279 4581 422 4633 tatio.
455 4551 616 4642 Quod
648 4582 836 4626 autem
883 4576 1098 4636 spectat
1132 4564 1197 4617 ad
1233 4577 1348 4621 eos,
1375 4559 1466 4627 qui
1497 4570 1527 4608 e
1552 4551 1844 4608 circumci-

276 4673 418 4725 sione
438 4671 506 4722 ad
535 4665 823 4721 Christum
844 4657 1117 4718 conversi,
1150 4652 1406 4707 nonnulla
1430 4648 1653 4704 Judaica
1690 4644 1848 4698 insti-

280 4774 380 4815 tuta
412 4777 538 4815 cum
580 4763 839 4811 accurata
877 4752 929 4805 in
964 4749 1240 4804 Christum
1281 4743 1569 4798 Dominum
1602 4735 1848 4804 lidejun-

277 4856 500 4923 gebant;
534 4852 635 4904 hos
657 4853 870 4901 constat
890 4859 920 4896 a
939 4842 998 4895 S.
1020 4847 1258 4908 martyre
1277 4833 1508 4902 rejectos
1531 4846 1636 4885 non
1656 4828 1846 4880 fuisse.

279 4947 384 5000 Non
418 4958 601 4999 tamen
627 4936 1037 5008 vituperabitur
1071 4945 1329 4985 concessa
1362 4921 1852 4981 inﬁrmishomini-

280 5044 372 5095 bus
398 5040 579 5098 venia,
597 5037 643 5091 si
671 5032 1088 5088 consideremus
1105 5041 1228 5080 cum
1258 5018 1623 5082 Tillemontio,
1655 5015 1851 5084 quibus

279 5147 389 5184 eam
420 5128 673 5184 Justinus
710 5119 1128 5178 conditionibus
1185 5114 1506 5180 restringat,
1540 5121 1768 5177 quaeque
1797 5105 1850 5157 in

281 5225 518 5278 Ecclesia
553 5222 620 5274 de
654 5216 919 5286 ejusmodi
972 5210 1283 5265 hominibus
1324 5202 1533 5276 judicia
1566 5211 1661 5254 aut
1688 5197 1850 5269 paulo

283 5328 403 5370 ante
430 5313 704 5368 Justinum
735 5310 878 5364 facta
930 5303 1189 5366 fuissent,
1232 5308 1325 5354 aut
1376 5306 1504 5352 tunc
1554 5295 1718 5351 etiam
1754 5293 1854 5346 lie-

284 5421 413 5461 rant.

348 5497 625 5552 Justinum
657 5497 732 5550 sic
764 5495 1090 5556 interrogat
1117 5486 1355 5558 Trypho,
1381 5501 1438 5537 ιι.
1467 5482 1537 5536 46
1568 5498 1581 5534 :
1616 5497 1635 5532 ι
1675 5480 1732 5535 Si
1761 5477 1856 5548 qui

288 5600 481 5651 autem,
507 5587 695 5656 inquit,
713 5587 1038 5642 etiamnum
1073 5577 1144 5630 ita
1167 5579 1346 5632 vivere
1368 5576 1556 5638 velint,
1584 5584 1644 5627 ut
1667 5572 1866 5642 Moysis

291 5682 529 5733 instituta
567 5688 790 5746 servent,
815 5688 878 5736 et
920 5670 1166 5729 credant
1207 5669 1258 5725 in
1297 5670 1440 5725 hunc
1483 5665 1666 5722 Jesum
1703 5662 1859 5719 Chri-

362 5837 406 5871 “
440 5833 568 5891 Joan
621 5838 668 5904 Ι,
688 5837 732 5893 5.

1948 4550 2212 4622 ejusmodi
2242 4546 2572 4608 custodiant,
2598 4558 2692 4596 eos
2717 4539 3095 4608 suscipiendos
3126 4550 3269 4598 esse,
3297 4541 3353 4588 et
3391 4546 3514 4585 cum

1950 4644 2017 4698 iis
2047 4642 2287 4696 omnium
2318 4653 2502 4693 rerum
2536 4633 3001 4694 communionem,
3041 4641 3099 4682 ut
3131 4643 3252 4682 cum
3285 4619 3536 4678 homini?

1949 4736 2052 4791 bus
2075 4734 2264 4789 eodem
2293 4731 2452 4785 modo
2481 4726 2692 4782 allectis
2716 4735 2772 4779 et
2801 4723 3064 4777 fratribus
3086 4717 3373 4775 tenendam
3398 4729 3522 4769 esse

1951 4842 2174 4882 censeo.
2211 4845 2228 4876 ι
2269 4825 2324 4878 Si
2359 4839 2495 4892 quos
2537 4831 2715 4874 tamen
2759 4832 2826 4871 ex
2878 4813 3210 4870 Christianis
3249 4808 3419 4863 Judaei
3455 4808 3522 4860 ad

1954 4920 2126 4988 legem
2160 4916 2279 4970 ﬁdei
2304 4913 2604 4968 addendam
2639 4908 2990 4969 adduxerint,
3029 4920 3240 4964 eorum,
3281 4901 3372 4970 qui
3404 4899 3523 4954 ΐιιιι⁸

1956 5013 2068 5066 rint
2096 5007 2331 5076 decepti,
2390 5006 2622 5058 salutem
2687 5017 2793 5055 non
2837 4998 3055 5054 omnino
3094 4990 3521 5063 desperatuQni

1955 5122 2085 5162 vero
2108 5106 2175 5159 ab
2192 5103 2271 5157 eis
2303 5101 2368 5154 ad
2399 5101 2532 5168 legis
2561 5095 2993 5152 observationem
3027 5105 3151 5145 cum
3177 5087 3523 5142 CODfCSSIUIle

1957 5201 2011 5253 in
2041 5196 2317 5252 Christum
2345 5193 2441 5246 Dei
2467 5189 2896 5258 conjungendam
2924 5181 3144 5237 adducti
3171 5178 3392 5239 fuerint,
3426 5193 3523 5231 eos

1958 5289 2192 5345 forsitan
2219 5287 2381 5341 etiam
2409 5283 2638 5338 salutem
2666 5281 2960 5348 adepturos
2984 5274 3249 5342 suspicor.
3286 5289 3305 5322 ι
3328 5268 3525 5337 Liquet

1958 5398 1989 5437 a
2024 5380 2242 5436 Justino
2282 5379 2370 5444 iis,
2412 5391 2551 5446 quos
2591 5385 2650 5428 ut
2699 5371 2901 5425 fratres
2948 5367 3248 5436 diligendos
3293 5372 3346 5416 et
3375 5359 3522 5416 omni

1959 5473 2240 5530 charitatis
2257 5486 2316 5527 ac
2335 5464 2729 5524 communionis
2744 5459 3134 5531 signiﬁcatione
3150 5452 3526 5511 devinciendos

1960 5575 2133 5638 putat,
2154 5565 2287 5618 duas
2319 5557 2715 5626 tamenimponi
2746 5553 3106 5610 conditiones.
3136 5548 3314 5602 Prima
3356 5554 3438 5600 est
3468 5553 3526 5598 ut

1963 5675 2030 5716 ne
2058 5660 2227 5732 legem
2244 5657 2308 5712 ad
2327 5655 2552 5712 salutem
2575 5647 2934 5706 necessariam
2950 5643 3282 5703 existiment.
3307 5640 3406 5694 Dat
3423 5636 3526 5692 illis
