3932 6258
427 335 498 393 63
1355 337 1413 395 s.
1451 335 1786 393 JUSTINUS
1816 328 2299 388 PHILOSOPHth
2337 328 2425 384 ET
2457 327 2767 384 MARTYR.

3683 328 3726 383 6
3731 330 3776 385 λι.

428 455 666 518 veniam,
698 455 743 509 si
771 457 832 511 ob
857 457 1023 512 animi
1048 455 1459 511 imbecillitatem
1486 457 1662 525 legem
1690 455 2004 514 observent;
2036 453 2081 509 Α
2111 451 2274 502 etiam
2330 447 2746 518 Scripturarum
2786 445 3119 501 auctoritate
3153 445 3539 503 declinandos
3575 465 3594 512 ;
3633 447 3767 501 hu-

429 563 586 602 secus
611 564 761 614 vero,
788 552 833 606 si
863 566 1014 620 spem
1045 566 1200 605 suam
1231 552 1284 604 in
1305 551 1563 606 Mosaicis
1591 550 1875 612 institutis,
1897 564 2002 602 non

427 639 484 691 in
511 637 714 693 Christi
749 641 1014 711 sanguine
1053 643 1412 696 constituant.
1459 642 1579 711 lpse
1612 642 1835 712 Trypho
1863 643 2004 696 hanc

427 731 798 787 conditionem
826 745 1145 802 acceperat;
1175 751 1298 789 nam
1331 752 1454 789 cum
1483 736 1710 790 dixisset
1731 735 1999 797 Justinus,

424 836 544 889 qua:
573 822 643 874 ad
670 825 926 878 duritiam
953 827 1126 879 cordis
1149 828 1390 880 instituta
1415 838 1558 889 sunt,
1593 828 1728 880 nihil
1751 831 1817 881 ad
1839 827 2003 896 justi-

427 913 519 966 tiaz
553 924 601 966 et
630 917 842 982 pietatis
887 918 1294 972 observationem
1325 920 1602 988 conferre;
1646 921 1727 973 sic
1760 936 1881 973 eum
1906 936 2004 974 ex-

426 1004 560 1073 cipit
591 1006 809 1076 Trypho
842 1027 856 1064 :
891 1009 1032 1074 Quid
1065 1013 1111 1063 si
1147 1017 1288 1081 quis,
1314 1031 1432 1066 cum
1466 1017 1582 1066 hwc
1606 1015 1680 1065 ita
1711 1030 1766 1066 se
1811 1014 2002 1067 habere

424 1099 583 1163 sciat,
609 1107 716 1153 etc.
742 1100 929 1155 Altera
959 1104 1200 1156 conditio
1231 1114 1314 1158 est
1343 1116 1400 1157 ut
1423 1104 1594 1158 Judaei
1623 1105 1690 1159 ad
1721 1105 2000 1159 Christum

425 1195 678 1244 conversi
710 1194 962 1262 aequabili
1007 1194 1133 1262 jure
1161 1210 1284 1249 cum
1322 1197 1654 1252 Christianis
1700 1198 2001 1252 incircum-

424 1282 554 1335 cisis
578 1283 782 1347 vivant,
813 1299 913 1339 nec
935 1301 1261 1355 quemquam
1295 1287 1363 1340 ad
1391 1288 1528 1356 legis
1553 1289 2000 1342 observationem

423 1372 800 1428 adhortentur.
832 1376 1196 1442 Quamobrem
1231 1394 1336 1432 non
1367 1388 1570 1434 temere
1608 1381 1660 1432 in
1688 1380 1828 1434 hanc
1871 1397 1999 1435 sen-

424 1464 650 1517 tentiam
693 1467 960 1521 addnctus
991 1477 1073 1522 est
1095 1467 1366 1531 Justinus,
1399 1471 1491 1523 sed
1536 1470 1668 1523 inita
1696 1472 2000 1525 subducta-

423 1570 532 1621 que
579 1557 812 1622 ratione,
855 1575 954 1613 nec
997 1560 1114 1614 sine
1152 1561 1459 1629 provisione
1502 1565 1999 1628 incommodorum,

423 1662 544 1714 quae
576 1663 640 1702 ex
671 1665 732 1704 ea
767 1654 1029 1720 consequi
1060 1665 1340 1722 poterant.

497 1741 557 1794 ll.
585 1742 712 1805 Sed,
735 1746 876 1810 quod
903 1743 1177 1798 Justinum
1210 1749 1447 1802 maxime
1479 1759 1706 1815 tutatur,
1737 1764 1846 1805 tum
1875 1769 1996 1807 cmn

430 1831 544 1886 Inec
592 1835 902 1895 tliSsereret,
943 1835 1163 1890 vixdum
1214 1838 1407 1906 viginti
1458 1841 1607 1901 anni,
1646 1852 1704 1894 ut
1739 1843 1999 1898 observat

422 1923 816 1990 Tillemontius,
843 1927 1183 1992 elllnxerant,
1217 1945 1283 1984 ex
1301 1946 1408 1999 quo
1435 1931 1518 1985 lex
1549 1933 1784 1988 Mosaica
1814 1937 1865 1988 in
1899 1936 1998 1990 Ec-

419 2015 583 2069 clesia
621 2017 1114 2089 llierosolymitana
1145 2022 1316 2075 desita
1353 2035 1474 2076 erat
1501 2027 1805 2080 observari.
1833 2028 1995 2081 Certa

419 2116 473 2159 et
505 2108 786 2176 explorata
820 2126 904 2164 res
945 2121 1031 2166 est
1074 2129 1140 2167 ex
1175 2113 1397 2169 Eusebii
1444 2125 1498 2168 et
1539 2116 1767 2186 Sulpicii
1805 2119 1992 2174 Severi

421 2200 769 2254 testimoniis.
831 2202 1095 2259 Eusebius
1154 2208 1232 2261 sic
1282 2206 1523 2276 loquitur
1551 2208 1716 2274 Hist.,
1764 2211 1863 2264 lib.
1918 2228 1992 2275 tv,

421 2305 462 2342 c.
496 2291 530 2344 5
556 2307 570 2343 :
614 2310 632 2343 ι
667 2292 801 2348 lllud
828 2304 1032 2349 tantum
1060 2312 1128 2351 ex
1157 2309 1403 2354 veterum
1432 2302 1764 2370 scriptorum
1805 2319 1997 2358 monu-

418 2384 618 2438 mentis
647 2384 830 2450 didici,
873 2387 938 2440 ad
972 2387 1118 2442 illam
1150 2405 1323 2459 usque
1366 2391 1744 2448 obsessionem
1783 2393 1996 2448 Judaco-

420 2490 560 2539 rum,
595 2491 717 2544 qua:
748 2477 1054 2546 imperante
1101 2482 1347 2537 Adriano
1394 2485 1644 2554 contigit,
1676 2487 1991 2554 quindecim

418 2566 707 2636 episcopos
745 2569 1001 2624 continua
1050 2573 1396 2628 successione
1432 2575 1507 2628 illi
1545 2577 1812 2633 Ecclesia:
1854 2595 1993 2648 pra:-

416 2658 606 2725 fuisse,
648 2676 784 2729 quos
814 2680 1005 2718 omnes
1036 2667 1248 2734 origine
1291 2668 1550 2722 Hebrzeos
1579 2669 1750 2724 fuisse
1784 2687 1993 2725 memo-

417 2758 559 2811 rant,
585 2759 640 2803 et
673 2750 831 2805 ﬁdem
864 2753 1066 2809 Christi
1111 2758 1327 2812 sincere
1357 2768 1522 2827 atque
1548 2773 1611 2812 ex
1645 2762 1831 2814 animo
1869 2777 1992 2815 sus-

416 2839 652 2907 cepisse.
685 2841 838 2896 Adeo
867 2853 922 2896 ut
966 2846 1034 2899 ab
1082 2847 1206 2906 illis,
1248 2850 1338 2915 qui
1383 2849 1450 2902 de
1484 2849 1794 2918 hujusmodi
1825 2851 1991 2905 rebus

411 2929 674 2998 judicium
704 2931 852 2986 ferre
909 2946 1186 3004 poterant,
1218 2941 1511 3010 episcopali
1561 2943 1738 2998 oﬁicio
1769 2943 1985 3011 dignis-

415 3020 538 3084 simi
587 3033 966 3078 censerentur.
1001 3026 1210 3098 Quippe
1263 3039 1392 3085 tunc
1429 3035 1692 3102 temporis
1736 3036 1989 3093 universa

413 3106 1168 3182 HierosolymorumEcclesia
1205 3123 1438 3178 conﬂata
1485 3136 1695 3182 eratcx
1741 3128 1988 3186 Hebraeis

419 3201 693 3270 ﬁdelibus,
724 3207 814 3274 qui
845 3206 959 3274 jam
1011 3211 1135 3267 inde
1171 3215 1241 3268 ab
1293 3219 1669 3286 apostolorum
1709 3231 1872 3277 aetate
1921 3225 1988 3279 ad

417 3293 564 3346 illam
615 3313 784 3364 usque
814 3301 1151 3362 obsidionem
1192 3322 1628 3376 permanserant,
1675 3329 1784 3382 quo
1816 3315 1988 3371 Judaei

414 3383 610 3439 iterum
641 3404 667 3440 a
697 3389 959 3446 Romanis
1004 3397 1341 3464 deﬁcientes,
1383 3397 1638 3458 maximis
1665 3407 1864 3474 pra-liis
1890 3409 1988 3463 do-

415 3477 536 3529 miti
566 3489 729 3546 atqne
755 3487 1045 3554 expugnati
1079 3500 1226 3544 sunt.
1269 3511 1289 3543 ι
1329 3492 1605 3563 Sulpicius
1644 3498 1881 3554 Severus
1921 3503 1989 3556 de

413 3566 519 3622 hac
547 3569 773 3638 loquens
797 3586 1042 3632 extrema
1069 3581 1376 3647 obsidione,
1409 3586 1521 3640 haec
1545 3589 1696 3642 addit
1731 3609 1742 3641 :
1779 3609 1798 3641 ¢
1832 3591 1985 3658 Quod

411 3660 630 3726 quidem
661 3662 985 3722 Christiana:
1015 3670 1138 3724 ﬁdei
1174 3674 1530 3743 proﬁciebat;
1555 3681 1682 3749 quia
1716 3691 1827 3736 tum
1854 3700 1989 3752 pene

411 3764 600 3806 omnes
629 3754 904 3811 Christum
937 3760 1102 3814 Deum
1144 3765 1245 3818 sub
1280 3766 1414 3835 legis
1442 3771 1834 3828 observatione
1860 3792 1986 3831 cre—

411 3842 629 3898 debant.
662 3846 927 3906 Nimirum
965 3854 1020 3908 id
1055 3855 1284 3911 Domino
1322 3860 1612 3916 ordinante
1638 3865 1986 3934 dispositmn,

408 3946 470 3988 nt
493 3937 628 4008 legis
655 3945 885 4000 servitus
920 3961 950 3998 a
986 3946 1235 4004 libertate
1259 3951 1378 4006 ﬁdei
1402 3964 1564 4023 atque
1595 3955 1850 4014 Ecclesiae
1888 3965 1987 4015 tol-

409 4027 633 4086 leretur.
681 4033 760 4088 lta
803 4045 913 4091 tum
942 4041 1178 4109 primum
1210 4044 1422 4101 Marcus
1460 4064 1524 4103 ex
1565 4052 1820 4119 gentibus
1844 4057 1983 4124 apud

407 4116 837 4193 Hierosolymam
873 4129 1160 4198 episcopus
1200 4133 1320 4189 fuit.
1354 4155 1373 4188 ι

478 4209 562 4264 lll.
591 4212 706 4268 Non
752 4219 898 4272 solus
940 4220 992 4274 in
1025 4222 1305 4280 lenitatem
1358 4228 1661 4286 inclinabat
1692 4231 1980 4302 Justinus;

406 4317 608 4370 paucos
656 4307 757 4362 sibi
811 4312 1088 4369 adversari
1146 4317 1370 4375 iudicat.
1407 4339 1426 4372 ‹
1467 4322 1627 4388 Sunt,
1661 4327 1902 4395 inquam,
1950 4345 1984 4385 ο

406 4395 648 4465 Trypho,
680 4402 880 4471 quique
919 4421 1041 4459 cum
1073 4409 1266 4466 talibus
1301 4429 1400 4468 nec
1429 4416 1685 4485 colloquii
1731 4434 1831 4473 nec
1879 4421 1982 4474 ho-

2105 542 2344 611 jusmodi
2372 542 2646 596 hominem
2678 541 2721 594 si
2748 555 3044 610 perurgeas
3074 541 3140 594 ad
3167 557 3502 598 communes
3537 542 3764 596 homi-

2111 651 2237 689 nmn
2267 634 2442 698 cibos,
2473 650 2572 688 nec
2608 635 2757 688 dicas
2782 649 2906 686 eum
2933 632 3095 687 aliter
3147 650 3306 703 posse
3335 637 3606 700 salvari,
3653 635 3778 688 vel:

2106 728 2172 780 ad
2201 729 2362 782 tidem
2391 728 2595 782 Christi
2625 738 2679 782 et
2709 731 2939 798 gratiam
2974 731 3280 798 pervenire,
3316 729 3418 784 nisi
3451 729 3758 797 sumptis

2106 820 2191 874 his
2224 835 2360 888 quos
2395 819 2592 890 refugit
2621 821 2783 888 cibis,
2828 832 2961 876 tunc
3017 837 3145 877 vere
3176 826 3374 876 bonum
3411 823 3758 894 spiritalis

2105 913 2392 965 sententia:
2441 911 2878 981 blasphematur.
2929 933 2948 965 ι
2999 913 3146 968 Idem
3203 915 3470 986 Origenes
3544 917 3758 970 initio

2107 1001 2226 1054 libri
2267 1017 2301 1054 ll
2339 1011 2523 1056 contra
2580 1001 2792 1058 Celsum
2848 1005 2950 1058 tria
3015 1006 3301 1073 distinguit
3360 1005 3749 1062 Jndworum

2104 1090 2475 1145 Christianam
2504 1092 2664 1147 ﬁdem
2696 1094 3065 1163 profitentium
3093 1111 3316 1163 genera.
3346 1098 3452 1152 Alii
3501 1097 3749 1168 pristi-

2106 1196 2203 1236 nos
2236 1182 2372 1236 ritus
2422 1183 2784 1251 reliquerant,
2815 1201 2937 1240 cum
2969 1202 3065 1240 eos
3101 1188 3466 1256 spiritualiter
3537 1189 3744 1242 intel-

2105 1273 2196 1343 ligi
2245 1277 2444 1331 debere
2486 1278 2906 1343 existimarent;
2946 1280 3036 1332 alii
3081 1281 3352 1348 spirituali
3399 1299 3594 1337 sensu
3638 1284 3745 1337 in—

2107 1368 2572 1434 terpretabantur,
2612 1385 2711 1422 nec
2753 1379 2936 1424 tamen
2983 1371 3276 1425 observare
3316 1373 3686 1426 desinebant
3719 1389 3740 1438 ;

2105 1457 2194 1510 alii
2233 1459 2466 1526 denique
2495 1458 2718 1514 litterali
2762 1462 2946 1516 sensui
2978 1462 3120 1516 allixi
3153 1465 3567 1520 observabant.
3612 1467 3751 1531 Qui.

2105 1568 2225 1606 cum
2257 1555 2528 1621 spirituali
2562 1556 2930 1624 explicatione
2957 1559 3372 1628 .conjungebant
3401 1560 3607 1628 ipsam
3651 1560 3740 1612 ri-

2107 1655 2252 1698 tuum
2285 1648 2745 1712 observationem,
2777 1664 2884 1702 non
2934 1651 3025 1704 alii
3057 1653 3313 1705 videntur
3339 1669 3488 1716 esse,
3527 1668 3734 1721 quam

2108 1739 2165 1799 ii,
2209 1741 2298 1808 qui
2335 1741 2507 1807 legem
2543 1742 2608 1794 ad
2641 1741 2872 1797 salutem
2906 1745 3279 1798 necessariam
3307 1763 3412 1799 non
3447 1763 3596 1802 esse
3636 1748 3733 1800 fa-

2105 1831 2377 1897 tebantur,
2396 1848 2459 1885 ac
2485 1837 2653 1887 solam
2671 1850 2820 1901 spem
2845 1817 2897 1888 i'n
2919 1837 3142 1891 Christo
3169 1840 3500 1906 ponendam,
3539 1840 3734 1908 cujus

2102 1921 2442 1977 divinitatem
2471 1941 2595 1978 cum
2625 1925 2747 1980 aliis
2774 1928 3033 1983 erunibus
3049 1929 3308 1985 Ecclesia:
3333 1933 3729 2002 dogmatibus

2099 2012 2413 2067 credebant.

2171 2105 2272 2169 Qui
2301 2105 2740 2174 Recognilionum
2761 2111 2932 2167 libros
2960 2124 3014 2167 et
3045 2113 3399 2170 Clementinas
3429 2119 3722 2173 homilias

2101 2194 2156 2250 S.
2190 2196 2462 2252 Clementi
2487 2204 2795 2270 supposuit,
2826 2206 3064 2274 scriptor
3088 2205 3306 2262 Justino
3336 2213 3582 2279 aequalis
3611 2223 3722 2265 aut

2098 2303 2320 2357 suppar,
2345 2292 2557 2346 videtur
2577 2310 2639 2351 ex
2660 2295 2762 2350 hoc
2783 2296 3191 2362 Nazarzeorum,
3214 2300 3330 2354 sive
3342 2301 3718 2357 Christiano-

2099 2396 2216 2432 rum
2244 2381 2414 2451 legem
2446 2383 2854 2441 observantium
2895 2406 3124 2444 numero
3159 2391 3346 2446 fuisse.
3383 2393 3522 2447 Nam
3560 2411 3711 2449 cum

2097 2470 2299 2526 Christi
2327 2474 2664 2529 divinitatem
2689 2478 2936 2547 pluribus
2966 2481 3100 2536 locis
3123 2485 3406 2550 praedicet,
3442 2503 3714 2554 eumque

2097 2558 2293 2612 Filium
2338 2560 2430 2615 Dei
2464 2571 2518 2616 et
2554 2563 2722 2616 ﬁlium
2752 2566 3008 2634 hominis,
3055 2568 3252 2624 Filium
3293 2573 3360 2626 ab
3398 2573 3566 2629 initio
3601 2591 3710 2629 ex-

2096 2652 2400 2712 sistentcm,
2427 2653 2626 2706 Filium
2657 2655 2781 2709 cceli
2807 2666 2859 2710 et
2886 2668 3043 2713 terra:
3061 2662 3477 2718 constitutorem
3519 2678 3709 2721 vocet

2097 2741 2287 2794 homil.
2324 2743 2414 2806 i8,
2447 2745 2591 2798 idem
2625 2753 2807 2800 tamen
2870 2747 3126 2804 Mosaicae
3167 2752 3299 2821 legis
3348 2755 3704 2810 retinentior

2094 2835 2328 2888 videtur.
2357 2835 2493 2889 Hinc
2515 2835 2712 2892 Petrus
2733 2842 3007 2895 sexcentis
3024 2842 3158 2896 locis
3181 2843 3458 2898 inducitur
3477 2847 3710 2900 lustra-

2097 2927 2272 2980 tiones
2293 2925 2555 2982 Judaicas
2583 2939 2679 2982 aut
2713 2931 2827 2997 ipse
2868 2948 3161 3001 usurpans,
3193 2946 3288 2987 aut
3319 2937 3442 2990 aliis
3472 2940 3694 3005 praeci-

2095 3017 2272 3086 piens,
2303 3035 2404 3072 nec
2433 3036 2556 3073 cum
2585 3022 2822 3075 ethnicis
2859 3023 3134 3091 baptismo
3163 3027 3400 3080 nondum
3440 3031 3708 3086 initiatis.

2095 3111 2410 3162 comedens.
2453 3109 2583 3164 Post
2614 3112 2902 3177 epistolam
2930 3113 3076 3168 Petri
3108 3118 3172 3168 ad
3198 3114 3484 3184 Jacobum,
3518 3125 3693 3175 indu-

2101 3198 2246 3251 citur
2266 3197 2503 3253 Jacobus
2533 3203 2775 3267 graviter
2817 3204 3089 3271 sanciens,
3133 3216 3190 3259 ut
3230 3208 3352 3261 libri
3392 3208 3689 3265 Prwdiru-

2099 3289 2261 3342 tionis
2295 3290 2461 3358 Petri,
2489 3292 2592 3346 nisi
2634 3293 2780 3345 lideli
2809 3293 3167 3362 circumciso,
3193 3301 3394 3353 nemini
3420 3306 3689 3357 commit.

2102 3390 2306 3435 tantur.
2358 3381 2518 3438 Hunc
2567 3383 3155 3443 Pseudo—Clementem
3193 3406 3258 3446 eo
3308 3404 3552 3463 tempore
3602 3398 3687 3449 vi-

2099 3474 2268 3538 xisse,
2308 3489 2416 3541 quo
2470 3473 2607 3544 legis
2653 3476 2966 3532 observatio
3014 3483 3252 3536 nondum
3303 3487 3373 3538 ab
3414 3488 3684 3540 erunibus

2099 3563 2275 3618 instar
2314 3566 2538 3620 haeresis
2585 3569 2972 3636 damnabatur,
3011 3583 3338 3642 argumento
3373 3590 3496 3629 esse
3548 3594 3682 3646 pos—

2097 3667 2248 3719 sunt,
2282 3672 2403 3725 quae
2438 3668 2491 3711 et
2533 3661 2601 3712 de
2644 3660 2885 3715 Ecclesia
2922 3672 2977 3717 et
3012 3665 3079 3718 de
3106 3665 3380 3735 epiSCOpis
3407 3671 3682 3737 praeclare

2096 3748 2238 3802 dicta
2279 3751 2547 3805 interdum
2571 3763 2889 3806 occurrunt.
2920 3755 3215 3809 Ecclesiam
3239 3760 3360 3811 navi
3387 3772 3684 3830 comparat

2096 3842 2148 3894 in
2177 3857 2263 3910 ep.
2295 3843 2466 3898 Clem.
2499 3846 2565 3899 ad
2592 3844 2782 3901 Jacob.
2831 3865 2884 3917 p.
2919 3848 3044 3914 558,
3071 3848 3225 3918 cujus
3250 3863 3527 3920 proretam
3555 3857 3678 3924 epi-

2094 3948 2342 4002 sc0pum,
2378 3946 2572 3990 nautas
2589 3941 2939 4009 presbyteros
2972 3942 3232 4010 appellat.
3268 3943 3518 3999 chitam
3556 3949 3675 4016 epi-

2093 4029 2275 4096 scopis
2317 4029 2689 4083 obedientiam
2736 4035 3086 4087 commendat
3132 4036 3384 4103 pluribus
3411 4039 3576 4103 locis,
3612 4049 3674 4092 ut

2091 4116 2317 4186 liecogn.
2349 4119 2444 4174 lib.
2486 4136 2569 4184 tn,
2601 4138 2722 4190 cap.
2762 4123 2851 4192 66,
2887 4125 3075 4179 homil.
3107 4127 3161 4190 5,
3198 4144 3251 4196 p.
3295 4131 3400 4184 597
3443 4140 3497 4184 et
3536 4132 3677 4187 598..

2164 4211 2462 4266 Laudamia
2507 4229 2639 4268 sane
2689 4231 2876 4269 eorum
2946 4219 3114 4270 animi
3177 4220 3517 4286 moderatio,
3573 4223 3668 4291 qui

2094 4305 2450 4374 Evangelium
2483 4305 2736 4360 Mosaicis
2779 4309 3119 4362 czeremoniis
3149 4312 3482 4377 permiscere
3497 4309 3673 4364 desie-

2087 4405 2237 4463 runt,
2300 4399 2389 4452 ubi
2421 4414 2514 4454 eas
2537 4399 3041 4456 animadverterunt
3081 4402 3198 4456 sine
3229 4404 3456 4456 aliormn
3481 4402 3660 4458 allen-

406 4487 552 4554 Spilii
605 4494 989 4550 communione
1019 4499 1271 4570 conjungi
1327 4506 1603 4568 audeant;
1639 4509 1837 4576 quibus
1883 4526 1982 4579 ego

2096 4491 2243 4545 sione
2272 4491 2555 4546 observari
2587 4510 2696 4547 non
2724 4509 2905 4563 posse.
2929 4497 2999 4548 At
3023 4511 3128 4547 non
3160 4496 3450 4550 defuerunt
3475 4498 3566 4565 qui
3603 4513 3664 4551 se

405 4594 513 4632 non
547 4585 843 4638 assentior.
885 4606 902 4639 ι
939 4588 1241 4646 Lenitatem
1283 4593 1487 4650 Justini
1539 4599 1830 4654 conﬁrmat
1857 4601 1981 4656 Ori-

405 4685 571 4739 genes
599 4672 696 4727 lib.
745 4690 816 4728 vn
841 4677 892 4729 in
930 4679 1106 4748 Epist.
1137 4684 1203 4736 ad
1240 4683 1424 4748 Rom.,
1459 4687 1547 4741 ubi
1578 4688 1660 4742 sic
1686 4690 1930 4760 loquitur
1961 4710 1977 4748 :

411 4776 431 4812 ι
465 4761 721 4819 Christus
756 4769 972 4823 etiamsi
1019 4773 1338 4830 incarnatus
1375 4794 1478 4832 non
1531 4779 1748 4846 fuisset,
1801 4793 1980 4839 tamen

406 4861 596 4907 natura
624 4855 914 4926 imperium
946 4862 1000 4914 in
1025 4879 1214 4920 omnes
1247 4867 1494 4928 haberet.
1527 4869 1645 4925 Non
1671 4872 1784 4927 vult
1813 4874 1981 4930 ratio-

406 4945 619 5001 nabiles
644 4950 866 5018 spiritus
897 4955 964 5007 ad
987 4957 1360 5012 obedientiam
1392 4961 1526 5033 legis
1571 4981 1684 5021 sure
1712 4968 1981 5023 violenter

409 5035 706 5106 inﬂectere,
739 5045 834 5097 sed
877 5059 1162 5116 exspectat
1190 5062 1251 5106 ut
1293 5065 1488 5123 sponte
1521 5059 1766 5126 veniant,
1793 5071 1848 5114 et
1879 5077 1977 5117 vo—

409 5127 616 5185 luntate
644 5150 749 5189 non
782 5141 1105 5197 necessitate
1131 5145 1328 5200 bonmu
1351 5160 1619 5218 quaerant,
1645 5163 1698 5206 et
1729 5155 1978 5210 docendo

413 5223 583 5292 magis
627 5241 790 5294 quam
839 5237 1214 5303 temperando,
1263 5239 1544 5296 invitando
1583 5246 1763 5312 potius
1813 5264 1974 5315 quam

408 5320 805 5385 extorquendo,
846 5328 1192 5390 persuadeat.
1249 5330 1489 5386 Tametsi
1544 5336 1671 5402 quis
1728 5337 1973 5405 Judaeus,

409 5405 556 5458 verbi
581 5410 776 5475 gratia,
813 5421 907 5466 aut
946 5429 1013 5469 ex
1048 5417 1154 5483 his,
1197 5421 1291 5488 qui
1327 5423 1611 5478 Severiani
1648 5425 1978 5498 Tatianique

409 5497 767 5567 appellantur,
796 5504 924 5558 velit
947 5504 1168 5564 Christo
1197 5514 1459 5580 credere;
1481 5525 1634 5584 putet
1657 5525 1834 5572 tamen
1869 5497 1975 5574 non

409 5601 599 5654 parum
631 5591 809 5649 inesse
840 5602 1102 5654 momenti
1133 5604 1184 5655 in
1217 5605 1565 5662 observantia
1605 5611 1973 5677 continentiae,

411 5680 492 5732 vel
522 5695 710 5736 eorum
738 5687 985 5742 ciborum
1027 5693 1120 5761 qui
1157 5693 1274 5763 lege
1309 5699 1688 5767 prohibentur,
1726 5701 1806 5756 vel
1837 5718 1976 5770 quos

411 5774 565 5840 quasi
629 5779 866 5836 castitati
931 5783 1286 5844 adversantes
1345 5792 1665 5848 existimant
1726 5796 1972 5850 nonnulli

2088 4581 2157 4635 ab
2198 4580 2283 4636 his
2317 4583 2608 4650 institutis,
2655 4586 2708 4639 in
2745 4586 2944 4654 quibus
2977 4587 3092 4640 nati
3134 4586 3377 4651 fuerant,
3418 4588 3661 4642 abstrahi

2086 4691 2192 4729 non
2225 4687 2566 4743 paterentur.
2590 4677 2844 4733 Nondum
2880 4680 3016 4733 victa
3053 4681 3236 4735 fuerat
3268 4698 3460 4737 eorum
3491 4686 3663 4753 perti-

2084 4769 2243 4821 nacia
2291 4769 2490 4824 saeculo
2519 4781 2742 4839 quarto,
2777 4783 2834 4825 ut
2874 4788 2940 4826 ex
2990 4772 3326 4845 Hieronymo
3373 4776 3657 4832 discimus.

2089 4877 2108 4908 ε
2149 4859 2330 4928 Usque
2354 4861 2537 4925 hodie,
2567 4863 2748 4932 inquit
2778 4865 2830 4917 in
2863 4866 3028 4935 epist.
3059 4867 3151 4930 80,
3171 4883 3268 4935 per
3299 4877 3441 4923 totas
3470 4869 3660 4924 Orien-

2084 4952 2153 5007 tis
2185 4952 2504 5025 Synagogas
2547 4958 2690 5012 inter
2733 4957 2949 5014 Judzeos
2984 4960 3209 5015 haeresis
3236 4973 3341 5026 est,
3374 4979 3494 5032 quae
3527 4966 3659 5019 dici-

2086 5053 2174 5098 tur
2197 5045 2514 5102 Minteorum
2537 5058 2592 5103 et
2619 5066 2647 5104 a
2673 5049 2967 5107 Pharisatis
2985 5068 3157 5124 usque
3174 5070 3323 5110 nunc
3344 5057 3654 5121 damnatur,

2083 5153 2220 5206 quos
2270 5140 2428 5210 vulgo
2477 5140 2767 5198 Nazarmos
2815 5155 3157 5215 nuncupant,
3207 5149 3299 5217 qui
3333 5149 3561 5204 credunt
3602 5151 3655 5202 in

2083 5231 2280 5287 Filium
2316 5233 2412 5288 Dei
2459 5244 2649 5288 natum
2699 5235 2765 5290 de
2801 5237 3010 5305 virgine
3062 5237 3254 5303 Maria,
3289 5250 3342 5293 et
3379 5257 3502 5294 eutn
3535 5257 3655 5296 esse

2082 5325 2272 5379 dicunt
2297 5327 2388 5396 qui
2428 5327 2530 5380 sub
2562 5327 2760 5382 Pontio
2801 5328 2975 5383 Pilato
3022 5346 3217 5398 passus
3262 5342 3430 5386 estet
3472 5349 3654 5387 resur-

2083 5422 2246 5484 rexit,
2281 5420 2334 5474 in
2365 5434 2525 5488 quem
2555 5433 2610 5476 et
2639 5438 2735 5476 nos
2763 5424 3060 5476 credimus.
3089 5423 3196 5478 Sed
3228 5427 3355 5478 dtnn
3384 5426 3571 5479 volunt
3600 5436 3654 5479 et

2079 5511 2249 5567 Judmi
2279 5528 2400 5568 esse
2430 5523 2486 5570 et
2518 5513 2844 5579 Christiani,
2877 5530 2975 5568 nec
3005 5513 3176 5570 Judaai
3212 5528 3341 5571 sunt
3369 5534 3470 5572 nec
3499 5519 3652 5571 Chri-

2081 5605 2271 5657 stiani.
2304 5623 2323 5658 ι
2353 5603 2468 5659 Non
2513 5605 2795 5660 immerito
2841 5604 3210 5678 Hieronymus
3244 5619 3450 5662 tantam
3485 5612 3653 5678 perti-

2082 5697 2292 5751 naciam
2327 5709 2386 5752 ut
2419 5699 2669 5754 haeresim
2719 5701 2949 5768 notavit,
2999 5717 3125 5755 cum
3159 5704 3462 5771 praesertim
3503 5703 3648 5774 ejus-

2083 5791 2229 5847 modi
2260 5791 2505 5848 homines
2533 5792 2601 5847 ab
2643 5792 2890 5848 Ecclesia
2925 5794 3192 5850 catholica
3233 5794 3634 5850 discessissent.
