3932 6258
113 343 126 366 δ

139 380 200 436 t5
1231 381 1293 440 D.
1332 381 1597 438 MARANI
1631 379 1772 437 PR}!

1879 379 2026 438 .TlO.
2064 414 2134 424 -—
2171 380 2353 438 PARS
2386 384 2450 440 ll.
3391 386 3462 443 δῦ

143 499 385 554 Sulcum
432 495 709 555 Justinus
765 504 930 559 hunc
988 503 1285 575 Dialogum
1332 506 1580 565 haberet,
1613 505 1666 557 id
1696 512 1772 558 est

1879 519 2014 571 μου·
2028 503 2211 557 Τοῦτό
2222 504 2353 556 ἐστι
2371 503 2436 556 τὸ
2451 502 2621 573 σῶμά
2632 522 2751 574 μου
2773 523 2785 536 ·
2808 505 2900 559 καὶ
2920 505 2978 559 τὸ
2995 507 3250 578 ποτήριον
3267 505 3465 576 ὁμοίως

146 595 288 648 annis
312 593 512 662 viginti
560 605 886 664 postquam
917 597 1112 667 legem
1143 599 1364 652 nemine
1395 597 1772 665 interpellante

1883 593 2118 647 λαϐόντα
2147 594 2241 646 καὶ
2283 594 2759 666 εὐχαριστήσαντα
2806 599 2999 648 εἰπεῖν⁶
3035 596 3217 650 Τοῦτό
3234 597 3364 651 ἐστι
3395 597 3464 650 τὸ

148 687 530 756 Hierosolymis
557 687 1066 755 observaverant,
1105 705 1291 744 nonne
1318 690 1524 756 atquius
1555 687 1654 743 fuit
1682 704 1772 743 eos

1879 679 2022 754 αζαά
2053 702 2204 754 μου’
2237 687 2331 739 καὶ
2385 687 2565 757 μόνοις
2604 688 2786 752 αὐτοῖς
2832 688 3170 759 μεταδοῦναι.
3224 709 3242 740 ι
3283 689 3466 758 Neque

154 784 352 837 lenitate
379 781 639 845 allicere,
679 797 866 850 quam
901 793 968 837 ut
994 785 1296 838 haereticos
1338 793 1444 836 tam
1482 784 1592 836 cito
1620 798 1778 837 aver-
1881 777 2025 831 ellim
2047 788 2468 832 ulcommunem
2497 793 2713 847 panem,
2749 773 2928 850 inquit
2952 781 3104 850 Apol.
3127 782 3343 847 Linum.
3370 781 3462 844 66,

161 875 283 930 sari?

771 986 1023 1043 CAPUT
1076 986 1174 1041 lX.

332 1102 409 1156 De
432 1113 818 1156 sacrosancto
849 1104 1206 1157 eucharistia:
1232 1110 1582 1155 sacramento.

165 1196 531 1248 LOristianam
576 1196 651 1244 de
692 1197 1020 1245 eucharistia
1065 1196 1340 1243 doctrinam
1367 1193 1500 1241 clare
1538 1197 1592 1238 et
1616 1190 1776 1238 nitide

225 1262 414 1321 exponit
435 1260 718 1321 Justinus.
746 1257 821 1305 ll.
849 1257 1003 1306 Nulla
1035 1259 1087 1305 in
1113 1259 1252 1306 illius
1276 1255 1442 1303 verbis
1479 1255 1649 1321 figurae
1672 1266 1778 1321 ἐυτ

217 1315 374 1382 spicio.
404 1320 490 1369 IIl.
517 1321 651 1369 Tam
691 1326 846 1368 certo
869 1327 1134 1382 asseverat
1175 1331 1353 1382 panem
1376 1321 1429 1382 et
1453 1317 1632 1382 _vinum
1665 1315 1770 1362 ﬁeri

216 1375 400 1433 limem
425 1389 481 1452 et
501 1384 853 1452 sanguinem,
878 1395 1026 1452 quam
1045 1375 1550 1452 Christum‘habuisse
1578 1388 1776 1452 carpet-tt

215 1453 264 1494 et
285 1435 727 1506 sangiiinemflv.
751 1435 1140 1506 omnipotentia
1166 1441 1513 1506 Christiaque
1537 1435 1774 1506 mirabilis

215 1509 262 1555 in
285 1498 494 1567 utroque
515 1508 801 1564 mysterio.
829 1506 889 1552 V.
913 1498 1235 1567 "Expenditur
1251 1503 1366 1564 quid
1390 1498 1484 1549 sibi
1508 1498 1775 1559 velitapud

217 1566 449 1617 Irenaeum
476 1569 812 1632 eggbaristia
839 1580 906 1615 ex
919 1566 1775 1632 duabusrebusconstanshterrena

221 1641 268 1680 et
287 1629 602 1679 cmlesti.Vl.
625 1632 747 1689 Quo
773 1641 932 1692 sensu
954 1630 1084 1677 dixit
1107 1629 1444 1692 Tertullianus
1466 1621 1617 1692 verba
1637 1622 1776 1692 Chri-

221 1696 279 1741 sti
302 1695 432 1741 idem
454 1683 853 1753 valere‘atque,
878 1690 969 1738 hoc
990 1696 1062 1738 est
1101 1689 1263 1753 ﬁgura
1285 1683 1502 1753 corporis
1522 1683 1637 1733 mei.
1663 1683 1769 1731 VII.

221 1757 558 1816 Athenagoras
577 1750 840 1803 adversus
855 1750 1422 1800 Allixiumdefenditur.

234 1858 273 1912 l.
311 1859 370 1913 S.
419 1869 644 1929 martyr
706 1872 842 1911 cum
898 1856 1073 1925 probe
1127 1853 1455 1920 intelligeret
1509 1850 1767 1922 mysteria
1801 1842 1843 1895 Β

169 1952 365 2020 Vulgari
395 1966 503 2004 non
537 1952 786 2014 debere,
826 1949 909 2003 sic
938 1963 1063 2002 cum
1087 1945 1290 2000 Judaeis
1314 1945 1365 1997 in
1395 1942 1619 2008 Dialogo
1655 1943 1768 1996 dis-

168 2047 350 2110 seruit,
400 2055 456 2099 ut
514 2045 587 2100 de
640 2041 1014 2106 eucharistia,
1073 2041 1230 2108 cujus
1273 2048 1401 2091 tunc
1437 2030 1771 2106 explicanda:

170 2139 302 2192 nulla
326 2139 560 2192 suberat
589 2135 938 2197 necessitas,
970 2134 1024 2186 id
1052 2140 1263 2184 tantum
1297 2131 1524 2193 diceret,
1553 2128 1655 2182 hoc
1683 2142 1772 2180 sa-

171 2231 426 2285 criﬁcium
458 2247 490 2283 a
520 2229 816 2282 Malachia
844 2225 1172 2296 praedictum
1205 2237 1350 2285 esse,
1395 2235 1588 2290 panem
1619 2221 1672 2274 in
1705 2235 1770 2274 eo

172 2336 218 2376 et
249 2326 435 2378 vinum
471 2320 744 2376 adhiberi
786 2329 840 2375 et
881 2320 1096 2374 Domini
1139 2317 1412 2387 passionis
1449 2312 1770 2370 memoriam

182 2416 346 2468 recoli.
377 2413 592 2466 Verum
645 2412 760 2465 hac
806 2408 1011 2464 silentii
1059 2406 1180 2477 lege
1230 2405 1516 2460 astrictum
1555 2416 1613 2455 se
1650 2413 1771 2453 esse

180 2523 269 2560 non
295 2505 549 2576 putabat,
585 2518 721 2558 cum
759 2501 1204 2558 Christianorum
1235 2511 1456 2551 causam
1491 2493 1636 2564 apud
1671 2493 1773 2546 im-

179 2608 469 2664 peratorem
499 2594 859 2650 Antoninum
894 2601 1107 2663 ageret.
1142 2589 1297 2644 'l‘unc
1337 2589 1485 2644 enim
1519 2585 1656 2640 vidit
1689 2594 1771 2639 to—

182 2701 275 2742 tam
302 2705 412 2743 rem
465 2688 654 2742 oculis
698 2684 1056 2756 imperatoris
1107 2682 1485 2751 exponendam
1537 2694 1683 2741 esse,
1711 2686 1772 2731 ut

181 2785 328 2836 etiam
361 2783 405 2836 si
441 2782 703 2835 absurda
734 2789 796 2834 et
825 2777 1191 2840 incredibilis,
1226 2775 1415 2830 saltem
1447 2788 1552 2828 non
1582 2771 1766 2840 impia,

181 2891 276 2928 non
317 2875 653 2930 detestanda
687 2881 746 2927 et
771 2871 994 2941 capitali
1037 2869 1308 2938 supplicio
1357 2868 1517 2936 digna
1552 2865 1768 2919 videre-

185 2976 289 3027 tur;
322 2983 383 3020 ac
409 2968 456 3020 si
481 2967 678 3020 minus
702 2967 1008 3034 imperator
1039 2961 1303 3017 doctrina:
1329 2957 1768 3013 Christianorum

181 3062 555 3122 asscntiretur,
594 3058 797 3113 saltem
829 3057 959 3110 dum
992 3069 1090 3108 eos
1127 3053 1355 3121 ingenue
1392 3049 1543 3103 videt
1562 3049 1770 3101 edisse-

1883 882 2058 937 neque
2117 877 2178 922 ut
2218 885 2568 924 communem
2619 878 2806 940 potum
2863 871 2966 925 ista
3017 873 3303 925 sumimus.
3356 871 3464 927 Sed

1881 961 2339 1026 quemadmodum
2394 977 2491 1030 per
2541 963 2636 1017 Dei
2671 961 2910 1018 Verbum
2939 979 3066 1018 caro
3090 963 3267 1018 factus
3304 962 3463 1020 Jesus

1879 1050 2129 1106 Christus
2168 1051 2421 1107 Salvator
2444 1061 2630 1108 noster
2669 1069 2892 1108 carnem
2916 1065 2970 1108 et
3010 1055 3330 1125 sanguinem
3357 1055 3461 1109 ha-

1880 1142 1996 1197 buit
2039 1153 2238 1198 nostra
2275 1143 2467 1199 salutis
2497 1160 2696 1203 causa:
2733 1145 2804 1199 ita
2840 1147 3005 1200 etiam
3051 1146 3221 1211 illam,
3254 1148 3308 1199 in
3341 1159 3455 1218 qua

1880 1249 1977 1302 per
2004 1249 2224 1303 precem
2271 1235 2439 1290 verba
2486 1237 2655 1305 ipsius
2704 1237 3079 1290 continentem
3108 1237 3296 1306 gratia:
3323 1249 3460 1291 actae

1879 1335 2032 1391 sunt,
2066 1327 2405 1393 alimoniam,
2441 1343 2508 1380 ex
2533 1344 2634 1396 qua
2669 1327 2890 1396 sanguis
2921 1337 2974 1382 et
2995 1343 3128 1382 caro
3157 1339 3343 1383 nostra
3364 1345 3464 1398 per

1882 1419 2244 1472 mutationem
2289 1419 2534 1483 aluntur,
2585 1420 2855 1472 incarnati
2909 1420 3056 1473 illius
3091 1418 3216 1475 Jesu
3252 1428 3308 1474 et
3339 1437 3463 1474 car-

1881 1526 2004 1565 nem
2028 1521 2083 1565 et
2109 1511 2433 1579 sanguinem
2462 1526 2580 1565 esse
2609 1512 2782 1565 edocti
2809 1527 3018 1565 sumus.
3044 1510 3181 1565 Nam
3225 1511 3460 1581 apostoli

1881 1605 1933 1658 in
1963 1603 2378 1658 commentariis
2404 1603 2540 1664 suis,
2572 1617 2692 1670 qua!
2724 1601 3018 1670 Evangelia
3065 1613 3354 1668 vocantur,
3380 1604 3462 1658 sic

1879 1697 1980 1751 sibi
2036 1697 2354 1750 mandatum
2404 1709 2528 1750 esse
2581 1695 2959 1751 tradiderunt:
2994 1696 3200 1764 Jesum,
3238 1708 3461 1770 accepto

1878 1801 2045 1855 pane,
2079 1801 2201 1839 cum
2247 1785 2458 1854 gratias
2509 1787 2738 1854 egisset,
2786 1786 3020 1843 dixisse:
3057 1789 3172 1843 Hoc
3204 1789 3365 1859 facite
3401 1792 3459 1844 in

1873 1891 2042 1929 meam
2085 1879 2678 1932 commemorationem:
2723 1879 2839 1933 Hoc
2858 1891 2933 1934 est
2970 1897 3157 1949 corpus
3192 1899 3360 1936 meum
3380 1883 3456 1939 "z

1883 1971 2134 2024 similiter
2168 1981 2395 2040 accepto
2444 1972 2612 2025 calice
2665 1987 2785 2025 cum
2844 1973 3050 2042 gratias
3099 1976 3319 2041 egisset,
3377 1976 3460 2029 di-

1876 2063 2025 2115 xisse
2053 2080 2065 2114 :
2106 2061 2206 2114 llic
2233 2071 2309 2115 est
2331 2063 2549 2132 sanguis
2581 2079 2728 2116 meus
2747 2062 2830 2130 ¹⁸;
2863 2077 2927 2116 ac
2954 2063 3088 2132 ipsis
3120 2065 3253 2119 solis
3285 2065 3457 2118 tradi-

1876 2154 2040 2207 disse.
2080 2169 2098 2203 ι

1950 2245 2010 2298 ll.
2053 2244 2200 2298 Nihil
2233 2244 2392 2298 estin
2425 2243 2531 2299 hoc
2559 2245 2894 2312 testimonio,
2924 2245 3070 2316 quod
3111 2246 3180 2300 ad
3221 2247 3455 2316 ﬁguram

1873 2337 2116 2407 pertrahi
2150 2337 2352 2405 possit;
2387 2336 2521 2391 nihil
2562 2338 2704 2406 quod
2744 2352 2849 2391 non
2882 2347 3094 2392 astruat
3117 2339 3320 2393 diserte
3351 2339 3457 2392 mi-

1877 2428 2109 2482 rabilem
2149 2427 2296 2482 illam
2338 2429 2495 2496 panis
2538 2439 2593 2482 et
2647 2429 2758 2482 viui
2799 2431 3239 2495 conversionem,
3279 2447 3450 2500 quant

1874 2536 2091 2589 semper
2119 2520 2306 2575 docuit
2356 2519 2624 2575 Ecclesia.
2661 2519 2792 2573 Illud
2827 2523 2880 2574 l°
2920 2536 2987 2575 ex
3028 2521 3225 2576 Justini
3271 2524 3456 2578 verbis

1874 2614 2225 2682 perspicitur,
2257 2628 2422 2681 quam
2469 2613 2523 2666 in
2569 2613 2898 2668 sententiam
2928 2613 3224 2668 Christiani
3257 2614 3456 2669 smculo

1876 2708 2116 2761 secundo
2145 2707 2310 2760 verba
2353 2705 2562 2761 Christi
2617 2707 2953 2776 acciperent.
2984 2706 3154 2762 Nemo
3185 2709 3329 2762 enim
3355 2724 3455 2762 ne-

1881 2813 2010 2868 gare
2035 2800 2206 2868 possit
2239 2813 2466 2853 necesse
2503 2799 2730 2852 omnino
2760 2797 2949 2864 fuisse,
2980 2801 3025 2854 si
3056 2816 3160 2870 qua
3189 2801 3361 2870 ﬁgura
3397 2804 3452 2856 in

1874 2888 2080 2943 Christi
2119 2890 2302 2944 verbis
2347 2889 2576 2956 latebat,
2610 2899 2668 2943 ut
2715 2891 2766 2942 in
2814 2905 2874 2945 ea
2921 2893 3248 2961 explicanda
3281 2892 3456 2962 pluri-

1874 2997 2022 3035 mum
2055 2996 2235 3051 operae
2267 2984 2657 3038 insumeretur.
2705 2983 2839 3036 Nam
2876 2985 2918 3038 si
2964 2985 3101 3039 idem
3133 3001 3348 3055 semper
3380 2990 3452 3038 ab

1873 3074 2126 3128 erunibus
2185 3074 2505 3140 dicebatur,
2557 3075 2699 3128 nulla
2746 3074 3009 3142 ejusmodi
3068 3077 3438 3146 explicatiOne

183 3166 312 3214 rere,
341 3149 616 3219 quidquid
646 3148 888 3201 maxime
915 3142 1260 3238 incredibile,
1303 3141 1652 3238 iunxi-nteit"?
1672 3137 1767 3238 θίξ·
1795 3178 1836 3234 C
1874 3170 2158 3237 adhibita;
2191 3171 2235 3224 si
2264 3171 2577 3226 sacerdotes
2627 3171 2892 3225 docebant
2925 3185 3123 3238 panem
3166 3185 3454 3224 consecra-

179 3247 388 3295 surdum
446 3241 637 3295 videri
689 3247 930 3307 poterat,
988 3233 1126 3288 nihil
1159 3234 1228 3286 ab
1276 3232 1356 3286 eis
1407 3229 1764 3292 dissimulari,

181 3337 371 3388 nullum
401 3336 456 3388 in
489 3349 693 3389 eorum
753 3328 1037 3400 mysteriis
1088 3327 1268 3382 scelus
1319 3324 1530 3378 admitti
1570 3323 1769 3376 intelli-

181 3439 341 3493 geret.
372 3426 584 3479 Narrat
619 3425 791 3494 igitur
811 3435 1008 3491 panem
1041 3434 1106 3472 ac
1128 3417 1379 3486 poculum
1404 3430 1558 3485 aqua!
1584 3423 1640 3468 et
1659 3413 1768 3466 vini

183 3521 246 3584 ei,
281 3521 368 3588 qui
403 3518 684 3572 fratribus
718 3522 943 3585 praeest,
963 3521 1088 3582 post
1123 3509 1420 3578 Scripturae
1449 3508 1768 3567 lectionem,

182 3622 290 3678 post
331 3610 766 3664 adhortationes
795 3614 852 3660 et
896 3619 1091 3674 preces
1122 3601 1341 3667 olferri;
1377 3602 1575 3670 quibus
1608 3613 1769 3653 acce-

185 3706 280 3770 ptis
309 3719 432 3757 eum
475 3703 874 3756 universorum
917 3698 1140 3752 Parenti
1184 3712 1279 3766 per
1315 3711 1513 3754 nomen
1559 3693 1678 3746 Filii
1714 3699 1769 3746 et

189 3797 409 3865 Spiritus
437 3795 624 3850 sancti
669 3793 904 3864 gloriam
957 3801 1012 3845 et
1067 3789 1283 3842 laudem
1319 3788 1573 3841 emittere
1595 3794 1650 3838 et
1675 3799 1768 3839 eu-

189 3891 490 3945 charistiam
523 3889 747 3959 prolixe
778 3885 1001 3948 facere;
1039 3884 1142 3936 hoc
1167 3882 1481 3935 alimentum
1524 3878 1602 3932 sic
1634 3893 1769 3931 con-

190 3995 450 4037 secratum
483 4000 513 4035 a
549 3979 847 4035 sacerdote
875 3975 1273 4030 eucharistiam
1311 3972 1524 4034 vocari,
1558 3983 1659 4023 nec
1687 3967 1770 4022 fas

190 4093 294 4130 esse
322 4088 377 4131 ut
405 4081 712 4147 quisquam
742 4072 893 4125 illius
944 4069 1218 4138 particeps
1267 4067 1359 4120 ﬁat
1392 4066 1494 4120 nisi
1523 4065 1614 4132 qui
1641 4077 1768 4116 vera

192 4187 296 4224 esse
319 4175 507 4224 credat
541 4182 670 4236 quae
713 4182 741 4218 a
781 4162 1120 4219 Christianis
1160 4161 1446 4221 docentur,
1471 4167 1525 4211 et
1551 4157 1770 4210 lavacro

194 4270 251 4315 ad
313 4263 703 4316 remissionem
774 4265 1130 4326 peccatorum
1185 4260 1239 4306 et
1294 4250 1770 4314 regenerationem

195 4355 395 4406 ablutus
419 4353 516 4416 sit,
560 4362 733 4419 atque
781 4350 855 4402 ita
913 4347 1081 4400 vitam
1139 4343 1408 4405 instituat,
1436 4350 1495 4395 ut
1523 4340 1770 4395 Christus

197 4444 418 4497 tradidit.
467 4442 586 4494 Cur
633 4449 821 4493 autem
885 4443 1038 4491 tanta
1093 4435 1165 4488 sit
1226 4431 1573 4488 eucharistia:
1625 4430 1769 4499 apud

196 4535 521 4588 Christianos
556 4529 900 4588 reverentia,
949 4526 1032 4580 sic
1077 4523 1343 4578 rationem
1393 4519 1656 4588 subjicit:
1695 4519 1770 4570 Οὐ
1802 4529 1847 4583 ι)

196 4629 292 4698 γὰρ
312 4629 386 4690 ὡς
411 4627 595 4679 κοινὸν
624 4627 812 4694 ἄρτον,
846 4621 970 4675 οὐδὲ
993 4619 1167 4672 κοινὸν
1195 4617 1345 4688 πόμα
1370 4614 1542 4670 ταῦτα
1561 4610 1772 4682 λαμϐά-

197 4739 339 4790 νομεν
360 4739 374 4749 ·
549 4719 610 4771 ὃν
665 4718 865 4787 τρόπον
917 4713 1005 4766 διὰ
1032 4712 1202 4780 Λόγον
1249 4708 1384 4762 Θεοῦ
1442 4721 1772 4778 σαρκοποιη-

196 4814 294 4876 62".;
347 4810 560 4885 Ἰησοῦς
589 4809 826 4880 Χριστὸς
852 4810 882 4860 ὁ
919 4805 1112 4876 Σωτὴρ
1140 4803 1317 4873 ἡμῶν,
1347 4800 1442 4854 καὶ
1472 4799 1650 4870 σάρκα
1676 4795 1770 4850 καὶ

196 4894 318 4969 αἷμα.
369 4902 516 4971 ὑπὲρ
574 4895 854 4967 σωτηρίας
904 4893 1068 4965 ἡμῶν
1110 4893 1288 4962 ἔσχεν,
1332 4889 1505 4952 οὕτως
1551 4889 1641 4942 καὶ
1670 4887 1770 4957 τὴν

193 4992 252 5044 δι’
278 4994 434 5062 toﬁ;
463 4990 630 5057 λόγου
660 4987 756 5040 τοῦ
787 4986 916 5058 παρ’
947 4983 1114 5038 αὑτοῦ
1137 4980 1621 5052 εὐχαριπηθεῖσαν
1647 4994 1772 5047 τρο-

195 5085 305 5156 iit“:
334 5087 393 5151 ἐξ
428 5082 503 5156 ἧς
541 5079 686 5153 αἷμα
736 5081 831 5134 καὶ
879 5080 1082 5150 σάρκες
1124 5075 1268 5130 κατὰ
1307 5072 1605 5146 μεταϐολὴν
1648 5071 1773 5143 τρέ-

195 5195 364 5245 φονται
425 5175 611 5248 ἡμῶν,
663 5173 875 5228 ἐκείνου
923 5170 1018 5224 τοῦ
1066 5165 1554 5241 σαρκοποιηθέντος
1595 5163 1769 5234 Ἰησοῦ

195 5272 275 5323 αἱ
306 5273 485 5340 σάρκα
515 5269 612 5322 καὶ
658 5262 800 5338 αἷμα
827 5263 1190 5334 ἐδιδάχθημεν
1218 5257 1374 5313 εἶναι.
1408 5259 1472 5311 υἱ
1501 5257 1610 5328 γὰρ
1639 5257 1772 5310 ἁπό-

196 5363 351 5417 multa
375 5364 436 5416 ἐν
465 5365 582 5424 τοῖς
637 5358 954 5430 γενομένοις
1003 5356 1096 5408 ὑπ’
1140 5354 1318 5408 αὐτῶν
1351 5351 1774 5423 ἀπομνημονεύ-

198 5476 361 5527 μασιν,
381 5458 420 5512 ἃ.
451 5457 700 5510 καλεῖται
722 5449 1059 5520 Εὑαγγέλια,
1092 5447 1264 5509 οὕτως
1289 5444 1611 5516 παρέδωκαν
1633 5447 1776 5497 ἐντε-

194 5552 361 5605 τάλθαι
390 5551 583 5612 αὐτοῖς
606 5565 620 5579 ·
657 5548 747 5601 τὸν
782 5543 996 5617 Ἰησοῦν
1029 5540 1260 5594 λαϐόντα
1305 5539 1489 5609 ἄρτον,
1550 5537 1771 5608 εὐχαρι-

195 5648 452 5716 arma
493 5645 688 5696 εἰπεῖν’
702 5641 886 5696 Τοῦτο
911 5636 1136 5692 ποιεῖτε
1157 5637 1246 5702 εἰς
1276 5634 1393 5702 τὴν
1421 5631 1771 5703 ἀνάμνησίν

263 5809 300 5837 ⁸⁷
329 5805 464 5864 Luc.
498 5822 637 5872 mi,
670 5807 756 5862 l9.
839 5805 881 5836 ¹⁸
914 5800 1059 5859 Ibid.

1877 3274 1989 3317 tum
2023 3277 2145 3318 esse
2187 3278 2384 3332 corpus
2427 3263 2654 3328 Christi,
2712 3265 2839 3334 quia
2898 3262 3170 3325 Christus,
3225 3273 3454 3332 accepto

1871 3371 2034 3425 pane,
2063 3355 2232 3410 dixit:
2269 3354 2384 3408 Hoc
2413 3363 2491 3408 est
2525 3371 2711 3424 corpus
2764 3371 2977 3419 nicum;
3025 3356 3209 3408 vinum
3250 3371 3452 3410 conse-

1872 3457 2230 3502 cratumesse
2264 3447 2583 3517 sanguinem
2623 3447 2852 3513 Christi,
2893 3449 3018 3518 quia
3054 3449 3290 3501 Verbum
3319 3448 3451 3502 illud

1880 3541 2247 3603 incarnatum,
2285 3549 2508 3609 accepto
2541 3539 2732 3604 calice,
2771 3540 2944 3595 dixit:
2977 3539 3081 3593 llic
3120 3551 3195 3593 est
3233 3543 3453 3610 sanguis

1873 3646 2057 3695 meus;
2094 3633 2137 3682 si
2166 3630 2458 3684 Christiani
2492 3645 2683 3684 omnes
2715 3630 2852 3682 nihil
2895 3630 3043 3683 aliud
3073 3645 3137 3684 ex
3171 3632 3256 3685 his
3290 3632 3454 3686 Chri-

1873 3723 1942 3774 sti
1998 3721 2180 3775 verbis
2243 3721 2681 3784 concludebant,
2725 3721 2828 3774 nisi
2883 3722 3270 3775 eucharistiam
3329 3738 3454 3777 esse

1872 3831 2092 3871 carnem
2131 3827 2185 3869 et
2211 3818 2530 3886 sanguinem
2571 3815 2812 3881 Christi;
2842 3830 3022 3869 nonne
3063 3817 3114 3867 in
3155 3815 3449 3869 certissimi

1872 3907 2126 3976 principii
2182 3907 2301 3961 loco
2349 3917 2589 3962 statuere
2651 3922 2978 3977 possumus,
3042 3907 3182 3959 idem
3241 3918 3454 3962 veteres

1874 4002 2222 4055 Christianos
2260 3999 2560 4054 credidisse
2589 3999 2730 4068 quod
2783 3999 2945 4052 hodie
2977 3999 3253 4052 credimus
3286 4009 3340 4052 et
3370 4009 3449 4052 te-

1874 4090 2110 4145 nemus?
2139 4092 2209 4144 At
2241 4089 2371 4159 quid
2418 4089 2720 4144 Christiani
2768 4089 2966 4144 saeculo
3015 4091 3251 4144 secundo
3275 4092 3449 4144 edocti

1873 4183 2106 4248 fuerint,
2142 4182 2271 4251 quid
2309 4197 2376 4235 ex
2407 4181 2610 4235 Christi
2636 4181 2818 4235 verbis
2837 4181 3230 4242 concluserint,
3251 4196 3317 4233 an
3346 4199 3454 4233 am-

1875 4278 2098 4347 biguum
2148 4289 2270 4329 esse
2308 4274 2499 4342 possit,
2552 4288 2673 4327 cum
2708 4274 2860 4327 testis
2911 4273 3151 4340 locuples
3203 4273 3452 4327 Justinus

1873 4387 1937 4425 ex
1965 4385 2029 4424 eo
2057 4368 2199 4438 quod
2225 4365 2476 4421 Christus
2508 4366 2742 4420 dixerit:
2783 4364 2898 4418 Iloc
2925 4376 2998 4418 est
3028 4381 3219 4433 corpus
3240 4381 3450 4427 meum;

1875 4463 1960 4516 hic
2010 4470 2085 4514 est
2129 4461 2346 4530 sanguis
2396 4475 2560 4522 meus,
2597 4473 2786 4512 omnes
2823 4457 3154 4510 concludere
3210 4456 3454 4510 declaret

1877 4553 2267 4607 eucharistiam
2297 4565 2418 4605 esse
2466 4566 2687 4604 carnem
2731 4559 2784 4604 et
2815 4550 3134 4611 sanguinem
3169 4549 3326 4603 Verbi
3367 4550 3451 4602 in-

1875 4643 2124 4696 carnali?

1947 4733 2035 4788 lll.
2071 4733 2128 4787 2°
2158 4733 2411 4788 Declarat
2434 4731 2492 4786 S.
2533 4741 2744 4800 martyr
2774 4747 2879 4786 non
2911 4731 3093 4786 minus
3128 4738 3453 4786 constanter

1879 4823 2105 4877 credere
2149 4822 2490 4876 Christianos
2535 4823 2927 4875 eucharistiam
2979 4836 3102 4875 esse
3149 4836 3367 4874 carnem
3397 4829 3453 4875 et

1876 4916 2200 4984 sanguinem
2236 4913 2398 4968 Verbi
2432 4914 2724 4978 incarnati,
2773 4931 2936 4980 quam
2992 4916 3163 4983 ipsum
3220 4913 3451 4968 Verbum

1877 5017 2076 5059 nostrte
2097 5005 2288 5059 salutis
2317 5020 2475 5059 causa
2506 5021 2727 5059 carnem
2751 5017 2800 5059 et
2831 5008 3148 5077 sanguinem
3173 5005 3448 5061 habuisse.

1876 5097 2338 5160 Quemadmodum
2381 5095 2538 5149 Iesus
2593 5096 2835 5150 Christus
2873 5113 3086 5150 carnem
3143 5107 3190 5150 et
3242 5098 3454 5166 sangui-

1876 5205 1992 5241 nem
2037 5188 2222 5241 habuit
2258 5196 2455 5242 nostra?
2496 5188 2682 5241 salutis
2706 5206 2891 5255 causa,
2925 5189 3000 5241 ita
3025 5190 3185 5240 etiam
3209 5205 3323 5242 eam
3349 5191 3454 5242 ali-

1876 5281 2109 5333 moniam
2150 5279 2418 5333 incarnati
2462 5279 2608 5333 illius
2655 5279 2785 5334 Jesu
2834 5296 3042 5333 carnem
3069 5289 3116 5332 el
3141 5281 3454 5348 sanguinem

1875 5387 1987 5424 esse
2035 5372 2209 5425 edocti
2235 5387 2438 5427 sumus.
2472 5369 2756 5425 Manifesta
2803 5371 3146 5439 comparatio
3172 5371 3455 5438 utriusque

1876 5462 2147 5532 mySIerii,
2172 5460 2572 5516 lncarnationis
2601 5471 2656 5515 et
2695 5460 3062 5516 eucharistite.
3099 5461 3302 5515 Christi
3341 5479 3459 5514 car-

1879 5570 1999 5609 nem
2057 5563 2184 5609 tunc
2242 5555 2632 5625 impugnabant
2681 5568 2872 5609 omnes
2919 5553 3033 5608 fere
3077 5553 3352 5618 hmreses;
3399 5565 3458 5607 ut

1875 5648 2125 5703 omittam
2162 5648 2328 5700 Deum
2362 5646 2709 5700 incarnatum
2751 5644 2990 5700 ethnicis
3022 5659 3236 5713 semper
3276 5656 3330 5697 et
3358 5643 3456 5697 Ju-
