3932 6258
457 339 522 393 67
1379 327 1435 382 S.
1475 325 1811 383 JUSTINUS
1844 323 2329 380 PHILOSOPHUS
2354 323 2440 378 ΕΤ
2480 323 2792 378 MARTYR.
3719 317 3806 372 68

459 458 590 512 dzeis
629 452 993 524 displicuisse.
1041 448 1113 503 At
1138 466 1248 520 quo
1273 448 1508 516 majores
1542 448 1942 501 incredulorum
1971 446 2022 499 in
2054 451 2102 506 Α
2132 445 2250 499 vide
2282 443 2716 498 dissertationem
2749 442 2784 495 3
2823 441 2876 493 in
2920 437 3090 500 Iram,
3121 444 3223 493 art.
3259 438 3312 500 7,
3345 455 3405 492 n.
3452 435 3547 489 95-
3582 444 3656 490 et.
3685 433 3797 489 95.

457 550 560 601 hoc
604 544 862 616 mysterio
905 544 1202 595 avertendo
1246 550 1499 600 conatus,
1532 554 1597 592 eo
1627 539 1798 607 major
1831 535 1887 592 in
1933 538 2027 591 de-

457 638 726 693 fendendo
757 635 1158 690 catholicorum
1187 634 1514 686 constantia.
1552 630 1684 684 Num
1723 645 1856 698 ergo
1888 629 2029 683 anti-

456 747 576 799 quae
618 729 740 784 ﬁdei
791 728 1057 782 illustrius
1129 725 1498 778 testimonium
1555 723 1758 790 requiri
1831 723 2024 790 possit,

457 838 617 892 quam
657 821 760 875 hoc
809 817 1046 873 Justini?
1089 816 1144 870 Si
1187 815 1584 869 eucharistiam
1627 815 1872 868 absentis
1905 829 2028 868 cor-

458 916 603 984 poris
626 914 852 982 ﬁguram
879 926 1000 965 esse
1031 910 1424 972 existimasset,
1452 923 1518 960 an
1543 907 1888 960 Christianos
1917 921 2030 959 cro-

456 1009 585 1064 dere
608 1008 854 1068 dixisset,
883 1018 1076 1073 panem
1108 1016 1163 1058 et
1191 1004 1373 1056 vinum
1410 1010 1532 1071 post
1557 999 2027 1056 consecrationem

455 1116 577 1156 esse
604 1113 822 1154 carnem
854 1108 908 1153 et
945 1097 1267 1168 sanguinem
1310 1095 1548 1158 Domini,
1574 1095 2026 1163 quemadmodum

455 1192 708 1246 Christus
743 1205 845 1243 non
882 1189 1113 1243 formam
1149 1197 1206 1242 et
1237 1188 1463 1258 ﬁguram
1492 1186 1677 1240 carnis
1715 1197 1768 1240 ct
1804 1187 2026 1255 sangui—

457 1284 563 1343 nis,
595 1291 652 1332 ut
686 1289 763 1332 tot
818 1279 1054 1332 haereses
1104 1276 1406 1344 ﬁngebant,
1448 1277 1542 1330 sed
1574 1290 1759 1329 veram
1804 1288 2025 1328 carnem

456 1386 752 1438 verumque
789 1370 1107 1437 sanguinem
1144 1367 1370 1422 habuit?

528 1463 612 1517 IV.
647 1463 702 1516 3°
734 1459 896 1514 Verbi
929 1458 1376 1528 omnipotentiam
1423 1472 1530 1511 non
1569 1453 1747 1509 minus
1791 1455 2029 1509 admira-

455 1565 543 1610 tur
593 1552 652 1608 S.
699 1565 908 1622 martyr
957 1554 1011 1605 in
1052 1551 1405 1615 eucharistia,
1458 1565 1619 1617 quam
1660 1551 1712 1602 in
1771 1551 2026 1602 lncarna-

455 1649 626 1702 tione.
677 1645 770 1698 His
814 1645 957 1698 enim
1005 1643 1222 1697 verbis:
1263 1641 1366 1694 Per
1399 1640 1626 1695 Verbum
1663 1641 1756 1695 Dei
1796 1659 1918 1694 caro
1951 1642 2027 1709 fa-

449 1749 568 1793 ctus
613 1736 770 1790 Iesus
817 1734 1087 1801 Christus,
1117 1747 1358 1802 persona
1390 1733 1554 1788 Verbi
1598 1747 1704 1786 non
1738 1742 2026 1801 separatur

454 1831 523 1884 ab
558 1829 782 1884 homine
814 1844 880 1882 ex
913 1825 1134 1897 Virgine
1163 1825 1368 1894 genito,
1422 1840 1521 1879 nec
1553 1825 1660 1878 ulla
1696 1824 1854 1892 hujus
1875 1840 2026 1879 erro-

452 1920 529 1974 ris
559 1920 612 1972 in
647 1917 712 1973 S.
744 1929 985 1988 martyre
1033 1916 1312 1984 suspicio;
1366 1917 1464 1968 sed
1510 1916 1650 1968 idem
1703 1916 1790 1969 hic
1845 1915 2023 1976 docet,

451 2015 595 2084 quod
621 2021 699 2068 tot
724 2012 847 2066 aliis
880 2012 1031 2071 locis,
1061 2011 1239 2079 ipsum
1265 2006 1502 2063 Verbum
1535 2009 1635 2061 sibi
1656 2009 1708 2061 in
1731 2018 1885 2063 utero
1913 2009 2031 2062 Vir-

452 2104 595 2172 ginis
631 2118 852 2157 carnem
893 2100 1183 2155 formasse.
1238 2097 1606 2166 Quamobrem
1648 2101 1704 2152 in
1731 2115 1796 2154 eo
1823 2102 2028 2154 eucha-

452 2195 662 2248 ristiam
685 2210 807 2245 cum
836 2192 1217 2246 lncarnatione
1266 2202 1574 2260 comparat,
1599 2191 1741 2260 quod
1767 2194 2028 2260 quemad-

451 2287 671 2340 modum
711 2286 764 2337 in
795 2285 1176 2339 lncarnationc
1225 2299 1354 2338 caro
1384 2284 1549 2339 Verbi
1585 2286 1653 2338 ab
1701 2285 1816 2354 ipso
1847 2283 2028 2338 Verbo

454 2393 653 2445 corpus
685 2388 997 2431 assumente
1035 2377 1280 2445 perfecta
1308 2385 1416 2440 est,
1447 2377 1523 2430 ita
1548 2377 1710 2430 etiam
1745 2377 1796 2429 in
1828 2377 2028 2430 eucha-

457 2468 610 2521 ris’tia
643 2469 802 2535 panis
829 2479 885 2522 et
913 2469 1097 2520 vinum
1131 2483 1262 2522 caro
1294 2476 1349 2521 et
1371 2467 1592 2538 sanguis
1629 2466 1763 2520 ﬁant
1788 2483 1881 2534 per
1907 2483 2030 2536 pre-

455 2573 566 2610 cem
601 2559 754 2611 verba
787 2559 955 2627 ipsius
1006 2560 1381 2626 continentem,
1427 2559 1481 2612 id
1509 2567 1594 2614 est
1627 2558 2026 2628 omnipotentia

454 2648 699 2716 ejusdem
735 2649 923 2710 Verbi.
964 2649 1118 2716 cujus
1150 2653 1313 2704 verba
1355 2651 1578 2706 exhibet
1607 2652 1871 2721 precatio.
1897 2651 2028 2707 Cre-

453 2743 616 2796 debat
656 2757 788 2809 ergo
817 2738 1064 2798 Justinus
1103 2759 1323 2798 carnem
1369 2745 1571 2800 Christi
1606 2747 1797 2800 eadem
1847 2746 2025 2799 omni-

450 2833 719 2902 potentia,
746 2848 851 2902 qua
879 2833 933 2886 in
969 2844 1125 2888 utero
1156 2833 1393 2904 Virginis
1444 2837 1674 2890 formata
1703 2843 1809 2902 est,
1852 2837 1904 2890 in
1932 2852 2023 2890 eu-

450 2924 725 2980 charistiae
757 2935 1102 2979 sacramento
1134 2934 1460 2994 praesentem
1493 2927 1716 2997 apponi.

521 3018 585 3070 4ο
612 3016 858 3072 Justinus
901 3018 1258 3086 imperatores
1303 3017 1704 3085 alloquebatur,
1730 3031 1869 3087 quos
1898 3032 2025 3087 per-

2203 535 2268 589 V.
2313 536 2368 589 Si
2410 535 2625 589 Justino
2686 535 2936 588 ethnicos
2987 526 3282 602 alloquenti
3336 532 3535 584 talem
3601 543 3796 581 usum

2130 627 2364 698 prmbuit
2403 630 2772 692 eucharistia;
2805 638 3013 694 quanto
3046 625 3217 696 magis
3246 622 3548 678 adversus
3579 622 3796 675 haere-

2132 724 2269 776 ticos
2302 723 2560 775 scribenti
2596 736 2747 774 arma
2801 719 3155 779 ministravit,
3191 732 3430 786 quorum
3478 715 3564 768 ad
3604 727 3794 766 erro-

2130 829 2219 867 res
2259 810 2621 882 proﬁigandos
2691 812 2929 863 maxime
2982 807 3225 877 apposita
3266 805 3385 860 est?
3429 803 3789 872 Negabant

2130 903 2204 956 illi
2240 902 2516 957 Christum
2549 901 2732 954 mundi
2763 899 3044 954 Creatoris
3067 896 3261 952 Filium
3285 910 3407 950 esse
3434 911 3455 947 :
3494 893 3615 946 sed
3659 891 3785 943 Pa-

2131 1003 2271 1046 trem
2300 993 2502 1048 Christi
2529 992 2696 1046 Deum
2727 989 3015 1058 quemdam
3067 996 3319 1041 creatore
3343 982 3778 1039 excelsiorem

2131 1085 2234 1140 sibi
2268 1085 2560 1152 ﬁngebant.
2610 1084 2683 1138 At
2724 1081 2996 1153 quomodo
3022 1079 3273 1134 Christus
3300 1077 3497 1130 aliena
3545 1085 3615 1128 et
3643 1089 3678 1126 a
3713 1089 3782 1127 se

2131 1194 2236 1232 non
2289 1189 2470 1231 creata
2523 1179 2588 1231 ad
2642 1177 3112 1232 consecrationem
3162 1172 3541 1227 eucharistim
3584 1169 3775 1222 adhi-

2129 1271 2372 1325 buisset?
2404 1268 2688 1339 Negabant
2733 1270 2918 1323 carnis
2952 1268 3436 1322 resurrectionem.
3481 1265 3572 1318 At
3601 1277 3770 1332 quo-

2130 1365 2288 1416 modo
2311 1378 2460 1426 caro,
2495 1377 2614 1430 quae
2661 1375 2893 1429 corpore
2927 1370 2982 1413 et
3023 1360 3293 1429 sanguine
3328 1355 3578 1412 Domini
3656 1365 3773 1420 pa-

2125 1453 2536 1513 scitur,aztcrno
2569 1453 2784 1506 addicta
2831 1466 2950 1505 esse
2996 1453 3164 1521 possit
3210 1448 3515 1503 interitni?
3557 1447 3765 1515 Nega-

2130 1549 2259 1601 bant
2288 1561 2471 1599 veram
2532 1562 2752 1600 carnem
2789 1560 2818 1598 a
2863 1547 3087 1600 Christo
3139 1554 3517 1611 assumptam.
3583 1541 3759 1592 lianc

2129 1655 2344 1709 quoque
2393 1639 2727 1707 impietatem
2764 1639 3043 1691 refellebat
3075 1637 3437 1700 eucharistia,
3484 1650 3629 1701 qum
3663 1643 3759 1684 est

2130 1734 2551 1789 communicatio
2607 1734 2849 1801 corporis
2885 1744 2938 1786 et
2965 1733 3243 1801 sanguinis
3277 1730 3522 1786 Christi.
3592 1728 3753 1782 San-

2128 1830 2245 1897 guis
2278 1827 2414 1879 enim
2453 1843 2554 1879 non
2585 1835 2658 1878 est
2690 1826 2792 1877 nisi
2829 1845 2859 1878 a
2898 1827 3041 1879 venis
3078 1837 3124 1877 et
3157 1827 3408 1877 carnibus
3441 1835 3499 1876 et
3529 1841 3566 1874 a
3608 1822 3753 1874 reli-

2125 1936 2250 1988 qua,
2295 1935 2412 1987 qua:
2459 1921 2749 1971 secundum
2797 1920 3057 1970 hominem
3086 1928 3185 1980 est,
3214 1917 3555 1978 substantia,
3612 1929 3750 1982 quae

2126 2027 2239 2065 vere
2277 2012 2478 2078 factum
2509 2021 2583 2062 est
2621 2009 2847 2062 Verbum
2881 2009 2996 2069 Dei,
3029 2009 3203 2074 inquit
3229 2007 3501 2070 lrenarus,
3540 2007 3651 2058 lib.
3686 2020 3747 2065 ν,

2127 2119 2178 2158 c.
2203 2104 2258 2157 2.
2297 2103 2411 2156 Non
2452 2104 2674 2157 dubium
2704 2103 2870 2170 igitur
2891 2102 3020 2170 quin
3056 2101 3112 2154 S.
3141 2111 3347 2170 martyr
3375 2101 3504 2153 lucc
3559 2113 3746 2168 argu-

2130 2206 2307 2249 menta
2327 2195 2729 2249 antelrenreum
2765 2203 2819 2247 et
2843 2192 3238 2246 Tertullianum
3270 2191 3743 2259 frequentaverit

2130 2294 2240 2337 tum
2269 2286 2322 2338 in
2357 2285 2493 2338 libro
2520 2295 2714 2338 contra
2749 2284 3105 2346 Marcionem,
3152 2293 3260 2336 tum
3290 2283 3344 2336 in
3370 2283 3484 2336 alio
3517 2285 3739 2336 adver-

2129 2391 2220 2430 sus
2241 2391 2434 2430 omnes
2474 2378 2715 2431 haereses
2744 2378 2971 2445 scripto.
3018 2382 3198 2442 Quare
3241 2391 3344 2429 non
3387 2376 3533 2428 mihi
3572 2375 3738 2428 vide-

2127 2467 2228 2522 bor
2261 2469 2329 2522 ab
2356 2469 2501 2522 illius
2527 2470 2882 2526 defendenda:
2908 2471 3173 2524 doctrina:
3217 2473 3509 2538 proposito
3539 2468 3738 2522 disce-

2128 2561 2278 2620 dere.
2312 2561 2355 2614 si
2394 2563 2496 2616 hoc
2549 2563 2667 2616 loco
2710 2562 3012 2630 explanare
3047 2562 3336 2632 aggrediar
3369 2563 3482 2615 duo
3528 2561 3731 2630 magni

2127 2655 2388 2708 momenti
2434 2654 2769 2719 testimonia,
2819 2655 3051 2708 alterum
3102 2655 3161 2708 S.
3206 2654 3419 2717 Irenmi,
3471 2653 3729 2708 alterum

2129 2746 2473 2808 Tertulliani,
2511 2762 2632 2817 quae
2661 2749 2764 2802 etsi
2793 2757 3046 2801 strenuos
3069 2747 3389 2801 defensores
3437 2745 3724 2804 habuere,

2125 2841 2383 2896 videntur
2429 2849 2607 2894 tamen
2657 2839 2971 2893 uberiorem
3021 2839 3196 2892 lucem
3237 2839 3305 2892 ad
3341 2846 3726 2891 contextuum

2128 2932 2546 3001 intelligentiam
2597 2931 2899 2998 requirere.
2948 2929 3219 2983 Prteterea
3269 2929 3370 2981 hac
3411 2927 3612 2981 lrenzei
3663 2935 3723 2978 et

2130 3020 2455 3075 Tertulliani
2490 3022 2754 3074 adversus
2779 3034 2897 3079 eos.
2925 3019 3016 3086 qui
3067 3032 3290 3072 carnem
3317 3017 3526 3071 Christi
3554 3032 3724 3086 nega-

453 3111 633 3178 ntagni
688 3111 952 3164 intererat
995 3112 1061 3164 de
1110 3110 1274 3164 rebus
1323 3109 1761 3165 Christianorum
1801 3120 1926 3179 apte
1972 3121 2026 3163 et
2054 3133 2096 3191 α
2130 3115 2280 3173 bant,
2304 3112 2676 3182 disputatione
2720 3112 2772 3163 in
2809 3120 2926 3164 tuto
2953 3111 3313 3164 collocabitur
3335 3110 3719 3178 Athenagom

452 3200 690 3253 dilucide
727 3199 966 3265 erudiri;
1021 3203 1220 3271 quippe
1263 3217 1384 3256 eum
1447 3203 1718 3256 hactenus
1765 3202 1830 3256 de
1868 3201 2029 3255 Chri-

451 3292 644 3346 stianis
667 3307 732 3345 ex
763 3293 950 3362 iniquo
985 3309 1204 3348 rumore
1251 3294 1662 3361 dijudicassent.
1696 3293 1878 3360 Quare
1919 3309 2029 3346 ma-

452 3396 554 3450 gna
587 3383 770 3437 cautio
813 3383 1042 3446 exstitit,
1075 3398 1142 3437 ne
1171 3393 1269 3436 aut
1307 3384 1567 3437 latentem
1598 3384 1649 3435 in
1677 3382 1878 3437 Christi
1904 3397 2021 3436 ver-

453 3474 536 3526 bis
588 3475 814 3543 ﬁguram
865 3490 971 3529 non
1003 3475 1276 3538 viderent,
1309 3475 1354 3529 si
1399 3489 1600 3544 corpus
1646 3473 1848 3527 Christi
1897 3488 2027 3527 vere

451 3565 797 3620 eucharistiae
843 3574 1193 3620 sacramento
1250 3581 1358 3620 non
1409 3567 1746 3627 continetur,
1803 3575 1928 3626 aut,
1978 3565 2022 3617 si

451 3673 582 3713 vere
612 3661 941 3722 continetur,
993 3673 1061 3714 ne
1086 3670 1252 3715 totam
1284 3673 1421 3721 rem,
1452 3668 1510 3712 ut
1535 3656 1771 3712 fabulam
1803 3657 2020 3722 anilem,

455 3751 770 3819 rejicerent.
822 3751 1008 3807 Primo
1049 3751 1399 3805 incommodo
1431 3751 1590 3804 facile
1618 3750 1834 3804 occurri
1867 3759 2023 3815 pote-

456 3851 575 3895 rat:
614 3850 824 3895 lantum
873 3857 1038 3896 voces
1096 3841 1398 3909 ettplicaret
1433 3840 1699 3903 Justinus,
1757 3840 1890 3894 nihil
1934 3855 2026 3893 sn-

450 3945 672 4002 pererat
698 3936 942 3997 absurdi,
970 3935 1062 3990 sed
1094 3937 1270 3989 soluta
1299 3947 1352 3990 et
1374 3934 1623 4004 expedita
1648 3931 2021 3986 erantomnia.

454 4026 533 4078 Ad
556 4025 787 4080 alterum
820 4036 1001 4080 autem
1038 4028 1448 4096 requirebatur,
1482 4037 1540 4080 ut
1573 4028 1674 4079 hoc
1706 4025 2022 4092 mysterium

452 4131 560 4170 non
593 4117 712 4171 sine
748 4117 1075 4172 certissimis
1107 4118 1442 4188 argumentis
1470 4132 1500 4170 a
1531 4116 1856 4170 Christianis
1876 4115 2021 4170 credi

454 4211 857 4264 demonstraret

525 4300 715 4356 Utram
749 4301 889 4354 viam
918 4311 1140 4356 secutus
1170 4301 1243 4356 sit
1265 4301 1318 4355 in
1345 4301 1602 4370 ambiguo
1639 4312 1762 4353 esse
1789 4312 1896 4352 non
1927 4312 2026 4367 po—

457 4399 581 4446 test.
617 4390 896 4459 Nusquam
929 4393 1076 4448 enim
1109 4393 1176 4447 ad
1220 4408 1339 4447 eam
1370 4393 1446 4446 rei
1476 4391 1813 4460 explicandae
1857 4393 2024 4444 ratio-

2126 3207 2400 3270 doctrina,
2425 3219 2587 3274 quem
2620 3204 2818 3257 Petrus
2851 3202 2998 3256 Allix
3038 3217 3067 3255 a
3096 3203 3416 3270 corporibus
3444 3202 3718 3256 redivivis

2126 3296 2447 3364 sanguinem
2479 3295 2798 3356 removisse,
2828 3308 2893 3347 ac
2923 3293 2976 3346 in
3013 3294 3348 3348 eucharistia
3377 3294 3712 3362 sanguinem

2125 3388 2327 3442 Christi
2357 3402 2459 3441 non
2489 3389 2781 3456 agnovisse
2805 3387 3108 3440 contendit.

2198 3478 2290 3532 Sic
2313 3480 2477 3545 igitur
2509 3481 2762 3540 tremens,
2789 3479 2882 3531 lib.
2909 3493 2983 3540 tv,
3008 3491 3057 3529 c.
3088 3475 3177 3540 18,
3198 3493 3254 3532 n.
3282 3476 3316 3531 5
3339 3494 3352 3530 :
3377 3475 3575 3539 Πῶς...
3611 3475 3713 3546 τὴν

2127 3573 2303 3642 σάρκα
2335 3569 2582 3639 λέγουσιν
2611 3572 2693 3632 εἰς
2721 3569 2927 3641 φθορὰν
2956 3572 3172 3640 χωρεῖν,
3217 3571 3313 3622 καὶ
3352 3570 3427 3639 μὴ
3457 3567 3711 3639 μετέχειν

2123 3667 2221 3734 τῆς
2251 3664 2414 3734 ζωῆς,
2445 3663 2542 3736 τὴν
2574 3663 2684 3718 ἀπὸ
2712 3661 2806 3715 τοῦ
2836 3661 3086 3733 σώματος
3112 3660 3206 3715 τοῦ
3228 3662 3453 3733 Κυρίου,
3486 3667 3586 3714 καὶ
3612 3659 3709 3712 τοῦ

2125 3757 2350 3827 αἵματος
2394 3756 2558 3810 αὐτοῦ
2591 3758 2926 3829 τρεφομένην
2951 3775 2964 3823 ;
2993 3759 3027 3829 ἣ
3059 3757 3156 3828 τὴν
3204 3757 3428 3827 γνώμην
3473 3754 3709 3818 ἀλλαξὰ-

2123 3851 2447 3919 τωσαν,ἢτὸ
2479 3851 2804 3922 προσφέρειν
2824 3849 2892 3902 τὰ
2919 3851 3183 3921 εἰρημένα
3211 3850 3702 3922 παραιτείσοωσαν.

2137 3939 2320 4009 Ἡμῶν
2333 3940 2389 3992 δὲ
2403 3939 2464 3992 σύ
2473 3957 2686 4010 μφωνος
2704 3943 2736 4010 ἡ
2751 3938 2940 4011 γνώμη
2953 3943 3018 4011 τῇ
3035 3940 3377 4010 εὐχαριστίᾳ,
3393 3940 3485 3993 καὶ
3501 3943 3533 4010 ἡ
3552 3940 3708 4009 εὐχα-

2127 4030 2597 4104 ριστία...βε6αιοῖ
2615 4033 2714 4102 τὴν
2743 4031 3426 4102 γνώμην...προσφέρομεν
3467 4034 3519 4088 δὲ
3559 4026 3706 4099 αὐτῷ

2126 4123 2192 4175 τὰ
2216 4121 2340 4185 ἴδια,
2361 4120 2612 4192 ἐμμελῶς
2629 4123 2912 4177 κοινωνίαν
2928 4124 3022 4178 καὶ
3041 4124 3234 4178 ἕνωσιν
3244 4124 3699 4193 ἀπαγγέλλοντες,

2126 4215 2220 4268 καὶ
2253 4215 2639 4285 ὁμολογοῦντες
2699 4217 2899 4288 σαρκὸς
2954 4217 3050 4270 καὶ
3102 4216 3409 4287 πνεύματος
3464 4216 3698 4286 ἔγερσιν.

2140 4307 2223 4371 Ὠς
2253 4308 2362 4379 γὰρ
2394 4310 2501 4363 ἀπὸ
2530 4310 2632 4379 γῆς
2678 4311 2841 4380 ἄρτος
2900 4309 3448 4380 προσλαμϐάνομενος
3481 4309 3579 4380 τὴν
3613 4308 3702 4361 Ex-

2127 4399 2316 4471 κλησιν
2338 4401 2429 4454 τοὺ
2461 4401 2617 4464 Θεοῦ,
2653 4401 2834 4454 οὐκέτι
2869 4401 3042 4464 κοινὸς
3074 4400 3237 4471 ἄρτος
3270 4400 3440 4464 ἐστὶν,
3473 4400 3588 4453 ἀλλ’
3622 4399 3703 4450 εὐ-

455 4499 578 4538 nem
615 4485 925 4551 descendit,
969 4501 1089 4555 qua:
1141 4495 1249 4540 tam
1294 4485 1469 4541 facilis
1498 4495 1717 4556 tamque
1744 4484 2021 4553 expedita.

2131 4493 2401 4562 χαριστία,
2420 4495 2484 4546 ἐκ
2499 4493 2592 4545 δύο
2608 4493 2947 4564 πραγμάτων
2967 4495 3348 4563 συνεστηκυῖα,
3367 4493 3609 4560 ἐπιγείου
3641 4507 3698 4544 τε

454 4590 519 4629 ac
546 4576 704 4630 simul
739 4586 848 4631 tam
876 4579 1185 4634 necessaria
1216 4577 1430 4646 fuisset,
1455 4588 1515 4633 ut
1537 4594 1727 4646 panem
1759 4589 1813 4631 et
1838 4579 2023 4630 vinum

455 4681 583 4721 vere
630 4682 827 4738 corpus
873 4670 1084 4725 Christi
1137 4687 1241 4726 non
1288 4687 1431 4735 esse,
1469 4673 1564 4726 sed
1594 4672 1659 4725 ad
1691 4672 1795 4724 hoc
1823 4685 2026 4738 corpus

457 4759 874 4829 signiﬁcandum
908 4761 1153 4818 adhiberi
1193 4764 1536 4817 admoneret.
1586 4761 1730 4816 Nihil
1755 4760 2025 4830 ejusmodi

457 4849 661 4904 factmn
693 4867 721 4904 a
752 4849 812 4905 S.
847 4863 1122 4922 martyre;
1165 4853 1261 4908 sed
1289 4854 1345 4907 in
1376 4853 1427 4906 id
1459 4861 1604 4907 totus
1639 4852 1928 4916 incumbit,
1969 4859 2028 4905 ut

459 4941 562 4995 hoc
615 4945 932 5013 mysterium
967 4959 1070 4997 non
1104 4944 1222 4999 sine
1265 4944 1604 5012 gravissimis
1651 4944 1834 4998 causis
1876 4944 2025 4998 credi

458 5033 819 5089 demonstret.
871 5035 986 5087 Duo
1035 5035 1460 5105 requirebantur
1513 5035 1566 5089 in
1623 5049 1684 5089 re
1737 5035 1872 5089 tanti
1911 5050 2028 5088 mo-

458 5126 623 5179 menti
646 5141 656 5174 :
676 5127 870 5194 primo,
896 5137 954 5179 ut
976 5129 1320 5196 omnipotens
1342 5127 1436 5192 sit,
1455 5127 1680 5197 quieam
1707 5142 1736 5181 a
1763 5143 1822 5182 se
1840 5128 2026 5196 perfici

458 5216 707 5278 dixerat;
762 5217 957 5274 deinde
1001 5228 1060 5272 ut
1089 5219 1231 5272 nulla
1260 5218 1376 5287 ejus
1417 5221 1603 5274 verbis
1656 5220 1787 5274 insit
1831 5221 2029 5275 obscu-

459 5307 613 5363 ritas.
671 5308 919 5378 Utroque
973 5321 1289 5379 argumento
1338 5313 1530 5366 nititur
1572 5309 1840 5378 Justinus,
1892 5314 2022 5366 dum

459 5399 894 5454 Christianorum
934 5401 1091 5457 ﬁdem
1139 5403 1264 5456 inde
1316 5404 1537 5473 repetit,
1583 5405 1728 5473 quod
1781 5404 2026 5459 Verbum

461 5491 610 5554 illud,
651 5491 790 5560 quod
820 5493 922 5546 sibi
957 5495 1008 5547 in
1033 5505 1188 5549 utero
1222 5494 1462 5563 Virginis
1495 5511 1713 5550 carnem
1744 5496 2024 5562 formavit,

458 5596 682 5655 accepto
718 5602 873 5655 pane,
928 5587 1159 5644 dixerit:
1211 5587 1324 5642 Hoc
1353 5599 1429 5642 est
1475 5605 1662 5658 corpus
1706 5607 1916 5657 meum;
1950 5603 2023 5656 et,

461 5688 682 5745 accepto
710 5677 920 5732 calice:
958 5677 1057 5732 Hic
1090 5691 1164 5732 est
1204 5683 1421 5748 sanguis
1462 5699 1630 5739 meus.
1687 5685 1804 5750 Quo
1863 5701 2028 5740 sensu

464 5785 560 5825 nos
614 5769 942 5826 eucharistia
975 5773 1042 5827 ali
1089 5777 1300 5838 doceat,
1350 5776 1532 5830 itidem
1584 5786 1640 5830 ut
1676 5778 1764 5831 alii
1811 5778 2024 5845 Patres,

2127 4585 2220 4636 ml.
2247 4585 2496 4655 οὐρανίου
2521 4602 2533 4615 ·
2567 4585 2738 4648 οὕτως
2759 4586 2851 4639 καὶ
2875 4585 2941 4639 τὰ
2977 4584 3206 4656 σώματα
3239 4585 3396 4656 ἡμῶν
3429 4586 3699 4656 μεταλαμ-

2127 4676 2356 4730 ϐάνοντα
2382 4677 2480 4748 τῆς
2512 4677 2880 4748 εὐχαριστίας,
2910 4679 3105 4750 μηκέτι
3123 4673 3260 4730 εἶναι
3279 4677 3443 4748 (ἐστὶ)
3464 4676 3694 4748 φθαρτὰ,

2125 4771 2225 4842 τὴν
2282 4771 2471 4824 ἐλπίδα
2532 4772 2631 4842 τῆς
2679 4773 2760 4834 εἰς
2813 4770 3017 4834 αἰῶνας
3075 4771 3430 4834 ἀναστάσεως
3484 4771 3692 4842 ἔχοντα.

2135 4883 2154 4916 ι
2187 4866 2471 4931 Quomodo
2519 4876 2700 4918 autem
2752 4880 2940 4919 rursus
2981 4866 3170 4920 dicunt
3212 4881 3432 4920 carnem
3476 4867 3529 4919 in
3576 4880 3695 4918 cor-

2130 4957 2441 5026 ruptionem
2478 4959 2759 5022 devenire,
2785 4969 2838 5013 et
2873 4974 2977 5012 non
3025 4960 3310 5027 percipere
3341 4959 3530 5023 vitam,
3580 4973 3696 5029 qua:

2131 5062 2363 5116 corpore
2392 5049 2604 5102 Domini
2649 5063 2706 5102 et
2753 5049 3016 5119 sanguine
3050 5049 3412 5120 alitur?Ergo
3442 5060 3538 5103 aut
3573 5064 3691 5103 sen-

2131 5139 2360 5192 tentiam
2399 5149 2612 5192 mutent
2635 5150 2732 5194 aut
2774 5141 3085 5194 abstineant
3115 5139 3393 5196 offerendo
3427 5156 3548 5210 qua:
3572 5155 3695 5211 prte—

2131 5231 2275 5285 dicta
2307 5241 2455 5286 sunt.
2487 5230 2687 5285 Nostra
2737 5242 2917 5286 autem
2964 5247 3276 5287 consonans
3308 5244 3393 5286 est
3427 5233 3691 5289 sententia

2129 5322 2496 5386 eucharistiae,
2532 5333 2586 5376 et
2625 5323 2957 5377 eucharistia
3010 5341 3198 5378 rursus
3250 5327 3545 5379 conlirmat
3578 5339 3693 5380 sen-

2131 5415 2360 5468 tentiam
2394 5422 2657 5467 nostram.
2691 5412 2982 5469 Olferimus
3010 5417 3155 5470 etiim
3182 5419 3230 5471 ei
3265 5433 3384 5486 qua:
3412 5427 3539 5472 sunt
3559 5419 3687 5486 ejus.

2130 5516 2496 5572 congruenter
2542 5506 3092 5561 communicationem
3127 5520 3182 5562 et
3222 5511 3479 5564 unitatem
3512 5510 3688 5578 prmdi-

2132 5609 2317 5651 cantes
2352 5597 2559 5669 [Greece
2609 5597 2936 5652 conﬁtentes
2988 5602 3471 5674 resurrectionem]
3519 5604 3690 5657 carnis

2131 5698 2188 5742 et
2244 5690 2488 5756 spiritus.
2531 5690 3004 5756 Quemadmodum
3063 5695 3202 5746 enim
3239 5694 3336 5764 qui
3363 5704 3447 5750 est
3486 5711 3517 5750 a
3559 5706 3687 5749 terra

2134 5781 2305 5846 panis,
2342 5781 2646 5850 percipiens
2679 5783 3079 5839 invocationem
3114 5786 3228 5850 Dei,
3265 5783 3379 5851 jam
3408 5801 3514 5840 non
3554 5801 3688 5842 com-
