3932 6258
168 360 232 418 69
1276 360 1341 421 D.
1374 362 1642 423 MARANI
1682 367 1794 424 PR:

1904 366 2078 424 ATIO.
2113 399 2183 409 —
2215 362 2396 421 PARS
2424 360 2489 422 11.
3434 365 3501 421 70

171 482 345 534 ιιιιιιιῑς
370 487 459 534 est
482 482 680 549 panis,
726 486 830 539 sed
864 486 1252 551 eucharistia,
1297 503 1360 542 ex
1402 488 1614 543 duabus
1647 489 1810 542 rebus
1843 492 1883 545 A
1916 488 2144 550 tionem,
2177 502 2298 555 qure
2326 487 2384 539 ﬁt
2415 487 2467 539 in
2496 483 2864 547 eucharistia,
2896 492 2952 538 ct
2995 498 3113 539 eam
3150 497 3269 553 quae
3302 497 3499 551 corpo-

172 583 451 636 ronstans,
488 582 731 627 terrena
765 586 830 630 et
868 578 1146 644 caelesti;
1188 579 1268 633 sic
1294 587 1345 632 et
1378 594 1605 648 corpora
1631 590 1814 634 nostra
1917 578 2070 629 ribus
2112 578 2317 631 nostris
2366 576 2629 647 promissa
2677 584 2793 638 est,
2821 575 2963 644 quod
2994 574 3148 644 panis
3185 573 3494 627 substantia

176 665 538 731 percipientia
572 666 1047 733 eucharistiam,
1098 669 1206 739 jam
1250 686 1357 724 non
1384 680 1508 725 sunt
1539 672 1812 741 corrupti—

182 754 326 817 biiia,
355 770 510 824 spem
550 760 1024 814 resurrectionis
1054 762 1330 815 habentia.
1359 781 1378 814 ι
1407 762 1534 816 Sola
1571 763 1813 818 Ecclesia

192 846 247 898 ia
296 846 633 900 celebranda
701 851 1075 904 eucharistia
1151 852 1703 907 communicationem
1760 860 1815 908 et

202 938 445 990 anitatem
487 937 803 1004 prmdicat,
836 944 975 1010 quia
1015 952 1185 996 sectae
1214 959 1317 996 non
1352 954 1501 998 recte
1539 944 1809 1009 dividunt,

211 1040 265 1080 ut
289 1045 334 1080 ιι.
361 1028 395 1081 ’5
420 1029 670 1092 dicebat,
706 1048 833 1084 eam
865 1050 992 1102 qua:
1024 1044 1101 1087 est
1153 1038 1221 1087 ad
1250 1036 1545 1097 proximum
1575 1053 1811 1090 comnm-

214 1124 420 1173 tionem.
464 1119 856 1179 Resurrectio
910 1126 1167 1196 corporis
1193 1134 1248 1179 et
1275 1128 1500 1196 spiritus
1534 1134 1649 1182 sive
1689 1132 1810 1184 anl-

215 1227 322 1273 lm,
354 1227 511 1280 quam
549 1213 815 1269 Ecclesia
853 1219 1037 1278 docet.
1082 1220 1339 1289 loquendi
1376 1224 1517 1274 ratio
1550 1233 1633 1276 est
1670 1224 1812 1292 apud

216 1306 451 1371 antiquos
498 1308 741 1371 usitata,
796 1320 862 1362 ut
890 1311 1186 1365 observavi
1244 1314 1309 1366 ad
1364 1313 1653 1382 Theophili
1697 1318 1811 1368 An-

215 1396 373 1448 tioch.
411 1396 502 1448 lib.
536 1413 579 1450 ι.

277 1487 378 1539 Sed
423 1488 568 1556 quod
613 1491 905 1559 praecipue
948 1493 1349 1549 observandum
1403 1497 1558 1550 nobis
1595 1508 1701 1559 est,
1752 1499 1806 1552 in

214 1576 291 1629 bis
318 1578 531 1631 verbis:
586 1579 951 1634 Eucharistia
992 1599 1061 1636 ex
1087 1584 1295 1639 duabus
1341 1592 1492 1641 rebus
1539 1602 1808 1654 constans,

208 1680 411 1721 terrena
440 1679 488 1722 et
518 1672 760 1733 ccclesti,
794 1674 911 1726 duo
950 1675 1179 1739 diversi,
1211 1692 1307 1744 pro
1336 1679 1565 1733 diversis
1601 1691 1808 1751 tenipo-

208 1759 375 1824 ribus,
408 1762 772 1817 eucharistize
801 1774 984 1817 status
1014 1768 1458 1824 considerantur.
1501 1770 1685 1824 Primo
1722 1788 1809 1826 res

1917 676 2158 720 mutetur
2181 668 2230 719 in
2267 668 2429 720 aliam
2476 668 2635 734 longe
2675 666 3015 729 dissimilem,
3052 667 3256 720 nostris
3300 676 3485 720 autem

1916 758 2239 825 corporibus
2279 757 2641 812 substantiam
2682 774 2834 813 suam
2860 757 3222 811 retinentibus
3257 757 3499 825 qualitas

1919 859 2127 903 tantum
2172 865 2462 905 accessura
2502 852 2595 904 sit.
2636 850 2741 904 Sed
2771 865 2837 903 ex
2868 850 2972 902 hoc
3003 848 3318 902 discrimine
3350 864 3496 917 pra»

1914 944 2115 998 clarior
2164 947 2346 999 evenit
2399 945 2755 1014 comparatio.
2806 943 3007 998 Probat
3057 944 3199 998 enim
3255 944 3494 998 Irenzeus

1914 1035 2094 1089 minus
2138 1036 2460 1090 miraculum
2500 1050 2568 1089 ex
2614 1034 2851 1101 majore,
2881 1044 2938 1087 ut
2989 1045 3399 1088 controversum
3427 1047 3494 1086 ex

1914 1142 2018 1181 non
2076 1138 2450 1184 controverso.
2499 1127 2641 1194 Quin
2673 1128 2841 1181 etiam
2889 1128 3128 1180 absurda
3157 1136 3301 1181 esset
3348 1126 3497 1179 illius

1914 1220 2284 1283 ratiocinatio,
2326 1221 2429 1273 nisi
2459 1221 2821 1274 substantiam
2856 1220 3011 1286 panis
3045 1219 3261 1289 penitus
3296 1220 3498 1272 mutari

1915 1325 1979 1363 ac
2015 1311 2215 1364 nullam
2255 1325 2477 1379 prorsus
2522 1326 2811 1380 superesse
2858 1311 3122 1365 dicamus.
3160 1310 3496 1378 Quocunque

1914 1402 2057 1456 enim
2094 1403 2304 1456 honore
2349 1402 2503 1471 panis
2535 1412 2834 1471 augeatur;
2866 1404 2909 1456 si
2945 1404 3100 1471 panis
3124 1419 3245 1459 esse
3273 1420 3377 1458 non
3402 1405 3499 1457 de-

1917 1494 2084 1557 sinat,
2127 1493 2285 1562 longe
2322 1495 2623 1548 mirabilior
2676 1495 2781 1549 erit
2833 1509 3123 1564 corporum
3182 1507 3491 1549 nostrorum

1918 1587 2148 1639 mutatio
2172 1626 2187 1649 ,
2225 1601 2343 1654 qum
2379 1601 2485 1639 non
2521 1586 2692 1640 solum
2735 1587 3025 1655 acquirent
3072 1588 3496 1655 incorruptionis

1916 1675 2103 1736 decus,
2138 1676 2233 1729 sed
2266 1676 2430 1729 etiam
2462 1691 2525 1730 ex
2572 1676 2799 1729 mortuis
2829 1685 2885 1728 et
2915 1675 3193 1729 dissolutis
3225 1691 3287 1729 ac
3317 1677 3366 1729 in
3401 1692 3496 1728 va-

1917 1765 2029 1819 rias
2063 1767 2249 1819 mundi
2284 1777 2469 1831 partes
2512 1766 2794 1833 dissipatis
2825 1767 3013 1819 eadem
3043 1768 3219 1834 quoad
3242 1769 3495 1820 substan-

208 1861 423 1906 terrena
447 1866 557 1917 est,
587 1856 715 1910 sive
759 1857 919 1922 panis
963 1858 1055 1927 qui
1099 1869 1176 1913 est
1204 1876 1237 1912 a
1270 1871 1439 1923 terra,
1470 1879 1577 1917 uno
1616 1865 1805 1928 verbo,
1842 1832 1884 1892 Β
1918 1855 2048 1907 tiam
2102 1855 2239 1909 ﬁant
2287 1871 2541 1925 corpora,
2578 1855 2928 1923 superaddite
2964 1855 3497 1924 incorruptibilitatis

204 1943 350 2019 penis
386 1947 727 2011 communis,
786 1949 983 2001 deinde
1031 1950 1089 2002 ﬁt
1149 1952 1507 2017 encharistia,
1570 1955 1673 2009 boc
1724 1965 1809 2009 est

203 2048 398 2102 corpus
426 2044 483 2088 et
514 2038 755 2102 sanguis
799 2036 1040 2091 Domini.
1071 2039 1348 2106 Duplieem
1397 2041 1545 2094 illum
1588 2057 1653 2095 ex
1681 2057 1806 2096 suc-

206 2127 448 2180 cessione
491 2138 711 2181 statum
741 2130 1007 2197 praeclare
1044 2133 1095 2185 in
1132 2133 1240 2185 alio
1266 2133 1427 2186 etiam
1454 2132 1575 2188 loco
1600 2135 1807 2187 descri-

206 2220 275 2271 bit
296 2220 575 2273 lrena'us:
612 2220 731 2273 Καὶ
754 2222 927 2291 ὅνπερ
950 2222 1152 2296 τρόπον
1174 2222 1233 2276 τὸ
1261 2223 1413 2287 ξύλον
1439 2225 1539 2294 τῆς
1558 2224 1804 2296 ἀμπέλου

206 2310 379 2364 κλιθὲν
411 2314 495 2374 εἰς
521 2312 627 2383 τὴν
664 2312 777 2383 γῆν
798 2312 873 2384 τῷ
899 2313 1014 2385 ἰδίῳ
1041 2314 1214 2385 καιρῷ
1244 2317 1679 2389 ὲκαρποφὸρησε,
1710 2317 1803 2371 καὶ

207 2403 443 2466 ὁκόχκος
466 2403 567 2456 τοῦ
595 2404 757 2458 σίτου
783 2405 968 2457 πεσὼν
997 2408 1077 2469 εἰς
1103 2407 1203 2479 τὴν
1240 2407 1363 2478 γῆν,
1380 2408 1473 2460 καὶ
1512 2408 1799 2471 διαλυθεὶς,

208 2494 489 2558 πολλοστὸς
517 2496 742 2567 ἠγέρθη
767 2496 855 2550 διὰ
898 2497 990 2549 τοῦ
1022 2498 1338 2568 Πνεῦματος
1380 2496 1473 2553 τοῦ
1514 2498 1670 2562 Θεοῦ,
1706 2500 1799 2553 τοῦ

210 2586 516 2653 συνέχοντος
547 2586 620 2638 τὰ
668 2586 880 2639 πάντα·
907 2585 1099 2638 ἔπειτα
1130 2586 1186 2639 δὲ
1226 2587 1314 2640 διὰ
1361 2588 1458 2658 τῆς
1495 2590 1685 2657 σοφίας
1720 2592 1800 2651 εἰς

207 2678 387 2748 χρῆσιν
411 2674 650 2729 ἐλθόντα
670 2675 771 2729 ἀνθ
782 2675 997 2747 ρώταυν,
1022 2677 1115 2730 καὶ
1138 2678 1667 2750 προσλαμϐανόμενα
1709 2681 1799 2733 τὸν

206 2770 351 2838 λογον
374 2769 465 2823 τοῦ
502 2768 654 2821 Θεοῦ
685 2769 1010 2839 εὐχαριστία
1047 2769 1286 2838 γίνεται,
1311 2771 1445 2843 ὅπερ
1482 2772 1600 2825 ἐστὶ
1639 2772 1799 2842 σῶμα

210 2864 293 2915 καὶ
320 2858 455 2933 αἷμα
486 2861 588 2915 τοῦ
631 2860 912 2934 Χριστοῦο
946 2860 1121 2926 οὕτως
1157 2863 1250 2915 καὶ
1295 2863 1364 2917 τὰ
1400 2864 1646 2935 ἡμέτερα
1690 2863 1794 2917 σώ-

216 2972 343 3023 ματα
364 2954 423 3018 ἐξ
450 2954 634 3023 αὐτῆς
657 2952 993 3023 τρεφόμενα,
1025 2953 1117 3005 καὶ
1157 2952 1377 3006 τεθέντα
1422 2957 1501 3018 εἰς
1529 2955 1625 3026 τὴν
1668 2958 1791 3027 γῆν,

210 3045 295 3096 καὶ
344 3044 676 3096 διαλυθέντα
737 3045 798 3097 ὲν
842 3044 1016 3113 αὐτῇ,
1061 3047 1422 3116 ἀναστήσεται
1470 3049 1527 3099 ὲν
1561 3047 1638 3119 τῷ
1679 3048 1792 3120 ἰδίῳ

210 3135 389 3203 καιρῷ,
420 3135 519 3187 τοῦ
548 3134 721 3203 λόγου
764 3132 858 3185 τοῦ
891 3134 1027 3186 Θεοῦ
1055 3134 1153 3205 τὴν
1186 3134 1400 3205 ἔγερσιν
1427 3136 1608 3200 αὐτοῖς
1636 3155 1791 3210 χαρι-
1826 3173 1868 3230 C

1910 1946 2069 2000 dono.

1979 2036 2253 2089 Praeterea
2310 2036 2447 2090 duas
2496 2037 2832 2090 mutationes
2885 2038 2935 2090 in
2989 2051 3127 2106 pane
3172 2038 3490 2094 considerat

1907 2126 2141 2180 lrenazus
2178 2125 2435 2195 :primam
2497 2140 2605 2195 qua
2671 2142 2739 2182 ex
2771 2127 2953 2182 tritico
2980 2128 3265 2183 decidente
3296 2131 3347 2183 in
3384 2142 3490 2185 ter-

1908 2234 2022 2272 ram
2060 2230 2114 2273 et
2142 2219 2403 2273 dissoluto
2444 2219 2715 2288 multiplex
2741 2222 2902 2290 surgit
2942 2237 3035 2289 per
3062 2220 3323 2291 Spiritum
3364 2222 3483 2287 Dei,

1860 2358 1883 2371 ,
1907 2310 2081 2381 ﬁtque
2122 2314 2279 2382 panis
2304 2314 2372 2367 ad
2403 2313 2683 2367 hominum
2724 2330 2887 2380 usus;
2918 2317 3142 2370 alteram
3180 2334 3283 2387 qua
3313 2320 3488 2387 perci-

1904 2406 2060 2474 piens
2091 2405 2329 2459 Verbum
2357 2403 2449 2458 Dei
2486 2408 2543 2458 ﬁt
2579 2420 2774 2473 corpus
2795 2405 3019 2461 Christi.
3054 2408 3332 2462 Posterior
3363 2425 3485 2462 mu-

1907 2496 2051 2549 tatio-
2083 2497 2237 2565 longe
2292 2497 2595 2550 mirabilior
2626 2514 2786 2565 quam
2838 2501 3035 2565 prima.
3087 2500 3217 2553 Nam
3262 2517 3483 2570 compa-

1903 2595 2093 2639 rantur
2136 2588 2352 2655 quidem
2400 2604 2520 2642 cum
2580 2598 2811 2658 utraque
2862 2600 3047 2644 nostra
3076 2607 3326 2661 corpora,
3366 2608 3486 2661 qua:

1900 2694 1965 2731 ea:
2008 2679 2329 2731 eucharistia
2363 2681 2588 2743 nutrita,
2625 2690 2672 2733 et
2717 2682 2947 2749 reposita
2988 2685 3042 2733 in
3083 2693 3277 2735 terram
3317 2694 3362 2736 et
3403 2700 3486 2736 re-

1898 2769 2074 2821 soluta
2098 2770 2151 2821 in
2170 2785 2253 2832 ea,
2272 2780 2543 2838 resurgent
2570 2786 2666 2822 suo
2702 2779 2947 2838 tempore.
2964 2770 3041 2828 ,Αι
3071 2771 3487 2826 resurrectionis

1898 2857 2145 2913 eli‘ectrix
2185 2868 2267 2913 est
2302 2859 2413 2914 sola
2446 2860 2534 2914 illa
2562 2861 2718 2929 panis
2749 2862 2801 2914 in
2849 2876 3049 2930 corpus
3075 2860 3277 2915 Christi
3308 2871 3483 2915 muta-

1898 2951 1996 3013 tio,
2033 2964 2153 3017 qua;
2192 2948 2340 3002 nulla
2392 2965 2617 3019 prorsus
2645 2953 2775 3015 erit,
2806 2952 2851 3006 si
2891 2952 3051 3020 panis
3091 2952 3326 3020 supersit
3351 2954 3483 3006 sub-

1896 3042 2121 3095 stantia.

1972 3132 2060 3189 Vl.
2093 3131 2266 3188 Locus
2323 3133 2641 3190 Tertulliani
2704 3133 2902 3204 legitur
2962 3135 3014 3189 in
3064 3135 3204 3190 libro
3253 3152 3307 3191 iv
3352 3137 3475 3191 adv.

210 3222 421 3292 Coaé‘nu
453 3229 534 3289 εἰς
559 3226 730 3292 δόξαν
754 3224 889 3278 Θεοῦ
927 3226 1021 3279 καὶ
1050 3226 1285 3298 Πατρός.
1319 3245 1338 3278 t
1371 3228 1433 3281 Et
1453 3232 1794 3297 Quemadmo-

1904 3223 2249 3289 Marcionem,
2276 3238 2325 3278 c.
2357 3224 2412 3289 4,
2446 3224 2533 3278 ubi
2560 3225 2642 3279 sic
2678 3224 2957 3295 loquitur:
3009 3245 3028 3277 ‹
3061 3226 3346 3282 Professus
3375 3230 3479 3283 ita-

209 3328 326 3371 dum
349 3318 561 3387 lignum
600 3317 758 3382 vitis,
804 3318 978 3386 inquit
1018 3317 1113 3371 lib.
1145 3333 1196 3380 ν,
1220 3333 1340 3386 cap.
1374 3319 1431 3383 2,
1461 3336 1516 3374 n.
1546 3321 1604 3381 5.
1637 3320 1797 3390 depo-

209 3412 359 3462 situm
395 3410 449 3462 in
484 3420 704 3464 terram
739 3425 839 3463 suo
865 3410 1162 3464 fructilicat
1186 3420 1453 3479 tempore,
1475 3424 1529 3466 et
1560 3428 1790 3481 granum

210 3502 359 3555 tritici
398 3501 668 3556 decidens
711 3502 765 3554 in
804 3510 1013 3556 terram
1048 3511 1105 3557 et
1144 3503 1471 3557 dissolutum
1506 3504 1793 3574 multiplex

212 3596 375 3663 surgit
417 3611 525 3665 per
575 3594 850 3665 Spiritum
891 3593 1012 3660 Dei,
1041 3594 1131 3664 qui
1169 3595 1414 3649 continet
1439 3596 1642 3659 omnia,
1672 3612 1794 3665 qute

211 3688 395 3740 deinde
428 3703 529 3757 per
555 3686 889 3755 sapientiam
921 3688 977 3740 in
1020 3701 1179 3740 usum
1216 3685 1457 3740 hominis
1494 3688 1715 3741 veniunt
1739 3698 1796 3743 et

216 3778 562 3845 perripientia
599 3776 838 3831 Verbum
873 3778 969 3832 Dei
999 3778 1333 3833 eucharistia
1363 3778 1521 3841 ﬁunt,
1541 3779 1682 3846 quod
1708 3790 1793 3834 est

220 3887 407 3937 corpus
439 3881 495 3925 et
522 3869 757 3938 sanguis
786 3867 1022 3935 Christi;
1057 3869 1139 3923 sic
1169 3879 1226 3923 et
1258 3878 1443 3923 nostra
1475 3883 1701 3937 corpora
1726 3885 1793 3924 ex

224 3977 281 4015 ea
320 3963 527 4015 nutrita
560 3970 619 4014 et
645 3960 886 4030 reposita
933 3959 986 4013 in
1014 3967 1240 4023 terram,
1275 3968 1329 4013 et
1372 3958 1609 4013 resoluta
1639 3958 1691 4012 in
1727 3974 1791 4013 ea

225 4061 495 4119 resurgent
532 4052 588 4105 in
626 4065 729 4105 suo
765 4060 1051 4119 tempore,
1086 4048 1262 4104 Verbo
1299 4048 1394 4103 Dei
1432 4050 1789 4103 resurrectio-

225 4159 332 4197 nem
372 4148 454 4200 eis
481 4146 750 4205 donante,
783 4141 836 4194 in
866 4140 1099 4210 gloriam
1138 4139 1231 4193 Dei
1275 4137 1507 4193 Patris.»
1543 4138 1657 4192 Non
1692 4154 1790 4209 po-

227 4245 319 4287 test
350 4236 433 4288 hic
463 4234 750 4288 successio
771 4231 1116 4286 diversorum
1148 4239 1381 4283 statuum
1413 4245 1519 4284 non
1543 4229 1789 4283 animad-

225 4328 379 4390 verti,
414 4326 522 4379 nisi
571 4325 700 4393 quis
735 4324 1010 4378 ctecutiat.
1064 4320 1249 4375 Primo
1286 4335 1374 4375 res
1416 4328 1632 4374 terrena
1682 4327 1786 4385 est,

226 4433 398 4486 nempe
429 4421 485 4474 id
524 4417 667 4487 quod
697 4417 999 4486 depositum
1030 4416 1088 4468 in
1151 4426 1347 4471 terram
1400 4430 1496 4467 suo
1555 4411 1787 4481 fructiﬁ-

1900 3329 2008 3383 que
2036 3329 2095 3368 se
2121 3316 2563 3384 concupiscentia
2607 3320 2935 3386 concupisse
2980 3320 3143 3374 edere
3186 3321 3384 3389 pascha
3423 3333 3479 3376 et

1899 3420 2058 3458 suum
2082 3404 2401 3475 (indignum
2441 3407 2585 3460 enim
2619 3416 2679 3459 ut
2703 3408 2834 3475 quid
2861 3408 3097 3463 alienum
3122 3413 3480 3480 concupisce-

1898 3506 1981 3551 ret
2013 3496 2177 3565 Deus)
2211 3506 2492 3565 acceptum
2518 3513 2713 3566 panem
2741 3508 2797 3552 et
2822 3482 3168 3554 distrﬂiutum
3195 3503 3476 3572 discipulis

1898 3603 2094 3657 corpus
2124 3589 2273 3642 illum
2317 3604 2475 3644 suum
2517 3589 2676 3646 fecit;
2711 3589 2824 3644 Hoc
2855 3600 2932 3645 est
2961 3608 3149 3660 corpus
3182 3610 3354 3647 meum
3385 3597 3470 3649 di-

1897 3674 2091 3738 cendo,
2127 3675 2181 3729 id
2236 3684 2320 3730 est
2361 3678 2533 3745 ﬁgura
2585 3679 2832 3746 corporis
2876 3679 3004 3734 mei.
3049 3680 3247 3749 Figura
3292 3692 3470 3739 autem

1897 3782 2002 3820 non
2029 3775 2195 3832 esset,
2230 3768 2336 3822 nisi
2370 3769 2621 3823 veritatis
2643 3779 2789 3825 esset
2819 3785 3042 3839 corpus.
3077 3774 3342 3829 Caeterum
3379 3793 3473 3830 va-

1894 3874 1995 3914 cua
2048 3875 2158 3925 res,
2205 3876 2326 3930 quae
2377 3872 2459 3915 est
2512 3862 2834 3931 phantasma
2877 3865 3103 3934 ﬁguram
3133 3881 3329 3935 capere
3362 3884 3469 3924 non

1894 3963 2099 4022 posset.
2133 3953 2243 4008 Aut
2290 3954 2334 4008 si
2366 3964 2651 4023 propterea
2690 3971 2885 4025 panem
2923 3972 3121 4027 corpus
3166 3961 3269 4014 sibi
3314 3960 3468 4029 fecil,

1896 4045 2019 4113 quia
2051 4046 2299 4113 corporis
2337 4049 2561 4100 carebat
2600 4049 2861 4110 veritate;
2895 4035 3026 4117 ergo.
3059 4064 3251 4118 panem
3284 4055 3467 4109 debuit

1893 4134 2111 4187 tradere
2135 4149 2233 4203 pro
2261 4136 2442 4189 nobis.
2468 4136 2727 4191 Faciebat
2757 4140 2823 4191 ad
2849 4141 3142 4196 vanitatem
3173 4142 3469 4201 Marcionis

1894 4234 1953 4278 ut
1978 4226 2138 4293 panis
2166 4242 2264 4296 pro
2296 4229 2453 4282 nobis
2489 4230 2918 4298 cruciﬁgeretur.
2953 4250 2972 4284 ι

1960 4314 2133 4386 Hujus
2171 4316 2276 4371 loci
2311 4316 2472 4370 aliam
2502 4319 2922 4386 explicationem
2954 4321 3270 4393 Perronius,
3298 4326 3462 4382 aliam

1892 4418 2143 4463 auctores
2175 4407 2550 4478 Perpetuitatis
2584 4410 2710 4479 ﬁdei
2744 4412 3076 4468 attulerunt:
3104 4415 3197 4469 sed
3232 4426 3465 4486 utraque

224 4520 297 4562 cat
320 4521 543 4577 tempore
570 4516 625 4562 et
654 4510 803 4561 venit
828 4508 881 4559 in
906 4520 1066 4559 usum
1089 4505 1600 4571 bominnm,estque
1619 4502 1776 4570 panis
1806 4509 1850 4563 Ι)
1881 4502 2207 4557 Tertulliani
2233 4502 2569 4556 sententiam
2609 4505 2660 4557 in
2690 4514 2801 4558 tuto
2843 4507 3023 4574 posuit
3048 4516 3102 4562 et
3138 4507 3279 4562 illius
3311 4512 3462 4564 testi-

225 4601 533 4662 communis,
574 4598 773 4653 deinde
812 4612 1009 4664 corpus
1053 4604 1102 4648 et
1146 4595 1361 4665 sanguis
1411 4593 1632 4656 Christi,
1665 4593 1779 4645 sive

223 4706 298 4744 res
324 4691 581 4747 cmlestis.

282 4785 389 4851 ipsa
418 4784 588 4836 etiam
614 4780 965 4836 eurbaristim
991 4793 1113 4833 cum
1139 4776 1341 4846 duplici
1374 4789 1663 4845 corporum
1690 4790 1781 4830 no-

224 4888 439 4931 strorum
462 4885 613 4932 statu
644 4874 988 4943 comparatio
1012 4880 1141 4924 ante
1161 4869 1348 4925 oculos
1372 4869 1523 4937 ponit
1546 4868 1774 4922 duorum

222 4973 269 5024 in
296 4971 624 5025 eucharistia
670 4976 909 5021 statuam
956 4961 1381 5017 successionem.
1417 4960 1777 5030 Comparatur

221 5065 427 5117 mutatio
448 5076 575 5116 cum
602 5058 925 5121 mutatione,
949 5070 1037 5108 res
1060 5065 1299 5119 terrena,
1328 5068 1449 5123 qua:
1471 5053 1532 5105 ﬁt
1558 5067 1645 5106 res
1666 5067 1777 5106 caa-

219 5156 373 5218 lestis,
402 5156 522 5208 sive
545 5151 704 5221 panis
735 5147 1070 5213 communis,
1104 5146 1194 5214 qui
1228 5145 1289 5198 ﬁt
1312 5159 1509 5213 corpus
1544 5144 1773 5209 Christi,

216 5263 318 5299 cum
350 5259 585 5313 corpore
612 5239 983 5310 corruptibili,
1015 5239 1160 5307 quod
1195 5238 1256 5290 ﬁt
1286 5250 1484 5305 corpus
1526 5236 1775 5290 incorru-

220 5336 415 5409 ptibile.
449 5336 561 5388 Res
588 5343 769 5387 autem
793 5329 988 5385 eodem
1022 5338 1265 5397 tempore
1289 5341 1353 5381 ac
1381 5326 1500 5381 sine
1526 5326 1630 5381 ulla
1652 5341 1777 5381 suc-

217 5432 446 5483 ﬁssione
491 5438 711 5481 terrena
742 5432 799 5478 et
827 5421 1099 5482 ctelestis,
1121 5418 1493 5488 corruptibilis
1524 5430 1577 5473 et
1605 5418 1775 5474 incor-

219 5519 469 5589 ruptibilis
502 5516 633 5585 quid
676 5514 901 5569 aﬂ'erret
935 5510 1198 5566 momenti
1228 5512 1294 5563 ad
1324 5524 1631 5578 corporum,
1654 5526 1775 5581 qua:

220 5628 343 5666 nunc
408 5608 783 5679 corruptibilia
846 5614 1016 5670 sunt,
1068 5603 1302 5657 futuram
1350 5603 1773 5671 incorruptibili-

219 5703 403 5850 u‘liiiln:
436 5794 650 5865 quideua
685 5794 824 5849 inest
852 5784 1204 5846 discriminis
1251 5785 1396 5841 inter
1424 5784 1569 5841 illam
1598 5796 1773 5840 muta-

1881 4597 2062 4648 monio
2106 4594 2365 4649 abutendi
2414 4594 2727 4649 facultatem
2781 4598 3111 4653 adversariis
3152 4601 3456 4671 praeripuit.

1878 4684 2020 4737 Nihil
2050 4684 2231 4738 obstat
2277 4683 2572 4752 quominus
2609 4688 2823 4738 tertiam
2870 4685 3162 4742 aﬂeramus
3208 4704 3328 4758 quae
3371 4692 3455 4746 ei-

1878 4775 1997 4830 deut
2025 4773 2309 4844 proposito
2336 4776 2699 4831 communiter
2726 4779 3012 4833 conducat.

1953 4864 2210 4936 Figuram
2250 4866 2504 4936 intelligit
2536 4867 2899 4923 Tertullianus
2936 4871 2986 4925 id
3014 4875 3157 4941 quod
3197 4873 3454 4926 substan-

1879 4957 2006 5012 tiam
2064 4958 2303 5026 aliquam
2364 4958 2728 5013 exterioribus
2778 4961 2949 5030 signis
3012 4963 3444 5027 circumscribit;

1876 5049 2015 5102 uutle
2043 5050 2150 5102 ait:
2206 5048 2382 5103 Vacua
2423 5068 2527 5117 res,
2567 5070 2687 5122 qua:
2730 5065 2803 5107 est
2850 5058 3183 5123 phantasma,
3222 5058 3445 5125 figuram

1874 5156 2058 5209 capere
2090 5158 2194 5195 non
2214 5152 2421 5209 posset:
2457 5142 2632 5209 solum
2663 5159 2859 5213 corpus
2886 5146 3115 5199 solidum
3144 5148 3243 5200 sub
3276 5148 3440 5217 ﬁgura

1873 5233 2044 5288 latere
2090 5242 2290 5304 potest.
2346 5232 2527 5298 Quare
2573 5235 2774 5289 Christi
2828 5236 3008 5290 verbis
3042 5237 3184 5291 hunc
3223 5254 3440 5299 sensum

1875 5326 2135 5395 assignat,
2182 5323 2299 5378 Hoc
2337 5332 2417 5379 est
2446 5341 2635 5393 corpus
2678 5341 2875 5390 meum,
2917 5327 2968 5380 id
3007 5335 3091 5380 est
3122 5327 3291 5398 ﬁgura
3323 5343 3444 5398 (λειω

1874 5433 2069 5488 corpus
2117 5432 2298 5472 meum
2351 5417 2783 5478 circumscribit,
2820 5427 2876 5472 et
2902 5430 3300 5474 sacramentum
3335 5438 3442 5492 quo

1872 5511 1977 5564 mei
2003 5510 2246 5579 corporis
2273 5509 2575 5564 substantia
2608 5508 2937 5561 continetur.

1941 5597 2051 5653 Cur
2080 5597 2220 5652 hanc
2249 5597 2453 5651 Christi
2492 5596 2681 5649 verbis
2727 5592 3146 5661 explicationem
3183 5593 3441 5662 subjiciat

1874 5688 2259 5753 Terudlianus,
2294 5687 2455 5742 facile
2500 5698 2662 5739 causa
2716 5683 2980 5753 repetitur
3033 5698 3100 5738 ex
3150 5683 3442 5737 Marcionis

1871 5796 2081 5851 errore,
2102 5795 2265 5851 quem
2291 5777 2651 5835 refellendum
2674 5786 3006 5848 susceperat.
3023 5776 3221 5832 Christi
3247 5789 3442 5843 corpus
