3932 6258
452 358 519 417 ἺΙ

1369 353 1425 410 S.
1469 351 1807 408 JUSTINUS
1844 347 2328 406 PHILOSOPHUS
2361 349 2448 404 ET
2488 349 2799 405 MARTYR.

3688 352 3773 406 72

451 476 695 532 Marcion
748 475 1066 544 phantasma
1118 488 1239 528 esse
1285 473 1523 538 dicebat,
1577 489 1639 526 ac
1675 487 1897 527 carnem
1929 473 2032 525 hu-
2061 474 2104 531 Α
2137 476 2196 522 ut
2223 469 2378 537 panis
2424 469 2648 522 minime
2687 478 2953 536 mutatus,
2999 475 3091 527 sed
3133 490 3161 526 a
3197 473 3412 530 Christo
3455 478 3770 542 corporis

452 584 669 623 manam
706 567 986 637 indignam
1023 581 1246 634 prorsus
1290 579 1413 618 esse
1464 565 1752 628 sentiebat,
1779 579 1898 632 qua:
1930 562 2026 615 Dei

448 675 583 714 caro
609 661 796 712 fieret:
848 673 1006 712 error
1043 657 1246 727 impius
1290 666 1440 710 stare
1495 671 1600 709 non
1646 663 1857 724 poterat
1903 669 2026 708 cum

450 751 710 808 Ecclesiae
736 751 845 804 ﬁde
877 751 945 805 de
969 750 1319 804 eucharistim
1348 749 1806 804 sacramento..Si
1832 764 2029 815 corpus

449 843 688 898 animale
715 842 936 898 Christo
976 853 1032 896 et
1073 858 1292 896 carnem
1346 841 1644 906 celestem,
1686 851 1746 895 ut
1786 841 2028 894 Valenti-

450 935 625 997 niani,
655 934 997 988 attribuisset
1019 932 1281 994 Marcion,
1313 947 1419 986 non
1449 943 1558 985 tam
1585 932 1817 986 absurde
1842 944 2025 985 secum

449 1037 746 1099 pugnasset
794 1028 848 1081 in
895 1025 1225 1080 eeiebrando
1264 1024 1615 1078 eucharistize
1659 1033 2023 1078 sacramento.

450 1119 560 1175 Sed
600 1135 723 1174 cum
772 1117 977 1173 Christi
1027 1131 1228 1185 corpus
1285 1130 1491 1169 merum
1538 1117 1860 1182 phantasma
1903 1127 2026 1169 esse

449 1213 828 1274 contenderet,
855 1211 994 1263 idem
1029 1210 1094 1263 de
1143 1209 1238 1263 illo
1274 1208 1578 1261 asseverari
1609 1215 1840 1275 poterat,
1879 1205 2025 1274 quod

448 1303 517 1357 de
553 1300 829 1355 haereticis
858 1300 1001 1354 idem
1034 1299 1399 1353 sentientibus
1449 1299 1663 1352 dixerat
1703 1296 1760 1350 S.
1789 1297 2024 1365 lgnatius

448 1395 502 1449 in
551 1395 712 1462 epist.
747 1394 815 1447 ad
870 1393 1124 1463 Smyrn.,
1172 1407 1268 1446 eos
1317 1406 1422 1444 non
1472 1389 1724 1444 confiteri
1776 1389 2022 1442 euchari-

445 1487 605 1540 stiam
633 1502 743 1538 esse
773 1501 984 1538 carnem
1010 1483 1306 1539 Saluatoris
1325 1483 1492 1536 nostri
1512 1481 1642 1534 Jesu
1665 1479 1882 1544 Christi,
1903 1496 2022 1550 qua!

444 1594 537 1646 pro
565 1579 788 1647 peccatis
813 1578 1005 1630 nostris
1031 1592 1190 1643 passa
1218 1583 1317 1628 est.

519 1670 628 1724 Sed
661 1679 846 1724 tamen
875 1669 1140 1732 Marcion,
1163 1666 1418 1737 quamvis
1448 1665 1550 1719 sibi
1573 1664 1688 1733 ipse
1723 1663 2022 1718 necessita-

446 1771 556 1816 tem
607 1761 960 1828 imposuisset
1010 1759 1153 1814 idem
1205 1756 1511 1821 sentiendi,
1561 1771 1626 1809 ac
1688 1755 2018 1809 vetustiores

448 1855 520 1907 illi
555 1854 832 1917 hmretici,
875 1853 1010 1906 nihil
1057 1852 1316 1905 tamenin
1348 1849 1456 1912 his,
1500 1863 1619 1917 quae
1654 1851 1722 1901 ad
1766 1848 2019 1901 euchari—

445 1946 605 1999 stiam
638 1954 914 2014 spectant,
949 1945 1171 1998 turbare
1209 1943 1486 1997 audebat:
1528 1940 1723 1996 solitus
1749 1955 1817 1993 ex
1845 1939 2021 1992 Evan-

445 2039 586 2109 gelio
616 2037 858 2092 recidere
882 2036 1145 2106 quidquid
1189 2051 1314 2091 cum
1367 2033 1647 2088 erroribus
1696 2033 1811 2087 suis
1836 2033 2022 2085 conci-

445 2125 578 2179 liare
629 2139 789 2192 posse
840 2124 1189 2194 desperabat,
1234 2123 1501 2175 reveritus
1551 2120 1725 2174 fuerat
1777 2124 1938 2175 verba
1991 2138 2020 2176 τι

444 2215 667 2270 Christo
723 2218 774 2269 in
828 2215 1202 2270 consecranda
1248 2214 1585 2268 eueharistia
1635 2215 2017 2282 pronuntiata,

447 2320 506 2363 ut
535 2319 765 2364 testatur
793 2308 1187 2372 Tertullianus,
1212 2307 1308 2360 lib.
1340 2322 1422 2370 ιιι,
1449 2323 1500 2362 c.
1542 2307 1627 2362 19.
1664 2308 1867 2361 Dubius
1893 2322 2022 2376 ergo

443 2415 500 2458 et
533 2403 779 2456 incertus
808 2399 1176 2453 Tertullianus
1217 2414 1455 2467 quonam
1502 2400 1701 2452 evadat
1755 2398 2021 2458 Marcion,

445 2493 649 2561 duplici
694 2492 845 2545 illum
876 2493 1016 2545 nodo
1048 2492 1432 2562 constringere
1473 2500 1727 2552 conatur,
1762 2490 2022 2557 illumque

443 2601 508 2638 eo
540 2584 812 2656 redigere,
843 2594 902 2638 ut
933 2585 1013 2636 vel
1047 2599 1291 2638 errorem
1321 2598 1478 2637 suum
1510 2583 1576 2636 de
1608 2581 1812 2636 Christi
1857 2596 2023 2634 carne

443 2678 644 2745 ejuret,
673 2677 718 2731 si
762 2677 1087 2730 catholicam
1124 2676 1190 2730 de
1219 2675 1544 2730 eucharistia
1592 2674 1750 2728 ﬁdem
1789 2675 2018 2739 retinet;

442 2769 526 2823 vel
552 2771 594 2821 si
621 2769 762 2822 illam
789 2768 1041 2838 abnegat,
1065 2767 1400 2836 impietatem
1428 2782 1580 2822 suam
1601 2776 1786 2835 aperte
1807 2766 2019 2834 prodat.

517 2863 706 2930 itaque
753 2861 1007 2915 observat
1045 2859 1418 2914 Tertullianus
1467 2874 1666 2928 corpus
1715 2857 1920 2912 Christi
1967 2860 2020 2913 in

445 2955 777 3009 eacharistia
827 2971 932 3006 non
978 2954 1031 3007 in
1064 2969 1129 3008 eo
1158 2962 1302 3006 statu
1330 2952 1486 3006 nobis
1523 2951 1794 3014 exhiberi,
1831 2952 1882 3004 iu
1915 2966 2024 3020 quo

448 3048 752 3102 exhibitum
781 3046 981 3108 fuerat,
1010 3047 1134 3099 dum
1173 3048 1228 3098 in
1254 3045 1416 3099 terris
1441 3046 1507 3098 ab
1540 3045 1850 3097 hominibus
1872 3044 2025 3098 vide-

443 3150 618 3202 retur,
650 3140 742 3193 sed
795 3140 845 3191 in
897 3138 1094 3208 ﬁgura,
1127 3136 1241 3190 sive
1293 3136 1346 3188 in
1394 3145 1738 3190 sacramento
1785 3135 1942 3203 panis
1969 3143 2090 3231 etc

444 3231 583 3283 vini.
606 3229 736 3283 lude
761 3230 1039 3299 aptissima
1071 3227 1288 3281 ducitur
1313 3226 1615 3288 conclusio,
1639 3226 1869 3280 solidum
1895 3241 2019 3280 cor-

445 3338 567 3390 pus,
590 3337 693 3375 non
729 3321 1056 3390 phantasma
1087 3319 1306 3372 Christo
1338 3318 1722 3380 tribuendum;
1750 3317 2017 3385 siquidem

443 3413 757 3477 phantasma
783 3411 1014 3479 ﬁgurant
1041 3427 1221 3478 rapere
1247 3425 1350 3462 non
1379 3419 1570 3476 potest,
1601 3424 1687 3462 res
1717 3423 1887 3462 vacua
1915 3408 2021 3462 eir-

446 3502 744 3555 cumscribi
794 3516 899 3553 non
941 3481 1120 3567 potest
1160 3500 1330 3567 signis
1371 3500 1737 3553 exterioribus
1781 3498 1936 3568 panis
1965 3505 2020 3552 et

444 3594 696 3657 vini,nec
730 3593 1026 3661 quidquam
1061 3591 1351 3644 ahsurditts
1374 3590 1536 3653 foret,
1564 3605 1726 3658 quam
1775 3604 1804 3642 a
1846 3603 2018 3644 vacuo

449 3683 687 3738 hominis
736 3685 1118 3750 phantasmate
1166 3691 1221 3734 et
1272 3695 1445 3734 vacua
1495 3681 1742 3748 corporis
1794 3680 2017 3734 humani

445 3775 657 3844 efﬁgie,
690 3773 849 3827 aliam
897 3772 1124 3842 eﬁigiem
1169 3783 1222 3825 et
1266 3773 1519 3841 figuram,
1555 3773 1657 3825 sub
1692 3786 1799 3839 qua
1830 3771 2021 3826 delite~

446 3878 583 3930 seat,
611 3867 834 3921 assumi.

2053 1813 2095 1866 B

518 3981 789 4034 Intererat
815 3994 946 4046 ergo
972 3978 1289 4033 Tertulliani
1322 3978 1617 4032 observare
1647 3989 1703 4032 et
1729 3977 2021 4030 admonere

445 4089 647 4140 corpus
679 4071 886 4127 Christi
911 4071 1337 4125 eucharisticum
1369 4085 1475 4124 non
1510 4071 1563 4123 in
1595 4085 1655 4124 ea
1693 4071 1883 4138 figura,
1908 4070 2021 4123 sive

447 4166 628 4235 eﬁigie
657 4176 713 4219 et
746 4166 932 4233 specie
960 4164 1182 4232 apponi,
1212 4178 1373 4230 quam
1411 4162 1600 4215 habuit
1627 4164 1679 4214 in
1713 4161 1898 4223 terris,
1925 4161 2019 4213 sed

450 4259 504 4312 in
538 4262 705 4329 figura
737 4267 791 4312 et
822 4257 1004 4326 specie
1045 4257 1226 4324 panis.
1267 4255 1444 4324 Atque
1488 4257 1603 4308 lucc
1633 4254 1774 4306 illius
1807 4252 2022 4306 ratioci-

448 4354 598 4405 natio
627 4367 736 4405 non
773 4351 950 4405 solum
995 4349 1325 4403 Marcioncm
1371 4347 1677 4401 arctissime
1717 4346 2017 4416 premebat,

446 4445 542 4497 sed
593 4445 758 4496 etiam
809 4443 918 4498 duo
968 4443 1124 4495 nobis
1162 4440 1505 4494 observanda
1551 4449 1605 4492 et
1646 4435 2016 4493 concludenda

2135 559 2254 612 vice
2280 560 2571 627 adoptatus
2600 561 2852 617 dicatur:
2906 581 2925 613 ι
2967 564 3076 619 Aut
3114 567 3156 620 si
3195 578 3483 636 propterea
3528 583 3764 636 partem

2132 663 2332 717 corpus
2364 650 2465 703 sibi
2503 650 2656 715 fecit,
2706 653 2832 720 quia
2886 658 3132 724 corporis
3175 659 3398 711 carebat
3431 659 3711 711 veritate
3741 675 3759 710 :

2130 755 2262 810 ergo
2294 756 2488 809 panem
2519 744 2709 799 debuit
2741 747 2954 802 tradere
2989 765 3088 818 pro
3115 753 3292 806 nobis.
3341 752 3642 806 Faciebat
3683 751 3762 803 ad

2130 832 2431 886 vanitatem
2459 833 2777 903 Marcionis,
2813 849 2871 892 ut
2905 843 3064 908 panis
3093 858 3190 911 pro
3216 845 3373 897 nobis
3408 843 3762 912 cruciﬁge-

2129 932 2306 978 retur.
2339 943 2359 976 ι
2401 925 2746 995 Suspicatur,
2780 947 2886 985 non
2912 945 3196 989 asseverat
3226 937 3632 991 Tertullianns
3673 937 3759 989 i:a

2128 1014 2371 1068 sensisse
2397 1015 2755 1076 lllarcionem:
2795 1023 2890 1075 sed
2933 1026 3063 1091 quid
3107 1025 3282 1080 valeat
3321 1026 3435 1081 btec
3460 1027 3757 1094 suspicio

2128 1108 2288 1163 nobis
2315 1113 2730 1177 expcndendum
2762 1128 2868 1170 εει.
2921 1117 2975 1170 1ο
3023 1119 3272 1173 Absurda
3323 1120 3412 1174 illa
3458 1120 3656 1190 panis
3694 1120 3755 1173 in

2129 1215 2328 1269 corpus
2361 1203 2566 1258 Christi
2607 1207 2827 1274 adoptio
2860 1226 3137 1280 nunquam
3165 1212 3423 1267 Marcioni
3456 1215 3519 1267 in
3569 1229 3755 1268 men-

2130 1298 2235 1344 tem
2267 1292 2531 1358 venisset,
2561 1297 2665 1350 nisi
2694 1300 2837 1354 hanc
2864 1300 2912 1354 ei
2943 1303 3321 1357 necessitatem
3352 1304 3755 1373 imposuisset

2127 1384 2352 1452 impium
2388 1390 2723 1456 phantastici
2771 1397 3022 1463 corporis
3050 1396 3252 1451 Christi
3293 1407 3746 1464 commentum;

2126 1493 2232 1532 non
2264 1481 2636 1537 existimasset
2675 1487 2834 1554 panis
2876 1491 3238 1542 substantiam
3283 1491 3334 1544 in
3371 1493 3748 1546 eucharistia

2125 1584 2370 1637 manere,
2424 1574 2467 1628 si
2512 1590 2665 1629 suam
2695 1576 2901 1632 Christi
2930 1582 3140 1649 corpori
3172 1582 3542 1636 substantiam
3591 1583 3742 1637 reli-

2125 1663 2363 1731 quisset.
2411 1664 2678 1720 Catholici
2712 1682 2842 1736 ergo
2871 1685 3084 1735 omnes,
3111 1673 3426 1739 quibuscum
3457 1673 3741 1728 Marcion

2131 1755 2360 1809 adversa
2396 1755 2575 1812 fronte
2602 1761 2896 1825 pugnabat,
2946 1778 3052 1815 non
3095 1779 3289 1832 panem
3340 1765 3392 1818 in
3443 1767 3741 1820 euchari-

2126 1843 2277 1907 stia,
2335 1845 2428 1897 sed
2487 1860 2672 1899 verum
2704 1848 2906 1902 Christi
2957 1866 3153 1921 corpus
3208 1869 3328 1909 esse
3380 1857 3738 1910 credebant.

2125 1934 2336 1990 Deinde
2369 1937 2498 1990 illud
2543 1939 2736 1992 saltem
2790 1944 3147 1999 concessisset
3186 1944 3444 2010 Marcion,
3494 1950 3546 2002 si
3588 1965 3734 2002 vera

2125 2026 2447 2082 Tertulliani
2477 2031 2813 2099 conjectura,
2867 2033 3103 2090 Verbum
3136 2040 3188 2089 in
3215 2039 3558 2093 eucharistia
3592 2057 3735 2096 cum

2122 2131 2262 2187 pane
2320 2122 2667 2191 hypostatice
2725 2124 3076 2192 cottjttnctuut
3132 2129 3366 2184 adorari.
3430 2133 3506 2185 At
3571 2135 3734 2188 unde

2124 2212 2266 2265 hanc
2317 2213 2626 2280 Opinionem
2667 2227 2759 2269 aut
2787 2217 3024 2272 Marcion
3073 2222 3374 2290 suscipere,
3422 2235 3522 2277 aut
3565 2224 3734 2277 Mar-

2125 2301 2270 2355 cioni
2303 2305 2479 2372 potuit
2504 2308 2805 2363 attribuere
2833 2309 3224 2377 Tertullianus,
3258 2313 3358 2366 nisi
3391 2316 3524 2383 quia
3561 2329 3732 2370 uter-

2126 2409 2234 2464 que
2263 2397 2429 2450 verba
2462 2397 2686 2464 Christi,
2725 2399 2841 2454 Hoc
2867 2413 2940 2456 est
2970 2420 3157 2473 corpus
3205 2422 3394 2469 meum,
3421 2424 3485 2461 eo
3517 2424 3728 2470 sensu,

2125 2488 2215 2554 qui
2253 2488 2462 2556 primus
2510 2492 2680 2545 menti
2727 2497 2997 2557 occurrit,
3047 2497 3379 2565 accipiebat,
3433 2515 3500 2554 ac
3567 2502 3730 2554 inter

2127 2589 2424 2650 utrumque
2480 2586 2877 2654 conveniebat,
2928 2588 3080 2642 clara
3136 2605 3258 2644 esse
3307 2601 3362 2645 et
3410 2596 3723 2662 perspicua

2129 2674 2301 2726 verba
2330 2714 2345 2738 ,
2399 2689 2512 2728 rem
2561 2679 2821 2747 grandem
2857 2680 2941 2735 his
2990 2682 3169 2736 verbis
3212 2684 3454 2751 promitti
3501 2695 3562 2739 et
3613 2701 3727 2740 ex-

2127 2765 2345 2821 hiberi?

2197 2857 2514 2914 Tertulliani
2546 2863 2912 2929 conjecturam
2937 2864 3572 2937 conﬁrmatEuthymius
3601 2867 3721 2920 Pa—

2125 2948 2292 3018 nopl.,
2317 2959 2456 3018 part.
2475 2965 2537 3015 tt,
2569 2955 2652 3006 tit.
2679 2954 2736 3007 2.
2778 2953 2827 3008 Is
2857 2958 3001 3009 enim
3034 2968 3261 3010 testatur
3280 2960 3568 3024 Arulenus,
3616 2959 3714 3026 qui

2125 3054 2286 3094 unam
2337 3041 2390 3094 in
2424 3042 2640 3098 Christo
2690 3056 2941 3100 naturam
2993 3050 3353 3103 admittebant
3395 3061 3452 3104 et
3499 3066 3718 3119 corpus

2122 3129 2332 3186 Christi
2372 3134 2426 3186 in
2461 3135 2798 3190 divinitatem
2847 3153 3166 3194 conversum
3209 3157 3331 3197 esse
3362 3144 3710 3208 sentiebant,

2122 3240 2351 3295 negasse
2380 3228 2774 3283 eucharistiam
2807 3246 2928 3286 esse
2960 3249 3162 3302 corpus
3185 3235 3408 3300 Christi,
3437 3239 3532 3290 sed
3563 3238 3715 3291 divi-

2122 3317 2311 3370 nitatis
2347 3333 2544 3387 corpus
2571 3322 2750 3376 dicere
2777 3325 2965 3377 solitos
2997 3341 3137 3379 esse.

2193 3405 2305 3461 VII.
2337 3406 2392 3461 Si
2425 3426 2491 3462 ne
2520 3412 2595 3463 illi
2624 3415 2869 3481 quidem,
2907 3421 2996 3485 qui
3027 3419 3251 3473 Christo
3284 3422 3708 3488 phantasticum

2122 3514 2321 3569 corpus
2349 3502 2699 3573 afﬁngebant,
2731 3507 3003 3563 Christum
3031 3512 3081 3564 in
3107 3515 3436 3568 eucharistia
3465 3531 3709 3584 praesen—

2123 3603 2231 3646 tem
2263 3594 2479 3648 adorari
2511 3607 2563 3650 et
2592 3600 2728 3651 sumi
2763 3601 3066 3670 negabant;
3098 3616 3304 3672 quanto
3343 3609 3513 3676 magis
3543 3619 3705 3663 extra

2123 3691 2490 3757 suspicionem
2523 3706 2646 3746 esse
2675 3693 2834 3748 debet
2856 3698 3106 3765 egregius
3133 3699 3413 3768 religionis
3441 3701 3706 3754 defensor

2124 3783 2524 3850 Athenagoras,
2553 3785 2790 3851 etiamsi,
2821 3796 2881 3840 ut
2919 3790 3196 3845 contendit
3235 3791 3424 3845 Petrus
3460 3793 3703 3846 Allixius

2123 3875 2176 3927 in
2210 3877 2429 3930 dissert.
2459 3876 2535 3931 De
2566 3880 2822 3948 sanguine
2853 3879 2916 3934 D.
2945 3879 3017 3933 Ν.
3045 3880 3102 3933 J.
3127 3882 3214 3946 C.,
3247 3897 3474 3951 corpora
3510 3898 3699 3938 nostra

2121 3977 2248 4035 post
2295 3971 2752 4025 resurrectionem
2799 3973 2915 4027 sine
2965 3975 3232 4043 sanguine
3277 3975 3457 4029 futura
3501 3977 3698 4030 exisri-

2123 4062 2365 4114 rnasset?
2395 4061 2730 4126 Quinetiam
2769 4068 2882 4135 ipse
2913 4067 3140 4122 Allixius
3191 4068 3336 4123 inter
3379 4083 3506 4133 eos,
3553 4084 3698 4138 quos

2123 4153 2444 4218 sanguinem
2506 4155 2560 4209 in
2609 4160 2930 4226 corporibus
2982 4162 3238 4218 redivivis
3305 4174 3467 4232 negat
3511 4165 3700 4217 admi»

2125 4243 2264 4297 sisse
2284 4283 2301 4308 ,
2353 4248 2485 4301 citat
2503 4248 2720 4305 Petrum
2741 4250 2984 4314 Mansur,
3005 4253 3097 4322 qui
3119 4255 3172 4308 in
3193 4255 3353 4324 epist.
3373 4255 3512 4310 inter
3528 4267 3701 4325 opera
3757 4321 3759 4323 _

2125 4332 2184 4388 S.
2213 4333 2442 4390 Joannis
2477 4337 2793 4393 Damasceni
2842 4350 2972 4394 tom.
3013 4343 3028 4394 l
3065 4351 3312 4396 exstante
3354 4343 3552 4398 asserit
3580 4355 3705 4412 qut-

2123 4425 2244 4481 dem
2271 4443 2466 4498 corpus
2496 4430 2802 4485 immortale
2826 4434 3089 4502 sanguine
3114 4448 3323 4496 carere,
3358 4435 3451 4488 sed
3485 4445 3692 4497 tamen,

447 4535 785 4605 suppeditat;
813 4535 1014 4604 primo,
1036 4548 1226 4588 verum
1256 4531 1461 4588 Christi
1497 4547 1695 4599 corpus
1727 4531 1779 4584 in
1822 4531 2022 4585 eucha-
2053 4513 2098 4568 D
2131 4521 2184 4576 id
2229 4524 2377 4592 Quod
2421 4534 2601 4579 astute
2654 4526 2824 4579 tacuit
2862 4527 3121 4593 Allixius,
3163 4529 3511 4584 deterrimam
3550 4531 3700 4584 hanc

445 4628 607 4683 ristia
658 4627 820 4680 nobis
864 4626 1081 4688 donari,
1115 4625 1382 4693 siquidem
1434 4625 1487 4676 in
1540 4623 1640 4676 hoc
1675 4633 2020 4677 sacramento

447 4722 676 4791 ﬁguram
707 4719 959 4788 accipere
998 4734 1107 4773 non
1137 4726 1337 4788 posset,
1379 4716 1423 4770 si
1453 4731 1540 4769 res
1573 4731 1740 4769 vacua
1772 4725 1825 4768 et
1859 4717 2021 4783 phan-

449 4823 625 4867 tasma
651 4820 832 4866 esset:
870 4811 1069 4865 deinde
1101 4809 1234 4863 nihil
1278 4809 1436 4878 panis
1489 4822 1776 4876 superesse
1822 4817 2020 4875 praeter

445 4903 850 4974 speciem,sive
873 4902 1100 4973 ﬁguram
1125 4918 1140 4966 ;
1174 4901 1219 4955 si
1249 4901 1471 4970 quidem
1497 4915 1562 4954 ex
1590 4898 1882 4954 Marcionis
1901 4913 2020 4952 sen-

448 4999 620 5053 tentia
648 5005 974 5066 sequeretur
995 4995 1226 5065 ﬁguram
1251 5008 1483 5046 vacuam
1515 4993 1614 5046 sub
1641 5007 1812 5045 vacua
1847 4990 2016 5060 figura

449 5091 815 5144 delitescere:
869 5088 1015 5157 quod
1063 5086 1285 5155 quidem
1339 5100 1617 5154 nunquam
1667 5086 2021 5140 observasset

449 5181 847 5246 Tertullianus,
879 5180 925 5232 si
967 5180 1124 5248 panis
1152 5179 1516 5232 substantiam
1551 5192 1673 5231 cum
1707 5178 1824 5245 ipsa
1847 5177 2018 5249 ﬁgura

447 5289 502 5330 et
531 5273 712 5343 specie
738 5284 1024 5341 superesse
1054 5270 1339 5326 sensisset.

522 5365 635 5420 Sed
660 5367 786 5432 quia
813 5361 1115 5415 verisimile
1143 5379 1249 5416 non
1280 5371 1400 5417 erat
1423 5365 1489 5415 de
1514 5359 1843 5415 eucharistia
1879 5359 2022 5414 Mar-

448 5458 666 5514 cionem
697 5469 762 5509 ac
788 5452 1090 5508 Ecclesiam
1123 5454 1348 5516 sentire,
1387 5453 1698 5520 suspicatur
1729 5449 2021 5506 Tertullia-

451 5565 555 5605 nus
580 5546 780 5604 Christi
813 5545 1001 5608 verba,
1033 5542 1150 5598 Hoc
1183 5555 1258 5599 est
1281 5561 1470 5612 corpus
1494 5560 1688 5609 meum,
1716 5543 1797 5598 sic
1825 5558 1856 5596 a
1888 5542 2023 5596 Mar-

448 5642 609 5697 cione
634 5637 885 5708 intelligi,
914 5638 1070 5706 quasi
1100 5652 1293 5706 panem
1331 5638 1433 5692 sibi
1463 5637 1713 5691 Christus
1742 5637 1792 5688 in
1825 5650 2022 5704 corpus

447 5735 799 5802 adoptasset;
845 5730 990 5784 unde
1025 5730 1232 5785 colliait
1257 5745 1451 5798 panem
1486 5745 1582 5800 pro
1610 5729 1763 5783 nobis
1801 5730 1935 5781 tradi
1966 5738 2022 5781 et

455 5825 696 5894 crueiﬁgi
727 5822 1003 5887 debuisse,
1037 5822 1082 5878 si
1109 5821 1312 5878 Christi
1347 5823 1511 5878 verba
1542 5823 1622 5878 sic
1655 5820 2015 5889 accipiantur,

2124 4619 2446 4671 sententiam
2490 4633 2615 4672 cum
2659 4620 2924 4674 catholica
2972 4621 3038 4674 de
3086 4624 3416 4676 cucharistia
3459 4623 3560 4677 ﬁde
3613 4622 3695 4675 sic

2121 4711 2408 4776 conciliat,
2460 4722 2519 4766 ut
2561 4729 2755 4783 corpus
2791 4715 2989 4770 ChriSti
3048 4718 3100 4770 in
3151 4719 3519 4782 eucharistia,
3578 4731 3689 4770 nou

2121 4801 2282 4872 quale
2316 4805 2370 4858 in
2407 4805 2547 4860 coelo
2575 4817 2680 4873 est,
2706 4809 2803 4862 sed
2827 4809 2990 4878 quale
3017 4810 3068 4861 in
3100 4820 3253 4863 utero
3289 4809 3527 4879 Virginis
3568 4809 3688 4872 fuit,

2123 4901 2320 4970 apponi
2374 4901 2636 4956 declaret.
2693 4903 2752 4959 Si
2811 4903 2900 4972 qui
2955 4919 3084 4972 ergo
3133 4903 3340 4973 antiqui
3395 4905 3689 4972 scriptores

2121 4993 2176 5046 id
2211 4995 2535 5060 sensissent,
2577 4998 2723 5063 quod
2752 5013 2847 5050 eos
2884 5000 3117 5052 sensisse
3143 4998 3412 5066 pertendit
3438 4997 3688 5059 Allixius,

2125 5099 2230 5138 non
2257 5085 2462 5138 ideirco
2485 5097 2763 5141 constaret
2791 5104 2884 5142 eos
2913 5105 2940 5140 a
2969 5089 3236 5143 catholica
3275 5091 3341 5142 de
3361 5087 3685 5141 eucharistia

2123 5175 2232 5230 ﬁde
2252 5175 2588 5231 discessisse.
2623 5177 2693 5230 At
2719 5179 2863 5230 nulla
2901 5179 3040 5233 ratio
3071 5180 3266 5247 probat
3289 5178 3686 5245 Athenagoram

2124 5267 2227 5320 hoc
2252 5267 2321 5322 de
2354 5269 2678 5336 corporibus
2710 5271 2970 5324 redivivis
3013 5284 3201 5324 errore
3230 5270 3529 5322 laborasse.
3575 5267 3686 5320 Hoc

2124 5373 2328 5416 tantum
2375 5362 2691 5429 contendit,
2727 5371 2786 5414 ut
2827 5363 3083 5415 observat
3119 5361 3173 5414 in
3212 5361 3434 5418 dissert.
3478 5367 3682 5415 advers.

2121 5455 2287 5508 Allia.
2322 5454 2405 5507 vir
2436 5454 2782 5508 doctissimus
2827 5452 2945 5509 Jac.
2979 5453 3223 5515 Boileau,
3254 5461 3359 5506 art.
3402 5453 3459 5513 2,
3504 5467 3555 5520 p.
3594 5451 3682 5510 50.

2123 5544 2446 5612 sanguinem
2474 5561 2606 5609 non,
2633 5554 2691 5599 ut
2716 5546 2765 5598 in
2799 5547 2903 5600 hac
2928 5546 3143 5600 mortali
3167 5545 3298 5608 vita,
3328 5545 3402 5598 ita
3433 5546 3597 5599 etiam
3633 5542 3684 5594 in

2125 5637 2417 5692 immortali
2448 5638 2742 5691 obnoxium
2771 5640 3107 5708 corruptioni
3141 5637 3404 5692 futurum.

2193 5727 2448 5784 Occurrit
2485 5731 2864 5800 Athenagoras
2914 5732 2965 5784 in
3008 5731 3144 5785 libro
3177 5730 3251 5783 De
3295 5744 3467 5782 resur.
3505 5737 3680 5789 mort.,

2123 5820 2260 5888 n.4,
2307 5821 2394 5887 iis,
2443 5821 2534 5890 qui
2575 5821 2699 5875 huic
2731 5821 2968 5892 dogmati
2992 5831 3268 5890 opponunt
3315 5838 3544 5889 corpora
3588 5826 3682 5875 hu—
