3932 6258
208 397 265 454 73

201 523 369 573 nisus,
407 523 536 577 quae
566 522 599 561 a
638 507 854 564 helluis
887 522 1110 566 vorata
1138 512 1260 567 inde
1285 513 1337 565 in
1371 512 1600 567 aliorum
1637 514 1813 568 homi-

200 618 302 656 num
336 616 541 668 corpus
598 603 883 657 traducta
946 616 1135 668 sunt,
1180 604 1262 658 vel
1320 605 1447 674 ipsis
1494 605 1809 660 hominibus

200 693 374 762 tragico
408 694 605 760 aliquo
662 693 960 750 facinore
1017 696 1076 750 in
1128 710 1307 749 escam
1364 705 1664 751 cesserunt.
1730 696 1810 749 Ex

198 800 280 854 quo
311 786 657 839 concludunt
701 787 805 841 vel
862 788 982 853 iis,
1039 789 1132 857 qui
1174 789 1251 842 sic
1295 790 1598 857 consumpti
1636 789 1808 852 luere,

199 878 354 944 :liquid
385 876 766 942 delaturum,
820 882 879 933 si
939 896 1053 934 sua
1088 881 1194 934 illis
1238 896 1365 935 caro
1393 896 1497 934 non
1549 882 1808 935 restitua-

202 968 387 1032 tur;vel
426 970 475 1022 si
510 969 926 1035 restituatur,
957 988 1181 1033 eorum,
1221 974 1311 1040 qui
1337 982 1806 1042 consumpserant,

199 1076 391 1115 uincam
421 1070 481 1114 et
516 1061 965 1129 imperfectam
1003 1078 1229 1117 carnem
1266 1064 1525 1117 futuram.

242 1152 529 1222 Respondet
572 1155 1025 1224 Athenagoras
1052 1156 1344 1211 humanam
1387 1173 1606 1213 carnem
1628 1158 1807 1211 cibum

193 1244 455 1299 esseslteri
489 1246 725 1298 homini
765 1255 999 1315 c0nt_ra
1040 1256 1291 1299 naturam
1327 1262 1343 1300 :
1386 1248 1567 1316 itaque
1604 1249 1648 1301 si
1684 1250 1808 1316 quis

191 1342 257 1387 aut
290 1335 513 1403 proprio
570 1335 821 1389 scelere
892 1347 999 1390 aut
1036 1337 1216 1391 aliena
1268 1337 1456 1393 fraude
1511 1340 1804 1393 humanam

191 1437 366 1477 carnem
407 1426 780 1490 comederit,
844 1441 1220 1496 nequaquam
1265 1428 1383 1482 fore
1431 1439 1490 1481 ut
1528 1439 1634 1482 tam
1680 1446 1807 1484 con-

192 1518 351 1570 trarius
380 1527 609 1571 natura:
640 1519 833 1573 cibus
867 1536 1013 1574 cum
1044 1521 1295 1589 partibus
1327 1523 1659 1576 comedentis
1688 1538 1809 1577 coa-

192 1610 338 1673 lescat,
384 1614 485 1665 sed
536 1623 605 1665 ut
658 1615 930 1667 noxium
979 1624 1040 1669 et
1076 1614 1355 1668 inimicum
1407 1617 1664 1685 rejectum
1718 1618 1805 1670 iri.

190 1707 326 1773 Atque
354 1705 529 1758 etiam
559 1706 609 1758 si
646 1707 840 1759 detur
880 1708 1039 1760 hunc
1077 1707 1259 1761 cibum
1301 1709 1571 1761 immutari
1606 1710 1663 1762 in
1709 1710 1810 1762 ali-

193 1799 286 1866 quid
327 1798 620 1851 humidum
670 1809 785 1850 aut
844 1799 1088 1862 siccum,
1133 1811 1226 1851 aut
1281 1802 1532 1864 calidum,
1574 1813 1665 1855 aut
1711 1803 1809 1872 fri-

196 1888 377 1955 gidum,
433 1900 611 1953 negat
673 1888 1101 1956 Athenagoras
1158 1889 1323 1942 ullam
1379 1906 1564 1945 earum
1621 1909 1802 1948 rerum

201 1987 273 2030 aut
294 1988 501 2047 partem
530 1994 695 2042 esse,
730 1990 841 2031 aut
877 1980 1061 2047 partis
1093 1982 1327 2046 speciem
1356 1997 1661 2051 occupare;
1696 1985 1807 2039 imo

205 2085 289 2123 non
328 2086 551 2137 semper
603 2073 665 2124 in
717 2075 997 2141 partibus
1041 2075 1361 2127 alimentum
1410 2077 1806 2142 accipientibus

212 2176 528 2229 pertimuere,
558 2179 677 2217 nec
706 2180 852 2217 cum
887 2165 1303 2234 resurgentibus
1330 2179 1637 2235 resurgere,
1674 2167 1808 2220 nihil

216 2260 301 2303 Issit
325 2252 390 2303 ad
417 2256 585 2305 vitam
626 2254 964 2320 conferente
995 2257 1276 2324 sanguine,
1331 2257 1432 2309 sive
1462 2259 1676 2325 pituita,
1700 2261 1808 2312 sive

220 2341 323 2405 liii,
358 2344 462 2395 sire
507 2345 745 2411 spiritu.
795 2343 920 2397 Non
963 2361 1095 2414 ergo
1139 2351 1457 2417 sanguinem
1499 2366 1529 2401 a
1563 2364 1809 2404 resurre-

224 2438 379 2490 uione
424 2450 687 2491 removet
735 2438 1173 2508 Athenagoras,
1234 2442 1327 2494 sed
1385 2451 1513 2495 tunc
1571 2441 1808 2496 futurum

226 2534 383 2593 negat.
412 2537 470 2578 ut
508 2528 630 2579 vita
681 2541 758 2580 ex
812 2529 1087 2597 sanguine
1126 2532 1389 2597 pendeat,
1416 2547 1579 2599 quem
1610 2532 1810 2587 idcirco

230 2628 431 2670 necesse
462 2618 536 2670 sit
562 2619 754 2671 variis
785 2618 1113 2673 humoribus
1154 2624 1463 2690 temperari.
1503 2624 1593 2678 Sic
1630 2624 1813 2692 Augu-

235 2706 412 2771 Stinus,
470 2724 649 2775 quem
685 2710 931 2763 Allisius
959 2712 1013 2763 in
1057 2727 1185 2766 suas
1227 2724 1408 2780 partes
1449 2716 1663 2768 trahere
1717 2732 1811 2771 c0-

236 2809 396 2860 nstur,
430 2802 780 2869 sanguinem
813 2802 1041 2856 minime
1089 2813 1249 2873 negat
1276 2805 1325 2857 in
1355 2806 1519 2873 epist.
1553 2806 1679 2873 205,
1719 2809 1812 2863 sed

235 2894 538 2959 sanguinem
575 2894 699 2944 vult
729 2895 854 2945 sine
886 2896 1266 2963 corruptione:
1294 2915 1312 2946 ι
1343 2896 1480 2960 Νοη,
1508 2911 1565 2952 ut
1599 2902 1811 2967 opinor,

238 2982 397 3050 inquit
419 3001 574 3038 num.
612 2984 705 3049 i5,
743 2985 1104 3038 dubitandum
1130 2998 1232 3051 est,
1270 2993 1565 3043 secundum
1601 2993 1701 3045 hoc
1730 2994 1814 3045 di-

234 3086 404 3129 ctum:
453 3074 600 3129 Caro
650 3086 700 3129 et
764 3078 982 3146 sanguis
1026 3095 1241 3148 regnum
1288 3079 1385 3133 Dei
1434 3097 1536 3135 non
1584 3086 1817 3151 posside-

233 3168 440 3233 ιωη,
501 3168 639 3237 quia
682 3184 792 3221 non
841 3168 917 3222 ibi
957 3170 1062 3221 erit
1100 3172 1378 3240 corruptio
1417 3184 1473 3226 et
1512 3176 1814 3229 mortalitas

232 3260 408 3314 carnis
440 3273 499 3315 et
530 3263 849 3328 sanguinis.
886 3261 1196 3316 Secundum
1223 3266 1362 3318 enim
1396 3267 1492 3321 has
1522 3268 1809 3335 qualitates

230 3365 446 3404 carnem
481 3362 540 3406 et
584 3353 919 3420 sanguinem
969 3352 1074 3407 hoc
1110 3353 1232 3409 loco
1270 3357 1588 3412 nominavit.
1628 3377 1646 3410 ι
1689 3359 1809 3413 Mox

229 3442 295 3496 de
342 3459 505 3499 carne
553 3445 705 3498 idem
753 3445 891 3498 dicit
933 3446 1329 3515 Athenagoras.
1368 3464 1560 3518 nempe
1593 3451 1809 3505 etiamsi

229 3537 510 3591 contraria
565 3548 787 3591 natura;
827 3537 1085 3593 alimonia
1128 3538 1199 3591 ita
1261 3542 1575 3610 digeratur,
1630 3554 1687 3597 ut
1742 3545 1807 3598 ad

232 3641 451 3680 cantem
496 3644 678 3698 usque
713 3642 994 3698 permeet;
1046 3649 1112 3685 ne
1149 3634 1199 3685 id
1229 3635 1444 3701 quidem
1489 3634 1701 3689 dilﬁcile
1743 3634 1809 3687 ad

232 3719 619 3786 explicandum
672 3722 827 3788 fore;
873 3725 1058 3791 quippe
1083 3741 1202 3777 cum
1249 3741 1342 3778 nec
1382 3727 1495 3793 ipsa
1534 3742 1656 3778 caro
1693 3742 1810 3794 qua:

233 3812 462 3878 asciuit,
495 3829 615 3865 eant
657 3828 866 3880 semper
893 3816 1114 3869 retineat
1140 3833 1298 3885 quam
1340 3818 1544 3879 ascivit,
1574 3835 1666 3871 nec
1694 3835 1811 3888 qute

232 3905 396 3954 ascita
420 3916 522 3967 est,
550 3906 629 3958 ibi
660 3914 968 3959 constanter
986 3915 1286 3973 permaneat
1315 3924 1418 3976 quo
1438 3911 1673 3971 accessit,
1719 3910 1810 3963 sed

236 3997 447 4047 multum
476 3999 532 4048 in
562 3998 777 4050 diversa
817 3999 1161 4051 mutationem
1191 4001 1436 4067 accipiat,
1482 4017 1537 4053 ιι.
1586 4001 1637 4053 7.
1678 4000 1809 4066 Quis

244 4088 360 4138 inde
388 4090 610 4157 colligat
631 4104 857 4142 carnem
882 4090 1281 4161 Athenagoram
1316 4094 1368 4146 in
1406 4094 1659 4148 redivivis
1683 4110 1809 4147 cor-

246 4180 455 4240 poribus
491 4195 603 4234 non
643 4182 983 4250 relinquere?
1016 4181 1176 4235 Plura
1206 4200 1315 4236 non
1344 4184 1518 4238 dicam
1563 4189 1629 4238 de
1667 4186 1810 4240 illius

246 4271 535 4335 sententia;
582 4271 727 4324 satis
759 4280 844 4326 est
870 4271 1049 4339 legere
1082 4288 1204 4339 qua:
1239 4274 1308 4328 ab
1337 4289 1402 4328 eo
1433 4276 1707 4337 dicuntur,
1751 4292 1806 4331 n.

245 4355 300 4417 5,
327 4371 379 4411 ut
415 4374 648 4429 corpora
676 4373 865 4416 nostra
896 4365 1085 4417 eadem
1128 4365 1395 4432 potentia,
1430 4382 1533 4435 qua
1573 4370 1807 4435 primum

248 4448 389 4505 luere
433 4471 463 4507 s
510 4457 626 4509 Deo
667 4467 1070 4525 coagmentata,
1121 4459 1320 4513 iterum
1364 4462 1429 4514 ad
1481 4461 1647 4516 vitam
1688 4472 1809 4532 post

248 4542 648 4602 dismiutioaem
681 4563 996 4602 revocatum
1024 4548 1091 4603 iri
1119 4551 1475 4607 demonstret.

854 4660 1085 4717 CAPUT
1122 4661 1187 4716 X.

248 4745 581 4825 Eucharistia
620 4768 801 4825 rerum
856 4769 920 4825 ac
957 4755 1171 4822 proprie
1212 4755 1411 4810 dictum
1461 4758 1801 4825 sacriﬁcium,

295 4822 435 4886 cujus
456 4824 743 4888 descriptio
773 4840 804 4874 a
846 4820 1060 4876 Iustino
1093 4827 1329 4888 exposita
1364 4820 1751 4882 consideratur.

246 4905 286 4960 ι
303 4911 515 4961 Justinus
536 4914 801 4961 veritatem
827 4911 1082 4975 religionis
1116 4928 1181 4963 ex
1207 4928 1323 4975 vero
1343 4919 1579 4967 sacriﬁcio
1601 4920 1807 4967 demon-

302 4980 432 5036 strat.
461 4977 523 5024 ll.
546 4975 750 5036 Objecta
769 4990 796 5023 a
823 4974 992 5023 Pramo
1017 4976 1293 5025 testimonia
1319 4979 1669 5029 defenduntur.
1714 4982 1802 5029 Ill.

300 5032 683 5101 Observationes
709 5039 755 5083 in
781 5039 1027 5101 liturgiam
1054 5052 1081 5085 a
1102 5038 1153 5086 S.
1194 5039 1405 5097 Martyre
1434 5047 1726 5101 expositam,
1750 5056 1808 5092 ac

295 5107 499 5163 primum
524 5101 589 5144 de
613 5100 874 5163 baptismo.
903 5099 1066 5163 iVJJe
1079 5108 1349 5163 conventus
1369 5104 1475 5149 loco
1494 5099 1548 5150 et
1568 5099 1721 5163 prima
1745 5106 1809 5152 li~

298 5162 465 5218 tergus:
486 5167 644 5220 parte.
669 5158 724 5224 Υ.
753 5159 825 5206 De
865 5162 1077 5207 secunda
1106 5162 1319 5224 liturgiae
1342 5173 1481 5223 parte
1509 5158 1811 5224 et'precibus

298 5178 465 5218 ungui:
486 5178 644 5220 parte.
676 5178 696 5205 ν
714 5194 724 5201 .
753 5178 825 5206 ue
865 5178 1077 5207 secunda
1107 5178 1225 5209 titur
1239 5178 1319 5210 ἰω
1342 5178 1481 5223 parte
1509 5178 1561 5211 et
1582 5178 1810 5224 precmus

296 5225 391 5264 tum
419 5221 784 5279 communibus,
809 5227 910 5268 tum
952 5221 1169 5281 prolixis.
1193 5178 1273 5271 νῗ.
1304 5225 1379 5272 De
1420 5238 1554 5272 sacra
1594 5239 1810 5274 commu-

292 5291 435 5353 tnoue
457 5291 513 5329 et
534 5283 853 5331 diaeonorum
872 5285 1296 5343 pertunctiouibus
1323 5285 1507 5334 Justini
1548 5290 1697 5336 verba
1721 5300 1809 5335 ex-

292 5352 547 5401 plicantur.

304 5449 340 5501 ι.
371 5450 679 5504 Coostituta
703 5451 859 5520 panis
882 5460 938 5504 et
957 5450 1066 5504 vini
1091 5452 1143 5505 in
1162 5467 1385 5506 carnem
1408 5466 1463 5508 et
1485 5457 1801 5524 sanguinem

236 5539 426 5597 Christi
459 5546 785 5608 mutatione,
820 5546 1038 5615 qualem
1075 5560 1104 5596 a
1142 5543 1357 5600 Justino
1394 5549 1686 5604 stabilitam
1722 5552 1803 5605 vi-

238 5634 426 5697 dimus,
453 5634 715 5703 niiiiljam
751 5635 955 5688 habent
995 5631 1349 5698 difﬁcultatis,
1384 5649 1506 5703 qua:
1536 5638 1603 5690 ad
1625 5639 1832 5709 sacri-_

300 5766 343 5797 "
381 5766 559 5825 lCor.
592 5786 679 5837 sv,
713 5772 803 5826 50.
879 5772 925 5803 ”
952 5771 1188 5830 Malach.
1225 5788 1264 5837 ι,
1294 5773 1359 5828 10
1392 5774 1479 5828 11.

467 5868 738 5930 tumet.
781 5871 895 5931 Ga.
946 5868 1034 5928 Vl

1258 398 1317 453 D.
1352 398 1611 454 MARANI
1662 396 2053 454 PREFATIO.
2092 429 2161 439 —
2186 395 2367 453 PARS
2402 399 2467 455 ll.

3416 394 3484 448 74

1840 520 1887 572 Α
1915 513 2021 567 ﬁcii
2070 498 2337 567 rationem
2390 512 2641 566 attinent.
2702 509 2888 579 Neque
2932 510 3077 565 enim
3116 510 3263 566 aliud
3304 527 3486 568 causa

1909 604 2237 658 Lutberanis
2279 614 2335 658 et
2370 602 2689 659 Calvinistis
2728 604 2898 667 stetit,
2939 618 3039 657 cur
3092 604 3481 659 eucharistiam

1912 696 2241 750 sacriﬁcium
2270 711 2393 750 esse
2424 704 2703 765 negarent,
2748 695 2847 749 nisi
2889 694 3033 762 quod
3081 695 3169 748 isti
3201 695 3481 749 Christum

1910 789 2135 841 omnino
2173 788 2227 840 in
2269 787 2595 841 eucharistia
2638 802 2741 839 non
2783 786 3007 853 adesse,
3057 786 3109 838 hi
3155 799 3279 840 ante
3323 803 3480 841 usum

1913 893 2018 931 non
2073 879 2267 933 adesse
2314 879 2717 946 pertenderent.
2769 879 2839 930 At
2894 877 2939 931 si
2993 879 3116 945 quis
3181 878 3482 945 passionem

1911 971 2113 1024 Christi
2152 972 2231 1023 sic
2265 971 2315 1022 in
2349 969 2677 1047 eucharistia
2713 970 3090 1039 repra-sentari
3130 968 3385 1035 fateatur,
3425 982 3483 1025 ut

1911 1064 2027 1130 ipsa
2065 1061 2154 1114 illa
2189 1062 2431 1125 victima,
2484 1077 2603 1130 quae
2643 1076 2743 1130 pro
2790 1061 2946 1115 nobis
2983 1061 3112 1115 olim
3152 1060 3332 1114 occisa
3374 1070 3478 1122 est,

1910 1154 2228 1222 praesensin
2266 1153 2425 1206 altari
2459 1154 2702 1216 sistatur,
2744 1153 2789 1207 is
2829 1153 3106 1221 ambigere
3143 1168 3249 1206 non
3285 1154 3480 1221 possit,

1910 1247 2038 1315 quin
2068 1245 2320 1299 Christus
2352 1245 2402 1298 in
2427 1247 2529 1299 hoc
2548 1253 2694 1298 statu
2713 1260 2831 1299 sese
2852 1243 3000 1298 Patri
3033 1260 3128 1299 suo
3157 1246 3209 1298 in
3236 1245 3485 1300 manibus

1911 1339 2252 1391 sacerdotum
2279 1335 2469 1389 offerat
2508 1355 2520 1388 :
2552 1337 2773 1389 minime
2800 1351 2928 1405 ergo
2958 1336 3152 1389 mirum
3177 1337 3221 1390 si
3249 1337 3303 1390 S.
3339 1351 3484 1389 mar-

1914 1433 2015 1493 tyr,
2067 1424 2157 1492 qui
2209 1440 2313 1477 non
2359 1424 2528 1493 magis
2574 1425 2896 1490 dubitabat,
2939 1440 3006 1479 an
3050 1426 3378 1480 eucharistia
3412 1426 3485 1481 sit

1910 1530 2040 1568 caro
2073 1526 2127 1569 et
2157 1517 2380 1585 sanguis
2411 1515 2639 1579 Christi,
2668 1532 2829 1586 quam
2861 1527 3040 1571 utrum
3074 1516 3246 1571 Filius
3279 1519 3375 1572 Dei
3403 1518 3485 1572 in-

1912 1618 2169 1661 carnatus
2202 1608 2309 1674 sit,
2351 1609 2679 1664 sacriﬁcium
2719 1609 3154 1665 Christianorum
3212 1620 3293 1665 tot
3348 1610 3487 1667 locis

1913 1700 2277 1755 commendat.

1985 1789 2282 1859 Religionis
2306 1790 2627 1846 Christiania
2652 1794 3020 1860 praestantiam
3047 1807 3241 1850 contra
3267 1794 3485 1850 Judaaos

1909 1898 1973 1936 ex
1998 1883 2254 1936 sacriﬁcii
2290 1887 2458 1937 nostri
2492 1888 2808 1953 prtestantia
2842 1888 3199 1941 demonstrat.
3224 1907 3242 1940 ι
3278 1888 3485 1944 Sitnilte

1906 1988 2143 2043 quoque,
2192 1974 2387 2044 inquit,
2426 1975 2642 2046 Dialogi
2681 1994 2739 2031 n.
2778 1977 2870 2042 Ill,
2903 1979 3105 2033 oblatio
3141 1996 3240 2049 pro
3266 1980 3355 2047 iis,
3392 1982 3483 2049 qui

1907 2082 1936 2120 a
1985 2068 2130 2136 lepra
2185 2071 2586 2139 purgabantur,
2630 2073 2915 2137 instituta,
2959 2072 3138 2140 imago
3177 2080 3295 2124 erat
3325 2073 3484 2140 panis

1906 2159 2279 2226 eucharistiae,
2304 2178 2464 2229 quem
2492 2162 2751 2216 Dominus
2770 2172 2955 2216 noster
2976 2162 3132 2217 Jesus
3156 2164 3405 2219 Christus
3430 2164 3484 2219 in

1908 2251 2179 2315 passionis
2209 2253 2641 2306 recordationem
2675 2268 2773 2321 pro
2814 2254 2922 2316 his,
2960 2256 3052 2322 qui
3082 2257 3148 2309 ab
3175 2256 3321 2309 omni
3360 2271 3485 2324 pra-

1906 2341 2075 2395 vitate
2112 2353 2435 2411 purgantur,
2469 2355 2739 2415 suscepta}
2778 2347 2892 2400 ﬁeri
2927 2348 3224 2416 prtecepit;
3265 2356 3325 2401 ut
3366 2362 3486 2418 gra«

1911 2433 2015 2487 tias
2069 2434 2227 2488 simul
2283 2450 2505 2503 agamus
2561 2437 2704 2503 Deo,
2760 2446 2871 2490 tum
2930 2441 3073 2507 quod
3123 2440 3387 2493 mundum
3429 2450 3486 2493 et

1909 2526 2088 2579 omnia
2119 2528 2312 2594 qutein
2338 2543 2403 2581 eo
2440 2541 2585 2593 sunt,
2624 2539 2846 2599 propter
2882 2531 3155 2583 hominem
3191 2532 3482 2596 creaverit,

1914 2627 2024 2670 tum
2060 2620 2203 2685 quod
2233 2634 2329 2672 nos
2366 2636 2392 2673 a
2428 2622 2695 2689 nequitia,
2739 2623 2790 2674 in
2822 2636 2925 2689 qua
2958 2623 3176 2685 luimus,
3222 2623 3487 2677 liberave-

1914 2710 2005 2773 rit,
2025 2719 2079 2762 et
2096 2711 2432 2779 principatus
2456 2722 2508 2766 et
2528 2725 2824 2781 potestates
2850 2714 3089 2769 funditus
3108 2717 3366 2769 deleverit
3389 2730 3487 2783 per

1913 2790 2076 2863 eum,
2120 2803 2211 2870 qui
2255 2803 2371 2872 ejus
2403 2804 2681 2860 voluntate
2714 2808 2986 2876 passibilis
3033 2808 3210 2862 factus
3255 2817 3362 2863 est.
3411 2806 3488 2860 De

1915 2894 2202 2949 sacriﬁciis
2244 2908 2456 2961 autem,
2499 2913 2619 2965 qua:
2655 2907 2781 2951 tunc
2825 2914 2853 2950 a
2901 2899 3056 2952 vobis
3093 2896 3484 2962 oﬂerebautur,

1916 2986 1993 3039 sic
2022 2985 2180 3049 Deus,
2209 2996 2263 3038 ut
2287 2988 2397 3055 jam
2431 2989 2564 3054 dixi,
2598 3004 2693 3057 per
2716 2988 3036 3042 Malachiam
3068 3006 3234 3043 unuut
3259 3006 3325 3044 ex
3353 2992 3488 3042 duo-

1918 3079 2095 3131 decim
2139 3078 2407 3146 loquitur:
2471 3078 2594 3133 Non
2635 3089 2712 3133 est
2761 3081 2999 3135 voluntas
3047 3098 3163 3135 mea
3204 3083 3260 3135 in
3297 3084 3439 3137 vobis
3465 3122 3484 3149 ,

1919 3172 2043 3223 dicit
2070 3171 2348 3235 Dominus,
2369 3182 2411 3224 et
2442 3173 2705 3239 sacriﬁcia
2733 3190 2834 3225 non
2859 3175 3140 3240 suscipiam
3164 3176 3227 3227 de
3246 3178 3485 3231 manibus

1912 3264 2117 3325 vestris,
2140 3273 2413 3330 propterea
2430 3265 2562 3331 quod
2581 3264 2643 3315 ab
2664 3274 2779 3316 ortu
2795 3265 2921 3316 solis
2944 3267 3011 3316 at!
3035 3282 3276 3318 occasum
3300 3284 3486 3322 nomen

1913 3371 2083 3407 meum
2118 3354 2471 3422 glori/iculum
2509 3357 2665 3408 estin
2704 3356 2978 3424 gentibus;
3010 3369 3058 3409 et
3102 3358 3154 3409 in
3195 3362 3337 3411 omni
3369 3358 3486 3412 loco

1913 3447 2135 3514 offertur
2164 3449 2431 3498 incensum
2479 3446 2676 3497 nomini
2711 3462 2824 3497 meo
2848 3457 2894 3498 et
2922 3448 3133 3499 victima
3162 3463 3318 3514 pura,
3356 3464 3487 3517 quo-

1907 3521 2056 3590 niam
2101 3552 2346 3605 magnum
2385 3546 2458 3588 est
2508 3552 2692 3588 nomen
2723 3552 2897 3590 meum
2942 3538 2997 3590 in
3036 3539 3305 3607 gentibus,
3357 3540 3485 3592 dicit

1912 3629 2168 3682 Dominus
2198 3630 2265 3685 ²⁰,
2314 3629 2389 3682 De
2418 3628 2486 3682 iis
2512 3638 2715 3693 autem,
2759 3644 2879 3696 qua:
2908 3630 3005 3697 ipsi
3042 3632 3093 3683 in
3130 3630 3275 3684 omni
3311 3630 3430 3685 loco
3453 3648 3483 3683 ιι

1914 3722 2073 3774 nobis
2102 3719 2430 3783 oﬁ'eruutur,
2456 3720 2763 3785 sacriﬁciis,
2813 3719 2867 3774 id
2908 3732 2993 3775 est
3021 3722 3087 3776 de
3110 3738 3251 3791 pane
3280 3726 3484 3777 eucha-

1913 3811 2083 3865 ristite
2131 3820 2184 3865 et
2220 3811 2287 3865 de
2320 3812 2490 3865 calice
2538 3810 2788 3866 similiter
2830 3813 3174 3867 eucharistia:
3212 3813 3324 3879 jam
3367 3824 3482 3868 tum

1912 3900 2176 3967 praedicit,
2231 3901 2360 3955 illud
2390 3903 2553 3955 etiam
2588 3904 2793 3957 addens
2830 3921 3027 3959 nomen
3056 3919 3213 3959 suum
3254 3923 3285 3961 a
3322 3908 3483 3963 nobis

1913 3993 2228 4061 gloriﬁcari,
2270 4009 2299 4046 a
2334 3988 2490 4049 vobis
2520 4008 2702 4050 autem
2735 3997 3034 4065 profanari.
3066 4017 3086 4050 ι

1981 4082 2039 4136 ln
2062 4084 2165 4137 hoc
2198 4085 2513 4139 testimonio
2550 4086 2677 4140 illud
2719 4090 2771 4141 1ο
2813 4090 3213 4145 observandum
3264 4102 3348 4146 est
3383 4089 3482 4146 Ju-

1913 4174 2097 4230 daicas
2129 4176 2434 4232 oblationes
2478 4178 2729 4232 umbram
2764 4188 2817 4233 et
2851 4180 3144 4247 imaginem
3196 4184 3363 4238 fuisse
3387 4198 3479 4237 sa-

1914 4268 2105 4322 criﬁcii
2134 4270 2599 4336 Christianorum;
2635 4272 2737 4325 hoc
2768 4273 3099 4327 sacriﬁcium
3134 4290 3326 4344 purum
3358 4289 3481 4330 esse

1913 4370 1967 4414 et
2014 4360 2125 4415 Deo
2161 4371 2481 4432 acceptum,
2514 4371 2569 4416 et
2595 4378 2625 4416 a
2672 4364 2781 4419 Deo
2820 4378 2921 4434 per
2958 4368 3277 4434 prophetam
3313 4367 3483 4421 Mala-

1913 4452 2091 4505 chiatn
2122 4455 2567 4520 praenuntiatum.
2609 4454 2743 4520 Quis
2770 4470 2897 4523 ergo
2923 4471 3109 4510 verum
3146 4458 3275 4511 illud
3306 4460 3479 4512 sacris

1915 4542 2097 4596 ﬁcium
2122 4558 2245 4598 esse
2285 4545 2515 4608 dubitet,
2561 4548 2706 4614 quod
2745 4555 2799 4600 et
2825 4547 3010 4615 ﬁguris
3046 4548 3254 4602 Veteris
3284 4547 3479 4602 Testa-

1913 4635 2083 4689 menti
2128 4636 2482 4701 adumbrari,
2525 4646 2579 4690 et
2620 4640 3011 4706 prophetarum
3048 4639 3287 4695 oraculis
3334 4641 3480 4694 clare

1911 4736 1967 4780 et
2002 4737 2189 4794 aperte
2222 4729 2572 4797 prtenuntiari
2609 4745 2831 4785 necesse
2867 4731 3002 4785 fuit?

1981 4818 2038 4871 2°
2061 4817 2348 4887 Conceptis
2380 4821 2559 4875 verbis
2581 4823 2907 4878 sacriﬁcium
2933 4809 3363 4878 Christianorum
3390 4839 3481 4894 ap-

1911 4906 2072 4975 pellat
2124 4924 2318 4977 panem
2363 4911 2714 4966 eucharistite
2754 4922 2809 4967 et
2846 4914 3070 4968 calicem
3111 4915 3476 4971 eucharistite.

1910 4996 1986 5050 De
2010 4999 2074 5050 iis
2094 5012 2290 5064 autem,
2314 5017 2431 5069 qua:
2456 5003 2557 5071 ipsi
2589 5004 2642 5056 in
2670 5018 2809 5058 omni
2848 5003 2962 5057 loco
2992 5022 3023 5057 a
3058 5006 3206 5058 nobis
3238 5005 3477 5074 oﬂerun-

1912 5098 1999 5142 tur
2016 5091 2315 5159 sacriﬁciis,
2343 5096 2396 5145 id
2426 5103 2504 5147 est
2536 5097 2601 5149 de
2629 5112 2764 5165 pane
2799 5097 3132 5150 eucharistia:
3156 5108 3206 5151 et
3229 5100 3293 5151 de
3315 5100 3480 5153 calice

1912 5182 2156 5237 similiter
2202 5185 2575 5251 eucharistitc,
2616 5198 2723 5243 etc.
2775 5188 2912 5255 Quid
2953 5191 3024 5243 sit
3063 5191 3218 5258 panis
3253 5199 3308 5243 et
3337 5190 3478 5246 cali!

1916 5276 2258 5329 eucharistiae
2275 5293 2436 5345 supra
2458 5279 2706 5344 vidimus,
2735 5280 2823 5332 ubi
2844 5278 3088 5333 Justinus
3110 5281 3266 5334 docet
3285 5280 3450 5335 alimo
3474 5307 3481 5338 τ

1913 5367 2060 5419 niam
2108 5368 2615 5439 sﬁxaptcmeeiaav,
2648 5372 2911 5424 incarnati
2938 5372 3079 5424 illius
3101 5371 3229 5425 Jesu
3266 5387 3477 5426 carnem

1911 5463 1957 5507 et
1996 5459 2302 5525 sanguinem
2326 5475 2454 5516 esse.
2493 5461 2587 5513 Est
2622 5476 2751 5530 ergo
2778 5462 3107 5516 sacriﬁcium
3136 5462 3477 5517 Christiano-

1909 5562 2029 5602 rum
2057 5548 2328 5606 incaruati
2352 5549 2480 5606 Jesu
2511 5568 2639 5609 caro
2668 5564 2722 5609 et
2750 5555 2993 5625 sanguis,
3036 5568 3160 5626 quae
3202 5554 3311 5611 Deo
3339 5551 3474 5609 oﬁ‘eo

1907 5648 2120 5695 runtur.

1837 1859 1879 1913 Β

1840 3216 1882 3272 C

1839 4570 1884 4624 D
