3932 6258
378 365 447 423 75
1286 358 1343 413 S.
1378 354 1711 413 JUSTINUS
1744 348 2223 409 PHILOSOPHUS
2257 343 2344 401 ΕΤ
2378 342 2687 400 MARTYR.
3551 339 3626 394 76
3678 350 3689 361 '

442 486 501 539 δ’
532 481 728 535 Panem
764 478 1100 533 eucharistia:
1131 476 1388 531 Dominus
1412 485 1585 530 noster
1614 476 1768 531 Iesus
1792 476 1945 529 Chri-
1970 480 2018 537 Α
2052 469 2395 540 possessione
2425 465 2713 527 excidisse,
2746 461 2871 529 quia
2899 473 3087 514 eorum
3115 456 3382 513 sacriﬁcia
3419 467 3624 525 rejecta

372 586 483 628 stus
525 574 581 625 in
623 572 880 639 passionis
928 585 1037 623 sum
1074 568 1486 621 recordationem
1525 565 1640 633 ﬁeri
1678 565 1939 634 praecepit.

375 664 515 717 Hinc
543 663 732 723 etiam,
770 677 823 714 ιι.
854 659 975 725 117,
1012 658 1255 712 declarat
1285 655 1345 710 S.
1369 664 1578 724 martyr
1605 654 1944 708 Christianos

374 753 430 807 in
464 751 564 805 hoc
602 749 872 803 sacriﬁcio
894 745 1152 815 passionis
1190 743 1368 804 illius,
1412 758 1569 810 quam
1610 749 1820 810 propter
1857 755 1943 792 eas

374 859 563 913 passus
588 849 660 894 est
692 839 787 892 Dei
816 836 1015 900 Filius,
1048 838 1336 891 recordari.
1376 837 1445 890 At
1470 833 1741 904 quomodo
1766 830 1944 901 passio

378 932 591 989 Domini
622 931 675 984 in
709 931 811 984 hoc
845 926 1116 982 sacriﬁcio
1145 925 1600 1007 rcprgssentatur?
1629 924 1735 977 Res
1761 933 1843 977 est
1877 924 1946 976 ad

376 1023 696 1079 discendum
744 1018 1024 1088 perfacilis
1073 1032 1141 1071 ex
1197 1015 1437 1072 Justino.
1506 1017 1641 1070 Nam
1692 1016 1745 1068 in
1788 1014 1942 1074 loco,

376 1129 536 1183 quem
588 1127 750 1182 supra
802 1111 1240 1180 deprompsimus
1279 1125 1346 1164 ex
1395 1108 1597 1179 majore
1645 1106 1942 1175 Apologia,

377 1215 661 1278 postquam
690 1204 832 1258 dixit
866 1203 1182 1257 alimoniam
1207 1212 1581 1257 consecratam
1612 1216 1732 1255 esse
1762 1200 1943 1252 incar-

380 1298 494 1352 nati
538 1296 667 1351 Jesu
721 1310 939 1351 carnem
986 1304 1043 1348 et
1086 1294 1443 1362 sanguinem,
1483 1291 1634 1346 addit
1672 1289 1945 1360 apostolos

378 1388 671 1443 tradidisse
699 1426 714 1450 ,
764 1385 845 1439 sic
899 1384 1002 1438 sibi
1043 1399 1071 1437 a
1112 1384 1333 1438 Christo
1369 1386 1704 1448 mandatum,
1740 1390 1798 1434 ut
1842 1380 1944 1434 hoc

382 1482 631 1536 facerent
659 1481 712 1533 in
746 1477 863 1545 ejus
886 1476 1477 1531 commemorationem.
1515 1474 1781 1529 Credebat
1817 1488 1945 1544 ergo

380 1573 440 1625 S.
476 1581 679 1640 martyr
708 1569 1013 1637 passionem
1049 1566 1266 1622 Domini
1300 1568 1352 1619 in
1384 1565 1711 1619 eucharistia
1750 1580 1946 1634 reprae-

379 1663 608 1725 sentari,
655 1676 777 1715 cum
808 1661 978 1729 ipsius
1007 1671 1138 1713 caro
1182 1666 1237 1711 et
1267 1657 1515 1726 sanguis,
1548 1670 1645 1726 per
1671 1655 1837 1708 verba
1878 1658 1945 1707 ab

382 1753 501 1820 ipso
533 1751 909 1820 pronuntiata,
945 1748 1001 1802 in
1034 1747 1193 1801 altari
1245 1745 1532 1810 sistuntur,
1577 1753 1632 1800 et
1663 1746 1773 1800 Deo
1810 1742 1943 1798 oﬂ‘e-

380 1851 593 1895 l'llllllll‘.

453 1931 530 1985 Ex
570 1930 655 1985 his
688 1927 847 1983 facile
872 1924 1137 1982 refeliitur
1154 1924 1328 1980 Pfafﬁi
1351 1925 1642 1991 sententia,
1675 1924 1776 1979 viri
1803 1924 1945 1979 inter

384 2025 728 2079 Lutherauos
768 2019 1092 2082 doctissimi,
1135 2018 1228 2073 sed
1261 2019 1352 2088 qui
1393 2017 1595 2073 frustra
1640 2027 1801 2072 sectae
1836 2032 1946 2072 suae

384 2115 751 2185 patrocinium
799 2128 831 2167 a
882 2113 1091 2168 sanctis
1125 2110 1378 2167 Patribus
1413 2115 1551 2181 petit
1613 2112 1668 2164 in
1722 2111 1969 2165 dissert..

385 2211 461 2263 De
505 2208 773 2263 oblatione
801 2216 1031 2261 veterum
1068 2207 1444 2265 eucharistica,
1496 2205 1618 2269 ubi,
1654 2220 1708 2258 ra.
1733 2203 1824 2267 27,
1866 2204 1948 2257 sic

375 2299 658 2354 Justinum
708 2299 1127 2366 interpretatur,
1160 2297 1314 2368 quasi
1346 2298 1397 2351 in
1431 2295 1548 2364 ejus
1600 2295 1943 2360 testimoniis,

384 2393 461 2446 vel
486 2391 601 2445 sola
630 2391 883 2443 (uicorum
915 2389 1110 2443 oblatio
1135 2391 1391 2459 episcopo,
1417 2406 1520 2443 non
1549 2388 1654 2442 Deo
1686 2388 1848 2457 facta,
1871 2387 1948 2441 vel

382 2484 581 2537 oblatio
622 2481 955 2536 sacerdotum
1005 2486 1449 2545 consecrationem
1492 2480 1811 2549 prarueniens
1862 2480 1948 2533 in-

387 2590 604 2632 nuntur.

462 2671 568 2724 Sed
602 2671 715 2724 haec
742 2668 1119 2738 interpretatio
1142 2665 1456 2737 longissime
1480 2666 1687 2720 abludit
1715 2680 1744 2719 a
1773 2673 1952 2721 mente

388 2761 611 2816 Justini.
660 2759 795 2813 Nam
831 2774 1010 2829 neque
1049 2758 1257 2813 oblatio
1294 2757 1555 2812 laicorum
1594 2757 1734 2811 facta
1772 2772 1953 2811 sacer-

388 2854 527 2919 doti,
561 2867 741 2921 neque
773 2850 1126 2906 sacerdotalis
1156 2860 1282 2905 ante
1317 2849 1781 2904 consecrationem
1805 2846 1955 2902 obla-

390 2946 489 3007 tio,
521 2945 736 2997 victima
775 2954 830 2997 et
870 2943 1200 2997 sacriﬁcium
1232 2941 1667 2996 Christianorum
1701 2941 1955 2994 dicuntur

391 3036 533 3103 apud
570 3031 841 3088 Justiuum
868 3072 884 3096 ,
941 3047 1037 3087 nec
1076 3034 1380 3101 passionem
1418 3032 1619 3087 Christi
1662 3045 1957 3099 repraesen-

2047 574 2207 627 sunt,
2259 560 2602 614 Christianos
2648 564 2855 617 autem,
2885 565 3119 622 quorum
3168 551 3499 605 sacrificium
3552 550 3627 603 ab

2046 656 2163 725 ipso
2211 655 2323 708 Deo
2360 647 2797 710 commendatur,
2851 659 3020 715 genus
3073 656 3196 699 esse
3253 643 3625 700 sacerdotale.

2044 745 2311 809 Judzei,ut
2333 742 2432 795 hoc
2465 746 2839 809 argumentum
2871 734 3171 801 eluderent,
3189 733 3267 788 sic
3294 732 3627 787 Malachiam

2044 836 2400 909 interpretari
2425 835 2692 900 solebant,
2708 841 2846 887 teste
2873 832 3072 887 ibidem
3090 830 3323 895 Justiuo,
3349 839 3408 884 ut
3428 845 3628 885 eorum

2048 932 2138 1000 qui
2171 926 2525 997 Jerosolymis
2547 924 2885 987 habitabant,
2916 921 3181 977 sacriﬁcia
3216 937 3245 974 a
3279 920 3392 974 Deo
3424 921 3578 989 rejici
3605 938 3626 988 ;

2045 1035 2232 1074 eorum
2274 1027 2481 1081 autem,
2512 1014 2604 1084 qui
2643 1013 2697 1066 in
2736 1012 2987 1083 gentibus
3018 1011 3251 1079 dispersi
3284 1020 3461 1077 erant,
3494 1026 3629 1080 pre-

2046 1128 2138 1169 ces
2171 1114 2279 1167 Deo
2306 1115 2556 1177 acceptas
2584 1118 2710 1159 esse
2743 1111 2799 1157 et
2826 1103 3031 1155 idcirco
3060 1100 3331 1154 sacriﬁcia
3358 1099 3630 1169 appellari

2047 1210 2310 1263 dicerent.
2344 1202 2456 1258 Soli
2482 1214 2613 1269 ergo
2635 1196 2806 1251 Judaei
2837 1198 3025 1269 preces
3044 1203 3098 1248 et
3124 1193 3425 1263 gratiarum
3454 1193 3635 1245 actio-

2047 1317 2144 1355 nes
2171 1298 2335 1353 etiam
2364 1296 2485 1349 sine
2512 1291 2787 1346 sacriﬁcio
2834 1288 3111 1343 exteriore
3164 1286 3229 1338 ad
3272 1299 3455 1339 veram
3489 1282 3630 1338 reli-

2048 1393 2259 1462 gionem
2292 1399 2591 1454 verumque
2622 1380 2950 1436 sacriﬁciqu
2983 1378 3230 1433 snlIicere
3262 1374 3627 1430 contendunt.

2045 1486 2119 1538 At
2145 1497 2267 1536 cum
2294 1481 2376 1534 eis
2404 1486 2608 1547 pugnat
2660 1472 2863 1528 Justini
2910 1471 3209 1537 sententia,
3242 1468 3331 1538 qui
3365 1468 3464 1522 hoc
3504 1467 3632 1536 ipso

2049 1579 2102 1631 in
2140 1576 2260 1631 loco
2300 1571 2489 1641 objicit
2524 1569 2604 1623 eis
2639 1566 2883 1621 exterius
2919 1564 3249 1619 sacriﬁcium
3280 1561 3630 1617 Christiano-

2051 1684 2196 1731 rum,
2230 1667 2283 1720 in
2320 1678 2427 1732 quo
2454 1660 2726 1730 passionis
2764 1657 3058 1712 Dominicis:
3099 1656 3197 1710 sub
3236 1654 3391 1724 panis
3419 1664 3474 1708 et
3508 1653 3630 1707 viui

2050 1759 2336 1829 speciebus
2364 1753 2623 1812 memoria
2668 1748 2951 1804 recolitur.
2979 1748 3037 1800 2°
3066 1748 3197 1801 Cum
3244 1747 3325 1800 eis
3373 1744 3634 1799 concedit

1976 1820 2017 1874 Β
2049 1820 2237 1918 preces
2264 1858 2319 1902 et
2354 1846 2655 1918 gratiarum
2702 1839 2949 1893 actiones
2981 1837 3096 1891 sola
3128 1849 3250 1890 esse
3280 1834 3522 1904 perfecta
3568 1843 3632 1886 et

2048 1942 2160 1997 Deo
2210 1947 2431 2007 accepta
2481 1933 2775 1995 sacriﬁcia,
2809 1946 2914 1985 non
2962 1945 3022 1983 ea
3074 1940 3256 1982 mente
3288 1928 3341 1980 id
3384 1926 3531 1989 facit,
3568 1935 3633 1978 ut

2046 2031 2294 2087 excludat
2318 2027 2607 2083 exterioris
2639 2025 2715 2078 rei
2752 2022 3084 2077 oblationem
3106 2060 3120 2083 ,
3152 2020 3247 2073 sed
3279 2018 3404 2087 quia
3434 2031 3632 2086 preces

2048 2135 2102 2180 et
2124 2123 2419 2194 gratiarum
2448 2119 2691 2172 actiones
2717 2131 2838 2171 cum
2864 2116 2960 2169 hac
2988 2114 3264 2168 oblatione
3289 2110 3634 2179 coniungen—

2050 2220 2145 2271 das
2174 2228 2292 2270 esse
2322 2222 2571 2277 noverat,
2600 2210 2840 2277 alioquin
2882 2206 3187 2279 perfectum
3233 2221 3337 2260 nou
3375 2204 3492 2258 fore
3536 2218 3635 2256 sa-

2049 2308 2336 2370 criﬁcium,
2373 2321 2471 2360 nec
2504 2305 2670 2359 ullum
2710 2304 2819 2357 Deo
2847 2302 3112 2355 honorem
3143 2314 3170 2351 a
3200 2297 3355 2351 nobis
3388 2308 3631 2364 perven-

2052 2411 2254 2456 turum.
2279 2399 2454 2455 Simili
2477 2396 2891 2451 ratiocinatione
2913 2392 3164 2447 Clemens
3187 2390 3369 2451 Alex.,
3396 2386 3632 2449 Strom.,

2052 2508 2126 2559 IV,
2171 2506 2296 2560 pag.
2338 2488 2433 2543 48!
2461 2528 2477 2554 ,
2522 2487 2776 2543 concedit
2814 2483 3107 2545 haereticis,
3155 2479 3247 2550 qui
3300 2478 3633 2547 martyrium

2051 2582 2467 2651 vituperabant,
2518 2592 2704 2632 verum
2770 2574 3095 2645 martyrium
3159 2573 3212 2625 in
3286 2569 3381 2623 Dei
3428 2569 3634 2638 cogni-

2057 2674 2201 2727 tione
2232 2672 2464 2742 positum
2487 2667 2811 2730 esseszb;
2836 2666 2892 2719 δὲ
2916 2664 3022 2717 τῶν
3052 2662 3359 2736 αἱρετικῶν,
3392 2660 3483 2714 τοῦ
3512 2663 3638 2715 Κυ-

2059 2767 2171 2838 ρίου
2201 2762 2630 2834 παρακηκοότες,
2662 2757 2874 2820 ἀσεϐῶς
2908 2758 3022 2827 ἅμα
3051 2756 3145 2809 καὶ
3171 2754 3359 2817 δειλῶς
3398 2752 3638 2821 φιλοζω-

2054 2856 2192 2921 οὖσι,
2226 2854 2524 2927 μαρτυρίαν
2547 2852 2794 2918 λέγοντες
2819 2848 2991 2919 ἁληΟῆ
3024 2844 3163 2901 εἶναι
3193 2848 3291 2919 τὴν
3332 2845 3425 2900 τοῦ
3455 2846 3635 2907 ὅντως

2056 2950 2207 3012 ὄντος
2254 2948 2455 3015 γνῶσιν
2508 2943 2663 2997 Θεοῦ.
2713 2944 2920 3015 Ὥσπερ
2979 2942 3072 2994 καὶ
3118 2942 3278 3011 ἡμεῖς
3329 2936 3633 3008 ὁμολογοῦ-

2063 3060 2179 3114 μεν.
2217 3061 2236 3093 ‹
2272 3041 2499 3108 Quidam
2526 3038 2795 3101 haeretici,
2821 3052 2939 3089 cum
2973 3036 3111 3089 male
3145 3035 3429 3087 Dominum
3463 3033 3638 3086 intel-

392 3135 546 3191 tant;
579 3125 672 3180 58d
705 3126 861 3195 panis
890 3126 1240 3179 eucharistia:
1263 3132 1319 3178 et
1339 3123 1483 3179 calix
1507 3123 1873 3203 eucharistiaz,
1904 3121 1953 3174 id
1981 3150 2029 3212 ϐ
2060 3134 2310 3197 lexerint,
2341 3131 2507 3200 impie
2551 3127 2710 3183 simul
2758 3136 2812 3181 ει
2851 3128 3048 3197 ignave
3086 3126 3254 3178 vitam
3298 3132 3503 3187 amant,
3530 3138 3637 3176 ve-

389 3226 497 3282 est,
537 3227 595 3271 ut
630 3217 747 3287 ipse
772 3216 1018 3271 Justinus
1051 3217 1469 3286 interpretatur,
1501 3230 1628 3270 caro
1650 3223 1708 3269 et
1735 3213 1955 3283 sanguis

390 3306 517 3363 Jesu
563 3309 831 3365 incarnati
856 3349 871 3374 ,
904 3317 1031 3363 sunt
1066 3309 1283 3363 victima
1336 3320 1392 3363 et
1438 3308 1764 3363 sacriﬁcium
1796 3306 1955 3361 Chri-

392 3400 696 3455 stianorum
732 3409 786 3454 et
837 3414 903 3453 ex
960 3399 1161 3453 Christi
1214 3407 1484 3467 praecepto
1530 3399 1599 3453 ad
1638 3397 1955 3453 memoriam

394 3492 539 3546 illius
563 3492 834 3561 passionis
873 3491 1258 3545 celebrandam
1296 3490 1450 3543 ﬁunt.

462 3582 577 3637 Non
613 3583 806 3637 melius
837 3583 885 3637 ei
931 3583 1177 3637 succedit
1219 3583 1273 3634 in
1320 3581 1427 3635 alio
1464 3580 1675 3651 Dialogi
1712 3582 1959 3637 testimo-

394 3675 519 3735 nio,
551 3689 607 3727 n.
634 3673 758 3737 117,
796 3673 884 3727 ubi
923 3671 1169 3727 Justinus
1191 3672 1271 3726 sic
1294 3672 1568 3740 loquitur:
1605 3691 1623 3723 ι
1660 3672 1778 3740 Ipse
1807 3674 1959 3741 equi-

394 3766 515 3818 dem
547 3778 741 3834 preces
771 3772 827 3818 et
857 3764 1157 3833 gratiarum
1188 3762 1430 3817 actiones
1449 3802 1463 3825 ,
1493 3778 1613 3832 quae
1637 3763 1816 3833 dignis
1839 3779 1961 3835 per-

395 3865 647 3926 aguntur,
703 3855 816 3910 sola
862 3870 982 3910 esse
1014 3853 1255 3924 perfecta
1284 3864 1340 3907 et
1384 3854 1494 3909 Deo
1534 3863 1755 3923 accepta
1791 3854 1962 3908 sacri-

395 3947 517 4000 ttcia
543 3947 802 4000 concedo.
835 3948 1016 4013 Atque
1043 3946 1159 3999 haec
1187 3943 1299 3998 sola
1341 3944 1524 3998 facere
1545 3944 1840 3999 Christiani
1872 3943 1959 3999 di-

393 4036 669 4099 dicerunt,
695 4049 829 4101 ,cum
878 4049 976 4102 per
1016 4033 1325 4087 alimoniam
1378 4049 1531 4088 suam
1561 4036 1762 4088 siccam
1797 4033 1960 4087 simul

395 4136 453 4181 et
487 4126 743 4195 liquidam
778 4128 1060 4197 passionis
1099 4126 1265 4193 illius,
1298 4142 1461 4196 quam
1494 4136 1712 4196 propter
1750 4140 1845 4180 eos
1872 4125 1963 4179 Fi-

399 4218 502 4273 lius
530 4217 625 4272 Dei
656 4233 851 4289 passus
888 4228 998 4283 est,
1033 4218 1465 4274 recordationem
1490 4217 1791 4273 celebrant.
1829 4235 1849 4268 ι
1884 4216 1961 4269 Ex

395 4308 483 4363 his
521 4309 627 4365 duo
654 4310 929 4364 concludit
976 4310 1060 4363 vir
1102 4310 1349 4365 eruditus
1402 4310 1458 4363 1ο
1502 4306 1830 4361 Oblationem
1867 4324 1959 4361 eu-

395 4403 731 4455 cltaristicam
778 4419 881 4456 non
924 4419 1033 4456 esse
1070 4404 1339 4472 propriam
1363 4411 1457 4455 aut
1489 4401 1803 4470 perfectam,
1845 4416 1962 4454 cum

2063 3240 2178 3277 rum
2218 3237 2340 3278 esse
2373 3220 2746 3276 testimonium
2779 3220 3030 3273 dicentes
3059 3216 3424 3286 cognitionem
3452 3214 3637 3279 illius,

2060 3316 2151 3385 qui
2179 3329 2308 3369 vere
2330 3326 2413 3369 est
2430 3316 2568 3369 Deus
2590 3332 2603 3367 :
2622 3313 2763 3383 quod
2779 3312 2995 3381 quidem
3021 3321 3075 3363 et
3100 3326 3198 3363 nos
3220 3308 3567 3363 conﬁtemur.
3608 3326 3632 3359 ι

2127 3405 2184 3459 5ο
2226 3405 2426 3459 Panem
2466 3406 2912 3471 eucharisticum,
2947 3413 3004 3456 ut
3034 3402 3148 3470 jam
3177 3402 3311 3467 dixi,
3337 3399 3637 3469 conceptis

2059 3497 2242 3551 verbis
2275 3497 2515 3565 appellat
2543 3497 2897 3561 sacriﬁcium,
2932 3510 2988 3548 ιι.
3029 3494 3121 3557 41,
3153 3508 3389 3562 eumque
3431 3492 3638 3545 distin-

2059 3588 2175 3654 guit
2216 3601 2245 3640 a
2284 3588 2557 3657 precibus,
2605 3602 2702 3656 per
2753 3600 2890 3655 quas
2937 3592 3329 3647 consecratur,
3374 3582 3528 3651 Apol.
3570 3585 3636 3648 1,

2061 3694 2117 3731 n.
2146 3677 2233 3731 66.

2130 3768 2189 3821 4·
2228 3767 2425 3824 Preces
2468 3769 2593 3830 illae,
2635 3783 2770 3838 quas
2827 3768 3121 3823 Christiani
3186 3769 3239 3822 in
3300 3766 3636 3827 celebranda

2063 3860 2339 3929 passionis
2390 3862 2687 3915 Dominica:
2736 3862 2999 3914 memoria
3054 3861 3242 3915 facere
3290 3860 3636 3923 didicerunt,

2064 3951 2198 4004 nihil
2229 3953 2376 4006 aliud
2406 3963 2532 4008 sunt
2565 3970 2726 4024 quam
2754 3954 2960 4008 oblatio
2989 3954 3238 4022 corporis
3266 3963 3321 4007 et
3345 3952 3641 4019 sanguinis

2065 4043 2279 4097 Domini
2314 4061 2410 4112 pro
2445 4046 2583 4098 vivis
2612 4055 2668 4100 et
2700 4048 2953 4109 mortuis,
2979 4056 3036 4100 ut
3072 4046 3261 4099 videre
3291 4056 3375 4098 est
3406 4045 3456 4097 in
3488 4044 3640 4095 anti—

2063 4132 2323 4201 quissima
2361 4134 2573 4203 liturgia
2607 4134 2701 4189 lib.
2736 4151 2830 4188 vm
2879 4134 3164 4188 Constitut.
3196 4134 3639 4202 apostolicarum,

2065 4226 2222 4293 eique
2250 4225 2521 4278 simillima
2553 4240 2715 4294 quam
2749 4227 2800 4279 in
2830 4225 2985 4295 Apol.
3019 4229 3042 4280 1
3075 4226 3333 4281 describit
3356 4223 3635 4277 Justinus.

2067 4314 2159 4369 Sic
2184 4316 2328 4369 enim
2375 4316 2577 4370 habent
2603 4330 2814 4385 preces,
2849 4334 2971 4387 qua:
3001 4328 3122 4388 post
3162 4318 3638 4371 consecrationem

2066 4405 2361 4458 funduntur
2400 4423 2416 4461 :
2456 4406 2841 4478 Προσφέρομέν
2886 4426 2989 4474 σοι,
3042 4408 3341 4477 “(ferimus
3393 4408 3489 4461 tibi
3534 4424 3638 4476 pro

395 4494 527 4547 sola:
568 4510 745 4561 preces
784 4494 881 4547 hoc
920 4512 1105 4548 nomen
1161 4504 1476 4549 mereantur.
1522 4496 1587 4547 2°
1644 4493 1891 4547 Eamdem
1933 4510 1965 4546 a
1998 4487 2043 4542 D
2067 4496 2262 4564 populo
2291 4495 2413 4560 hoc,
2442 4508 2551 4555 etc.
2591 4499 2707 4553 Non
2742 4500 2860 4554 alim
2889 4500 3133 4569 profecto
3167 4510 3290 4553 sunt
3319 4508 3641 4555 memorata:

398 4583 624 4637 Domino
644 4594 692 4638 et
706 4586 954 4650 apostolis
972 4601 1073 4638 non
1090 4584 1392 4637 mandatam
1410 4595 1502 4637 aut
1519 4584 1810 4653 injunctam
1830 4599 1961 4639 esse.

467 4674 629 4728 Ludit
664 4689 879 4744 semper
912 4676 963 4729 iu
1003 4675 1251 4744 ambiguo
1282 4674 1519 4741 Pfaﬁius,
1547 4686 1601 4728 et
1632 4675 1961 4730 oblationem

397 4765 816 4820 eucharisticam
868 4765 1119 4835 intelligit
1160 4782 1303 4831 eam,
1337 4780 1455 4835 quae
1502 4774 1597 4818 aut
1629 4780 1657 4819 a
1695 4766 1850 4820 laicis
1878 4781 1965 4821 sa-

393 4856 626 4919 cerdoti,
654 4865 749 4909 aut
774 4855 843 4909 ab
874 4856 993 4926 ipso
1026 4866 1150 4911 ante
1176 4856 1653 4911 consecrationem
1692 4857 1750 4909 ﬁt
1779 4872 1963 4911 sacer-

394 4946 544 5001 dote.
576 4945 684 5000 Sed
725 4947 983 5000 alimonia
1014 4950 1160 5002 sicca
1204 4958 1262 5001 et
1292 4947 1518 5015 liquida,
1552 4962 1647 5015 per
1686 4963 1846 5015 quam
1878 4963 1965 5001 re-

401 5038 653 5091 cordatio
699 5038 967 5105 passionis
1017 5038 1230 5093 Domini
1273 5037 1602 5101 celebratur,
1636 5039 1769 5091 nihil
1818 5038 1963 5092 aliud

401 5144 525 5184 esse
557 5139 756 5198 potest.
796 5140 854 5184 ut
882 5132 1017 5185 satis
1052 5132 1479 5187 demonstratum
1505 5141 1612 5197 est,
1640 5147 1801 5201 quam
1835 5148 1965 5187 caro

398 5227 458 5273 et
485 5218 706 5288 sanguis
724 5217 857 5274 Jesu
902 5221 1189 5274 incarnati.
1223 5220 1327 5274 Sed
1374 5230 1550 5274 tamen
1583 5237 1650 5275 ne
1680 5224 1833 5277 nobis
1864 5225 1965 5277 ob-

405 5311 587 5364 trudat
610 5308 830 5365 Pfaﬁins
854 5311 1001 5366 solas
1036 5326 1226 5381 preces
1251 5313 1503 5367 sacriﬁcii
1528 5328 1721 5369 nomen
1746 5315 1964 5379 mereri,

400 5402 590 5471 paucis
618 5401 935 5472 explicanda
965 5402 1167 5459 Justini
1198 5407 1490 5460 sententia.

473 5491 534 5547 Il.
580 5491 696 5550 Non
745 5495 1128 5549 animadvertit
1177 5494 1262 5551 Cl.
1310 5495 1529 5552 Pfat‘ﬁus
1577 5499 1705 5567 quid
1754 5496 1967 5554 Justiuo

400 5586 738 5656 propositum
769 5588 861 5641 sit.
897 5586 949 5639 l°
985 5586 1242 5645 Utebatur
1294 5588 1350 5644 S.
1388 5602 1599 5660 martyr
1642 5602 1966 5660 argumento

401 5678 469 5729 ad
499 5674 820 5731 refellendos
852 5676 1069 5733 Judaaos
1111 5679 1348 5734 maxime
1374 5681 1643 5749 apposito,
1676 5692 1732 5736 et
1754 5698 1819 5736 ex
1852 5681 1967 5736 Ma-

403 5766 587 5823 lachiaa
636 5768 895 5825 vaticinia
947 5772 1289 5829 monstrabat
1343 5786 1439 5828 cos
1495 5787 1639 5828 verte
1689 5774 1967 5845 religionis

2065 4602 2094 4639 a
2122 4586 2337 4642 Justino
2365 4604 2555 4657 preces
2582 4590 2635 4644 in
2656 4593 2906 4647 Omnibus
2929 4592 3296 4646 oblationibus
3314 4607 3409 4661 pro
3426 4602 3634 4645 mterua

2065 4679 2176 4733 vita
2215 4684 2616 4749 cousequenda.
2638 4684 2792 4752 Apol.
2831 4684 2884 4749 1,
2923 4702 2977 4737 ιι.
3010 4684 3101 4738 66.

2133 4770 2217 4826 ΙΙΙ.
2265 4771 2492 4827 Gratum
2541 4790 2630 4830 me
2687 4776 2994 4847 legentibus
3039 4775 3310 4833 facturum
3361 4789 3527 4849 puto,
3584 4780 3635 4834 si

2065 4876 2252 4915 eorum
2302 4865 2474 4920 oculis
2523 4881 2792 4934 exponam
2840 4871 3141 4924 venerandi
3194 4872 3637 4925 Christianorum

2066 4955 2319 5009 sacriﬁcii
2347 4957 2796 5026 descriptionem,
2826 4961 3006 5029 qualis
3040 4978 3068 5015 a
3094 4961 3313 5017 Justino
3337 4965 3440 5018 sub
3470 4964 3639 5020 ﬁnem

2065 5045 2219 5114 Apol.
2240 5048 2265 5100 1
2294 5052 2609 5103 summatim
2636 5052 2856 5108 texitur.
2883 5051 3099 5106 Initium
3120 5054 3267 5107 ducit
3295 5070 3323 5106 a
3342 5056 3638 5123 baptismo.

2072 5156 2091 5188 ι
2128 5136 2414 5203 Quomodo
2461 5151 2640 5195 autem
2678 5158 2776 5197 nos
2824 5143 2934 5198 Deo
2966 5147 3506 5211 consecraverimus,
3552 5148 3642 5200 in-

2066 5230 2207 5297 quit,
2252 5231 2405 5292 Apol.
2450 5231 2506 5294 1,
2544 5250 2600 5285 ιι.
2652 5233 2739 5294 61,
2791 5249 2887 5302 per
2930 5234 3209 5288 Christum
3265 5236 3541 5301 renovati,
3581 5236 3641 5291 id

2069 5336 2288 5390 quoque
2316 5337 2675 5392 exponemus,
2710 5341 2777 5379 ne
2808 5325 2937 5393 quid
2984 5326 3251 5396 improbe,
3283 5327 3327 5382 si
3364 5326 3466 5381 hoc
3495 5341 3641 5396 prae-

2070 5414 2458 5482 termittamus,
2491 5416 2543 5469 in
2576 5418 2907 5473 enarrandis
2934 5419 3099 5474 rebus
3141 5435 3302 5486 agere
3327 5420 3639 5475 videamur.

2072 5502 2400 5575 Quicunque
2466 5521 2790 5576 persuasum
2848 5509 3143 5565 habuerint
3195 5521 3252 5565 et
3301 5512 3638 5565 crediderint

2070 5610 2201 5650 vera
2234 5610 2379 5664 esse,
2412 5613 2532 5667 quae
2565 5614 2594 5652 a
2620 5597 2777 5653 nobis
2802 5600 3067 5654 docentur
3097 5612 3151 5655 et
3178 5603 3645 5669 dicuntur,seque

2068 5686 2144 5740 ita
2187 5687 2372 5741 vivere
2414 5704 2577 5757 posse
2628 5690 3011 5759 promiserint,
3054 5694 3090 5747 ii
3139 5692 3351 5763 precari
3397 5701 3452 5745 et
3489 5688 3642 5759 jeju-

2071 5787 2265 5834 nantes
2309 5779 2550 5849 priorum
2602 5791 2964 5851 peccatorum
2994 5785 3207 5840 veniam
3241 5800 3270 5837 a
3302 5784 3413 5838 Deo
3447 5792 3639 5853 petere
