3932 6258
230 394 289 452 Π
1226 394 1285 453 D.
1326 392 1593 451 MARANI
1629 389 2023 450 PREFATIO.
2054 420 2126 435 -—
2159 385 2341 447 PARS
2375 386 2439 450 ll.
3432 396 3501 451 78

236 512 515 579 docentur,
547 513 709 570 nobis
757 530 870 570 una
923 517 1292 588 precantibus
1322 528 1377 573 et
1428 518 1819 587 icjunantihus.
1852 518 1899 574 Α
1930 515 1985 567 in
2033 513 2284 567 eumdem
2335 512 2514 569 locum
2555 514 2616 567 lit
2653 520 2978 577 conventus,
3015 519 3069 566 et
3107 516 3501 569 commentaria

239 604 425 659 Deinde
451 620 520 660 eo
548 608 831 664 ducuntur
858 626 889 664 a
914 610 1109 676 nobis,
1143 612 1232 665 ubi
1263 626 1397 680 aqua
1428 622 1531 674 est,
1550 623 1605 665 et
1631 611 1820 665 eodem

239 698 665 763 regenerationis
722 701 892 756 modo
949 712 1392 771 regenerantur,
1444 717 1552 771 quo
1613 711 1669 756 et
1719 702 1822 771 ipsi

240 806 415 846 sumus
438 793 787 861 regenerati.
814 792 955 846 Nam
988 793 1047 846 in
1079 793 1299 847 nomine
1329 793 1572 863 parentis
1602 792 1825 846 univer-

245 897 409 939 sorum
463 898 532 938 ac
578 884 802 937 Domini
853 884 952 939 Dei
998 900 1063 938 ac
1114 884 1415 938 Salvatoris
1467 884 1639 939 nostri
1695 882 1823 939 Jesu

250 976 435 1031 Christi
479 987 539 1032 et
570 977 828 1047 Spiritus
870 978 1053 1032 sancti
1090 976 1381 1031 ‘lavacrum
1424 977 1478 1030 in
1523 992 1663 1044 aqua
1695 985 1823 1030 tunc

248 1070 559 1138 suscipiunt.
610 1089 631 1121 ›
671 1071 907 1125 Videtur
937 1069 1193 1125 Justinus
1238 1058 1445 1125 nonea
1489 1069 1665 1123 solum
1708 1083 1824 1124 cre-

249 1162 390 1215 dendi
420 1170 477 1215 et
522 1164 753 1217 vivendi
798 1172 1078 1232 praecepta
1113 1164 1381 1227 indicare,
1411 1177 1530 1231 quae
1577 1163 1822 1233 quotidie

248 1252 658 1307 ratechumenis
691 1253 1071 1318 tradebantur,
1100 1255 1194 1308 sed
1217 1270 1279 1308 ea
1308 1254 1671 1324 potissimum,
1702 1268 1823 1322 quae

248 1360 359 1398 cum
386 1346 503 1413 ipso
532 1344 819 1413 baptismo
852 1344 1252 1415 iungebantur,
1296 1347 1558 1399 nimirum
1586 1346 1824 1399 interro-

246 1439 483 1506 gntiones
512 1448 569 1491 et
606 1438 1024 1506 responsiones,
1062 1437 1573 1493 abrenuntiationes
1617 1448 1671 1493 et
1695 1453 1823 1507 pro-

245 1530 534 1585 fessionem
565 1531 720 1586 ﬁdei.
764 1533 819 1587 Id
852 1535 1142 1588 confirmat
1182 1533 1450 1600 Justinus,
1489 1551 1544 1588 n.
1574 1534 1666 1590 65.
1698 1535 1819 1604 Ipsa

149 1643 159 1652 ·
245 1624 326 1676 illa
353 1624 547 1686 verba,
580 1624 792 1679 Deinde
819 1643 879 1679 eo
908 1627 1178 1679 ducuntur
1199 1645 1230 1679 a
1265 1629 1410 1681 nobis
1434 1628 1521 1680 ubi
1550 1643 1690 1698 aqua
1718 1635 1818 1694 est,

244 1712 383 1768 aliud
413 1715 691 1783 suspicari
727 1730 836 1769 non
888 1716 1098 1770 sinunt.
1124 1714 1201 1768 Ex
1238 1716 1433 1785 quibus
1478 1714 1608 1768 illud
1649 1714 1815 1767 etiam

243 1815 382 1873 patet
425 1808 547 1861 haec
591 1808 782 1860 omnia
839 1808 893 1861 in
942 1809 1058 1877 ipsa
1122 1808 1355 1862 ecclesia
1409 1806 1599 1876 peragi
1657 1803 1816 1858 solita

243 1896 421 1963 fuisse,
462 1910 773 1965 antequam
811 1897 1176 1966 baptizandus
1222 1898 1288 1950 ad
1334 1911 1552 1950 sacrum
1612 1894 1816 1949 fontem

246 1992 561 2046 duceretur.
586 1990 687 2046 Sic
729 1992 896 2045 etiam
941 1990 1148 2060 jejunia
1186 1989 1275 2043 hic
1306 1996 1608 2043 memorata
1642 1986 1823 2055 bapti—

242 2098 413 2137 summ
450 2085 635 2154 ipsum
678 2084 929 2154 proxime
957 2082 1305 2145 antecedunt,
1342 2092 1397 2135 et
1426 2083 1494 2135 ab
1515 2080 1634 2135 aliis
1664 2080 1822 2135 Chri—

244 2177 428 2231 stianis
455 2191 566 2229 una
589 2192 717 2231 cum
752 2175 1085 2245 baptizando
1125 2173 1512 2237 observantur,
1546 2173 1707 2241 quale
1737 2180 1822 2226 est

244 2268 365 2321 illud
397 2269 682 2338 jejunium
716 2268 861 2337 Quod
898 2266 1097 2321 Petrus
1127 2265 1305 2335 pridie
1342 2265 1594 2334 baptismi
1625 2264 1821 2318 indicit

245 2361 293 2415 in
331 2360 685 2415 Clementina
738 2359 929 2413 homil.
970 2358 1073 2422 15,
1120 2372 1176 2411 n.
1226 2356 1312 2410 12.
1361 2356 1481 2411 Vid.
1527 2356 1818 2413 Constitui.

243 2462 426 2522 apost.,
456 2452 556 2507 lib.
586 2467 687 2518 vn,
731 2467 783 2505 c.
805 2451 897 2506 22.

304 2544 440 2599 Nihil
492 2544 584 2599 hic
640 2545 711 2599 de
762 2551 1116 2599 sacramento
1163 2541 1609 2598 confirmationis
1644 2539 1819 2595 Justi-

248 2652 337 2690 nus
367 2654 381 2688 :
416 2652 600 2706 neque
646 2636 702 2691 id
762 2636 985 2691 mirum.
1022 2633 1142 2689 Non
1188 2634 1480 2690 catholicis
1525 2634 1818 2699 scribebat,

248 2731 331 2784 sed
362 2730 745 2799 imperatores
781 2728 1031 2783 ethnicos
1062 2728 1468 2796 alloquebatur,
1502 2726 1643 2795 apud
1677 2739 1820 2794 quos

247 2820 453 2875 minime
480 2821 805 2875 necessaria
822 2829 943 2875 erat
969 2820 1132 2889 hujus
1161 2820 1238 2873 rei
1256 2816 1588 2873 enuntiatio.
1615 2815 1821 2870 Deinde

246 2925 360 2965 vero
386 2913 731 2981 baptismum
766 2912 843 2965 ita
874 2908 1496 2975 describitJustinus,ut
1523 2908 1639 2976 ipse
1669 2907 1819 2960 illum

245 3002 640 3075 (presbyterum
672 3004 825 3058 enim
862 3002 1032 3058 fuisse
1059 3000 1336 3057 Justinum
1378 3016 1486 3056 non
1519 3000 1655 3055 levis
1686 3014 1820 3053 con-

239 3094 435 3162 jectura
483 3096 597 3166 est)
644 3097 865 3151 solebat
906 3095 1339 3157 administrare;
1388 3091 1647 3146 nimirum
1701 3090 1820 3144 sine

244 3188 676 3254 conﬁrmatione,
708 3203 833 3257 qua:
863 3186 1138 3257 episc0pis
1174 3192 1455 3238 reservata
1492 3188 1631 3235 erat.
1662 3179 1818 3247 Saepe

243 3282 560 3335 eveniebant
590 3279 944 3351 presbyteris
987 3276 1303 3347 baptizandi
1348 3274 1689 3339 occasiones,
1719 3287 1818 3327 nec

246 3374 435 3427 maturi
456 3375 744 3443 baptismo
769 3373 840 3427 ob
864 3370 1129 3427 fervidam
1149 3371 1402 3439 pietatem
1435 3366 1818 3421 catechumeni

243 3464 500 3518 solemnes
525 3462 793 3533 baptismi
820 3461 938 3517 dies
962 3458 1379 3531 exspectabant.
1410 3455 1567 3511 Unde
1601 3455 1817 3511 Tertul-

244 3554 411 3609 lianns
446 3553 547 3607 lib.
590 3552 670 3607 De
719 3551 1001 3620 baptismo,
1037 3566 1086 3604 c.
1131 3549 1196 3603 19
1224 3565 1237 3603 :
1265 3568 1283 3600 ι
1329 3548 1597 3604 Caeterum
1642 3548 1821 3601 omnis

248 3646 356 3700 dies
387 3645 610 3700 Domini
643 3652 754 3708 est,
793 3642 976 3696 omnis
1012 3641 1174 3706 hora,
1207 3653 1370 3695 omne
1396 3648 1609 3708 tempus
1634 3638 1818 3691 habile

248 3740 552 3808 baptismo:
579 3737 628 3791 si
653 3736 728 3791 de
748 3734 1096 3791 solemnitate
1122 3734 1369 3792 interest,
1396 3732 1463 3788 de
1480 3732 1653 3802 gratia
1684 3729 1817 3784 nihil

251 3830 489 3884 interest.
512 3848 532 3880 ι

319 3919 409 3977 ιν.
442 3922 691 3976 Necesse
724 3933 834 3973 non
871 3925 957 3972 est
986 3916 1281 3971 admonere
1318 3916 1371 3971 id
1409 3914 1552 3985 quod
1586 3916 1818 3984 quisque

256 4018 381 4070 satis
418 4014 705 4085 perspicit,
746 4011 1026 4080 baptisma
1076 4017 1198 4078 post
1248 4008 1509 4063 dimissos
1562 4009 1822 4061 catechu-

262 4124 439 4161 menos
462 4116 519 4160 et
561 4103 895 4175 ptenitentes
934 4101 1052 4156 dari
1098 4100 1314 4155 solitum
1346 4098 1535 4153 fuisse.
1570 4098 1729 4164 Nam,
1764 4107 1821 4152 ut

264 4210 397 4267 patet
445 4215 516 4255 ex
566 4195 923 4259 testimonio,
973 4194 1117 4263 quod
1170 4207 1293 4246 mox
1348 4192 1674 4255 referemus,
1724 4192 1819 4261 qui

262 4292 554 4360 baptizatus
586 4288 785 4353 fuerat,
810 4287 992 4343 statim
1021 4284 1388 4341 deducebatur
1414 4283 1481 4337 ad
1505 4283 1817 4354 ecclesiam,

261 4395 309 4435 et
342 4382 574 4451 liturgize
599 4394 797 4451 preces
827 4378 1049 4431 ﬁebant.
1087 4376 1351 4444 Synaxes,
1388 4375 1441 4427 in
1476 4374 1676 4443 quibus
1708 4390 1815 4427 non

262 4474 474 4526 dabatur
499 4472 834 4543 baptismus,
859 4471 940 4524 sic
958 4469 1193 4521 breviter
1215 4467 1497 4532 describit,
1528 4482 1584 4519 n.
1614 4466 1679 4519 67
1702 4481 1716 4520 :
1742 4466 1820 4538 Τῇ

260 4565 343 4619 τοῦ
386 4564 534 4636 ἡλίου
580 4560 852 4634 λεγομένῃ
892 4558 1074 4629 ἡμέρᾳ
1126 4556 1343 4610 πάντων
1376 4556 1518 4609 κατὰ
1563 4553 1746 4617 πόλεις
1788 4554 1821 4624 ἢ
1857 4556 1899 4609 D

258 4660 445 4731 ἀγροὺς
474 4655 748 4728 μενόντων
778 4651 871 4705 ἐπὶ
895 4651 953 4704 τὸ
980 4648 1109 4703 αὐτὸ
1144 4647 1450 4710 συνέλευσις
1477 4646 1706 4714 γίνεταιέ
1732 4645 1824 4697 καὶ

255 4752 314 4804 τὰ
340 4744 881 4820 ἀπομνημονεύματα
902 4741 1007 4795 τῶν
1034 4738 1366 4805 ἀποστόλων,
1391 4738 1424 4809 ἦ
1453 4737 1521 4791 τὰ
1541 4738 1826 4809 συγγράμ-

255 4861 389 4913 ματα
429 4843 541 4895 τῶν
569 4836 869 4912 προφητῶν
902 4832 1329 4901 ἀναγινώσκεται
1356 4830 1547 4901 μέχρις
1570 4830 1821 4900 ἐγχωρεῖ.

252 4932 374 4988 Εἶτα
418 4929 777 5000 παυσαμένου
814 4925 908 4979 τοῦ
958 4924 1448 4992 ἀναγινώσκοντος,
1492 4923 1520 4974 ὁ
1544 4919 1826 4992 προεστὼς

247 5026 327 5080 διὰ
352 5026 510 5094 λόγου
535 5022 634 5094 τὴν
655 5017 937 5073 νουθεσίαν
959 5018 1052 5069 καὶ
1079 5014 1377 5086 πρόκλησιν
1401 5014 1497 5083 τῆς
1519 5014 1624 5065 τῶν
1648 5012 1826 5066 καλῶν

248 5113 441 5166 τοῦτων
463 5112 756 5182 μιμήσεως
782 5108 1037 5159 ποιεῖται.
1055 5105 1284 5156 Ἔπειτα
1314 5101 1653 5173 ἀνιστάμεθα
1672 5104 1823 5172 κοινῇ

246 5210 460 5269 πάντες,
480 5205 574 5258 καὶ
590 5201 759 5273 εὐχὰς
775 5201 1085 5271 πέμπομεν·
1102 5198 1218 5262 καὶ,
1232 5197 1307 5257 ὡς
1332 5194 1543 5266 προὲιρη
1551 5208 1668 5264 μεν,
1687 5210 1828 5245 statu-

248 5300 489 5370 σαμένων
504 5296 663 5368 ἡμῶν
679 5296 781 5365 τῆς
798 5290 985 5363 εὐχῆς,
1002 5291 1163 5361 ἄρτος
1179 5288 1547 5361 προσφέρεται
1575 5286 1668 5339 καὶ
1686 5282 1828 5348 οἶνος

246 5393 513 5462 ιαίπωρ,
540 5391 635 5442 καὶ
658 5383 986 5459 ὀπροεστὼς
1017 5381 1182 5452 εὐχὰς
1212 5379 1411 5450 ὁμοίως
1454 5378 1545 5431 καὶ
1576 5380 1825 5451 εὐχαρισ-

248 5486 382 5547 τίας,
398 5485 499 5554 ὅση
515 5481 745 5548 δῦναμις
759 5475 929 5546 αὐτῷ,
945 5472 1278 5542 ἀναπέμπει,
1294 5471 1385 5523 καὶ
1397 5471 1424 5522 ὁ
1440 5468 1567 5532 λαὸς
1588 5472 1830 5539 insuen-

253 5578 337 5647 μεῖ
350 5576 519 5642 λέγων
536 5575 597 5625 τὸ
613 5571 816 5642 Ἀμήν·
835 5568 931 5622 καὶ
948 5567 982 5637 ἠ
998 5564 1231 5625 διάδοσις
1247 5562 1386 5631 καὶὴ
1405 5559 1701 5631 μετάληψις
1722 5562 1829 5613 ἀπὸ

251 5668 349 5719 τῶν
367 5665 867 5739 εὐχαριπηθὲντων
884 5659 1106 5727 ἑκάστῳ
1117 5654 1345 5723 γίνεται,
1361 5654 1454 5706 καὶ
1470 5656 1580 5716 τοῖς
1595 5654 1654 5705 οὐ
1687 5666 1828 5723 παρ·-

252 5759 364 5811 οὖσι
390 5760 479 5813 διὰ
509 5760 615 5811 τῶν
650 5756 919 5813 διακόνων
952 5751 1259 5822 πέμπεται.
1299 5765 1318 5797 r
1360 5747 1526 5810 Solis,
1572 5755 1631 5799 ut
1685 5746 1824 5799 dici-

262 5858 365 5917 tur,
387 5854 497 5917 die,
522 5854 758 5908 omnium
783 5850 901 5907 sive
927 5847 1119 5911 urbes,
1151 5845 1264 5897 sive
1286 5856 1440 5913 agros
1470 5840 1825 5897 incolentium

1926 604 2324 674 apostolorum,
2377 617 2472 660 aut
2521 606 2727 676 scripta
2773 605 3166 676 prophetarum
3219 606 3498 679 leguntur,

1926 699 2103 766 quoad
2138 698 2266 753 licet
2298 714 2394 769 per
2414 708 2648 768 tempus.
2676 699 2879 754 Deinde
2908 698 3001 753 ubi
3032 699 3205 754 lector
3235 700 3419 766 desiit,
3454 701 3501 755 is

1924 791 2016 859 qui
2048 800 2245 860 praeest
2273 791 2707 846 admonitionem
2743 793 2926 847 verbis
2957 801 3013 846 et
3057 792 3494 849 adhortationem

1926 882 1993 935 ad
2026 897 2116 937 res
2164 891 2272 936 tam
2317 884 2612 957 praeclaras
2660 885 2954 939 imitandas
3011 887 3259 956 suscipit.
3304 884 3499 941 Postea

1924 987 2114 1027 omnes
2160 973 2325 1027 simul
2370 975 2753 1045 consurgimus
2803 986 2860 1030 et
2908 990 3101 1044 preces
3155 977 3497 1042 emittimus,

1924 1076 2108 1134 atque,
2135 1075 2193 1120 ut
2222 1066 2334 1137 jam
2369 1068 2633 1133 diximus,
2668 1067 2758 1122 ubi
2788 1069 3049 1123 desiimus
3080 1072 3316 1139 precari,
3344 1075 3501 1141 panis

1928 1159 2159 1215 affertur
2180 1170 2235 1215 et
2264 1161 2451 1214 vinum
2487 1171 2543 1215 et
2570 1176 2734 1230 aqua,
2769 1169 2823 1215 et
2846 1162 2937 1230 qui
2966 1170 3185 1230 praeest,
3222 1179 3415 1235 preces
3443 1178 3498 1220 et

1927 1253 2230 1321 gratiarum
2257 1254 2502 1307 actiones
2536 1256 2663 1318 totis
2694 1254 2905 1309 viribus
2935 1255 3158 1322 emittit,
3182 1265 3235 1310 et
3268 1260 3501 1327 populus

1927 1341 2229 1396 acclamat:
2269 1342 2458 1407 Amen,
2484 1354 2538 1399 et
2569 1360 2782 1411 eorum,
2820 1348 2870 1398 in
2907 1346 3105 1414 quibus
3144 1351 3333 1418 gratiae
3366 1363 3503 1407 acta:

1924 1442 2095 1498 sunt,
2148 1433 2464 1491 distributio
2515 1436 2575 1489 fit
2623 1446 2679 1490 et
2731 1438 3156 1494 communicatio
3203 1442 3501 1513 unicuique

1923 1524 2304 1593 praesentium,
2339 1537 2394 1582 et
2418 1528 2739 1583 absentibus
2771 1544 2866 1597 per
2896 1530 3155 1587 diaconos
3188 1534 3445 1588 mittitur.
3476 1556 3496 1588 ι

1925 1616 2065 1672 Huic
2100 1620 2335 1689 liturgite
2375 1621 2654 1675 simillima
2686 1633 2769 1677 est
2802 1640 2889 1688 ea,
2914 1638 3035 1692 quae
3062 1626 3113 1678 in
3152 1624 3502 1683 Constitutio~

1926 1710 2078 1763 nibus
2102 1712 2405 1779 apostolicis
2440 1722 2622 1767 exstat
2654 1713 2750 1768 Ii‘b.
2778 1730 2898 1780 vm,
2927 1726 2982 1769 et
3016 1718 3277 1787 quidquid
3303 1720 3374 1774 ibi
3411 1737 3501 1774 ar-

1931 1799 2153 1856 ticulate
2177 1803 2493 1871 exponitur,
2530 1803 2580 1856 id
2598 1801 2845 1859 Justinus
2867 1810 3179 1863 summatim
3204 1810 3427 1866 indicat.

1995 1914 2087 1968 Ille
2128 1916 2366 1969 omnium
2412 1917 2520 1971 sive
2568 1917 2721 1971 urbes
2755 1920 2860 1973 sive
2892 1933 3046 1990 agros
3075 1921 3415 1977 incolentium
3445 1927 3503 1979 in

1922 2010 2161 2061 eumdem
2208 2009 2381 2062 locum
2413 2018 2722 2077 conventus,
2779 2027 2885 2066 non
2934 2014 3053 2069 sine
3100 2015 3281 2086 aliqua
3339 2032 3504 2073 erce-

1926 2101 2113 2168 ptione
2161 2100 2562 2171 intelligendus.
2593 2099 2729 2157 Nam
2760 2104 2851 2159 ubi
2877 2105 3175 2162 vehemens
3225 2119 3346 2163 erat
3374 2125 3504 2178 per-

1925 2192 2157 2257 secutio,
2196 2192 2248 2248 id
2288 2192 2404 2247 ﬁeri
2436 2208 2542 2247 non
2588 2202 2804 2261 poterat
2839 2195 3027 2250 :unde
3073 2196 3440 2266 interrogatus
3470 2216 3501 2253 a

1924 2286 2183 2355 praefecto
2229 2284 2476 2343 Justinus
2518 2304 2670 2359 quem
2708 2289 2763 2342 in
2794 2289 2966 2344 locum
3001 2289 3292 2346 Christiani
3317 2307 3501 2348 conve-

1924 2379 2119 2441 nirent,
2169 2381 2461 2449 respondet
2502 2397 2561 2435 eo
2598 2394 3021 2453 unumquemque
3070 2384 3351 2439 convenire
3398 2398 3501 2456 quo

1922 2471 2043 2525 velit
2101 2482 2193 2525 aut
2267 2473 2454 2541 possit.
2519 2491 2539 2524 ι
2598 2473 2706 2538 An,
2739 2473 2935 2543 inquit,
2965 2474 3251 2530 existimas
3305 2491 3501 2531 omnes

1926 2578 2023 2617 nos
2071 2563 2126 2617 iu
2166 2566 2417 2619 eumdem
2467 2565 2642 2619 locum
2691 2577 2983 2620 convenire
3009 2566 3238 2622 solitos?
3272 2566 3499 2622 Minime

1924 2668 2014 2709 res
2042 2653 2117 2709 ita
2168 2670 2227 2709 se
2277 2653 2461 2710 habet.
2500 2673 2518 2707 ι
2550 2655 2818 2712 Praeterea
2852 2657 2905 2710 in
2945 2658 3154 2728 magnis
3183 2659 3499 2716 civitatibus

1926 2761 2066 2802 unus
2121 2761 2313 2803 omnes
2361 2747 2700 2803 Christianos
2744 2748 3190 2820 locusexcipere
3229 2766 3337 2807 non
3395 2768 3498 2823 po—

1927 2840 2139 2898 tuisset.
2179 2840 2490 2908 Quinetiam
2519 2842 2710 2897 Romae
2748 2843 3001 2898 videntur
3026 2845 3300 2901 nonnullae
3332 2848 3500 2902 exsti-

1928 2933 2056 2987 tisse
2086 2934 2358 2999 ecclesiae,
2400 2935 2453 2989 in
2482 2936 2681 3004 quibus
2708 2936 2773 2990 ad
2805 2938 3149 2992 commodum
3174 2953 3386 3004 eorum,
3406 2940 3500 3011 qui

1924 3035 1990 3075 ex
2019 3021 2242 3078 Oriente
2281 3025 2512 3079 Romam
2545 3028 2861 3093 veniebant,
2910 3028 3130 3099 liturgia
3164 3030 3355 3087 Graeco
3390 3036 3501 3088 ritu

1926 3123 1980 3167 et
2022 3114 2209 3169 Graeca
2262 3116 2442 3187 lingua
2496 3118 2892 3175 celebraretur.
2948 3120 3081 3176 Nam
3134 3125 3503 3194 interrogatus

1848 3218 1890 3275 ο
1927 3222 1955 3260 a
2003 3208 2283 3276 praefecto,
2315 3224 2373 3264 ut
2409 3212 2571 3266 modo
2599 3215 2852 3281 vidimus,
2884 3214 3132 3273 Justinus
3159 3218 3403 3274 declarat
3443 3234 3502 3275 se

1928 3315 2147 3355 manere
2171 3318 2330 3370 prope
2355 3305 2570 3357 domum
2596 3305 2815 3360 Martini
2846 3309 3125 3376 cujusdam
3147 3312 3215 3364 ad
3248 3308 3493 3366 balneum

1926 3401 2267 3463 cognomento
2310 3392 2677 3460 Timiotinum,
2704 3413 2766 3450 ac
2794 3414 2887 3467 p'er
2908 3410 3073 3453 totum
3097 3410 3324 3469 tempus,
3354 3406 3499 3472 quod

1928 3483 2115 3538 Romae
2162 3485 2421 3550 traduxit,
2459 3485 2625 3539 alium
2655 3503 2933 3544 conventus
2957 3491 3129 3545 lorum
3159 3509 3262 3548 non
3294 3507 3501 3564 cogno-

1924 3576 2088 3631 visse.
2106 3575 2162 3630 in
2190 3577 2291 3631 hac
2320 3592 2450 3647 ergo
2478 3580 2641 3635 domo
2658 3584 2914 3652 mysteria
2933 3584 3201 3640 celebrari
3228 3586 3499 3654 solebant,

1928 3673 2090 3740 idque
2127 3671 2331 3727 Graecae
2378 3672 2638 3727 Ecclesia:
2670 3674 2775 3726 ritu
2829 3683 2883 3728 et
2930 3675 3151 3743 lingua;
3182 3684 3373 3747 utpote
3425 3681 3496 3733 ab

1927 3762 2045 3830 ipso
2096 3758 2334 3826 Justino,
2384 3772 2443 3815 ut
2492 3762 2789 3817 verisimile
2832 3772 2934 3829 est,
2968 3765 3265 3820 celebrata.
3319 3768 3500 3837 Atque

1926 3854 1979 3907 id
2009 3869 2189 3909 causa:
2216 3868 2339 3909 esse
2360 3865 2509 3923 puto,
2545 3869 2643 3909 cur
2683 3855 2901 3927 liturgia
2930 3872 2959 3910 a
2987 3857 3045 3913 S.
3071 3866 3309 3929 martyre
3332 3874 3502 3930 expo-

1926 3946 2054 4010 sita,
2082 3962 2192 4001 non
2235 3946 2519 4012 Romanas,
2549 3948 2644 4001 sed
2675 3949 2751 4014 ei,
2772 3962 2895 4018 qna:
2924 3959 3009 4006 est
3055 3950 3109 4003 in
3151 3949 3498 4007 Constitutio-

1926 4038 2080 4091 nibus
2109 4037 2436 4106 apostolicis,
2469 4038 2664 4093 similis
2701 4040 2790 4094 sit.
2818 4040 2924 4106 Qui
2949 4055 3074 4095 cum
3101 4034 3317 4097 Justino
3348 4058 3498 4097 com-

1925 4129 2178 4198 prehensi
2204 4142 2331 4184 sunt
2360 4140 2417 4184 et.
2448 4142 2621 4184 morte
2646 4131 2909 4198 damnati,
2938 4133 3195 4187 videntur
3218 4132 3493 4189 Justinum

1927 4217 2183 4273 habuisse
2241 4220 2547 4272 animarum
2609 4235 2831 4274 suarum
2888 4229 3154 4277 rectorem
3209 4235 3265 4279 et
3308 4239 3375 4278 ex
3427 4226 3503 4283 iis

1927 4310 2080 4375 locis,
2107 4313 2195 4367 ubi
2220 4311 2409 4368 Graeca
2450 4313 2636 4385 lingua
2682 4315 2927 4384 vigebat,
2968 4313 3195 4370 Romam
3256 4318 3498 4373 venisse.

1926 4404 2131 4469 Quaerit
2204 4407 2349 4459 enim
2405 4422 2471 4461 ex
2523 4407 2593 4461 iis
2660 4407 2947 4474 praefectus
2990 4424 3057 4462 an
3108 4426 3212 4465 non
3251 4426 3346 4468 eos
3401 4410 3499 4465 Ju-

1928 4493 2107 4547 stinus
2172 4493 2515 4549 Christianos
2578 4494 2804 4549 fecerit?
2840 4494 3146 4563 Evelpistus
3184 4513 3240 4550 se
3289 4497 3495 4551 Justini

1928 4601 2189 4640 sermones
2229 4604 2421 4658 magna
2453 4605 2572 4642 cum
2602 4589 2865 4657 voluptate
2887 4591 3074 4644 audire
3104 4590 3322 4645 solitum
3344 4592 3497 4648 dicit.

1926 4683 1976 4737 ls
2033 4693 2064 4733 e
2109 4678 2477 4751 Cappadocia,
2512 4679 2715 4735 liierax
2758 4681 2940 4737 Iconio
2985 4681 3215 4736 Ruinam
3249 4694 3494 4739 venerat.

1996 4815 2341 4886 Legebantur
2388 4814 2690 4883 Scriptura:
2725 4811 2942 4870 Veteris
2997 4824 3053 4869 et
3115 4813 3249 4869 Novi
3301 4813 3499 4868 Testa-

1929 4911 2123 4969 menti,
2154 4918 2337 4975 atque,
2370 4916 2428 4960 ut
2467 4902 2843 4973 praescribitur
2873 4905 2967 4962 lib.
3000 4920 3129 4971 tt,c.
3159 4905 3252 4969 57,
3281 4921 3501 4960 earum-

1928 5003 2049 5056 dem
2091 5000 2377 5055 Constitut.
2410 4998 2670 5069 populum
2722 4999 3084 5053 hortabantur
3136 4997 3331 5067 singuli
3371 5014 3497 5069 pre-

1928 5095 2132 5166 sbyteri
2179 5104 2235 5146 et
2282 5103 2554 5163 postremo
2602 5094 2907 5162 episcopus.
2939 5091 3072 5146 Cum
3107 5091 3209 5145 hoc
3241 5093 3499 5160 prtescri-

1931 5195 2023 5253 pto
2056 5199 2160 5238 non
2181 5191 2387 5252 pugnat
2414 5181 2681 5246 Justinus,
2712 5182 2805 5249 qui
2833 5195 3044 5235 summa
3073 5194 3252 5233 rerum
3279 5178 3497 5250 fastigia

1930 5282 2171 5337 enarrat,
2202 5281 2257 5327 et
2291 5271 2495 5326 idcirco
2521 5271 2657 5323 nihil
2686 5271 2753 5324 de
2800 5268 3203 5324 catechumenis
3244 5278 3299 5324 et
3324 5274 3501 5339 paeni-

1932 5366 2167 5419 tentibus
2188 5364 2387 5418 dimitti
2410 5363 2586 5416 solitis
2602 5361 2700 5426 ait,
2724 5376 2787 5414 ac
2812 5369 3069 5429 praeterea
3096 5376 3213 5415 eam
3245 5361 3499 5418 edisserit

1929 5457 2220 5526 litnrgiam,
2255 5471 2372 5524 quae
2416 5455 2581 5510 etiam
2630 5452 2875 5506 ecclesiis
2905 5467 3068 5504 unum
3126 5456 3500 5508 tantummodo

1929 5550 2302 5619 presbyterum
2330 5544 2653 5601 habentibus
2670 5542 3049 5610 conveniebat,
3070 5545 3097 5596 ὁ
3119 5546 3419 5615 προεστώς,
3454 5546 3499 5597 is

1929 5650 2019 5718 qui
2036 5658 2245 5717 prteest,
2264 5648 2379 5701 sive
2399 5646 2683 5714 praesidens
2702 5656 2842 5710 saepe
2864 5641 3002 5710 apud
3020 5640 3272 5710 antiquos
3286 5641 3501 5709 episco-

1929 5756 2054 5808 pum
2096 5741 2362 5811 designat,
2403 5738 2675 5792 interdum
2718 5736 2882 5790 etiam
2918 5733 3219 5804 presbyteri
3256 5732 3357 5785 hoc
3402 5731 3499 5783 do-

1931 5843 2131 5890 nantur
2162 5834 2399 5899 nomine,
2420 5832 2530 5886 imo
2557 5828 2734 5887 clerus
2753 5822 3494 5901 generatimcomprehendi-
