3932 6258
453 384 525 446 79
1367 386 1423 443 S.
1460 385 1791 442 JUSTINUS
1830 385 2312 442 PHILOSOPHUS
2350 388 2437 443 ET
2476 388 2785 443 MARTYR.
3641 392 3712 446 80

454 515 564 574 tur,
593 518 652 563 ut
680 509 859 564 videre
887 519 971 565 est
996 508 1134 579 apud
1169 507 1390 574 Euseb,
1413 509 1579 571 Hist.,
1601 508 1697 562 lib.
1732 524 1846 569 vui,
1887 526 1936 560 c.
1966 507 2020 560 6.
2054 516 2099 569 Α
2132 511 2569 578 terrumpebatur
2630 507 3021 572 admonitione,
3048 520 3148 560 nec
3199 505 3427 575 populus
3477 520 3717 575 respon-

515 602 579 657 V.
614 600 919 655 Secundam
951 601 1181 668 liturgiae
1231 610 1438 668 partem
1492 601 1803 655 indicathis
1842 600 2023 655 verbis

453 692 701 748 Justinus
736 710 750 746 :
785 689 977 745 Postea
1012 708 1186 745 omnes
1206 692 1362 745 simul
1387 692 1750 761 consurgimus
1771 709 1832 745 ac
1850 707 2024 761 preces

453 784 760 836 emittimus.
813 781 1012 836 Preces
1052 782 1154 835 illae
1207 791 1472 836 vocantur
1513 781 1867 853 κηρύγματα,
1913 784 2025 837 sive

451 874 875 943 praedicationes
900 874 954 927 in
986 874 1147 943 epist.
1178 874 1281 928 l55
1319 874 1377 927 S.
1410 872 1620 928 Basilii.
1651 873 2025 926 Annuntiabat

451 980 546 1020 eas
597 964 881 1026 diaconus,
912 974 970 1019 ut
1013 966 1199 1019 videre
1255 976 1339 1020 est
1382 965 1433 1018 in
1477 964 1571 1017 lib.
1601 980 1692 1018 vni
1736 963 2025 1019 Constitut.

451 1067 648 1127 apost.,
673 1058 761 1111 ubi
802 1058 882 1110 sic
922 1057 1323 1129 describuntur,
1355 1067 1415 1111 ut
1443 1070 1536 1111 eas
1571 1056 1727 1111 facile
1752 1058 1824 1111 sit
1861 1072 2022 1126 agno-

451 1163 605 1203 scere
656 1149 708 1202 in
751 1150 836 1203 his
880 1146 1075 1202 Justini
1118 1149 1301 1203 verbis
1336 1166 1389 1201 n.
1424 1149 1494 1203 65
1532 1168 1546 1203 :
1599 1168 1615 1201 ‹
1677 1148 1786 1205 Nos
1841 1160 2019 1204 autem

448 1252 735 1313 postquam
768 1260 915 1306 cum,
947 1244 1037 1313 qui
1076 1242 1235 1299 [idem
1283 1259 1438 1309 suam
1488 1250 1542 1297 et
1579 1258 1860 1297 assensum
1927 1243 2022 1296 do-

448 1338 640 1391 ctrina:
689 1347 887 1391 nostrae
938 1347 1165 1391 testatus
1218 1345 1324 1402 est,
1364 1338 1443 1391 sic
1483 1336 1778 1402 abluimus,
1805 1335 1869 1389 ad
1901 1351 2019 1397 eos.

448 1428 538 1497 qui
572 1428 827 1483 dicuntur
859 1427 1078 1491 fratres,
1098 1428 1436 1493 deducimus,
1464 1430 1553 1483 ubi
1590 1428 1665 1482 illi
1703 1430 2015 1499 congregati

447 1530 593 1583 sunt,
652 1536 967 1575 communes
1020 1535 1211 1590 preces
1250 1531 1305 1575 et
1357 1537 1456 1588 pro
1485 1522 1915 1589 nobismetipsis,
1964 1529 2019 1576 et

447 1626 549 1678 pro
568 1626 632 1665 eo
659 1612 747 1681 qui
786 1610 1115 1665 illuminatus
1144 1621 1245 1674 est,
1262 1621 1315 1666 et
1338 1626 1432 1680 pro
1468 1611 1587 1664 aliis
1613 1610 1811 1679 ubique
1842 1610 2018 1664 omni-

448 1702 549 1756 bus
588 1703 799 1757 intento
834 1703 1016 1755 animo
1049 1702 1266 1767 tacturi,
1294 1712 1352 1755 ut
1375 1702 1621 1756 veritatis
1650 1701 2018 1770 cognitionem

448 1793 631 1861 adepti
676 1793 778 1846 hac
821 1794 984 1847 etiam
1028 1792 1205 1862 gratia
1235 1792 1542 1861 dignemur,
1573 1786 1639 1845 'ut
1667 1800 1866 1845 rectam
1892 1804 2019 1860 ope-

2129 604 2288 657 debat
2324 602 2527 667 Amen,
2568 601 2671 656 nisi
2725 600 2947 653 omnino
2997 598 3246 652 absoluta
3301 605 3472 652 esset.
3524 598 3718 651 Utres-

2128 708 2233 762 que
2284 706 2511 762 preces,
2569 690 2621 744 id
2674 699 2790 753 est,
2846 699 2897 743 et
2947 705 3077 755 eas,
3117 704 3238 758 qua:
3276 686 3529 742 dimissis
3567 696 3717 741 cate-

2127 783 2409 837 chumenis
2446 791 2499 836 et
2537 780 2954 851 paenitentibus,
2995 786 3049 832 et
3087 793 3208 842 eas,
3248 793 3367 846 qua:
3406 777 3481 831 ad
3524 791 3717 832 conse-

2127 877 2425 930 crationem
2482 872 2826 927 eucharistia:
2877 871 3124 935 ﬁebant,‘
3157 869 3358 923 indicat
3398 869 3463 922 S.
3509 868 3715 921 Firmi-

2125 964 2303 1017 lianus
2361 965 2413 1017 in
2470 962 2695 1032 epistola
2751 962 2889 1016 inter
2947 958 3295 1029 Cyprianicas
3334 958 3441 1021 75,
3489 956 3587 1009 ubi
3645 955 3713 1010 de

2124 1054 2356 1123 quadam
2410 1054 2635 1106 muliere
2697 1051 3030 1120 nequissima
3090 1058 3143 1102 et
3194 1045 3542 1116 prophetiam
3602 1044 3708 1099 sibi

2123 1155 2405 1215 arrogantc
2457 1146 2537 1199 sic
2594 1145 2836 1213 loquitur
2878 1162 2891 1197 :
2928 1163 2947 1195 ι
2994 1142 3169 1195 Etiam
3221 1141 3325 1193 hoc
3377 1138 3708 1206 frequenter

2126 1251 2257 1291 ausa
2296 1246 2398 1302 est,
2434 1245 2493 1289 ut
2530 1247 2582 1290 et
2620 1236 2958 1291 invocatione
2996 1250 3103 1287 non
3143 1230 3543 1299 contemptibili
3582 1244 3711 1282 san-

2123 1328 2360 1383 ctiﬁcare
2398 1343 2455 1382 se
2494 1343 2686 1397 panem
2728 1338 2780 1382 et
2819 1326 3202 1381 eucharistiam
3246 1321 3425 1376 facere
3468 1319 3706 1375 simula-

2123 1432 2221 1485 ret,
2262 1429 2315 1476 et
2368 1420 2692 1474 sacrilicium
2751 1418 2979 1473 Domino
3030 1432 3138 1470 non
3193 1415 3309 1469 sine
3347 1420 3705 1467 sacramento

2119 1514 2291 1569 solita:
2328 1512 2729 1583 praedicationis
2778 1510 3015 1564 oil‘erret.
3061 1528 3078 1560 ι
3124 1506 3399 1562 lnvocatio
3442 1506 3538 1558 illa
3590 1518 3699 1559 non

2117 1603 2536 1673 contemptibilis
2604 1602 2893 1670 respondet
2970 1599 3193 1669 prolixis
3259 1598 3327 1652 ad
3396 1611 3699 1652 consecra—

2120 1696 2321 1749 tionem
2381 1692 2719 1747 eucharistiaa
2786 1691 3068 1760 precibus;
3129 1696 3541 1744 sacramentum
3608 1696 3699 1740 so-

2110 1788 2215 1843 litae
2254 1786 2654 1857 praedicationis
2694 1783 2942 1852 congruit
2979 1781 3363 1836 communibus
3405 1777 3694 1847 precibus,

449 1884 602 1938 ribus
637 1887 803 1936 vitam
840 1894 1066 1951 agentes
1109 1892 1163 1936 et
1208 1891 1603 1951 praeceptorum
1648 1882 1897 1936 custodes
1934 1882 2016 1935 in-
2046 1869 2247 1951 Bquas
2278 1880 2390 1950 jam
2429 1878 2537 1932 dixi
2593 1892 2622 1931 a
2662 1886 2849 1933 sancto
2888 1874 3089 1929 Basilio
3129 1871 3553 1944 praedicationes
3590 1878 3696 1924 v0-

445 1977 745 2043 veniatnur,
777 1991 884 2045 quo
931 1975 1157 2029 salutem
1216 1982 1477 2028 azternam
1564 1987 1940 2043 assequamur.
1991 1992 2011 2026 ι

443 2066 614 2122 Recte
670 2066 800 2120 dicit
842 2064 1084 2120 Justinus
1129 2081 1221 2134 pro
1271 2065 1392 2118 aliis
1421 2064 1611 2133 ubique
1634 2066 1876 2118 omnibus
1918 2066 2016 2145 has

443 2176 635 2231 preces
689 2160 823 2214 ﬁeri.
872 2158 1028 2223 Nam,
1069 2168 1126 2211 ut
1161 2158 1343 2211 videre
1372 2167 1455 2212 est
1504 2157 1595 2211 lib.
1638 2173 1675 2211 ll
1710 2157 2015 2227 Constitut.,

443 2263 495 2304 c.
527 2249 868 2311 57,0rabant
895 2265 989 2314 pro
1021 2248 1263 2301 universa
1294 2246 1659 2317 Ecclesia,pro
1681 2258 1785 2302 toto
1820 2254 2016 2305 mundo

441 2350 489 2395 et
542 2344 657 2408 ejus
698 2339 960 2408 partibus,
995 2348 1046 2392 et
1073 2338 1310 2407 frugibus
1337 2349 1511 2408 terrm,
1536 2358 1629 2409 pro
1663 2342 2018 2396 sacerdotibus

442 2439 493 2484 et
525 2430 832 2493 rectoribus,
853 2445 945 2496 pro
972 2443 1172 2481 summo
1200 2429 1490 2496 sacerdote,
1530 2448 1623 2500 pro
1656 2447 1774 2500 rege
1797 2448 1858 2484 ac
1884 2449 2011 2499 pace

443 2519 747 2572 uniuersali.
766 2517 923 2570 Plura
940 2518 1060 2571 vide
1080 2518 1170 2571 lib.
1194 2534 1310 2584 vni,
1332 2536 1382 2574 c.
1400 2521 1419 2572 l
1436 2521 1457 2573 1
1475 2532 1526 2575 et
1544 2522 1701 2590 epist.
1721 2522 1821 2576 155
1851 2520 2013 2576 Basil.

510 2609 984 2664 Consecrationcm
1013 2610 1519 2681 eucharistiie,qu:e
1565 2614 1837 2681 priecipua
1891 2630 2017 2682 pars

440 2708 524 2754 est
565 2700 815 2769 liturgize.
847 2700 925 2754 sic
952 2700 1169 2754 uberius
1208 2703 1457 2757 edisserit
1494 2720 1546 2756 n.
1576 2704 1643 2757 65
1671 2719 1686 2758 :
1734 2704 2017 2777 Ἀλλήλους

442 2791 705 2862 φιλήματι
730 2790 1086 2861 ἀσπαζόμεθα
1112 2794 1449 2863 παυσάμενοι
1478 2794 1585 2847 τῶν
1615 2795 1806 2865 εὐχῶν.
1838 2798 2019 2850 Ἐπει-

441 2903 509 2938 τα
543 2884 904 2957 προσφέρεται
939 2884 1014 2955 τῷ
1049 2887 1347 2957 προεστῶτι
1400 2886 1507 2940 τῶν
1554 2888 1795 2959 ἀδελφῶν
1834 2890 2013 2961 ἄρτος,

442 2975 535 3027 καὶ
570 2981 821 3046 ποτήριον
849 2975 1036 3038 ὓδατος
1070 2978 1161 3029 καὶ
1196 2978 1493 3049 κράματος,
1516 2979 1606 3032 καὶ
1634 2976 1785 3045 οὗτος
1817 2981 2013 3045 λαϐὼν,

439 3061 588 3119 αἶνον
638 3067 744 3118 καὶ.
774 3065 929 3130 δόξαν
962 3067 1038 3138 τῷ
1071 3070 1241 3142 Hirpi.
1276 3069 1379 3123 τῶν
1413 3071 1546 3124 ὅλων
1579 3072 1665 3125 διὰ
1696 3073 1787 3126 τοῦ
1820 3074 2016 3144 ὀνόμα-

438 3174 528 3220 τος
561 3155 652 3209 τοῦ
676 3156 803 3210 Υἱοῦ
850 3157 942 3209 καὶ
975 3158 1068 3211 τοῦ
1103 3160 1416 3230 Πνεύματος
1459 3162 1550 3214 τοῦ
1586 3161 1738 3229 ἁγίου
1781 3164 2017 3234 ἀναπέμ-
2043 3197 2084 3251 C

438 3263 567 3299 πει·
607 3247 697 3299 καὶ
751 3248 1098 3318 εὐχαριστίαν
1133 3249 1274 3320 ὑπὲρ
1304 3249 1395 3302 τοῦ
1417 3249 1783 3319 κατηξιῶσΘαι
1815 3250 2014 3303 τούτων

440 3341 571 3411 παρ’
596 3339 757 3392 αὐτοῦ
793 3342 884 3393 ἐπὶ
918 3341 1054 3395 πολὺ
1090 3344 1344 3395 ποιεῖται.
1382 3337 1455 3396 Οὐ
1493 3341 1899 3405 συντελέσαντος
1918 3343 2014 3405 τὰς

438 3428 603 3499 εὐχὰς
638 3432 731 3483 καὶ
766 3430 860 3501 τὴν
898 3432 1265 3504 εὐχαριστίαν,
1303 3434 1409 3495 πᾶς
1430 3434 1457 3484 ὁ
1490 3431 1681 3500 παρὼν
1710 3431 1834 3495 λαὸς
1855 3435 2015 3484 ἐπευ-

438 3524 612 3591 φημεῖ
632 3521 821 3589 λέγων,
840 3521 1041 3591 Ἀμήν.
1061 3523 1132 3575 Τὸ
1159 3523 1213 3576 δὲ
1247 3523 1425 3593 ἀμήν,
1440 3528 1502 3595 τῇ
1522 3524 1753 3597 Ἐ6ραίδι
1769 3528 1938 3595 φωνῇ,
1957 3525 2014 3577 τὸ

438 3611 666 3681 γένοιτο
684 3614 951 3684 σημαίνει.
1009 3615 1512 3686 Εὐχαριστήσαντος
1540 3615 1595 3668 δὲ
1624 3615 1715 3668 τοῦ
1740 3614 2015 3687 προεστῶ-

436 3718 527 3765 τος
557 3704 648 3756 καὶ
683 3707 888 3776 ὲπευφη
900 3708 1166 3775 μήσαντος
1185 3706 1380 3769 παντὸς
1400 3706 1490 3759 τοῦ
1511 3706 1661 3770 λαοῦ,
1686 3710 1733 3760 οἱ
1756 3707 1917 3760 καλού
1928 3726 2015 3777 με-

437 3809 517 3845 νοι
540 3793 665 3862 παρ’
684 3795 814 3863 ἡμῖν
837 3794 1089 3857 διάκονοι,
1106 3794 1336 3847 διδόασιν
1357 3795 1568 3864 ἑκάστῳ
1588 3795 1694 3847 τῶν
1732 3798 2012 3867 παρόντων

441 3883 763 3953 μεταλαϐεῖν
784 3884 890 3938 ἀπὸ
918 3884 1010 3937 τοῦ
1034 3884 1515 3957 εὐχαριστηθέντος
1536 3885 1699 3956 ἄρτου
1728 3887 1819 3938 καὶ
1844 3886 2008 3951 οἴνου,

438 3974 532 4027 καὶ
550 3974 760 4038 ὓδατος,
779 3976 997 4039 καὶτοῖς
1021 3977 1080 4029 οὐ
1103 3977 1363 4049 παροῦσιν
1379 3977 1727 4048 ἀποφέρουσι.
1740 3996 1757 4027 t
1780 3977 2007 4032 Invicem

445 4065 632 4119 osculo
673 4066 996 4131 salutamus,
1021 4069 1111 4131 ubi,
1134 4069 1388 4121 desiimus
1432 4069 1659 4136 precari.
1698 4068 1898 4121 Deinde
1936 4068 2007 4131 ei,

438 4155 530 4224 qui
557 4156 814 4211 fratribus
832 4167 1045 4224 prmest,
1067 4158 1219 4227 panis
1247 4158 1471 4212 allertur
1499 4166 1551 4212 et
1582 4159 1832 4227 poculum
1856 4174 2009 4228 aqua:

439 4258 494 4299 et
522 4246 655 4311 vini,
676 4248 875 4316 quibus
903 4248 990 4302 ille
1013 4250 1277 4319 acceptis,
1308 4251 1520 4303 laudem
1550 4262 1601 4303 et
1632 4251 1857 4319 gloriam
1889 4254 2008 4304 uni-

437 4351 723 4392 versorum
770 4340 982 4407 parenti
1014 4350 1113 4408 per
1149 4357 1343 4394 nomen
1378 4341 1500 4394 Filii
1526 4352 1582 4396 et
1609 4341 1847 4409 Spiritus
1879 4360 2007 4397 san-

440 4428 514 4483 cti
559 4429 783 4492 emittit,
818 4439 873 4483 ct
913 4431 1323 4497 eucharistiam,
1361 4434 1475 4487 sive
1508 4435 1804 4505 gratiarum
1837 4438 2007 4491 actio—

2110 1989 2357 2111 carPaulo
2387 2055 2660 2111 dilIicilius
2688 2056 2752 2109 ad
2785 2054 3163 2125 explicandum
3196 2056 3437 2119 videtur,
3466 2069 3569 2109 cur
3605 2052 3699 2107 Ju-

2118 2149 2297 2203 stinus
2329 2163 2628 2201 communes
2663 2163 2839 2214 preces
2880 2144 3111 2216 appellet
3144 2161 3260 2212 eas,
3306 2162 3426 2214 quae
3454 2144 3696 2200 dimissi!

2119 2238 2527 2293 catechumenis
2567 2245 2625 2291 et
2670 2238 3059 2307 pwnitentihus
3095 2236 3318 2301 ﬁebant,
3349 2251 3557 2305 easque
3595 2236 3698 2289 hac

2118 2335 2339 2389 notione
2391 2343 2640 2388 secernat
2689 2335 2756 2388 ab
2808 2335 2895 2401 iis,
2928 2350 3047 2404 qua:
3094 2337 3160 2389 ad
3215 2337 3695 2391 consecrationem

2119 2427 2463 2482 eucharistize
2492 2431 2784 2497 pertinent.
2807 2426 3107 2495 Utrumque
3129 2429 3273 2481 enim
3306 2431 3694 2497 precationum

2118 2534 2287 2588 genus
2316 2518 2679 2570 communiter
2711 2515 3144 2569 ﬂebatEcclesize
3165 2516 3417 2582 nomine;
3448 2518 3515 2570 ad
3546 2530 3693 2570 com—

2120 2624 2310 2664 munes
2347 2621 2538 2677 preces
2576 2607 2839 2661 diaconus
2872 2606 3136 2659 invitabat
3178 2608 3437 2676 pupulum
3467 2609 3695 2678 ejusque

2119 2698 2282 2751 animi
2314 2697 2664 2752 attentionem
2698 2696 3033 2761 suscitabat;
3060 2696 3125 2749 ad
3154 2698 3556 2753 eucharisticas
3581 2700 3692 2768 ipse

2119 2792 2373 2846 sacerdos
2424 2790 2671 2852 dicendo,
2717 2791 2943 2845 Sursum
2991 2790 3173 2844 corda.
3213 2791 3524 2845 Discrimen
3568 2792 3691 2845 inde

2119 2897 2298 2940 ortum
2352 2892 2483 2954 pulo
2531 2885 2673 2952 quod
2715 2885 2892 2954 populi
2930 2901 3023 2940 vox
3065 2886 3117 2938 in
3151 2885 3327 2953 primo
3350 2887 3689 2957 precationis

2119 2993 2319 3049 genere
2340 2976 2641 3039 audiretur,
2665 2976 2718 3029 in
2745 2976 2916 3030 altero
2941 2987 3119 3031 autem
3152 2978 3322 3031 solius
3346 2980 3685 3034 sacerdotis:

2120 3068 2262 3121 unde
2302 3067 2361 3121 S.
2396 3066 2701 3137 Dionysius.
2732 3066 3135 3120 Alexandrinus
3179 3069 3244 3121 de
3272 3069 3512 3135 quodam
3552 3068 3687 3122 laico

2118 3161 2195 3213 ait
2248 3160 2387 3227 apud
2440 3157 2634 3211 Euseb.
2671 3158 2764 3211 lib.
2796 3173 2889 3221 vn,
2920 3173 2968 3211 c.
3003 3158 3058 3220 9,
3081 3174 3202 3212 eum
3248 3158 3571 3228 frequenter
3593 3176 3687 3213 au-

2121 3252 2320 3304 vidisse
2354 3249 2761 3312 eucharistiam,
2825 3249 2941 3302 sive
2974 3249 3270 3317 gratiarum
3311 3251 3606 3315 actionem,
3634 3259 3686 3303 et

2119 3341 2466 3410 respondisse
2493 3339 2677 3392 Amen.
2700 3340 2804 3393 Sed
2829 3340 2969 3393 aliud
2998 3349 3101 3406 est,
3122 3339 3262 3407 quod
3295 3340 3345 3392 in
3372 3340 3477 3395 hoc
3502 3341 3686 3394 discri-

2115 3433 2259 3484 mine
2308 3431 2646 3483 observando
2680 3428 2739 3483 ὃ.
2769 3439 3061 3499 martyrem
3114 3439 3357 3507 secutum
3402 3431 3680 3484 existimo.

2116 3522 2335 3577 Sciebat
2382 3536 2573 3590 preces
2626 3522 2765 3584 illas,
2798 3535 2931 3589 quas
2965 3536 3282 3576 communes
3313 3534 3493 3589 vocat,
3519 3537 3584 3576 ex
3614 3535 3678 3573 eo

2114 3595 2232 3666 esse
2252 3624 2468 3681 genere.
2487 3610 2631 3678 quod
2663 3612 3053 3664 sacerdotalem
3080 3612 3457 3666 characterem
3491 3624 3679 3666 neces-

2113 3704 2260 3757 sario
2310 3717 2415 3755 non
2470 3702 2742 3771 requirat;
2778 3704 3182 3757 eucharisticas
3228 3714 3408 3757 autem
3443 3704 3673 3757 nulloin

2113 3802 2380 3849 conventu
2424 3792 2676 3847 elfectum
2715 3809 2873 3861 posse
2906 3796 3111 3860 sortiri,
3141 3795 3241 3848 nisi
3266 3810 3361 3863 per
3388 3810 3515 3848 eum
3538 3794 3679 3847 cele-

2112 3883 2360 3950 brentur,
2395 3885 2488 3953 qui
2519 3884 2625 3939 hoc
2663 3885 2985 3940 charactere
3013 3886 3254 3955 signatus
3289 3895 3344 3940 et
3378 3886 3672 3956 impressus

2112 3976 2205 4029 sit.

2186 4068 2271 4122 Vl.
2309 4069 2385 4123 De
2418 4083 2571 4122 sacra
2624 4070 3005 4123 communione
3054 4084 3159 4123 non
3208 4067 3669 4138 praetermittenda

2110 4169 2236 4215 sunt
2277 4161 2391 4213 huic
2436 4158 2634 4213 Justini
2683 4161 2846 4214 verba
2887 4177 2900 4212 :
2934 4178 2953 4210 ε
2991 4161 3169 4229 Atque
3201 4162 3302 4215 hoc
3352 4163 3665 4215 alimentum

2110 4255 2247 4321 apud
2302 4266 2403 4306 nos
2448 4261 2677 4305 vocatur
2735 4251 3069 4305 eucharistia
3110 4251 3263 4319 cujus
3316 4253 3519 4307 nemini
3546 4251 3669 4305 licet

2108 4358 2227 4398 esse
2270 4342 2545 4411 participi,
2581 4342 2684 4395 nisi
2713 4342 2803 4410 qui
2841 4343 3178 4395 credatvera
3218 4358 3338 4398 esse
3362 4359 3485 4412 quae
3507 4342 3668 4397 doce-

2110 4451 2250 4499 mus,
2271 4444 2434 4503 atque
2462 4434 2554 4487 illo
2577 4436 2643 4487 ad
2674 4434 3048 4487 remissionem
3075 4447 3417 4500 peccatorum
3441 4445 3497 4489 et
3520 4446 3667 4500 rege-

436 4534 587 4584 nem,
628 4536 726 4589 pro
769 4522 856 4575 his
908 4523 976 4575 ab
1011 4521 1101 4575 illo
1134 4524 1372 4592 acceptis
1406 4525 1559 4578 donis
1604 4526 1816 4595 prolixe
1842 4541 1999 4580 exse-
2033 4543 2076 4597 Ῑ)
2109 4528 2446 4581 nerationem
2504 4524 2723 4579 lavacro
2774 4526 2993 4579 ablutus
3026 4523 3206 4589 fuerit,
3246 4536 3301 4579 et
3332 4527 3405 4579 ita
3439 4527 3582 4579 vivat
3610 4531 3666 4576 ut

434 4613 647 4681 quitur.
682 4611 975 4681 Postquam
1008 4626 1197 4681 preces
1228 4623 1281 4665 et
1312 4614 1698 4669 eucharistiam
1747 4618 1996 4680 absolvit,

435 4704 666 4773 p0pulus
716 4705 895 4759 omnis
937 4704 1243 4758 acclamat:
1275 4705 1458 4759 Amen.
1490 4708 1660 4760 Amen
1688 4718 1866 4763 autem
1900 4709 2001 4763 lle-

434 4797 576 4847 bram
611 4794 793 4864 lingua
830 4795 969 4848 idem
1012 4796 1155 4849 valet
1185 4810 1247 4848 ac
1272 4794 1418 4850 Fiat.
1446 4796 1737 4867 Postquam
1771 4814 1900 4854 vero
1931 4801 1996 4864 is,

434 4885 523 4953 qui
558 4894 779 4953 praeest,
807 4901 997 4953 preces
1025 4886 1257 4941 absolvit
1284 4897 1337 4941 et
1371 4889 1600 4958 pepulus
1620 4891 1798 4944 omnis
1820 4892 1998 4944 accla-

434 4976 631 5041 mavit;
682 4978 771 5045 qui
825 4978 966 5044 apud
1028 4994 1126 5033 nos
1156 4979 1412 5033 dicuntur
1445 4981 1658 5034 diaconi
1687 4996 1909 5049 panem,
1944 4993 1999 5037 et

432 5067 644 5133 vinum,
667 5080 721 5122 et
772 5084 990 5138 aquam,
1018 5070 1289 5139 inquibus
1330 5073 1515 5141 gratiae
1542 5083 1677 5128 acta:
1702 5085 1847 5139 sunt,
1875 5078 1995 5127 titti-

432 5158 627 5227 cuique
675 5161 1025 5222 praesentium
1076 5163 1447 5231 participanda
1484 5164 1817 5220 distribuunt
1848 5175 1902 5220 et
1930 5167 1995 5221 ad

433 5248 688 5300 absentes
718 5248 1020 5315 perferunt.
1054 5268 1072 5301 i
1106 5250 1219 5304 Non
1250 5252 1465 5308 diﬂicile
1490 5264 1574 5308 est
1598 5257 1868 5323 explicare
1897 5274 1996 5312 cur

431 5338 575 5391 dicat
627 5337 875 5394 Justinus
934 5342 1272 5396 sacerdotem
1329 5345 1716 5400 eucharistiam
1793 5349 1996 5417 prolixe

430 5430 676 5498 exsequi.
711 5428 840 5483 Erat
889 5432 1036 5485 enim
1086 5434 1199 5487 ha:c
1232 5434 1409 5488 oratio
1449 5436 1621 5491 multo
1651 5437 1861 5505 longior
1906 5440 1992 5507 iis,

431 5535 550 5590 qua:
601 5532 1018 5591 prmcesserant,
1054 5535 1111 5579 ut
1153 5530 1265 5580 suis
1296 5528 1527 5597 quisque
1573 5530 1744 5583 oculis
1774 5546 1997 5587 cernere

428 5623 605 5682 potest
641 5613 735 5670 lib.
768 5629 861 5669 vttt
893 5616 1202 5682 Constitut.,
1229 5634 1349 5688 cap.
1384 5620 1470 5682 12,
1506 5632 1561 5674 et
1602 5622 1848 5689 quamvis
1875 5624 1994 5692 plu-

430 5705 568 5757 rima
607 5714 662 5760 et
691 5716 816 5761 ante
844 5717 899 5761 et
940 5720 1059 5777 post
1096 5712 1563 5767 consecrationem
1602 5714 1991 5783 complectere-

430 5804 535 5863 tur,
568 5797 713 5853 nuilo
762 5807 943 5854 tamen
986 5801 1341 5857 diaconorum
1384 5804 1713 5875 ministerio,
1736 5806 1878 5862 nulla
1910 5809 1995 5863 iu-

2102 4619 2349 4673 Christus
2399 4618 2636 4672 tradidit.
2672 4638 2690 4669 ι
2719 4618 2945 4672 Videtur
2984 4612 3046 4672 'S.
3087 4618 3293 4688 Martyr
3332 4635 3438 4674 non
3494 4618 3660 4674 solum

2100 4713 2443 4767 sacerdotum
2490 4712 2734 4767 indicare
2758 4724 2944 4763 curam
2985 4720 3040 4764 et
3071 4710 3500 4765 sollicitudinem
3535 4718 3590 4763 ut
3632 4722 3661 4760 a

2100 4805 2481 4859 communione
2536 4812 2859 4858 arcerentur
2922 4802 3153 4872 indigni,
3180 4802 3274 4856 sed
3312 4803 3475 4856 etiam
3505 4801 3569 4854 ad
3597 4814 3658 4852 ea

2101 4897 2392 4965 respicere,
2409 4910 2527 4965 quae
2552 4897 2800 4965 proxime
2830 4903 2958 4946 ante
2975 4896 3414 4948 communionem
3440 4894 3657 4951 ﬁebant,

2099 5005 2223 5044 cum
2266 4990 2523 5043 sacerdos
2558 4986 3026 5041 diceret:Sancta
3075 4987 3294 5050 sanctis,
3326 4996 3381 5040 et
3436 4983 3660 5057 p0pulus

2100 5078 2462 5149 responderet
2497 5099 2508 5133 :
2544 5077 2690 5132 Unus
2738 5089 2976 5143 sanctus,
3011 5094 3147 5133 unus
3197 5077 3456 5132 Dominus
3503 5075 3657 5131 Iesus

2099 5169 2365 5225 Christus.
3002 5226 3007 5229 _

2168 5258 2362 5330 Magno
2397 5260 2599 5314 honore
2623 5259 2881 5315 diaconos
2911 5268 3073 5330 auget
3102 5259 3367 5328 Justinus,
3386 5262 3429 5316 si
3460 5270 3657 5314 utram-

2096 5366 2201 5420 que
2227 5352 2459 5421 speciem
2493 5363 2868 5407 consecratam
2897 5353 2964 5405 ah
2992 5353 3075 5407 eis
3104 5353 3359 5408 distribui
3390 5361 3610 5407 testatur
3636 5372 3649 5401 ;

2096 5444 2186 5512 qui
2224 5443 2439 5513 quidem
2498 5445 2634 5497 ritus
2660 5458 2762 5498 nec
2798 5444 2851 5497 in
2895 5443 3135 5497 Romana
3159 5445 3400 5499 Ecclesia
3424 5443 3649 5514 vigebat,

2097 5550 2195 5589 nec
2227 5536 2278 5589 in
2306 5532 2779 5607 Jerosolymitana,
2813 5551 2913 5590 nec
2941 5537 2995 5590 in
3035 5551 3101 5591 ea
3134 5539 3218 5591 cui
3244 5539 3491 5593 addictus
3536 5543 3649 5589 erat

2097 5627 2143 5681 is
2183 5628 2274 5696 qui
2314 5629 2577 5695 apostolis
2622 5626 3038 5684 Constitutiones
3072 5633 3376 5699 supposuit.
3413 5629 3514 5684 Sed
3549 5627 3647 5679 duo

2096 5718 2233 5784 loca,
2288 5718 2341 5772 in
2388 5720 2585 5788 quibus
2631 5718 2879 5774 Justinus
2920 5721 2986 5776 de
3016 5723 3363 5777 eucharistia:
3396 5718 3644 5777 distribu-

2098 5810 2245 5867 tione
2278 5810 2544 5882 loquitur,
2579 5812 2661 5869 sic
2703 5812 2957 5869 videntur
2987 5814 3350 5887 intelligenda,
3378 5825 3434 5870 ut
3462 5820 3645 5880 panem
