3932 6258
253 399 316 455 81
1318 399 1379 454 D.
1421 397 1685 455 MARANI
1711 394 2099 453 PREFATIO.
2136 426 2206 437 —
2242 392 2421 449 PARS
2452 391 2515 449 ll.
2574 430 2579 435 -
3458 388 3529 444 82

258 524 635 572 consecratum
681 516 912 571 diaconi
966 522 1061 583 ad,
1095 522 1347 575 absentes
1376 520 1694 588 pertulisse,
1726 521 1859 575 cali-
1888 524 1931 581 Α
1960 525 2044 573 est
2103 529 2196 570 eos
2241 512 2722 585 dispensandarum
2752 510 3084 566 oblationem
3111 515 3293 579 partes
3318 506 3527 578 aliquas

258 624 370 663 cem
422 611 797 676 prmsentibus
854 613 1225 669 distribuisse
1257 616 1521 676 dicantur,
1556 617 1697 682 quod
1732 615 1855 684 qui-

258 702 373 754 dem
407 700 670 755 Ecclesiae.
716 706 1124 760 consuetudini
1158 717 1577 760 consentaneum
1612 707 1849 774 reperie-

263 801 361 844 tur.
394 788 675 860 Restriugi
736 794 998 860 proiecto
1053 794 1247 850 debent
1279 794 1336 849 S.
1371 797 1623 865 martyris
1663 796 1849 859 verba,

264 879 344 933 ubi
371 879 436 932 de
457 881 792 936 absentibus
811 884 1021 953 agitur,
1054 894 1111 938 et
1140 885 1206 939 de
1226 884 1337 939 solo
1362 900 1499 953 pane
1530 894 1850 940 consecrato

268 970 673 1038 intelligendum
734 976 887 1043 quod
937 977 1064 1029 ait:
1101 974 1205 1040 Qui
1262 978 1401 1044 apud
1456 992 1551 1029 nos
1599 978 1851 1029 dicuntur

268 1062 463 1113 diaconi
492 1079 717 1128 panem.
740 1074 793 1116 et
822 1064 1020 1131 vinum,
1048 1075 1095 1119 et
1122 1081 1337 1134 aquam,
1360 1064 1413 1118 in
1442 1063 1634 1133 quibus
1664 1066 1850 1133 gratia:

270 1164 388 1205 sete
420 1161 567 1217 sunt,
593 1154 890 1223 unicuique
914 1158 1250 1222 prcesentium
1272 1157 1639 1225 participanda
1666 1157 1849 1211 distri-

267 1244 423 1295 buat
472 1258 523 1297 et
575 1246 652 1298 ad
702 1248 948 1300 absentes
977 1249 1273 1316 perferunt.
1299 1248 1379 1301 Ad
1412 1250 1666 1303 absentes
1694 1250 1840 1304 enim

268 1335 405 1388 solus
443 1336 606 1402 panis
664 1347 1029 1390 consecratus
1074 1336 1308 1406 perferri
1372 1337 1609 1392 solebat.
1665 1338 1841 1394 Simili

269 1426 466 1479 ratione
497 1428 950 1496 reStringendum
1007 1427 1059 1481 id
1091 1429 1232 1496 quod
1262 1429 1327 1482 de
1356 1431 1714 1498 prmsentibus
1760 1433 1844 1486 di-

268 1516 428 1579 citur;
474 1516 527 1569 hi
567 1519 724 1571 enim
787 1518 855 1572 ad
910 1518 1091 1572 altare
1145 1519 1477 1575 accedebant
1512 1531 1566 1575 et
1613 1525 1843 1592 primam

263 1604 488 1671 speciem
521 1605 590 1659 de
622 1621 796 1658 manu
821 1606 1124 1661 sacerdotis
1151 1612 1462 1675 sumebant;
1491 1608 1634 1662 calix
1660 1611 1847 1664 distri-

266 1694 522 1748 buebatur
554 1710 588 1749 a
634 1696 912 1753 diaconis.
944 1697 1160 1753 Usitata
1193 1711 1311 1754 erat
1332 1700 1544 1756 Justino
1570 1702 1683 1756 haec
1714 1703 1844 1756 duo-

266 1801 377 1838 rum
429 1787 728 1841 verborum
773 1792 840 1843 ad
871 1805 959 1843 res
1006 1790 1251 1846 diversas
1294 1794 1683 1860 pertinentium
1712 1808 1841 1848 con-

256 1876 479 1944 iunctio;
519 1880 843 1947 exemplum
879 1895 1042 1947 supra
1094 1882 1335 1936 vidimus
1375 1899 1498 1952 cap.
1528 1885 1583 1946 4,
1630 1885 1719 1937 ubi
1769 1884 1834 1937 de

260 1968 456 2034 angelis
478 1968 689 2022 Justini
724 1971 1096 2025 testimonium
1124 1973 1502 2042 expendimus.
1536 1975 1695 2029 Aliud
1733 1976 1834 2029 ha-

260 2059 439 2114 bemus
467 2061 556 2115 his
592 2063 648 2114 in
684 2062 872 2118 verbis
907 2063 1141 2133 Dialog.,
1171 2081 1224 2119 n.
1255 2064 1345 2118 82.
1376 2083 1395 2115 ‹
1417 2065 1495 2120 Ne
1518 2065 1833 2135 Scripturas

254 2161 308 2203 ct
336 2151 613 2206 Christum
650 2153 1008 2216 hlasphemiis
1041 2159 1308 2225 appetatis
1342 2165 1435 2211 aut
1473 2174 1635 2227 prave
1660 2160 1833 2212 inter-

258 2242 451 2309 pretari
502 2245 803 2299 studentis.
845 2265 865 2298 ι
907 2244 979 2299 Ut
1030 2246 1375 2316 blasphemiae
1420 2250 1487 2303 ad
1528 2249 1831 2315 Christum,

256 2346 419 2398 prava
454 2334 848 2403 interpretatio
881 2338 945 2389 ad
981 2338 1296 2406 Scripturas
1325 2340 1641 2406 referenda,
1677 2342 1747 2394 ita
1778 2343 1830 2396 in

256 2424 599 2479 diaconatum
658 2428 861 2482 muniis
906 2430 1096 2483 eadem
1151 2432 1458 2486 adhibenda
1523 2433 1830 2500 distinctio,

255 2514 323 2565 ita
370 2524 425 2566 ut
473 2516 711 2570 calicem
766 2522 1132 2586 prmsmtibus
1184 2522 1551 2589 distribuisse,
1600 2524 1831 2582 alteram

255 2605 477 2667 speciem
504 2608 574 2658 ad
619 2607 879 2662 absentes
911 2613 1201 2679 pertulisse
1228 2613 1503 2668 dicantur.
1539 2615 1631 2669 Sic
1665 2617 1830 2669 etiam

257 2692 619 2750 Tertullianus
650 2696 728 2750 De
753 2694 957 2765 pudic.,
992 2716 1042 2756 c.
1073 2703 1093 2755 Ι
1127 2721 1139 2754 :
1174 2701 1256 2757 Ex
1278 2717 1417 2759 metu
1440 2715 1487 2758 et
1516 2716 1628 2760 voto
1651 2707 1833 2759 interni

258 2788 379 2856 ignis
416 2799 463 2842 et
498 2790 669 2859 regni.
696 2791 885 2846 Altero
912 2794 963 2846 in
1003 2795 1123 2849 luco
1159 2813 1264 2849 non
1301 2797 1695 2853 dicitJustinus
1731 2814 1831 2852 eu-

260 2880 565 2932 charistiam
622 2884 985 2950 praesentibus
1033 2886 1285 2940 distribui
1329 2904 1359 2942 a
1399 2889 1669 2954 diae-onis,
1731 2891 1830 2945 sed

265 2978 454 3021 tantum
501 2970 572 3023 ad
630 2974 889 3027 absentes
939 2974 1094 3041 ferri,
1122 2978 1261 3044 quod
1296 2980 1515 3047 quidem
1548 2982 1708 3035 facile
1743 2991 1831 3037 est

263 3058 320 3110 de
346 3061 513 3126 prima
544 3062 737 3129 specie
764 3064 1087 3134 intelligere.
1119 3069 1207 3121 Ait
1229 3071 1372 3135 enim
1412 3090 1424 3123 :
1469 3090 1489 3122 (
1520 3074 1739 3137 Eorum,
1777 3074 1828 3128 in

271 3151 457 3219 quibus
480 3155 679 3219 gratia:
716 3167 855 3209 actas
902 3168 1048 3221 sunt,
1086 3161 1395 3215 distributio
1426 3162 1484 3219 lit
1506 3172 1559 3216 et
1586 3180 1830 3219 commu-

264 3244 450 3299 nicatio
508 3247 816 3317 unicuique
871 3254 1245 3318 priesentium,
1273 3261 1325 3307 et
1366 3257 1686 3311 absentibus
1731 3272 1829 3326 per

263 3338 508 3392 diaconos
559 3339 820 3395 mittitur.
858 3361 877 3392 ι
907 3343 1084 3396 Allata
1136 3360 1165 3397 a
1220 3345 1436 3402 Valesio
1474 3349 1721 3417 exempla
1775 3352 1828 3403 in

261 3429 393 3482 notis
426 3430 494 3483 ad
534 3430 682 3485 llist.
710 3432 934 3501 Euseh.,
966 3450 1018 3504 p.
1046 3435 1147 3489 156
1173 3446 1225 3490 et
1256 3438 1383 3501 518,
1417 3441 1481 3491 de
1521 3440 1634 3493 solo
1661 3440 1831 3495 calice

262 3519 426 3587 accipi
464 3522 689 3576 debent.
725 3524 877 3589 Quod
930 3528 1076 3580 enim
1109 3528 1187 3581 ait
1231 3540 1422 3583 auctor
1446 3531 1615 3587 libelli
1641 3532 1716 3585 De
1751 3548 1832 3586 se-

263 3627 387 3675 pzem
417 3615 676 3680 gradibus
724 3616 995 3684 Ecclesiae,
1032 3628 1070 3673 t.
1116 3620 1160 3675 ν
1202 3619 1540 3693 Hieronymi,
1590 3639 1644 3690 p.
1680 3624 1782 3679 £02
1816 3646 1827 3679 :

263 3697 399 3753 Sicut
449 3703 503 3754 in
546 3707 823 3759 sacerdote
859 3712 1209 3775 consecratio,
1235 3713 1306 3764 ita
1363 3715 1415 3766 in
1467 3714 1707 3768 ministro
1752 3725 1827 3769 est

266 3798 569 3849 sacramenti
620 3798 1013 3865 dispensatio...
1038 3803 1127 3857 ille
1168 3806 1345 3858 oblata
1382 3808 1698 3873 sanctiﬁcat.
1743 3808 1829 3861 hic

266 3888 589 3954 sanctiﬁcata
661 3890 966 3965 dispensat;
1046 3895 1098 3949 id
1146 3896 1260 3963 ipse
1332 3899 1493 3965 paulo
1570 3908 1695 3967 post
1766 3900 1832 3953 de

268 3980 424 4033 calice
463 3983 710 4048 exponit.
752 3997 912 4050 quem
956 3996 1070 4052 post
1116 3992 1563 4043 consecrationem
1600 3990 1833 4043 omnium

270 4085 708 4129 sacramentorum
752 4092 782 4129 a
829 4076 1063 4131 diacono
1119 4080 1257 4132 tradi
1304 4088 1549 4135 testatur.

336 4186 599 4243 Diaconos
642 4187 889 4245 Justinus
940 4193 1229 4246 excludere
1277 4193 1489 4247 videtur
1536 4195 1605 4249 ab
1643 4209 1831 4251 earum

272 4290 441 4331 rerum
484 4278 929 4348 dispensatione,
960 4298 1093 4350 quas
1133 4282 1319 4337 ﬁdeles
1352 4283 1418 4336 ad
1462 4284 1596 4338 cleri
1626 4285 1830 4339 victum

269 4376 321 4421 et
349 4370 549 4423 cultum
590 4370 912 4426 oll'erebant.
970 4372 1062 4427 Sic
1114 4374 1259 4427 enim
1319 4374 1588 4441 loquitur,
1634 4392 1689 4429 η.
1717 4375 1830 4429 67:

274 4479 291 4510 s
326 4462 422 4527 Qui
452 4464 735 4517 abundant
755 4474 811 4519 et
865 4465 1075 4528 volunt,
1114 4481 1213 4521 suo
1238 4466 1468 4520 arbitrio
1505 4469 1647 4536 quod
1680 4468 1832 4536 quis-

268 4568 367 4621 que
393 4557 505 4609 vult
535 4556 783 4626 largitur,
814 4566 866 4612 et
894 4558 1036 4627 quod
1068 4558 1336 4626 colligitur
1361 4561 1501 4628 apud
1541 4576 1664 4613 eum
1690 4599 1706 4625 ,
1737 4560 1832 4631 qui

270 4656 474 4709 praeest.
502 4648 812 4714 deponitur.
839 4663 905 4701 ac
950 4648 1065 4716 ipse
1116 4649 1369 4701 subvenit
1419 4650 1636 4719 pupillis
1664 4662 1722 4704 et
1753 4655 1833 4704 vi-

267 4735 396 4801 duis,
427 4750 485 4793 et
513 4740 579 4793 iis
611 4742 704 4807 qui
729 4742 809 4795 vel
846 4745 916 4797 ob
957 4748 1224 4809 morbum,
1258 4747 1340 4800 vel
1391 4746 1551 4800 aliam
1591 4747 1660 4799 ob
1707 4760 1836 4800 cau-

268 4839 373 4878 sam
401 4839 586 4897 egent,
642 4840 753 4883 tum
783 4833 947 4885 etiam
1006 4835 1073 4888 iis
1127 4836 1218 4903 qui
1255 4836 1308 4890 in
1344 4836 1578 4890 vinculis
1608 4846 1735 4890 sunt
1781 4846 1837 4891 et

264 4917 673 4972 advenientibus
721 4935 948 4989 peregre
987 4923 1324 4994 hospitibus;
1372 4941 1479 4979 uno
1524 4927 1689 4980 verbo
1716 4940 1837 4980 om-

265 5010 404 5062 nium
446 5010 808 5077 indigentium
849 5028 1039 5068 curam
1066 5017 1355 5084 suscipit.»
1396 5017 1523 5073 llaac
1553 5028 1733 5071 tamen
1758 5018 1836 5073 sic

264 5101 516 5168 explicari
548 5113 797 5168 possunt,
832 5114 891 5158 ut
919 5120 1126 5160 summa
1176 5112 1475 5163 auctoritas
1529 5125 1696 5178 penes
1724 5109 1837 5178 epi-

263 5207 448 5262 scopos
482 5190 653 5247 fuisse
684 5195 919 5257 dicatur,
961 5195 1359 5253 administratio
1406 5201 1702 5269 episcopali
1737 5215 1834 5253 au-

262 5283 499 5335 ctoritati
552 5282 799 5352 subjecta
850 5301 1021 5355 penes
1080 5290 1364 5345 diaconos.
1418 5289 1549 5344 Nam
1604 5306 1726 5345 cum
1776 5292 1830 5347 in

262 5372 481 5426 chum.
506 5384 705 5441 apost.,
736 5377 828 5432 lib.
856 5394 921 5444 ts,
959 5396 1014 5435 (τ.
1052 5380 1142 5446 9.5,
1171 5384 1359 5437 eadem
1401 5382 1670 5437 tribuatur
1721 5385 1834 5453 epi-

260 5478 416 5531 δαψο
456 5476 719 5534 patestas,
747 5485 811 5524 ac
838 5472 893 5524 in
930 5471 1035 5525 hac
1055 5468 1245 5527 Justini
1296 5475 1610 5531 narratione
1637 5493 1650 5541 ;
1680 5486 1831 5544 post-

263 5564 341 5615 ω.
368 5569 422 5608 c.
453 5554 515 5609 3t
551 5567 607 5610 et
634 5559 720 5623 δί,
751 5561 1132 5629 praescribitur
1152 5564 1402 5619 diaeonis
1428 5574 1486 5619 ut
1512 5567 1643 5621 nihil
1677 5584 1833 5637 pror-

263 5659 348 5697 sus
397 5647 605 5715 iniussu
654 5653 899 5724 episcopi
948 5651 1285 5723 largiantur;
1317 5659 1460 5727 quod
1510 5669 1830 5729 argumento

322 5802 526 5859 "'lsai.
559 5820 598 5866 ι.
632 5805 717 5862 20.

1961 605 2303 662 sustinuisse.

2556 712 2785 770 CAPUT
2825 711 2914 766 XI.

1965 826 2039 881 De
2066 829 2255 881 animae
2294 827 2689 881 immortalitate
2728 835 2775 879 et
2818 826 3108 878 dwmonum
3160 840 3223 877 ac
3260 825 3521 879 malorum

2134 897 2402 951 hominum
2430 909 2553 950 ante
2581 906 2864 950 extremum
2888 896 3151 965 judicium
3180 904 3342 948 statu.

1952 1030 1990 1079 Ι.
2017 1030 2197 1079 Justini
2231 1031 2506 1079 testimonia
2525 1029 2587 1077 de
2608 1028 2975 1077 immortalitate
3010 1026 3292 1075 animarum.
3316 1025 3376 1075 Il.
3400 1025 3519 1076 Cum

2011 1092 2092 1140 his
2118 1106 2215 1139 non
2244 1100 2463 1153 pugnant
2506 1104 2617 1152 quae
2644 1092 2878 1153 leguntur
2917 1089 3056 1153 initio
3082 1088 3290 1153 Dialogi.
3316 1086 3399 1136 lli.
3423 1088 3519 1153 Ta-

2014 1154 2175 1201 tianus
2218 1149 2495 1201 d'el'énditur
2524 1149 2768 1201 adversus
2806 1150 3138 1197 doctissimum
3183 1149 3409 1197 abbatem
3452 1150 3518 1199 de

2011 1212 2324 1273 Longuerue.
2350 1213 2433 1260 IV.
2457 1213 2722 1273 Scriptura;
2746 1218 2796 1259 et
2820 1211 3015 1259 Patrum
3042 1211 3319 1258 testimonia
3354 1209 3519 1273 favent

2009 1276 2204 1324 Justino
2228 1281 2280 1323 et
2301 1273 2519 1323 Tatiano.
2542 1272 2600 1322 V.
2628 1275 2887 1333 Daemones
2911 1273 3123 1319 nondum
3146 1273 3261 1333 igne
3300 1272 3517 1332 torqueri

2008 1338 2256 1386 existimat
2277 1337 2514 1386 Justinus.
2538 1334 2619 1385 Vl.
2640 1335 2716 1384 De
2742 1332 2880 1383 malis
2900 1332 3325 1382 bominibus’aliud
3344 1335 3514 1381 sentit.

2018 1464 2060 1518 1.
2092 1464 2383 1533 Postquam
2417 1463 2648 1519 disserui
2682 1463 2748 1517 de
2780 1462 3037 1518 subsidiis
3060 1478 3089 1516 a
3128 1463 3347 1519 Christo
3392 1462 3515 1518 Sal-

1948 1564 2134 1609 vatore
2179 1556 2245 1608 ad
2287 1564 2550 1609 aeternam
2596 1555 2761 1607 vitam
2820 1554 3131 1619 concessis,
3160 1555 3408 1622 sequitur
3456 1565 3516 1609 ut

1945 1644 2073 1714 quid
2100 1643 2350 1699 Justinus
2375 1644 2439 1697 de
2459 1643 2764 1696 animarum
2791 1652 2935 1697 statu
2960 1653 3083 1712 post
3111 1656 3359 1710 mortem,
3383 1644 3512 1712 quid

1944 1738 2010 1791 de
2041 1736 2311 1805 justorum
2362 1744 2795 1799 resurrectione,
2852 1737 2971 1791 sive
3023 1739 3089 1791 de
3156 1751 3329 1805 regno
3364 1738 3513 1791 mille

1870 1852 1913 1908 Β
1944 1844 2208 1882 annorum
2263 1828 2534 1892 senserit,
2590 1828 2919 1881 examinem.
2972 1827 3079 1883 Sed
3122 1831 3249 1905 quia
3297 1837 3516 1884 exstant

1938 1920 2191 1975 nonnulla
2218 1935 2340 1974 cum
2366 1919 2505 1989 apttd
2540 1918 2599 1973 S.
2620 1927 2930 1988 martyrem,
2962 1928 3069 1972 tum
3105 1921 3243 1989 apud
3276 1920 3515 1988 discipu-

1936 2011 2044 2065 lum
2075 2009 2194 2078 ejus
2221 2010 2530 2076 Tatianum,
2586 2023 2705 2078 quae
2738 2023 2859 2061 cum
2890 2008 3192 2063 animarum
3228 2011 3517 2064 immorta-

1936 2102 2085 2156 litate
2107 2115 2349 2172 pngnare
2379 2115 2483 2153 non
2511 2098 2668 2167 pauci
2713 2098 3051 2164 existiment,
3079 2099 3214 2154 nihil
3242 2100 3392 2168 prius
3424 2099 3509 2152 l‘a-

1934 2192 2209 2256 ciendum,
2232 2204 2393 2258 quam
2419 2197 2476 2242 ut
2520 2196 2771 2243 accurate
2805 2188 3085 2257 vestigem,
3115 2192 3243 2258 quid
3283 2200 3513 2259 uterque

1935 2276 2020 2331 his
2048 2277 2113 2330 de
2148 2278 2308 2331 rebus
2336 2276 2587 2339 senserit;
2620 2293 2687 2331 au
2728 2278 3010 2346 suppliciis
3034 2276 3270 2336 animas
3304 2280 3378 2334 ita
3410 2281 3514 2334 im-

1936 2367 2204 2421 minutum
2225 2368 2291 2421 iri
2324 2368 2755 2436 crediderint,ut
2774 2369 2994 2423 tandem
3013 2371 3303 2440 aliquando
3332 2372 3400 2427 ad
3425 2371 3511 2426 ui-

1937 2456 2106 2511 hilum
2136 2458 2380 2512 redeant.

2006 2547 2160 2615 Quod
2192 2556 2401 2617 spectat
2430 2549 2497 2604 ad
2521 2548 2811 2615 Justinum,
2844 2552 3108 2607 didicerat
3150 2554 3217 2609 ab
3249 2554 3364 2625 ipso
3390 2554 3513 2611 Pla-

1937 2649 2063 2695 tone
2103 2639 2563 2694 immortalitatem
2619 2643 2944 2708 animarum,
2971 2660 3069 2697 nec
3099 2647 3376 2714 probabile
3428 2655 3514 2702 est

1933 2751 2054 2790 eum
2091 2736 2142 2790 in
2173 2737 2479 2792 Christiana
2503 2736 2759 2805 religione
2780 2738 3120 2806 dedidicisse,
3145 2742 3188 2794 si
3219 2742 3347 2807 quid
3383 2740 3511 2796 boni

1933 2842 1964 2882 e
1994 2827 2282 2884 Platonicis
2318 2831 2517 2885 scholis
2563 2833 2857 2886 attulisset.
2904 2832 3044 2899 Quin
3070 2834 3253 2901 potius
3292 2833 3511 2887 aeterni-

1936 2930 2100 2974 tatem
2129 2935 2428 2989 poenarum,
2461 2939 2580 2992 qua:
2626 2926 2802 2995 impiis
2837 2926 2892 2978 in
2918 2926 3088 2980 altera
3113 2926 3218 2980 vita
3256 2927 3512 2997 inﬂigun-

1937 3019 2044 3075 tur,
2098 3019 2154 3063 ut
2202 3012 2477 3080 proprium
2511 3013 2837 3069 Christianae
2869 3016 3149 3086 religionis
3182 3018 3407 3087 dogma,
3440 3034 3510 3075 ne

1935 3101 2141 3154 l’latoni
2174 3103 2394 3170 quidem
2430 3105 2705 3174 cognitum
2738 3106 3000 3162 defendit.
3040 3125 3059 3159 ι
3094 3108 3356 3164 Similiter
3386 3112 3509 3178 qui-

1857 3185 1898 3242 C
1933 3192 2051 3245 dem
2081 3192 2256 3255 Plato,
2277 3196 2409 3249 dicit
2433 3198 2485 3249 in
2514 3198 2769 3268 Apologia
2802 3200 2852 3264 l,
2907 3217 2961 3253 η.
2992 3202 3045 3265 8,
3077 3202 3354 3271 improbos
3377 3220 3504 3259 cum

1934 3287 2000 3340 ad
2027 3284 2494 3341 Rhadamanthum
2523 3298 2576 3342 et
2600 3289 2828 3346 Minoem
2862 3294 3128 3360 venerint,
3157 3297 3401 3364 punitum
3430 3298 3499 3353 iri

1933 3376 2001 3429 ab
2048 3376 2157 3430 illis
2182 3377 2342 3431 dixit.
2381 3376 2489 3432 Nos
2522 3389 2702 3435 autem
2742 3383 2883 3435 idem
2919 3383 3023 3437 illis
3050 3394 3374 3440 eventurum
3419 3388 3504 3443 di-

1933 3467 2125 3532 cimus,
2149 3469 2242 3521 sed
2270 3483 2300 3521 a
2327 3467 2578 3535 Christo;
2620 3469 2784 3540 idque
2816 3474 3206 3530 exsistentibus
3226 3476 3279 3529 in
3313 3477 3502 3531 iisdem

1933 3558 2251 3626 corporibus
2274 3574 2377 3612 una
2402 3574 2525 3613 cum
2550 3560 2662 3615 suis
2688 3565 2994 3631 animabus,
3028 3580 3090 3619 ac
3116 3574 3315 3619 interna
3338 3582 3500 3636 pmna

1932 3646 2246 3715 plectendis,
2274 3664 2381 3702 non
2424 3649 2569 3703 mille
2598 3666 2861 3706 annorum
2909 3654 3161 3716 circuitu.
3189 3664 3248 3708 ut
3297 3658 3396 3710 iste
3418 3657 3504 3711 di-

1934 3738 2029 3797 xit,
2057 3737 2297 3791 definita.
2324 3757 2343 3791 s
2382 3740 2575 3808 Docet,
2601 3757 2657 3797 n.
2694 3742 2788 3808 l7,
2819 3745 3157 3799 Christianos
3200 3747 3425 3803 credere
3449 3758 3506 3803 et

1937 3845 2250 3899 persuasum
2284 3833 2484 3887 habere
2512 3849 3062 3906 unumquetnquepro
3095 3841 3292 3894 meritis
3325 3842 3497 3895 actio-

1937 3938 2062 3974 num
2093 3940 2310 3976 suarum
2335 3940 2511 3992 pwnas
2559 3928 2677 3994 igne
2707 3937 2904 3982 (eterna
2953 3930 3234 3998 daturum,
3274 3941 3387 3985 tum
3423 3933 3504 3987 sic

1846 4090 1855 4099 .
1937 4013 2293 4082 imperatores
2328 4016 2659 4086 alloquitur,
2701 4034 2757 4073 η.
2810 4019 2919 4073 18ε
2966 4039 2985 4072 s
3028 4021 3303 4091 Respicite
3338 4024 3503 4078 linem

1936 4108 2198 4178 cujusque
2224 4112 2565 4179 superiorum
2598 4112 3114 4183 itnperatorum,qui
3156 4132 3501 4172 communem

1934 4203 2182 4256 omnibus
2220 4214 2444 4256 mortem
2468 4202 2717 4257 obierunt
2747 4221 2761 4257 :
2792 4219 2911 4273 qua:
2952 4207 2996 4259 si
3038 4206 3089 4259 in
3129 4217 3332 4262 statum
3377 4224 3505 4263 sen-

1939 4307 2032 4347 sus
2056 4300 2339 4360 expertem
2362 4295 2636 4359 evaderet,
2664 4295 2730 4348 de
2758 4295 2909 4350 lucro
2938 4308 3081 4351 esset
3110 4299 3367 4368 improbis
3384 4315 3503 4353 om-

1936 4384 2116 4438 nibus.
2164 4382 2267 4437 Sed
2289 4384 2414 4453 quia
2457 4398 2651 4441 sensus
2707 4396 2890 4442 manet
2927 4389 2978 4443 in
3025 4392 3090 4444 iis
3122 4392 3374 4447 omnibus
3411 4393 3501 4461 qui

1938 4476 2300 4539 exstiterunt,
2329 4490 2395 4530 ac
2432 4477 2695 4545 supplicia
2726 4492 2931 4534 aeterna
2966 4484 3202 4550 reposita
3248 4494 3407 4548 sunt;
3436 4499 3504 4538 ne

1939 4580 2036 4620 vos
2067 4566 2248 4635 pigeat
2275 4565 2390 4620 haec
2423 4581 2548 4620 vera
2580 4582 2702 4622 esse
2749 4570 3059 4637 persuaderi
3088 4586 3152 4626 ac
3206 4575 3451 4627 credere.
3476 4593 3496 4624 ι

1940 4654 2175 4711 Ᾱέῑθηιο
2204 4657 2311 4726 igni
2344 4657 2550 4711 nullum
2575 4660 2800 4714 omnino
2838 4660 2996 4715 linem
3036 4672 3276 4717 statuere
3307 4663 3501 4732 potuit,
3548 4658 3551 4661 ’

1939 4762 2063 4802 cum
2089 4748 2230 4802 hunc
2252 4763 2493 4802 errorem
2544 4751 2597 4804 in
2625 4751 2853 4806 Platone
2896 4755 3133 4822 exagitet
3164 4793 3179 4817 ,
3209 4770 3272 4808 ac
3305 4756 3505 4822 impro—

1937 4838 2023 4893 bis
2050 4838 2116 4893 de
2144 4839 2295 4894 lucro
2328 4840 2575 4894 futurum
2603 4842 2769 4906 dicat,
2791 4844 2834 4898 si
2868 4846 2921 4898 in
2951 4855 3149 4899 statum
3180 4861 3373 4899 sensus
3400 4860 3502 4899 ex-

1936 4937 2147 4996 pertem
2171 4930 2485 4986 evaderent.
2525 4931 2649 4986 Haec
2689 4935 3084 4989 conﬁrmantur
3111 4952 3176 4988 ex
3216 4953 3270 4988 u.
3294 4936 3382 4997 52,
3409 4937 3498 4991 ubi

1936 5020 2017 5074 sic
2045 5020 2121 5074 ait
2146 5035 2159 5072 :
2207 5040 2225 5071 ι
2249 5021 2406 5087 Quod
2428 5028 2609 5077 autem
2629 5021 2830 5081 dictum
2848 5027 3012 5082 estw
3048 5043 3063 5077 :
3094 5023 3315 5079 Gladius
3340 5026 3501 5088 depa-

1935 5120 2039 5164 scet
2065 5126 2173 5177 vos,
2200 5126 2305 5164 non
2342 5111 2482 5165 hanc
2504 5111 2612 5165 vim
2653 5122 2707 5167 et
2735 5115 3058 5170 sententiam
3093 5115 3275 5179 habet,
3308 5126 3368 5169 ιιι
3394 5116 3501 5184 gla-

1936 5200 2025 5255 dio
2069 5204 2294 5257 necandi
2326 5205 2439 5258 sint
2487 5206 2578 5274 qui
2603 5221 2709 5260 non
2773 5206 3085 5275 paruerint;
3141 5207 3234 5262 sed
3288 5207 3499 5276 gladius

1934 5293 2029 5348 Dei
2065 5294 2207 5363 ignis
2230 5302 2335 5362 est,
2361 5296 2512 5365 cujus
2546 5312 2668 5353 esca
2710 5297 2867 5362 ﬁunt,
2894 5297 2983 5366 qui
3027 5297 3164 5351 mala
3195 5309 3417 5366 patrare
3444 5301 3497 5352 in

1933 5385 2172 5439 animum
2211 5387 2494 5442 inducunt.
2531 5387 2669 5445 Hinc
2698 5391 2772 5443 ait
2805 5406 2819 5443 :
2849 5388 3072 5443 Gladius
3116 5391 3354 5459 deposcet
3387 5408 3497 5446 vos.

1937 5474 2010 5531 0s
2042 5479 2183 5533 enim
2212 5480 2421 5534 Domini
2442 5480 2674 5535 locutum
2710 5492 2808 5538 est.
2839 5484 2992 5548 Quod
3033 5484 3077 5539 si
3115 5484 3180 5540 de
3205 5495 3426 5540 secante
3446 5496 3503 5541 et

1932 5569 2218 5627 confestim
2244 5574 2551 5630 dimittente
2581 5574 2759 5645 gladio
2782 5575 3115 5649 loqueretur,
3140 5594 3244 5634 non
3272 5579 3498 5644 diceret,

1931 5663 2189 5733 deposcet.
2220 5685 2237 5717 ι
