3932 6258
415 368 485 424 85
1326 375 1383 433 S.
1424 373 1761 434 JUSTINUS
1798 379 2276 439 PHILOSOPHUS
2314 383 2404 440 ET
2440 382 2629 439 MART
2644 385 2751 440 ΥΒ.
3615 394 3690 448 84

486 489 542 543 lu
577 490 806 548 exordio
846 494 1119 565 Apologia:
1148 496 1370 552 alterius
1395 500 1732 558 Christianos
1761 504 1989 572 appellat
2023 513 2068 569 Α
2098 516 2242 561 stt-as
2275 522 2380 561 non
2414 522 2443 561 a
2472 510 2687 578 scipsis,
2720 509 2813 563 sed
2852 524 2880 561 a
2920 508 3028 564 Deo
3062 509 3533 565 immortalitatem
3584 528 3689 565 ac-

416 596 507 635 eos
535 584 734 650 quibus
766 601 1083 654 persuasum
1129 603 1213 643 est
1271 592 1535 659 improbos
1581 604 1628 648 et
1679 596 1986 652 libidinosas

416 682 615 726 (eterna
645 676 763 745 igne
792 681 1155 734 excruciatum
1191 684 1280 747 iri,
1315 686 1524 739 virtutis
1544 696 1720 739 autem
1758 689 1987 743 cultores

414 772 562 818 extra
593 782 795 821 omnem
826 774 1209 838 perpessionem
1262 791 1380 828 cum
1432 775 1541 832 Deo
1589 779 1838 833 victuros.
1870 778 1987 833 Non

417 856 593 925 magis
618 872 749 929 ergo
780 861 1150 930 improborum
1202 869 1485 937 suppliciis
1533 869 1695 924 linem
1733 875 1991 927 statuisse

417 945 680 1003 dicendus
704 961 809 1016 est,
841 967 1002 1021 quam
1041 956 1304 1012 bonorum
1331 961 1586 1025 praemiis.
1614 961 1815 1015 Ibidem
1838 977 1989 1019 com-

413 1052 685 1094 memorat
714 1042 982 1101 laudanda
1018 1050 1263 1105 mulieris
1284 1052 1608 1107 Christianae
1636 1056 1837 1120 studia,
1870 1071 1990 1125 quae

414 1137 471 1180 ut
501 1132 757 1187 maritum
809 1150 839 1190 e
880 1136 1105 1208 ﬂagitiis
1142 1143 1487 1209 retraheret,
1525 1145 1883 1200 denuntiabat
1939 1148 1989 1201 ei

412 1219 595 1286 futura
618 1221 898 1282 libidinose
923 1246 986 1282 ac
1009 1242 1202 1290 prwter
1224 1243 1420 1288 rectam
1437 1234 1693 1288 rationem
1709 1235 1990 1290 viventibus

411 1312 467 1362 in
499 1323 697 1369 esterno
720 1318 838 1386 igne
868 1322 1148 1389 supplicia.

482 1398 549 1454 ll.
575 1403 709 1458 Cum
735 1407 836 1462 hac
865 1408 1068 1465 Justinl
1098 1412 1346 1467 doctrina
1377 1416 1675 1471 conciliare
1708 1418 1991 1487 aggrediar

413 1506 535 1559 qme
576 1495 630 1548 in
674 1500 919 1567 speciem
947 1504 1241 1573 pugnantia
1300 1505 1557 1575 leguntur
1587 1509 1740 1564 initio
1785 1509 1989 1579 Dialogi

408 1598 530 1638 cum
562 1586 870 1664 Tryphone,
922 1608 1026 1647 non
1082 1595 1170 1649 illa
1220 1598 1438 1666 quidem
1501 1601 1573 1653 ab
1608 1601 1725 1671 ipso
1770 1599 1982 1655 Justino

408 1688 710 1756 diSputata,
743 1687 836 1741 sed
880 1703 908 1739 a
951 1691 1181 1755 quodam
1237 1706 1367 1745 sene
1410 1690 1738 1758 Christiano,
1768 1707 1830 1745 ex
1877 1708 1985 1761 quo

406 1782 589 1833 audita
624 1779 792 1833 refert
820 1788 871 1833 et
906 1781 1098 1849 probat
1127 1781 1187 1837 S.
1209 1792 1437 1854 martyr.
1452 1782 1744 1853 Postquam
1773 1783 1987 1839 Justino

2089 601 2287 669 cipere.
2330 602 2389 654 1ο
2422 600 2553 655 Eam
2600 609 2807 655 tantum
2848 601 3313 656 immortalitatem
3372 603 3687 657 animabus

2087 692 2320 761 denegat
2354 691 2594 749 Iustinus
2616 733 2632 759 ,
2666 708 2785 763 quze
2820 708 2943 747 cum
2995 694 3073 748 rei
3115 707 3314 749 creatze
3348 696 3691 749 conditione

2088 786 2385 841 consistere
2436 801 2540 840 non
2599 786 2791 854 possit.
2837 804 2856 838 ι
2891 785 3076 855 Neque
3116 788 3280 841 etiam
3337 787 3690 842 immortalis

2089 876 2267 929 anima
2295 875 2547 930 dicenda.
2584 874 2716 930 Nam
2737 876 2781 931 si
2819 877 3138 933 immortalis
3159 916 3175 941 ,
3205 878 3370 933 etiam
3418 879 3690 949 profecto

2092 967 2348 1037 ingenita.
2387 987 2405 1019 ι
2442 968 2556 1023 Non
2607 984 2726 1023 eam
2776 981 2906 1038 ergo
2941 969 3407 1025 immortalitatem
3463 971 3686 1041 rejicit,

2089 1076 2211 1129 quze
2236 1078 2302 1117 ex
2362 1063 2454 1118 Dei
2499 1065 2772 1120 voluntate
2812 1066 3033 1135 pendet,
3062 1067 3155 1121 sed
3186 1080 3307 1121 eam
3350 1083 3520 1137 quam
3571 1068 3683 1122 sibi

2090 1152 2399 1223 philosophi
2428 1157 2671 1211 nonnulli
2695 1158 3046 1228 arrogabant,
3076 1159 3200 1228 qui,
3235 1168 3294 1213 ut
3321 1169 3485 1214 antea
3521 1160 3680 1214 dice-

2091 1246 2201 1309 bat,
2235 1264 2253 1298 ι
2290 1262 2410 1301 cum
2473 1248 2838 1303 immortalem
2870 1258 2925 1304 et
2982 1249 3360 1319 incorpoream
3418 1249 3682 1304 animam

2089 1350 2208 1391 esse
2229 1348 2453 1407 ponant,
2486 1355 2582 1395 nec
2608 1356 2796 1410 poenas
2828 1342 3050 1395 daturos
3088 1356 3148 1395 se
3193 1349 3405 1411 putant,
3456 1343 3507 1395 si
3539 1342 3683 1412 quid

2092 1430 2215 1485 mali
2254 1430 2480 1487 fecerint
2512 1434 2644 1504 (pali
2674 1434 2817 1488 enim
2848 1450 2951 1489 non
2987 1444 3161 1503 potest
3189 1433 3448 1503 quidquid
3483 1435 3688 1489 incor-

2092 1536 2309 1589 poreum
2340 1524 2473 1593 est),
2499 1540 2598 1579 nec
2620 1524 2734 1592 jam
2763 1525 2892 1589 Deo,
2922 1542 3043 1582 cum
3078 1528 3401 1583 immortalis
3442 1527 3520 1581 sit
3556 1526 3683 1581 ani-

2090 1626 2195 1674 ma,
2230 1612 2521 1683 quidquam
2554 1615 2816 1687 indigent.

2160 1702 2225 1755 2°
2256 1703 2381 1760 Haec
2416 1706 2813 1762 confirmantur
2858 1724 2922 1764 ex
2963 1712 3047 1766 his
3089 1725 3208 1780 quae
3251 1711 3402 1765 addit
3450 1726 3677 1765 senex:

2092 1811 2111 1842 ι
2152 1792 2208 1847 Si
2241 1794 2470 1850 mundus
2496 1797 2709 1865 genitus
2749 1807 2855 1863 est,
2899 1814 3122 1853 necesse
3160 1808 3243 1855 est
3274 1801 3488 1853 animas
3536 1815 3682 1868 quo-

414 1871 690 1939 persuasit
728 1886 895 1925 senex
929 1872 1275 1942 philosophos
1315 1875 1369 1928 in
1420 1877 1534 1930 suis
1576 1879 1642 1930 de
1672 1877 1849 1929 anima
1880 1876 1985 1930 dis-
2017 1872 2059 1925 Β
2088 1900 2192 1953 que
2227 1887 2436 1954 genitas
2464 1902 2608 1952 esse,
2639 1903 2703 1944 ac
2732 1904 2890 1958 posse
2919 1906 3024 1944 non
3058 1891 3343 1946 exsistere.
3380 1890 3503 1959 Non
3544 1901 3682 1947 sunt

404 1961 779 2030 putationibus
816 1971 956 2018 totos
981 1979 1199 2031 errare,
1227 1981 1325 2021 nec
1369 1968 1500 2035 quid
1549 1968 1619 2023 sit
1655 1969 1836 2025 anima
1882 1984 1982 2023 ex-

408 2053 615 2120 plicare
646 2068 827 2123 posse,
862 2056 978 2109 haec
1002 2057 1151 2110 addit
1180 2074 1194 2110 :
1230 2077 1248 2108 ι
1282 2058 1467 2127 Neque
1510 2059 1675 2112 etiam
1704 2060 1984 2114 immorta-

402 2142 471 2198 lis
496 2145 674 2197 anima
709 2146 932 2200 dicenda
957 2155 1071 2215 est;
1093 2164 1216 2201 nam
1238 2148 1282 2203 si
1308 2150 1625 2205 immortalis
1650 2152 1814 2205 etiam
1852 2165 1983 2219 pro-

402 2238 548 2296 fecto
578 2240 838 2310 ingenita.
868 2260 886 2292 ι
931 2240 1067 2295 Tum
1110 2243 1305 2310 quierit
1350 2257 1415 2296 ex
1460 2242 1674 2299 Justino
1701 2260 1769 2297 an
1827 2262 1981 2298 llllllh

406 2332 535 2386 dum
572 2316 872 2403 ingenitum
904 2335 1110 2388 credat.
1154 2333 1449 2405 Negantem
1484 2337 1762 2392 collaudat
1791 2353 1981 2405 senex,

407 2438 472 2477 ac
501 2425 575 2477 ita
605 2425 1009 2479 ratiocinatur:
1051 2444 1069 2477 ι
1108 2426 1261 2493 Quod
1287 2428 1331 2481 si
1361 2429 1596 2485 nmndus
1623 2430 1834 2499 genitus
1875 2441 1979 2496 est,

402 2529 629 2569 necesse
658 2527 743 2570 cst
772 2518 983 2571 animas
1032 2533 1249 2588 quoque
1290 2520 1503 2587 genitas
1532 2535 1685 2587 esse,
1713 2536 1778 2577 ac
1823 2538 1982 2591 posse

401 2621 507 2659 non
540 2609 823 2662 exsistere.
855 2608 992 2662 Sunt
1019 2610 1165 2663 enim
1198 2609 1354 2665 facta;
1404 2612 1685 2667 hominum
1731 2628 1795 2669 ac
1819 2624 1981 2669 caste-

402 2712 589 2752 rorum
639 2699 951 2754 animalium
1003 2715 1201 2763 causa,
1232 2703 1276 2755 si
1327 2702 1550 2756 omnino
1597 2706 1887 2773 separatim
1919 2720 1982 2760 ac

401 2806 509 2845 non
557 2806 661 2845 una
702 2806 823 2844 cum
888 2793 1123 2862 prepriis
1171 2795 1495 2863 corporibus
1546 2797 1758 2862 genitas
1808 2798 1977 2852 dices.

402 2881 518 2935 Non
545 2898 675 2950 ergo
706 2884 1039 2939 immortales
1068 2894 1215 2940 sunt.
1245 2905 1264 2937 ι
1310 2886 1624 2941 Assentitur
1651 2886 1897 2943 Justinus
1925 2899 1982 2945 et

402 2974 596 3040 quaerit
615 2988 681 3028 ex
710 2989 839 3029 sene
868 2983 1048 3029 utrum
1073 2976 1213 3030 idem
1243 2977 1311 3031 de
1337 2979 1630 3034 animabus
1653 2980 1816 3043 dicat,
1836 2982 1978 3049 quod

400 3063 558 3119 Plato
588 3068 654 3121 de
683 3066 905 3127 nmudo,
936 3083 1097 3136 quem
1132 3069 1468 3138 corruptioni
1502 3070 1816 3137 obnoxium,
1846 3086 1978 3141 qua-

403 3168 560 3211 tenus
584 3169 800 3214 creatus
830 3171 932 3228 est,
952 3161 1046 3215 sed
1081 3171 1258 3215 tamen
1290 3162 1381 3215 Dei
1417 3162 1691 3217 voluntate
1716 3177 1972 3232 perman-

399 3266 586 3305 surum
620 3254 842 3318 statuit;
871 3268 939 3307 an
974 3269 1109 3308 vero
1140 3254 1254 3309 hare
1289 3252 1570 3309 Platonem
1607 3265 1663 3310 et
1702 3254 1975 3327 Pythago-

399 3354 515 3394 ram
560 3342 786 3397 latuisse
824 3343 971 3397 velit.
1021 3342 1157 3397 Tum
1206 3358 1417 3399 senex:
1464 3362 1482 3395 ι
1518 3343 1658 3397 Nihil
1695 3344 1973 3401 Platonem

398 3447 583 3485 moror
630 3447 733 3485 nec
788 3431 1180 3503 Pythagoram,
1215 3450 1316 3489 nec
1371 3450 1701 3503 quemquam
1730 3436 1972 3513 omnino,

397 3525 490 3592 qui
524 3525 655 3579 talia
688 3526 963 3595 opinetur.
1001 3526 1091 3581 Sic
1123 3536 1306 3581 autem
1341 3543 1399 3581 se
1426 3527 1632 3582 veritas
1663 3529 1859 3582 habet:
1890 3527 1971 3581 id-

395 3630 504 3683 que
534 3617 656 3670 inde
681 3619 982 3685 perspicies
1012 3635 1027 3671 :
1068 3619 1245 3671 anima
1296 3619 1382 3673 vel
1414 3620 1525 3673 vita
1558 3628 1661 3684 est,
1692 3619 1777 3673 vel
1808 3620 1970 3673 vitam

400 3707 578 3762 habet.
615 3709 767 3773 Quod
793 3711 837 3763 si
877 3711 987 3763 vita
1028 3719 1133 3774 est,
1169 3724 1274 3763 non
1303 3711 1415 3779 ipsa
1441 3726 1469 3763 a
1499 3726 1586 3776 se,
1612 3711 1705 3764 sed
1735 3710 1877 3764 aliud
1906 3710 1974 3764 ab

397 3818 463 3856 oo
491 3804 657 3856 vitam
690 3804 907 3871 accipit,
936 3806 1390 3873 quemadmodum
1436 3816 1614 3859 motus
1645 3804 1789 3857 aliud
1816 3806 1976 3873 quid-

398 3892 545 3961 piam
575 3902 776 3956 movet,
808 3908 969 3962 quam
993 3894 1255 3961 scipsum.
1304 3893 1553 3947 Animam
1587 3903 1764 3946 autem
1791 3896 1977 3949 vivere

397 4000 553 4039 nemo
585 3988 882 4055 negaverit.
914 3988 1017 4041 Sed
1056 3987 1100 4040 si
1132 3986 1280 4049 vivit,
1324 4001 1432 4039 non
1484 3986 1604 4040 idco
1650 3985 1802 4049 vivit,
1826 3989 1972 4054 quod

399 4079 505 4131 vita
543 4079 636 4143 sit,
685 4079 780 4133 sed
829 4080 973 4147 quod
1025 4079 1148 4133 vita:
1180 4080 1473 4148 particeps.
1523 4078 1682 4131 Aliud
1713 4086 1892 4132 autem
1923 4079 1972 4132 id

396 4170 537 4237 quod
584 4169 814 4239 alicujus
870 4179 955 4225 est
1010 4172 1303 4240 particeps,
1338 4170 1481 4224 aliud
1518 4170 1570 4223 id
1616 4169 1789 4238 ipsum
1820 4172 1973 4239 cujus

392 4272 477 4316 est
501 4261 797 4329 particeps.
830 4263 965 4317 Vita:
995 4273 1173 4317 autem
1214 4263 1393 4316 anima
1440 4271 1524 4317 est
1573 4263 1860 4334 particeps,
1908 4280 1973 4319 eo

396 4354 540 4421 quod
576 4367 695 4407 eam
728 4355 868 4408 Deus
900 4355 1083 4409 vivere
1112 4356 1279 4419 velit;
1313 4354 1560 4410 similiter
1582 4357 1851 4425 particeps
1874 4358 1972 4410 ali-

392 4446 613 4512 quando
642 4461 747 4498 uou
777 4447 902 4510 erit,
941 4463 1062 4501 cum
1096 4464 1218 4502 eam
1267 4447 1410 4502 Deus
1444 4448 1627 4503 vivere
1678 4449 1841 4503 nolet.
1870 4448 1973 4502 Ne-

2085 1989 2214 2045 ergo
2245 1978 2599 2035 immortales.
2632 1999 2650 2031 »
2692 1980 2749 2033 1η
2782 1996 2846 2035 eo
2884 1996 3014 2051 ergo
3059 1982 3393 2038 immortales
3452 1983 3682 2039 animas

2086 2076 2267 2135 negat,
2295 2072 2438 2139 quod
2462 2080 2681 2139 possent
2705 2088 2810 2127 non
2834 2074 3128 2139 exsistere;
3157 2088 3255 2128 nec
3286 2072 3533 2126 futurum
3561 2083 3677 2128 sta-

2086 2159 2211 2225 luit,
2239 2169 2298 2213 ut
2329 2160 2619 2231 aliquando
2659 2167 2923 2220 exsistere
2994 2165 3264 2231 desinant,
3315 2167 3409 2219 sed
3457 2165 3516 2219 id
3556 2164 3683 2220 ﬁeri

2089 2266 2246 2320 posse
2274 2255 2566 2309 contendit.

2153 2348 2210 2403 ὅσ
2245 2348 2378 2403 Cum
2435 2350 2673 2403 animam
2722 2349 2991 2405 victuram
3047 2359 3232 2420 negat,
3267 2351 3310 2404 si
3362 2348 3512 2404 Deus
3546 2363 3673 2404 eam

2083 2439 2270 2497 vivere
2343 2442 2613 2507 noluerit,
2695 2451 2805 2498 tota
2884 2442 3179 2512 disputatio
3268 2452 3524 2496 versatur
3606 2444 3678 2496 de

2083 2535 2280 2588 animm
2349 2546 2578 2602 natura,
2650 2551 2753 2591 nec
2821 2536 2993 2606 magis
3067 2536 3136 2589 de
3210 2536 3477 2590 malorum
3549 2536 3673 2589 ani-

2083 2626 2275 2679 mabus
2353 2626 2577 2682 disserit
2662 2641 2875 2691 senex,
2948 2639 3114 2694 quam
3191 2626 3259 2681 de
3344 2624 3670 2695 iustorum;

2081 2718 2175 2770 sed
2230 2716 2522 2785 cujuslibet
2571 2718 2769 2773 animze
2828 2718 2909 2773 sic
2958 2726 3335 2787 comparatam
3388 2728 3517 2770 esse
3562 2730 3668 2769 na-

2084 2818 2260 2863 turam
2286 2811 2602 2876 contendit,
2635 2819 2696 2864 ut
2737 2825 2837 2865 nec
2880 2810 2992 2864 vita
3040 2811 3153 2875 sit,
3202 2824 3301 2864 nec
3337 2810 3449 2863 vita
3493 2808 3673 2876 ipsius

2080 2904 2302 2973 propria
2360 2905 2450 2960 sit.
2491 2904 2857 2971 Quamobrem
2921 2919 3031 2958 non
3078 2903 3253 2967 magis
3309 2901 3414 2956 dici
3473 2908 3666 2967 potest

2081 2996 2346 3051 malorum
2380 2998 2663 3069 suppliciis
2694 2998 2855 3052 linem
2902 2997 3183 3060 statuisse,
3211 3011 3372 3065 quam
3406 2994 3668 3050 felicitati

2074 3089 2366 3159 justorum.

2144 3243 2201 3297 4ο
2232 3242 2524 3314 Conceptis
2578 3245 2763 3302 verbis
2822 3245 3066 3301 declarat
3111 3260 3279 3301 senex
3316 3244 3493 3300 nullas
3541 3244 3665 3298 ani—

2076 3351 2197 3391 mas
2254 3336 2415 3391 mori.
2469 3336 2561 3391 Sic
2620 3339 2764 3392 enim
2815 3338 3097 3393 reddenda
3152 3347 3281 3393 sunt
3334 3339 3448 3391 haec
3513 3336 3663 3391 illius

2075 3430 2262 3489 verba.
2284 3440 2343 3483 ut
2364 3431 2416 3482 in
2441 3430 2720 3485 notatione
2741 3431 2807 3485 ad
2834 3431 2978 3485 hunc
3001 3431 3175 3485 locum
3194 3431 3506 3496 observavi,
3522 3428 3662 3483 ἀλλὰ

2078 3521 2184 3594 μὴν
2253 3521 2375 3574 οὐδὲ
2443 3520 2806 3593 ἀποθνήσκειν
2868 3523 3010 3594 φημὶ
3076 3522 3254 3585 πάσας
3316 3520 3416 3585 τὰς
3476 3522 3662 3592 ψυχὰς

2075 3613 2219 3684 ἐγώ,
2274 3624 2379 3669 etc.
2416 3633 2434 3665 ι
2462 3614 2578 3669 Non
2605 3623 2788 3669 tamen
2822 3616 3005 3685 perire
3053 3616 3180 3670 dico
3228 3615 3366 3669 ullas
3404 3616 3655 3677 animas;

2077 3722 2209 3762 vere
2242 3708 2387 3761 enim
2426 3708 2495 3761 de
2524 3706 2676 3763 lucro
2701 3708 2755 3762 id
2781 3717 2931 3762 esset
2966 3708 3250 3777 improbis.
3284 3707 3422 3776 Quid
3458 3708 3659 3779 igitur?

2079 3798 2299 3855 Piorum
2347 3801 2574 3870 quidem
2623 3800 2834 3855 animas
2872 3800 2927 3853 in
2966 3801 3194 3855 meliore
3240 3800 3359 3855 loco
3406 3816 3655 3865 manere,

2078 3892 2391 3960 iniquorum
2421 3900 2600 3947 autem
2631 3902 2687 3947 et
2728 3892 2996 3947 malorum
3051 3894 3107 3946 in
3136 3893 3431 3958 deteriore,
3452 3891 3655 3960 iudicii

2080 3995 2297 4055 tempus
2331 3996 2731 4055 exspectantes.
2753 3984 2846 4041 Sic
2878 3986 2995 4040 istae
3022 4000 3145 4039 cum
3164 3986 3340 4056 dignae
3369 3986 3479 4040 Deo
3503 3985 3655 4056 judi-

2076 4088 2213 4132 catze
2276 4078 2503 4143 fuerint,
2560 4095 2666 4134 non
2715 4078 2830 4146 jam
2887 4077 3122 4147 amplius
3172 4078 3512 4143 moriuntur;
3565 4079 3651 4131 hae

2076 4184 2207 4224 vero
2258 4170 2564 4238 puniuntur
2613 4172 2860 4238 quandiu
2891 4185 2984 4224 eas
3037 4185 3159 4223 esse
3191 4182 3247 4222 et
3286 4170 3470 4237 puniri
3503 4168 3653 4222 Deus

2077 4261 2372 4317 voluerit.»
2413 4260 2471 4317 Si
2498 4264 2564 4316 de
2590 4261 2742 4316 lucro
2774 4270 2921 4318 esset
2976 4261 3248 4331 improbis
3288 4262 3458 4326 mori;
3490 4258 3653 4313 nulla:

2074 4368 2204 4423 ergo
2248 4354 2445 4408 anima:
2470 4358 2815 4421 morluntur;
2849 4368 2971 4407 nam
2996 4353 3165 4423 justis
3193 4355 3462 4407 astruitur
3488 4364 3651 4407 aeter-

2076 4450 2239 4501 nitas.
2297 4445 2565 4515 Usurpata
2596 4462 2623 4500 a
2660 4461 2793 4502 sene
2846 4446 3106 4515 loquendi
3156 4446 3298 4500 ratio
3324 4460 3468 4515 smpe
3500 4445 3648 4499 idem

392 4550 499 4603 que
521 4536 667 4589 enim
703 4547 762 4589 ut
785 4536 905 4601 Dei,
938 4537 1011 4590 ita
1042 4539 1207 4591 etiam
1245 4540 1441 4593 animm
1470 4541 1687 4609 propria
1713 4541 1825 4593 vita
1857 4551 1959 4593 est.
1996 4554 2039 4608 ι)
2074 4539 2349 4608 significat
2402 4555 2466 4593 ac
2519 4540 2751 4596 nullum.
2820 4539 2913 4594 Sic
2954 4540 3095 4608 apud
3147 4537 3371 4591 Paulum
3398 4579 3415 4604 ,
3481 4537 3645 4592 Rom.

393 4629 498 4681 Sed
527 4628 988 4697 quemadmodum
1021 4629 1183 4684 homo
1229 4647 1335 4685 non
1362 4646 1579 4701 semper
1604 4642 1834 4694 constat,
1866 4648 1963 4687 ne.

391 4736 496 4789 que
534 4730 794 4790 perpetuo
831 4738 1027 4791 corpus
1076 4739 1200 4777 cum
1252 4724 1432 4777 anima
1480 4722 1827 4791 conjunctum
1857 4734 1962 4786 est,

389 4814 508 4879 sed,
540 4828 661 4867 cum
689 4814 824 4869 solvi
850 4826 1064 4885 oportet
1093 4817 1454 4879 harmoniam,
1488 4816 1743 4885 relinquit
1768 4832 1964 4884 corpus

391 4907 601 4971 anima,
649 4923 749 4962 nec
790 4905 899 4976 jam
951 4917 1127 4962 exstat
1165 4909 1355 4973 homo;
1412 4909 1687 4972 similiter,
1744 4910 1963 4978 quando

389 4998 626 5052 animam
678 5014 785 5053 non
828 4997 940 5066 jam
982 5013 1102 5054 esse
1159 5010 1448 5069 oporteat,
1504 5001 1733 5056 discedit
1790 5001 1859 5056 ab
1900 5016 1961 5055 ea

389 5092 617 5162 spiritus
659 5092 862 5156 vitalis,
908 5106 1009 5146 nec
1045 5094 1161 5161 jam
1204 5103 1386 5148 exstat
1426 5094 1629 5158 anima,
1674 5096 1767 5149 sed
1822 5096 1964 5149 unde

388 5185 585 5238 educta
620 5192 727 5247 est,
752 5197 817 5237 eo
854 5183 1163 5237 revertitur.

462 5276 521 5331 Si
567 5276 671 5330 rite
718 5276 1081 5337 attendamus,
1110 5292 1215 5331 non
1272 5277 1455 5333 favent
1494 5278 1609 5333 hmo
1650 5281 1959 5333 testimonia

390 5370 639 5423 absurdae
669 5368 935 5436 opinioni,
968 5384 1129 5437 quam
1157 5370 1461 5424 Dodwellus
1494 5386 1599 5424 non
1646 5372 1717 5425 ita
1750 5373 1961 5443 pridem

386 5460 528 5527 apud
557 5456 759 5525 Anglos
801 5456 1042 5512 defendit
1071 5474 1135 5513 ac
1185 5463 1390 5515 sanctis
1438 5460 1688 5516 Patribus
1737 5461 1959 5528 amnxit,

388 5550 602 5603 animas
630 5562 817 5602 eorum
852 5549 946 5619 qui
978 5565 1005 5601 a
1036 5549 1239 5619 Spiritu
1290 5564 1477 5606 sancto
1519 5556 1822 5623 regenerati
1867 5568 1963 5621 per

390 5640 718 5707 baptismum
766 5656 871 5694 non
920 5640 1093 5707 fuere,
1148 5643 1463 5698 iuterituras
1503 5646 1797 5713 aliquando
1825 5655 1878 5697 et
1906 5646 1959 5697 in

391 5732 619 5787 nihilum
680 5734 966 5787 redituras.
1008 5733 1154 5787 Nihil
1208 5736 1353 5789 aliud
1409 5736 1512 5790 hoc
1562 5740 1681 5792 loco
1714 5735 1961 5791 Justinus

391 5835 486 5885 aut
510 5840 674 5885 senex
712 5826 798 5885 illo
834 5827 1174 5885 Christianus
1216 5830 1432 5898 docent,
1468 5830 1569 5886 nisi
1618 5831 1828 5889 animas
1860 5845 1956 5886 tto-

2071 4648 2171 4695 ιιι,
2229 4632 2332 4687 20:
2385 4632 2473 4699 Ἐξ
2508 4632 2682 4704 ἔργων
2734 4632 2898 4701 νόμου
2928 4633 2988 4684 οὐ
3029 4631 3451 4700 δικαιωθήσεται
3495 4633 3646 4685 πᾶσα

2067 4724 2223 4795 σάρξ.
2281 4724 2363 4779 E1:
2413 4727 2653 4794 operibus
2712 4725 2838 4793 legis
2884 4741 2987 4777 non
3027 4724 3417 4793 justi/imbitur
3472 4724 3645 4778 omnis

2066 4832 2213 4872 caro.
2252 4817 2407 4882 Quod
2463 4817 2601 4870 dixit
2637 4832 2866 4885 serpens
2913 4816 3128 4869 mulieri
3169 4833 3184 4869 :
3217 4816 3282 4868 Τί
3322 4817 3405 4869 ὅτι
3437 4812 3644 4869 εἶπενὸ

2065 4909 2219 4973 Θεὸς,
2249 4910 2310 4962 οὐ
2357 4908 2431 4980 μὴ
2477 4910 2687 4979 φάγητε
2742 4908 2851 4962 ἀπὸ
2902 4908 3103 4969 παντὸς
3138 4906 3294 4972 ξύλου
3340 4908 3433 4960 τοῦ
3465 4923 3643 4979 παρα.-

2064 5000 2280 5066 ﬁcio-ou;
2318 5000 2427 5054 Cur
2460 5002 2709 5070 prwcepit
2742 5001 2884 5054 vobis
2920 4998 3063 5054 Deus
3094 5011 3149 5052 ut
3175 5016 3281 5053 non
3301 5002 3640 5054 comederetis

2065 5093 2129 5145 de
2160 5094 2304 5146 omni
2330 5091 2923 5162 lignOparadisiiGen.
2966 5108 3049 5157 ut,
3093 5092 3146 5155 l,
3186 5092 3239 5145 in
3297 5093 3402 5147 hoc
3434 5092 3636 5147 menti—

2068 5195 2179 5237 tum
2212 5198 2334 5237 esse
2383 5196 2697 5253 serpentem
2746 5184 3065 5238 existimant
3127 5182 3391 5251 lrenaaus,
3439 5184 3534 5239 lib.
3585 5197 3636 5246 v,

2065 5291 2185 5345 cap.
2221 5276 2321 5341 25;
2354 5273 2607 5337 Tertull.,
2642 5274 2734 5327 lib.
2784 5290 2822 5327 tt
2878 5286 3065 5328 contra
3114 5274 3480 5340 Marcionem,
3513 5290 3633 5342 cap.
3680 5312 3685 5317 η

2065 5366 2161 5431 10;
2212 5366 2495 5429 Ambros.,
2542 5362 2637 5418 lib.
2682 5363 2759 5418 De
2810 5366 3038 5433 parad.;
3078 5364 3389 5434 Chrysosl.,
3442 5366 3631 5419 homil.

2065 5460 2132 5512 16
2157 5462 2211 5511 in
2238 5458 2452 5522 Genes.,
2476 5472 2707 5525 eumque
2739 5456 2911 5525 prima
2936 5458 3230 5510 avocanda:
3248 5472 3275 5509 a
3301 5456 3411 5510 Deo
3442 5457 3633 5511 mulie—

2065 5553 2139 5606 ris
2169 5558 2501 5605 tentamenta
2537 5550 2616 5603 sic
2668 5549 2913 5602 molitum
2965 5563 3110 5614 esse,
3147 5550 3302 5618 quasi
3336 5550 3482 5605 Deus
3511 5551 3632 5604 uul-

2067 5645 2170 5698 lius
2200 5644 2331 5711 ligni
2358 5656 2514 5696 usum
2544 5641 2927 5696 concessisset.

2134 5735 2190 5791 5"
2215 5736 2518 5801 Qumsierat
2555 5733 2801 5788 Justinus
2831 5747 2895 5785 ex
2921 5747 3051 5787 sene
3090 5748 3157 5785 an
3199 5746 3330 5795 non,
3363 5741 3420 5785 ut
3476 5748 3629 5787 mun-

2063 5830 2190 5886 dum
2217 5827 2401 5894 Plato,
2457 5826 2535 5882 sic
2593 5825 2707 5895 ipse
2757 5825 2969 5880 animas
3019 5839 3115 5880 sua
3177 5823 3399 5895 quidem
3436 5834 3623 5895 sponte
