3932 6258
241 366 302 422 85
1336 384 1394 439 D.
1439 386 1705 443 MARANI
1744 386 2135 449 PBEFATIO.
2176 425 2244 435 -—
2276 394 2459 452 PARS
2493 396 2559 451 ll.
3514 404 3583 458 86

247 488 595 549 immortales
656 512 779 553 non
836 515 1010 568 esse,
1082 506 1182 561 sed
1238 516 1416 564 tamen
1482 512 1575 567 Dei
1619 513 1895 572 voluntate

2008 535 2208 586 γνωσιν
2231 519 2326 573 τοῦ
2361 520 2495 574 Θεοῦ
2530 522 2896 592 πεποιημένη.
2931 539 2952 574 ι
2985 521 3098 578 Non
3129 530 3213 578 est
3257 522 3583 581 immortalis

250 591 480 637 aeternas
514 582 645 641 fore
672 589 935 647 diceret.
975 598 1238 652 Addebat
1269 601 1405 655 idem
1463 601 1711 659 Justinus
1764 604 1892 659 Pla-

258 671 462 726 tonicus
489 674 684 729 solum
722 679 920 736 Deum
963 701 1073 739 nec
1112 689 1347 757 genitum
1396 707 1520 748 esse
1571 710 1673 751 nec
1710 711 1900 752 corru-

262 764 426 831 ptioni
455 766 826 836 obnoxium,
863 788 1085 831 cetera
1122 796 1253 836 vero
1296 794 1417 852 post
1448 801 1570 839 enm
1630 788 1814 857 genita
1844 799 1901 843 et

267 860 605 927 corruptioni
659 864 960 931 obnoxia,
996 880 1055 922 et
1091 872 1218 925 talia
1255 886 1313 927 ut
1360 877 1571 932 aboleri
1604 883 1821 947 possint
1845 889 1902 936 et

275 948 370 1017 iam
400 951 558 1006 nulla
586 969 752 1022 esse,
799 968 981 1030 atque
1025 964 1132 1019 hoc
1176 965 1346 1035 ipsum
1385 984 1566 1025 causa:
1600 984 1753 1036 esse,
1803 987 1901 1026 cur

282 1046 463 1100 anima
508 1050 856 1106 moriantur
905 1066 966 1109 et
1004 1059 1323 1126 puniantur.
1365 1060 1498 1117 Nam
1535 1064 1581 1119 si
1643 1065 1900 1133 ingenita:

283 1148 478 1204 essent,
506 1155 625 1195 non
666 1143 939 1200 futurum
976 1157 1036 1202 ut
1068 1163 1395 1219 peccarent,
1447 1163 1503 1208 et
1552 1156 1784 1210 stultitia
1816 1172 1902 1211 re-

285 1234 613 1303 dundarent,
638 1251 704 1293 et
734 1242 961 1312 ignava:
993 1259 1087 1298 aut
1146 1247 1357 1304 feroces
1407 1261 1614 1317 essent,
1650 1263 1745 1307 aut
1800 1270 1897 1308 sua

288 1338 474 1392 sponte
502 1329 561 1384 in
594 1347 741 1387 sues
807 1338 1115 1405 migrarent
1169 1350 1222 1393 et
1273 1352 1555 1411 serpentes
1604 1356 1658 1401 et
1708 1363 1897 1403 canes.

292 1416 346 1470 ln
380 1422 481 1472 hac
516 1425 820 1475 sententia
852 1425 989 1479 nihil
1023 1427 1092 1483 de
1122 1431 1425 1486 animarum
1480 1435 1899 1495 immortalitate

296 1512 633 1577 detrahitur;
693 1516 793 1569 sed
848 1520 1051 1586 genitae
1104 1533 1236 1577 sunt
1290 1539 1355 1579 ac
1394 1527 1529 1583 tales
1584 1540 1644 1583 ut
1687 1531 1897 1587 aboleri

298 1607 524 1671 possint.
573 1607 725 1663 Mori
761 1622 950 1666 autem
984 1613 1265 1681 dicuntur,
1300 1631 1575 1687 quatenus
1610 1625 1898 1679 mutationi

300 1714 363 1753 ac
388 1702 537 1755 vitiis
586 1703 858 1759 obnoxia:
904 1716 1051 1761 sunt.
1090 1699 1248 1766 Hunc
1285 1714 1652 1782 corruptionis
1692 1727 1897 1771 statum

301 1809 440 1862 saepe
470 1807 718 1850 mortem
753 1800 1025 1869 appellari
1063 1802 1223 1856 modo
1280 1802 1583 1862 videbimus
1617 1826 1631 1862 :
1667 1808 1783 1879 ipse
1809 1825 1898 1865 se-

306 1902 407 1940 nex
432 1888 596 1955 paulo
635 1899 809 1944 antea
846 1892 1071 1947 dicebat
1136 1895 1347 1950 animas
1384 1898 1682 1965 iustorum,
1742 1911 1893 1970 post-

303 1994 458 2047 quam
488 1990 768 2035 aeternum
814 1984 1097 2040 felicitatis
1126 1995 1327 2041 statum
1364 1990 1577 2058 adeptae
1611 2002 1762 2057 sunt,
1789 2010 1895 2049 non

301 2070 408 2138 jam
457 2072 704 2141 amplius
768 2078 934 2130 mori.
988 2077 1145 2132 Nulla
1198 2096 1330 2150 ergo
1366 2083 1571 2139 residet
1635 2101 1811 2153 neque
1840 2086 1892 2140 in

305 2161 407 2215 hoc
428 2177 586 2230 sene,
612 2180 799 2234 neque
824 2169 876 2221 in
933 2168 1155 2224 Justino
1206 2174 1415 2230 erroris
1478 2178 1738 2247 suspicio.
1774 2178 1894 2234 Jam

303 2251 486 2307 citatis
537 2251 747 2307 Justini
802 2258 1140 2314 te5timoniis
1199 2262 1332 2316 illud
1388 2263 1597 2321 addere
1650 2267 1784 2323 libet
1829 2283 1898 2323 ex

305 2338 552 2411 Dialogo,
589 2360 647 2397 n.
682 2346 813 2399 1⁵50.
871 2366 889 2398 ι
918 2349 993 2403 Ex
1025 2350 1162 2405 lsaia
1190 2354 1484 2409 didicimus
1542 2356 1804 2425 futurum,
1841 2369 1900 2415 ut

303 2433 549 2486 membra
577 2438 1073 2503 praevaricatorum
1106 2457 1135 2496 a
1170 2459 1358 2499 verme
1388 2456 1442 2500 et
1472 2448 1593 2518 igne
1624 2449 1894 2505 inexstin-

304 2531 394 2577 cto
420 2538 719 2593 vorentur,
750 2528 1085 2586 immortalia
1138 2540 1536 2603 permanentia,
1576 2541 1653 2595 ita
1688 2551 1747 2594 ut
1772 2555 1897 2610 spe-

302 2617 521 2671 ctaculo
555 2618 677 2672 sint
710 2623 857 2675 omni
890 2625 1067 2678 carni.
1098 2643 1115 2676 ι
1149 2628 1248 2692 Qui
1278 2631 1495 2700 corpori
1527 2631 1899 2688 immortalita-

303 2717 408 2761 tem
444 2718 559 2763 tam
587 2724 987 2770 asseveranter
1037 2719 1315 2787 attribuit,
1370 2738 1438 2775 an
1485 2712 1681 2780 anitnaz
1722 2726 1900 2793 potuit

303 2802 576 2870 denegare
590 2803 617 2855 ?

374 2888 457 2943 ιιι.
493 2890 718 2945 Tatiani
756 2895 1086 2949 sententiam
1127 2899 1388 2966 praeclare
1424 2916 1744 2971 expressam
1800 2904 1899 2959 ha-

307 2980 499 3037 bemus
531 2982 587 3036 in
623 2982 888 3038 Oratione
915 2991 1169 3042 adversus
1200 2989 1437 3056 (ἔνατος,
1468 2995 1520 3048 in
1554 3011 1661 3063 qua
1702 2998 1781 3052 sic
1818 2996 1900 3051 lo-

309 3073 508 3138 quitur,
563 3090 623 3125 n.
672 3075 792 3129 25;
842 3076 1015 3147 Σὼμά
1060 3096 1149 3143 τις
1203 3077 1343 3134 εἶναι
1388 3083 1536 3154 λέγει
1583 3086 1742 3140 Θεόν’
1787 3090 1899 3158 ἐγὼ

2003 612 2203 674 anima,
2237 627 2271 667 ο
2304 612 2503 678 Graeci,
2535 629 2631 684 per
2653 616 2912 682 seipsam.
2944 614 3038 670 sed
3089 617 3369 683 mortalis;
3402 626 3585 685 potest

2004 711 2183 757 tamen
2213 708 2402 759 eadem
2452 721 2558 760 non
2604 708 2769 761 mori.
2797 707 3030 763 Moritur
3058 710 3202 763 enim
3238 718 3294 764 et
3331 712 3585 767 dissolvi-

2005 802 2093 847 tur
2121 810 2500 867 cumrorpore
2550 799 2805 855 veritatis
2858 800 3082 870 ignara;
3133 802 3581 870 resurgitautem

2004 898 2194 957 postea
2224 889 2277 943 in
2305 889 2412 945 line
2435 891 2621 946 mundi
2653 908 2761 947 una
2791 908 2914 947 cum
2939 908 3192 963 corpore,
3232 905 3461 949 mortem
3488 911 3584 964 per

2002 981 2269 1051 supplicia
2301 983 2356 1038 in
2392 984 2811 1040 immortalitate
2846 985 3144 1054 accipiens.
3170 986 3378 1042 Rursus
3400 998 3583 1042 autem

2002 1086 2109 1126 non
2140 1073 2388 1138 moritur,
2426 1074 2644 1129 etiamsi
2681 1075 2927 1131 solvatur
2955 1078 3024 1130 ad
3072 1085 3318 1147 tempus,
3357 1077 3452 1133 Dei
3485 1093 3581 1134 co-

2003 1164 2249 1234 gnitione
2287 1165 2606 1220 instructa.»

2076 1251 2184 1307 Sed
2222 1253 2395 1321 liquet
2430 1254 2625 1309 mortis
2656 1254 2878 1309 nomine
2915 1270 3024 1309 non
3072 1256 3503 1312 destructionem
3529 1267 3587 1313 et

2002 1342 2301 1397 abitionem
2328 1344 2383 1396 in
2412 1344 2640 1397 nihilum
2665 1345 2965 1413 designari,
2988 1346 3082 1399 sed
3108 1346 3366 1400 miserum
3388 1349 3585 1403 anima:

2004 1449 2033 1487 a
2067 1434 2178 1488 Deo
2210 1434 2403 1490 aliena:
2457 1444 2681 1490 statum.
2716 1435 2851 1491 Nam
2887 1436 3059 1505 ipsam
3119 1438 3581 1496 immortalitatem

2005 1526 2358 1595 reproborum
2423 1537 2642 1582 mortem
2714 1530 2773 1584 in
2827 1530 3229 1585 immortalitate
3296 1535 3581 1602 appellare

2003 1634 2112 1671 non
2144 1619 2378 1674 dubitat.
2429 1619 2561 1685 Quae
2603 1631 2908 1690 sequuntur
2960 1624 3306 1694 expressiora
3355 1635 3481 1681 sunt
3514 1629 3582 1681 ad

2003 1710 2148 1763 illius
2197 1717 2431 1764 tuentem
2478 1712 2913 1780 perspiciendam
2959 1732 2973 1767 :
3042 1714 3180 1768 Καθ’
3228 1716 3429 1788 ἑαυτὴν
3474 1718 3584 1790 γὰρ

2004 1799 2195 1861 σκότος
2235 1792 2373 1862 ἐστὶ,
2415 1800 2507 1852 καὶ
2543 1800 2695 1854 οὐδὲν
2734 1802 2791 1854 ὲν
2823 1802 2960 1874 αὐτῇ
2990 1803 3273 1872 φωτεινὸν,
3310 1806 3405 1859 καὶ
3425 1806 3584 1860 τοῦτό

1997 1896 2142 1948 ἐστιν
2172 1896 2280 1967 ἄρα
2307 1895 2367 1949 τὸ
2394 1896 2700 1967 εἰρημένον·
2735 1917 2753 1949 ‹
2802 1897 2867 1951 Ἦ
2892 1899 3080 1952 σκοτία
3107 1900 3169 1951 τὸ
3189 1900 3305 1969 φῶς
3335 1901 3395 1953 οὐ
3417 1918 3585 1955 κατα-

1997 1986 2283 2058 λαμϐάνει.
2320 2008 2336 2039 ι
2371 1989 2529 2061 Ψυχὴ
2578 1988 2687 2063 γὰρ
2748 1990 2849 2044 οὐκ
2904 1991 3044 2063 αὑτὴ
3091 1992 3152 2045 τὺ
3194 1991 3411 2063 πνεῦμα
3444 1993 3583 2046 ἔσω-

2002 2094 2114 2141 σεν,
2154 2078 2332 2150 ἐσώθη
2406 2079 2463 2132 δὲ
2496 2080 2587 2132 ὑπ’
2646 2080 2834 2145 αὑτοῦ,
2874 2083 2967 2135 καὶ
2999 2080 3060 2134 τὸ
3086 2080 3202 2151 φῶς
3225 2081 3324 2154 τὴν
3366 2084 3585 2137 σκοτίαν

1999 2170 2314 2224 κατέλαϐεν.
2377 2172 2434 2224 '0
2479 2173 2649 2242 Λόγος
2695 2174 2792 2244 μὲν
2826 2173 2941 2227 ἐστι
2986 2174 3049 2228 τὸ
3114 2176 3210 2229 τοῦ
3259 2176 3394 2230 Θεοῦ
3444 2177 3582 2247 φῶς,

2001 2263 2192 2326 σκότος
2241 2263 2298 2315 δὲ
2342 2265 2374 2334 ή
2441 2265 2834 2337 ἀνεπιστήμων
2867 2266 3036 2338 ψυχή.
3094 2267 3195 2321 Διὰ
3245 2267 3405 2322 τοῦτο
3446 2270 3582 2343 μόνη

2002 2353 2099 2423 μὲν
2139 2354 2491 2427 διαιτωμένη,
2531 2355 2669 2428 πρὸς
2707 2357 2804 2428 τὴν
2859 2357 2991 2429 ὓλην
3044 2358 3191 2412 νεύει
3234 2361 3406 2427 κάτω,
3462 2378 3585 2415 συν-

1998 2447 2415 2516 αποθνήσκουσα
2436 2450 2503 2520 τῇ
2541 2448 2723 2520 σαρκί.
2755 2448 3020 2520 Συζυγίαν
3048 2451 3105 2505 δὲ
3139 2452 3454 2524 κεκτημένη
3480 2452 3583 2524 τὴν

1997 2540 2091 2593 τοῦ
2122 2540 2263 2594 θείου
2308 2541 2643 2612 Πνεύματος,
2683 2543 2784 2596 οὐκ
2823 2543 2970 2596 ἐστιν
3012 2544 3335 2615 ἀϐοήθητος·
3359 2544 3586 2617 ἀνέρχε-

1998 2649 2087 2685 ται
2115 2632 2170 2684 ae
2202 2633 2345 2709 πρὸς⁸
2386 2632 2531 2705 ἆπερ
2591 2634 2761 2706 αὐτὴν
2810 2635 2994 2705 ὁδηγεῖ
3024 2637 3199 2708 χωρία
3230 2636 3292 2689 τὸ
3333 2636 3580 2709 Πνεῦμα.

2006 2744 2025 2777 ι
2056 2724 2159 2780 Per
2187 2702 2256 2779 se
2283 2702 2429 2779 enim
2469 2726 2651 2780 anima
2707 2726 2845 2781 nihil
2875 2728 3023 2782 aliud
3077 2737 3182 2796 est,
3214 2744 3382 2799 quam
3428 2739 3581 2785 tene-

1998 2816 2130 2885 brte‘,
2164 2832 2264 2872 nec
2307 2818 2601 2887 quidquam
2666 2818 2720 2872 in
2774 2833 2839 2872 ea
2900 2819 3251 2875 luminosum.
3312 2823 3493 2894 Atque
3527 2824 3583 2878 id

2001 2912 2177 2981 ipsum
2218 2920 2300 2965 est
2332 2912 2479 2979 quod
2531 2911 2734 2966 dicitur
2768 2933 2778 2967 :
2807 2910 3055 2968 Tenebrae
3087 2912 3257 2968 lucem
3286 2931 3392 2970 non
3432 2931 3579 2969 com-

1997 3003 2325 3071 prehendunt
2349 2998 2429 3049 η’.
2444 3000 2629 3072 Neque
2652 3003 2799 3057 enim
2821 3004 3007 3059 anima
3033 3006 3282 3075 spiritum
3313 3008 3579 3072 servavit,

2001 3095 2253 3164 sed'ipsa
2279 3097 2347 3150 ab
2379 3109 2445 3150 eo
2476 3105 2696 3151 servata
2729 3106 2834 3162 est,
2874 3105 2932 3152 et
2979 3096 3072 3151 lux
3109 3099 3367 3155 tenebras
3394 3116 3583 3169 appre-

308 3163 363 3214 δὲ
388 3164 715 3235 ἀσώματον·
779 3167 971 3221 ἄλυτον
1035 3166 1177 3224 εἶναι
1208 3172 1302 3226 τὸν
1349 3175 1572 3247 κόσμον,
1624 3178 1735 3248 ἐγὼ
1778 3180 1895 3234 λυό-

2004 3163 2213 3240 hendit.
2248 3186 2344 3240 Est
2395 3194 2577 3241 autem
2625 3186 2866 3242 Verbum
2920 3185 3104 3240 divina
3167 3187 3297 3252 lux;
3332 3190 3583 3243 tenebrae

316 3271 497 3322 pswn'
532 3257 857 3328 ἐκπύρωσιν
892 3262 1211 3315 ἀποϐαίνειν
1247 3266 1390 3319 κατὰ
1438 3271 1682 3341 καιροὺς,
1713 3272 1823 3340 ἐγὼ
1847 3272 1903 3326 δὲ

312 3346 557 3413 εἰσάπαξ.
598 3350 813 3420 Κριτάς
860 3349 999 3406 εἶναι
1050 3356 1206 3409 Μίνω
1234 3358 1327 3411 καὶ
1372 3360 1756 3433 Ῥαδάμανθον,
1792 3366 1903 3435 ἐγὼ

313 3435 367 3488 δὲ
396 3439 563 3491 αὑτὸν
615 3442 711 3494 τὸν
742 3442 895 3495 Θεόν·
933 3446 1432 3513 ἀπαθανατίζεσθαι
1471 3454 1639 3524 μόνην
1666 3456 1765 3527 τὴν
1800 3458 1903 3527 ψυ-

315 3530 429 3599 χὴν,
459 3531 573 3599 ἐγὼ
596 3533 655 3585 δὲ
683 3535 865 3588 καὶτὸ
894 3538 991 3591 σὺν
1012 3539 1149 3610 αὐτῇ
1178 3542 1420 3611 σαρκίον.
1450 3563 1469 3595 ι
1493 3546 1587 3601 Est
1611 3549 1704 3617 qui
1732 3548 1898 3608 Deum

322 3635 509 3689 torpus
538 3639 667 3679 esse
706 3626 879 3689 dicat,
908 3643 1011 3696 ego
1040 3630 1456 3700 incorporeum;
1496 3639 1755 3692 mundum
1779 3655 1900 3698 esse

320 3715 781 3784 indissolubilem,
816 3736 920 3793 ego
947 3724 1387 3791 dissolvendum;
1417 3730 1896 3800 conﬂagrationem

320 3813 480 3867 rariis
504 3813 857 3880 temporibus
903 3816 1152 3883 evenire,
1202 3833 1303 3888 ego
1331 3822 1499 3876 semel
1540 3835 1894 3895 eventuram;

312 3903 515 3969 iudices
553 3918 682 3959 esse
718 3903 950 3959 Minoem
982 3918 1037 3960 et
1068 3908 1563 3977 Rhadamanthum,
1596 3930 1699 3986 ego
1723 3917 1894 3975 Deum

315 3995 516 4064 ipsum;
555 3996 737 4050 solam
788 3998 1031 4053 animam
1085 4001 1500 4061 immortalitate
1539 4007 1760 4076 donari,
1793 4027 1896 4083 ego

315 4101 532 4141 carnem
563 4102 786 4156 quoque
840 4105 965 4144 cum
996 4092 1200 4147 anima.
1244 4112 1264 4145 ι
1305 4093 1412 4151 Sed
1459 4110 1641 4153 tamen
1696 4103 1896 4158 anima:

315 4179 784 4235 immortalitatem
808 4196 838 4234 a
856 4182 1090 4237 'l‘atiano
1116 4187 1301 4255 negari
1323 4198 1509 4243 censet
1538 4191 1894 4251 doctissimus

314 4270 484 4325 abbas
517 4273 589 4326 de
643 4271 974 4342 Longuerue
1025 4276 1078 4329 in
1140 4278 1570 4350 dissertatione,
1622 4299 1745 4353 quae
1772 4298 1896 4355 post

310 4365 615 4419 orationem
658 4364 878 4419 Tatiani
912 4376 1098 4422 exstat
1136 4368 1189 4422 in
1239 4371 1370 4425 edit.
1414 4370 1588 4428 Oxon.
1660 4396 1679 4426 ι
1710 4375 1896 4433 Tatia-

309 4470 432 4519 nus,
463 4457 665 4524 inquit,
716 4457 935 4514 indocte
961 4459 1119 4530 juxta
1148 4477 1212 4516 ac
1235 4463 1401 4532 impie
1451 4476 1614 4537 negat
1650 4470 1887 4525 animam

2004 3295 2136 3335 vero
2166 3281 2418 3350 imperita
2477 3281 2680 3333 anima.
2734 3279 3088 3350 Quapropter
3111 3281 3155 3335 si
3188 3282 3352 3351 degat
3390 3283 3578 3336 solita-

2002 3372 2105 3437 ria,
2148 3373 2401 3427 deorsum
2431 3372 2498 3425 ad
2531 3372 2821 3427 materiam
2876 3373 3072 3443 vergit,
3104 3388 3213 3426 una
3255 3388 3381 3427 cum
3413 3389 3583 3431 carne

2004 3463 2269 3518 moriens.
2300 3463 2438 3516 Cum
2474 3463 2659 3517 divino
2699 3474 2881 3518 autem
2923 3464 3131 3535 Spiritu
3163 3466 3438 3536 c0pulata,
3472 3482 3578 3522 non

2000 3565 2152 3608 caret
2176 3552 2404 3617 auxilio,
2432 3554 2525 3607 sed
2558 3569 2624 3609 eo
2650 3554 2923 3621 ascendit,
2947 3571 3056 3625 quo
3082 3557 3369 3629 deducitur
3392 3575 3421 3613 a
3454 3559 3579 3629 Spi-

2004 3648 2162 3702 ritu.»
2200 3646 2315 3702 Huc
2344 3662 2475 3716 ergo
2524 3648 2666 3703 redit
2706 3649 2796 3703 illa
2830 3665 2980 3706 mors
3027 3650 3227 3706 anima:
3263 3652 3353 3707 Dei
3388 3656 3579 3723 cogni-

2002 3741 2149 3795 tione
2178 3741 2473 3809 destitutae,
2536 3753 2597 3798 ut
2658 3743 2911 3799 deorsum
2961 3755 3168 3816 vergat,
3202 3762 3303 3802 nec
3335 3746 3575 3819 Spiritus

2000 3832 2206 3887 auxilio
2262 3848 2479 3889 sursum
2538 3834 2765 3890 feratur.
2794 3837 2865 3891 At
2914 3836 2961 3891 si
3008 3838 3263 3895 deorsum
3315 3842 3487 3910 vergit
3519 3850 3574 3894 et

1998 3926 2283 3980 materiam
2322 3928 2544 3997 quaerit,
2572 3944 2680 3984 non
2727 3937 2815 3985 est
2837 3930 3083 3999 profecm
3126 3942 3342 3986 mortua
3371 3940 3429 3987 et
3476 3933 3572 3988 do-

1998 4024 2229 4071 structa.
2262 4016 2395 4072 Sine
2429 4034 2592 4074 causa
2629 4036 2759 4089 ergo
2788 4025 2876 4075 vir
2926 4025 3278 4081 doctissimus
3308 4027 3415 4082 duo
3446 4029 3571 4082 ani-

2000 4122 2212 4161 marum
2249 4124 2449 4178 genera
2505 4113 2759 4168 distinxit
2811 4116 2953 4185 apud
2988 4114 3273 4171 Tatianum
3297 4160 3312 4185 ,
3343 4135 3573 4189 quarum

1999 4198 2120 4253 alia:
2149 4202 2476 4263 moriantur,
2536 4202 2661 4258 alia:
2717 4205 3027 4260 solvantur.
3083 4205 3271 4263 Nullas
3328 4212 3577 4275 agnoscit

1998 4288 2283 4356 Tatianus,
2313 4308 2435 4362 quae
2459 4309 2565 4348 non
2596 4296 2883 4350 solvantur
2899 4314 2929 4352 a
2951 4313 3180 4368 corpore
3208 4317 3224 4367 ;
3257 4302 3433 4358 nullas
3456 4318 3575 4373 qua:

1996 4384 2302 4438 moriantur
2330 4400 2453 4439 cum
2486 4401 2743 4457 corpore.

2065 4472 2250 4528 Multis
2277 4474 2403 4530 aliis
2430 4476 2591 4531 rebus
2617 4478 2860 4532 declarat
2887 4478 3150 4535 Tatianus
3177 4482 3387 4538 animas
3404 4485 3572 4539 etiam

314 4548 611 4606 humanam
660 4562 858 4607 natura
923 4555 1286 4613 immortalem
1351 4576 1491 4617 esse.
1534 4562 1898 4621 .Pronuntiat
1926 4555 1977 4615 Ι)
2003 4562 2272 4617 malorum
2293 4579 2466 4634 usque
2486 4567 2555 4620 ad
2585 4571 3043 4625 resurrectionem
3080 4574 3572 4641 permanere.Cum

312 4644 455 4697 enim
490 4652 859 4714 quorumdam
889 4650 1168 4705 hominum
1205 4653 1420 4710 animas
1465 4657 1605 4711 mori
1636 4673 1745 4712 una
1770 4675 1891 4714 cum

310 4739 669 4807 corporibus;
698 4739 929 4794 aliorum
982 4756 1117 4798 vero
1165 4745 1301 4799 solvi
1344 4747 1593 4816 quidem,
1630 4749 1726 4803 sed
1779 4766 1891 4805 non

312 4832 471 4883 mori.
504 4830 691 4900 Atque
718 4833 824 4887 hoc
875 4845 1242 4890 commentum
1295 4853 1467 4895 novus
1518 4841 1892 4898 inconsidera-

312 4931 505 4991 tusque
547 4924 811 4993 magister
845 4924 1067 4982 Graecos
1113 4931 1327 4984 docet.)
1363 4930 1539 4988 Locus
1573 4936 1643 4989 ab
1678 4938 1891 4993 erudito

312 5014 427 5067 viro
456 5016 664 5069 citatus
715 5019 977 5082 occurrit,
1008 5036 1061 5074 η.
1088 5021 1179 5084 l3,
1218 5022 1305 5077 ubi
1357 5025 1438 5079 sic
1493 5025 1733 5096 legitur:
1776 5030 1891 5083 Οὐκ

308 5105 451 5158 ἐστιν
473 5106 763 5171 ἀθάνατος,
796 5108 989 5180 ἄνδρες
1010 5110 1285 5184 Ἕλληνες,
1346 5116 1379 5186 ή
1427 5115 1572 5188 ψυχὴ
1619 5118 1741 5173 καθ’
1762 5122 1889 5176 ἐαυ-

305 5198 423 5268 τὴν,
454 5196 629 5269 θνητή
662 5200 740 5253 δέ.
785 5200 943 5254 Ἀλλὰ
966 5203 1186 5257 δύναται
1227 5206 1259 5276 ή
1304 5206 1442 5277 αὐτὴ
1496 5210 1589 5262 καὶ
1627 5211 1700 5282 μή
1750 5213 1887 5265 ἀπο-

307 5292 583 5363 θνήσκειν.
610 5293 849 5365 Θνήσκει
878 5296 991 5367 γὰρ
1025 5299 1119 5351 καὶ
1174 5298 1358 5353 λύεται
1404 5302 1542 5372 μετὰ
1571 5304 1665 5357 τοῦ
1699 5305 1887 5378 σώμα-

304 5400 412 5447 τος,
439 5386 516 5457 μὴ
546 5384 892 5454 γινώσκουσα
924 5390 1028 5461 τήν
1071 5388 1344 5461 ἀλήθειαν,
1381 5396 1663 5449 ἀνίσταται
1703 5397 1761 5451 δὲ
1808 5400 1889 5463 εἰς

308 5476 529 5549 ὕστερον
572 5482 664 5532 ἐπὶ
699 5482 984 5553 συντελείᾳ
1040 5483 1135 5537 τοῦ
1170 5487 1373 5557 κόσμου
1409 5492 1505 5543 σὺν
1550 5490 1628 5561 τῷ
1652 5492 1886 5564 σώματι,

307 5564 529 5622 θάνατον
552 5571 641 5625 διὰ
678 5576 955 5645 τιμωρίας
984 5576 1046 5628 ἐν
1072 5575 1340 5649 ἀθανασίᾳ
1373 5579 1742 5651 λαμϐάνουσαο
1780 5587 1885 5639 πά-

306 5653 384 5710 λιν
416 5676 475 5711 τε
505 5662 566 5714 οὐ
606 5662 844 5735 θνήσκει,
884 5664 992 5719 κᾶν
1040 5666 1195 5738 ’πρὸς¹
1218 5671 1405 5741 καιρὸν
1450 5671 1618 5744 λυθῇ,
1652 5675 1752 5749 τὴν
1777 5677 1889 5731 ἐπί-

372 5812 605 5871 "'Joan.
642 5836 679 5881 t.
705 5820 738 5875 5

1996 4654 2242 4709 nonnulli
2287 4656 2575 4714 animabus
2614 4674 2845 4729 corpore
2902 4662 3096 4719 solutis
3142 4680 3205 4719 ea
3241 4665 3573 4723 tribuerek.

1994 4760 2115 4814 qua:
2134 4747 2435 4801 daemonum
2495 4752 2816 4817 operatione
2854 4752 2971 4807 ﬁeri
3004 4755 3183 4810 solent
3216 4775 3231 4825 ;
3263 4757 3343 4811 sic
3376 4773 3568 4816 eorum

1992 4835 2302 4904 Opinionem
2339 4838 2557 4904 refellit,
2598 4856 2746 4896 num.
2776 4841 2861 4896 l6.
2896 4863 2914 4895 ε
2945 4843 3116 4900 Porro
3147 4848 3453 4914 daamones,
3472 4850 3564 4918 qui

1994 4926 2308 4983 hominibus
2357 4931 2648 4998 imperant,
2703 4946 2810 4987 non
2861 4945 2988 4989 sunt
3031 4937 3229 4993 anima:
3262 4939 3565 4996 hominum.

1993 5016 2110 5083 Quo
2138 5019 2286 5072 enim
2318 5030 2480 5089 pacto
2536 5021 2790 5079 eﬂicaces
2845 5027 3010 5080 etiam
3050 5037 3174 5094 post
3217 5037 3448 5085 mortem
3480 5032 3568 5088 tie-

1995 5112 2157 5164 rent?
2185 5110 2304 5167 Nisi
2336 5112 2479 5169 forte
2507 5115 2693 5183 homo,
2723 5118 2964 5186 quandiu
3019 5120 3174 5186 vivit,
3214 5121 3485 5191 insipiens
3513 5137 3570 5181 et

1992 5202 2268 5261 invalidus
2293 5216 2416 5274 est;
2451 5218 2703 5263 mortuus
2743 5217 2922 5264 autem
2959 5210 3271 5269 ellicaciore
3306 5217 3567 5285 praeditus

1989 5292 2254 5353 facultate
2278 5300 2544 5354 creditur.
2581 5301 2687 5356 Sed
2729 5318 2907 5372 neque
2965 5317 3057 5359 res
3100 5305 3173 5360 ita
3197 5321 3258 5361 se
3284 5308 3469 5378 habet,
3509 5322 3564 5366 ut

1990 5389 2117 5444 alibi
2150 5392 2686 5463 demonstravimus;
2710 5406 2765 5451 et
2790 5396 3110 5461 pertlitlicile
3135 5411 3221 5456 est
3250 5402 3568 5460 existimare

1990 5482 2230 5536 animam
2254 5484 2644 5553 immortalem,
2683 5504 2806 5543 cum
2834 5504 2865 5543 e
2896 5505 3146 5559 corpore,
3208 5493 3366 5563 cujus
3396 5511 3556 5549 mem-

1990 5574 2107 5648 bris
2153 5576 2476 5646 impeditur,
2506 5580 2847 5647 migraverit,
2892 5584 3231 5652 sagaciorem
3266 5587 3437 5641 ﬁeri.)
3470 5587 3566 5642 Vi-

1991 5666 2086 5720 des
2117 5663 2406 5721 Tatiannm
2446 5668 2534 5725 hic
2559 5672 2819 5741 agerede
2855 5674 3143 5731 animabus
3188 5677 3501 5749 impiorum,
3530 5697 3562 5734 a
