3932 6258
478 388 548 446 87
1425 385 1486 443 S.
1521 384 1853 442 JUSTINUS
1889 383 2368 440 PHILOSOPHUS
2396 383 2482 438 ET
2509 383 2828 440 MARTYR.
3663 379 3730 435 88

478 511 679 581 quibus
705 509 949 565 nonnulli
999 508 1234 580 plurima
1272 507 1324 563 in
1380 508 1673 564 humanum
1704 524 1875 579 genus
1904 508 2043 562 mala
2075 522 2120 579 Α
2155 507 2374 561 aeternis
2400 505 2733 561 cruciatibus
2767 503 3007 566 ducitur,
3043 500 3175 555 nihil
3223 499 3397 570 magis
3423 509 3728 554 consenta-

479 605 745 673 prolicisci
803 603 1212 659 existimabant.
1264 601 1437 672 Negat
1489 602 1752 657 Tatianns
1774 600 2037 667 ejusmodi

476 696 688 749 animas
714 696 906 749 eadem
935 711 999 748 ac
1028 696 1303 749 damones
1331 708 1613 761 prteSLare,
1642 694 1736 747 sed
1766 694 1819 747 in
1848 692 2042 746 certis-

476 786 598 839 simi
625 786 883 855 principii
924 785 1045 839 loco
1069 785 1261 839 statuit
1290 800 1406 845 eas,
1451 799 1571 837 cum
1614 798 1644 837 e
1687 797 1914 849 corpore
1947 780 2040 833 mi-

476 877 775 947 graverint,
807 890 1091 944 superesse
1120 886 1174 929 et
1204 876 1539 930 immortales
1565 890 1706 928 esse.
1753 873 2035 927 Hominem

475 968 891 1021 immortalitatis
935 969 1219 1039 imaginem
1267 983 1297 1021 a
1353 965 1534 1023 Verbo
1585 977 1827 1023 creatum
1882 966 2033 1032 dicit,

475 1076 625 1113 num.
667 1059 719 1115 7.

540 1148 659 1203 Non
720 1149 881 1203 aliam
934 1165 1064 1220 ergo
1096 1162 1321 1205 mortem
1376 1150 1569 1204 anima:
1615 1149 1921 1219 suspicatus
1950 1155 2035 1202 est

472 1240 756 1306 Tatianus,
816 1251 1010 1310 prazter
1054 1258 1197 1307 eam,
1244 1258 1363 1309 qua:
1413 1258 1441 1295 a
1478 1244 1717 1312 peccatis
1769 1241 2030 1309 Spiritum

472 1345 719 1390 sanctum
754 1336 1067 1391 arcentibus
1094 1336 1480 1406 proﬁciscitur.
1542 1336 1632 1390 Sic
1668 1336 1811 1387 enim
1842 1333 2030 1388 statuit

472 1429 768 1494 hominem,
798 1430 842 1483 si
878 1429 1137 1497 templum
1190 1429 1365 1483 sancti
1417 1429 1651 1497 Spiritus
1695 1442 1799 1479 non
1840 1426 2025 1488 luerit,

468 1521 585 1576 sola
614 1536 731 1575 voce
760 1538 791 1574 a
823 1522 1007 1575 belluis
1032 1523 1264 1591 (ii/ferre,
1293 1531 1480 1574 cwtera
1514 1538 1627 1574 vero
1655 1520 1887 1588 ejusdem
1917 1534 2027 1571 esse

468 1629 531 1665 ac
575 1613 697 1665 illas
746 1614 1085 1675 conditionis,
1138 1623 1194 1665 ut
1225 1614 1314 1679 qui
1344 1629 1445 1665 non
1473 1613 1540 1665 sit
1583 1612 1874 1665 similitudo
1906 1610 2022 1666 Dei.

469 1703 697 1758 Minime
726 1720 859 1774 ergo
889 1706 1144 1758 nimirum
1174 1704 1219 1758 si
1247 1714 1489 1757 mortuos
1526 1702 1822 1764 existimat,
1849 1702 1937 1768 qui
1968 1716 2025 1755 se

466 1812 496 1849 a
534 1796 736 1863 Spiritu
776 1808 964 1849 sancto
1011 1796 1414 1849 abstraxerunt.
1458 1797 1531 1850 De
1557 1794 1815 1862 ejusmodi
1851 1803 2024 1847 morte

2144 614 2305 655 ncmn
2339 598 2635 666 Scriptura:
2665 606 2719 650 et
2743 596 2966 652 Patrum
3016 594 3274 665 loquendi
3304 592 3722 647 consuetudini.

2140 691 2285 747 Nihil
2322 692 2464 745 aliud
2495 689 2596 744 sibi
2659 689 2771 743 vult
2814 690 3050 743 secunda
3112 702 3259 741 mors
3292 686 3344 739 in
3380 684 3721 754 Apocalypsi

2140 784 2386 855 pluribus
2441 785 2576 837 locis
2637 794 2937 837 memorata
2999 784 3068 835 “.
3106 781 3253 835 Mors
3296 779 3409 843 illa,
3449 792 3581 845 qua:
3619 791 3723 845 per

2138 893 2304 932 unum
2366 877 2639 931 hominem
2710 876 3025 939 intravit",
3059 889 3204 927 mors
3266 882 3352 927 est
3399 871 3611 923 anima:
3664 877 3721 923 et

2138 969 2404 1036 corporis.
2438 968 2730 1021 «Diabolus
2762 969 2827 1020 ad
2855 965 3183 1032 operandam
3216 963 3430 1031 duplam
3469 970 3716 1016 mortem

2136 1070 2400 1121 nostram,
2434 1059 2611 1127 inquit
2639 1058 2996 1128 Augustinus.
3022 1058 3114 1111 lib.
3144 1073 3195 1111 tv
3227 1055 3306 1108 De
3339 1054 3516 1117 Trin.,
3550 1049 3715 1111 n.15,

2135 1150 2384 1217 simplam
2439 1151 2622 1203 attulit
2676 1165 2851 1203 suam.
2911 1149 3017 1203 Per
3075 1149 3413 1217 impietatem
3464 1156 3715 1210 namque

2133 1252 2382 1295 mortuus
2447 1251 2532 1296 est
2585 1244 2638 1295 in
2698 1244 2916 1310 spiritu.
2947 1261 2964 1292 ι
3030 1242 3197 1306 Idem,
3234 1242 3333 1296 lib.
3381 1258 3500 1305 xw,
3548 1260 3608 1295 n.
3639 1240 3709 1297 6:

2136 1352 2154 1383 ι
2182 1332 2358 1387 Habet
2386 1335 2585 1402 quippe
2621 1344 2675 1388 et
2700 1335 2880 1388 anima
2936 1347 3165 1389 mortem
3198 1350 3373 1399 suam,
3411 1351 3540 1388 cum
3597 1336 3710 1389 vita

2130 1423 2285 1479 beata
2319 1436 2527 1480 caret.»
2596 1427 2662 1479 Et
2686 1427 2779 1480 lib.
2812 1443 2872 1493 tt,
2902 1443 2957 1482 n.
2990 1413 3096 1480 15':
3163 1446 3183 1478 ι
3207 1426 3322 1496 Ipsa
3358 1428 3708 1482 mutabilius

2129 1534 2234 1573 non
2274 1518 2715 1571 inconvenienter
2770 1517 3073 1572 mortalitas
3124 1520 3346 1584 dicitur,
3395 1519 3707 1573 secundum

2128 1625 2285 1679 quam
2326 1617 2380 1661 et
2406 1609 2582 1661 anima
2626 1608 2824 1661 dicitur
2869 1608 3029 1662 mori.
3062 1627 3082 1660 ι
3116 1607 3276 1663 Plura
3308 1609 3573 1679 colligere
3600 1625 3706 1665 non

2128 1702 2259 1756 libet
2293 1702 2347 1755 in
2377 1717 2436 1755 re
2466 1698 2750 1755 manifesta
2793 1709 2848 1752 et
2893 1700 3192 1769 explorata.

465 1857 841 1954 accipiendum
890 1888 1032 1956 quod
1072 1888 1169 1950 ait,
1215 1903 1268 1941 n.
1313 1887 1366 1941 9.
1431 1906 1449 1934 ι
1477 1857 1616 1952 Quid
1646 1896 1729 1941 est
1766 1887 1908 1953 quod
1956 1900 2018 1939 ex
2056 1867 2099 1920 Β
2203 1857 2262 1911 v'
2301 1860 2445 1956 δίῃ-ῖς)
2473 1874 2741 1956 super?“
2774 1872 3133 1956 τηοηῗπθυηη
3163 1878 3323 1956 spero
3354 1863 3495 1917 nihil
3529 1861 3706 1918 ’“s'i‘

462 1976 575 2031 fato
609 1994 717 2045 prae
749 1980 979 2033 avaritia
1015 1980 1248 2052 vigilas?
1271 1980 1379 2034 Cur
1401 1994 1467 2034 ex
1499 1979 1613 2033 fato
1637 1993 1778 2050 saepe
1800 1978 2026 2047 cupidus

461 2083 604 2139 saepe
643 2072 915 2125 moreris?
938 2091 955 2123 ι

532 2204 587 2259 1η
610 2204 853 2258 eamdem
910 2205 1238 2258 sententiam
1280 2203 1356 2255 ait
1403 2203 1669 2257 daemones
1701 2214 1755 2258 et
1783 2204 2025 2273 quotidie

459 2297 597 2351 mori
629 2310 748 2348 cum
792 2296 1039 2349 homines
1071 2310 1301 2363 peccare
1334 2296 1547 2355 docent.
1574 2305 1627 2349 et
1655 2308 1763 2349 tum
1792 2297 2025 2351 maxime

459 2387 784 2451 morituros,
818 2403 939 2441 cum
984 2389 1036 2441 in
1068 2388 1329 2455 supplicia
1361 2387 1735 2440 detrudentur.
1776 2406 1793 2437 ι
1817 2387 2024 2440 Daemo-

459 2496 557 2533 nes
591 2496 694 2533 non
727 2478 884 2531 facile
913 2479 1244 2539 moriuntur,
1281 2478 1475 2546 inquit,
1514 2476 1689 2540 n.14,
1726 2486 1851 2531 sunt
1880 2479 2021 2532 enim

458 2570 643 2624 carnis
687 2578 977 2637 expertes,
1041 2569 1133 2622 sed
1206 2569 1455 2622 viventes
1517 2569 1707 2622 mortis
1768 2570 2019 2624 instituta

457 2671 747 2725 exercent;
811 2663 969 2714 toties
1020 2659 1272 2713 nimirum
1304 2670 1357 2713 et
1390 2660 1488 2729 ipsi
1538 2663 1851 2725 morientes,
1886 2677 2023 2729 quo-

458 2751 561 2805 ties
584 2752 649 2803 ad
678 2752 1010 2819 peccandum
1053 2758 1358 2803 sectatores
1388 2766 1513 2803 suos
1556 2752 1876 2807 erudierint.
1914 2752 2022 2808 Ita-

454 2856 561 2911 que
597 2844 737 2911 quod
764 2859 904 2897 nunc
948 2841 1051 2896 illis
1081 2842 1411 2911 praecipuum
1444 2852 1547 2905 est,
1584 2853 1641 2895 ut
1669 2843 1918 2898 similiter
1957 2860 2021 2899 ac

455 2934 707 2988 homines
747 2950 851 2988 non
885 2934 1210 2995 moriantur,
1252 2934 1303 2985 id
1333 2933 1551 2985 minime
1583 2934 1866 3002 ellngient,
1893 2951 2014 2989 cum

456 3026 716 3095 incipient
741 3027 946 3094 puniri,
992 3042 1091 3080 nec
1142 3027 1267 3078 vitae
1307 3035 1522 3079 aeterna:
1551 3026 1845 3095 participes
1875 3043 2019 3082 mor~

458 3124 563 3169 tem
617 3116 905 3181 quamdam
944 3117 996 3170 in
1030 3117 1437 3170 immortalitate
1462 3118 1783 3171 sortientur.
1817 3118 2017 3185 Quem-

2128 1966 2255 2004 num
2287 1951 2351 2005 de
2392 1950 2795 2006 immortalitate
2825 1952 3122 2005 animarum
3147 1953 3562 2021 sensisse,quod
3599 1971 3703 2008 non

2126 2042 2326 2096 Christi
2360 2054 2599 2113 martyre
2630 2043 3006 2111 dignissimum
3040 2043 3138 2101 sit:
3171 2055 3226 2097 at
3259 2045 3361 2097 alia
3409 2061 3517 2098 non
3564 2046 3702 2099 levis

2125 2144 2371 2203 superest
2400 2136 2661 2203 quaestio,
2699 2152 2767 2189 an
2811 2137 3086 2191 daemones
3125 2146 3178 2190 et
3224 2137 3394 2192 malos
3440 2139 3699 2193 homines

2119 2224 2228 2293 jam
2259 2242 2399 2282 nunc
2434 2228 2554 2296 igne
2590 2228 2833 2295 torqueri
2861 2228 3174 2283 crediderit.

2195 2389 2295 2443 Vix
2332 2388 2554 2441 dubium
2609 2387 2740 2456 quin
2776 2384 3022 2441 Justinus
3064 2389 3323 2458 supplicia
3377 2388 3696 2443 daemonum

2123 2483 2190 2534 ad
2228 2491 2528 2535 extremum
2554 2491 2605 2534 et
2629 2481 2875 2549 generale
2908 2480 3159 2545 indicium
3190 2481 3351 2533 dilata
3390 2482 3695 2549 putaverit.

2121 2570 2177 2625 ld
2200 2573 2397 2625 diserte
2414 2571 2568 2624 docet
2594 2571 2645 2623 in
2679 2570 2810 2623 locis
2837 2572 2993 2623 modo
3012 2572 3193 2624 citatis
3218 2571 3517 2638 discipulus
3546 2571 3696 2625 illius

2122 2663 2383 2716 Tatianns
2408 2703 2422 2728 ,
2451 2663 2541 2732 qui
2574 2665 2810 2716 nondmn
2847 2678 2873 2715 a
2904 2664 3146 2734 magistri
3180 2664 3425 2717 doctrina
3464 2664 3691 2717 defece—

2123 2763 2241 2815 rat,
2292 2768 2412 2807 cum
2459 2754 2763 2807 orationem
2818 2757 3079 2809 adversus
3126 2754 3342 2809 Crmcos
3388 2755 3688 2808 scriberet.

2123 2845 2180 2898 S.
2216 2844 2472 2915 martyris
2502 2846 2773 2898 sententia
2808 2860 2872 2899 ex
2912 2845 2994 2899 his
3024 2846 3200 2898 verbis
3237 2845 3465 2914 perspici
3505 2850 3691 2913 potest

2123 2933 2174 2984 in
2211 2932 2387 2999 Apol.,
2410 2934 2459 2997 1,
2487 2949 2544 2986 n.
2580 2933 2687 2987 ‘28:
2720 2951 2739 2983 ε
2769 2933 2922 3001 Apud
2953 2950 3049 2987 nos
3073 2935 3250 2999 enim,
3287 2934 3460 3003 inquit
3483 2974 3501 2997 ,
3539 2935 3690 3000 prin-

2119 3040 2245 3093 ceps
2280 3025 2545 3079 malorum
2582 3026 2880 3079 d:emonum
2915 3040 3140 3094 serpens
3171 3037 3392 3079 vocatur
3434 3034 3487 3079 et
3522 3026 3688 3080 Sata-

2121 3118 2233 3171 nas’
2272 3127 2327 3172 et
2372 3117 2651 3185 diabolus,
2700 3130 2759 3172 ut
2806 3119 3034 3187 potestis
3095 3133 3158 3172 ex
3224 3119 3423 3171 litteris
3477 3117 3687 3171 nostris

453 3207 739 3261 admodum
792 3209 934 3262 enim
994 3225 1123 3273 nos,
1180 3211 1373 3279 quibus
1454 3225 1597 3265 nunc
1660 3212 1795 3265 mori
1856 3201 2085 3265 facileC
2120 3211 2413 3264 scrutando
2460 3212 2789 3280 perspicere.
2834 3211 2984 3265 llunc
3032 3211 3471 3279 praemonstravit
3523 3209 3685 3265 Chri-

451 3299 748 3366 contingit,
806 3308 990 3369 postea
1025 3317 1145 3357 cum
1198 3302 1475 3369 voluptate
1519 3304 2009 3369 immortalitatem,

450 3391 537 3443 vel
575 3391 818 3446 dolorem
850 3408 972 3447 cum
1014 3396 1425 3457 immortalitate
1476 3397 1878 3466 percipiemus;
1935 3397 2014 3452 sic

449 3489 507 3536 et
538 3483 808 3539 dzemones
840 3486 931 3554 qui
966 3488 1217 3554 przesenti
1268 3490 1382 3542 vita
1415 3490 1481 3542 ad
1520 3496 1850 3558 peccandum
1879 3492 2013 3546 abu-

450 3589 662 3641 tuntur,
695 3596 756 3633 ac
782 3595 879 3649 per
902 3590 1069 3635 totam
1109 3584 1274 3638 vitam
1312 3586 1643 3649 moriuntur,
1686 3603 1874 3642 rursus
1907 3589 2012 3642 im-

447 3669 835 3723 mortalitatem
878 3672 1151 3726 habebunt
1180 3684 1369 3727 natura
1410 3677 1627 3744 quidem
1660 3680 1906 3733 eamdem
1941 3696 2011 3735 ac

446 3758 575 3811 dum
611 3760 870 3821 viverent.
914 3765 1162 3831 supplicii
1194 3776 1373 3819 autem
1426 3768 1636 3822 ratione
1675 3771 1907 3825 similem
1946 3772 2011 3825 il-

445 3850 621 3904 lorum
669 3853 968 3919 hominum,
1025 3856 1113 3923 qni
1145 3873 1211 3910 ex
1246 3860 1409 3911 animi
1453 3862 1535 3913 sui
1592 3864 1859 3917 sententia
1886 3879 2011 3931 ges-

446 3956 601 4006 sere,
644 3942 904 4013 quidquid
969 3945 1243 4003 daemones
1298 3950 1608 4005 viventibus
1664 3954 2008 4023 praescripse-

446 4041 624 4087 tanta

514 4167 606 4223 IV.
644 4168 757 4223 lluc
797 4171 963 4240 redigi
1000 4181 1176 4239 potest
1214 4182 1326 4227 tota
1357 4173 1554 4229 .lustini
1596 4186 1651 4230 ct
1682 4176 1890 4233 Tatiani
1939 4181 2008 4237 de

443 4261 640 4316 anima:
672 4263 1080 4320 immortalitate
1109 4267 1351 4321 doctrina
1376 4286 1390 4320 :
1412 4269 1551 4322 hanc
1569 4279 1766 4339 negant
1790 4287 1886 4326 sua
1918 4289 2008 4326 na-

444 4365 563 4408 tura
598 4356 959 4411 immortalem
1008 4373 1149 4422 esse,
1181 4359 1272 4413 sed
1306 4370 1515 4413 tantum
1558 4360 1650 4417 Dei
1687 4364 2001 4431 voluntate;

442 4446 725 4500 mortalem
781 4447 925 4500 illam
966 4448 1153 4501 dicunt
1182 4458 1452 4515 quatenus
1501 4451 1556 4504 in
1617 4453 1740 4507 vitia
1782 4454 1999 4509 labitur.

444 4536 687 4604 Utraque
709 4536 960 4603 loquendi
1007 4544 1148 4595 ratio
1200 4542 1401 4597 usitata
1459 4544 1597 4611 apud
1632 4548 1903 4613 antiquos.
1942 4549 2000 4603 S.
2034 4536 2077 4591 Ῑ)

441 4623 678 4681 Irenaans
714 4628 924 4681 animas
957 4628 1048 4682 Dei
1080 4630 1373 4694 voluntate,
1408 4646 1515 4686 non
1551 4647 1649 4687 sua
1679 4644 1873 4689 natura
1902 4637 2001 4689 im-

442 4718 701 4773 mortales
733 4734 856 4774 esse
886 4722 1085 4797 docet.
1128 4741 1146 4773 ε
1169 4723 1635 4788 Quemadmodum
1690 4728 1833 4782 enim
1890 4744 2002 4784 coe-

440 4806 573 4872 lum,
616 4810 814 4877 inquit,
846 4810 940 4866 lib.
978 4828 1037 4878 tt,
1073 4828 1123 4868 c.
1160 4813 1253 4880 54,
1296 4830 1353 4872 n.
1386 4815 1439 4884 2,
1470 4826 1525 4872 et
1549 4818 1773 4886 reliqnte
1804 4820 1993 4887 stellae,

438 4908 495 4954 et
518 4902 699 4953 omnia
744 4913 1069 4957 ornamenta
1123 4905 1385 4974 ipsorum.
1431 4923 1551 4962 cum
1603 4920 1729 4965 ante
1769 4927 1875 4965 non
1904 4928 1995 4967 es-

438 5000 581 5055 sent,
608 4990 749 5046 facta
784 5003 929 5057 sunt,
962 5004 1015 5048 et
1042 4996 1215 5054 multo
1248 5009 1491 5069 tempore
1532 5013 1886 5069 perseverant
1909 5019 1997 5058 se-

438 5083 674 5136 cundum
707 5085 1040 5140 voluntatem
1074 5088 1199 5156 Dei;
1230 5090 1309 5145 sic
1332 5102 1388 5145 et
1418 5094 1486 5147 de
1509 5094 1815 5159 animabus,
1846 5104 1901 5149 et
1931 5097 1997 5152 de

434 5172 739 5238 apiritibus,
775 5184 828 5228 et
870 5177 1091 5231 omnino
1123 5180 1189 5233 de
1241 5180 1493 5236 omnibus
1540 5183 1655 5249 his,
1694 5200 1814 5254 qua:
1849 5186 1993 5241 facta

433 5266 591 5323 sunt,
626 5262 877 5327 cogitans
905 5266 1026 5331 quis
1055 5266 1281 5322 minime
1330 5271 1603 5338 peccabit,
1636 5275 1852 5342 quando
1876 5291 1989 5330 om-

430 5350 542 5414 nia,
574 5365 694 5418 qua
737 5351 878 5407 facta
912 5364 1056 5418 sunt,
1086 5358 1299 5414 initium
1334 5362 1551 5430 quidem
1613 5366 1839 5423 factura:
1878 5385 1990 5425 sua:

428 5442 687 5506 habeant,
724 5458 1079 5507 perseverant
1123 5461 1300 5507 autem
1350 5457 1706 5527 quoadusque
1748 5476 1809 5515 ea
1847 5461 1987 5518 Deus

426 5539 483 5586 et
512 5548 632 5589 esse
657 5547 712 5588 et
754 5550 1110 5604 perseverare
1142 5545 1425 5601 voluerit.»
1468 5549 1621 5616 Quod
1652 5563 1829 5607 autem
1866 5571 1987 5625 spe-

2115 3314 2233 3358 stus
2257 3321 2377 3359 cum
2408 3306 2572 3373 ipsius
2596 3304 2838 3359 exercitu
2866 3316 2921 3359 et
2944 3304 3340 3359 assectantihus
3368 3303 3683 3357 hominibus

2117 3393 2168 3446 in
2208 3394 2385 3461 ignem
2424 3395 2646 3446 missum
2679 3392 2776 3456 iri,
2808 3402 2867 3447 ut
2897 3394 2949 3447 in
2979 3394 3244 3447 inlinitnm
3278 3410 3449 3446 :evum
3479 3409 3678 3446 excru-

2114 3481 2344 3535 cientur.
2386 3481 2703 3548 lnterposita
2730 3482 2873 3535 enim
2913 3499 3061 3535 mora
3084 3524 3097 3546 ,
3129 3484 3419 3551 quominus
3450 3484 3499 3536 id
3540 3484 3680 3538 Deus

2114 3574 2382 3628 hactenus
2414 3572 2729 3641 perliceret,
2769 3581 2992 3643 propter
3022 3576 3312 3628 humanum
3348 3590 3516 3641 genus
3543 3590 3677 3629 con-

2115 3667 2253 3734 tigit.
2286 3685 2305 3717 ι
2340 3664 2396 3719 In
2422 3666 2663 3719 eamdem
2692 3667 3012 3719 sententiam
3044 3676 3251 3734 spectat
3280 3669 3421 3736 quod
3446 3667 3502 3722 S.
3532 3683 3679 3721 mar-

2114 3767 2197 3828 tyr
2224 3758 2429 3812 Irenreo
2453 3766 2587 3811 teste
2614 3757 2847 3820 dicebat,
2864 3757 3185 3822 dmmonem,
3203 3769 3486 3827 antequam
3516 3757 3675 3813 Chri—

2110 3860 2227 3905 stus
2258 3852 2493 3915 veniret,
2516 3851 2748 3904 nondum
2790 3859 2937 3903 certo
2964 3852 3189 3905 scivisse
3214 3868 3332 3905 sese
3360 3853 3673 3905 danmatnm

2110 3962 2229 4001 esse
2252 3990 2266 4011 ,
2303 3949 2375 4000 ita
2401 3958 2457 4000 ut
2492 3948 2667 4017 seipse
2692 3948 2853 4001 stulta
2885 3948 2971 4000 illa
3007 3949 3261 4016 Opinione.
3294 3946 3672 4006 frustraretur,

2109 4042 2260 4107 quasi
2297 4040 2461 4094 Deum
2490 4041 2753 4094 latuisset.
2786 4059 2804 4087 ε
2843 4040 2986 4093 Bene
3008 4080 3021 4101 ,
3053 4040 3228 4107 inquit
3256 4076 3267 4101 ,
3295 4039 3387 4090 lib.
3416 4054 3470 4099 v,
3502 4053 3550 4090 c.
3580 4034 3670 4097 26,

2108 4132 2374 4197 lrenaeus,
2443 4131 2686 4185 Justinus
2753 4132 2892 4184 dixit
2952 4131 3207 4202 quoniam
3276 4140 3402 4183 ante
3459 4128 3671 4182 Domini

2107 4227 2394 4279 adventum
2458 4240 2729 4293 nunquam
2799 4240 2963 4278 ausus
3003 4234 3084 4278 est
3149 4225 3379 4279 Satanas
3422 4223 3672 4291 blasphe-

2108 4334 2255 4372 mare
2286 4319 2448 4371 Deum
2485 4337 2498 4371 :
2530 4319 2727 4387 quippe
2762 4319 2999 4373 nondum
3032 4319 3210 4371 sciens
3251 4331 3403 4371 suam
3440 4317 3667 4369 damna-

2106 4408 2330 4462 tionem.
2369 4427 2388 4459 ι
2426 4408 2686 4463 Observat
2736 4407 3009 4470 Petavius.
3046 4410 3137 4463 lib.
3185 4425 3268 4472 ιιι,
3309 4408 3384 4461 De
3434 4408 3666 4476 angelis.

2107 4514 2155 4553 c.
2186 4500 2219 4554 5
2247 4500 2389 4560 et4,
2448 4500 2587 4553 hanc
2629 4496 2824 4554 Justini
2868 4501 3178 4569 opinionem
3224 4500 3397 4568 quoad
3448 4501 3665 4567 ignora-

2108 4592 2305 4646 tionem
2341 4591 2704 4644 damnationis
2737 4604 2951 4647 secutos
2980 4606 3099 4646 esse
3146 4601 3419 4646 auctorem
3464 4590 3663 4645 carmi—

2105 4698 2235 4735 num
2269 4683 2326 4736 in
2377 4682 2733 4746 Marcionem,
2764 4683 2799 4737 l.
2834 4700 2886 4747 ι,
2917 4698 2967 4737 c.
3000 4682 3066 4748 ὃς
3114 4683 3404 4737 Eusebium
3428 4724 3443 4745 ,
3488 4683 3582 4737 lib.
3611 4697 3663 4736 tv

2104 4773 2274 4837 ΗΜ..
2298 4790 2347 4829 c.
2386 4776 2487 4839 l8;
2526 4774 2879 4845 Epiphanium
2919 4776 3110 4828 haeres.
3142 4774 3237 4839 39;
3275 4774 3535 4827 lsidormn
3565 4773 3664 4826 Pe-

2102 4866 2352 4919 lusiOtam
2400 4868 2521 4921 libr.
2566 4883 2624 4931 ll,
2656 4870 2813 4936 epist.
2852 4866 2950 4931 90;
2989 4865 3378 4921 OEcumenium
3434 4864 3487 4917 in
3539 4879 3659 4933 cap.

2097 4955 2262 5019 ult.,l
2291 4957 2435 5011 Petr.
2462 4974 2476 5024 ;
2508 4974 2605 5013 nec
2641 4958 3051 5013 imtneritoindc
3083 4957 3231 5023 sequi
3264 4956 3537 5010 existimat
3564 4955 3662 5008 bos

2100 5051 2391 5120 scriptores
2425 5051 2626 5107 diaboli
2661 5054 2713 5105 in
2745 5062 2949 5108 aeterno
2996 5055 3117 5117 igne
3162 5052 3425 5122 supplicia
3476 5051 3529 5104 in
3568 5064 3659 5103 ex-

2096 5150 2331 5196 tremum
2356 5140 2618 5211 judicium
2656 5144 2821 5198 dilata
2862 5145 3179 5199 credidisse.

2165 5281 2235 5336 At
2256 5285 2398 5351 quod
2434 5283 2621 5338 iisdem
2657 5284 2910 5339 Patribus
2937 5286 3181 5339 attribuit
3210 5286 3300 5341 lib.
3331 5302 3385 5351 ι,
3436 5300 3558 5355 cap.
3590 5284 3655 5348 8,

2094 5373 2398 5429 Dwmonem
2445 5392 2585 5443 spem
2638 5377 2945 5430 nonnullam
2972 5380 3218 5432 habuisse
3242 5380 3537 5432 obtinendte
3570 5392 3658 5443 per

2094 5467 2365 5521 Christum
2392 5469 2605 5534 salutis,
2644 5471 2695 5524 id
2730 5471 3029 5539 Epiphanio
3062 5472 3279 5540 quidem
3309 5471 3530 5524 attribui
3566 5483 3652 5538 p0-

2094 5567 2235 5625 test;
2280 5560 2331 5615 id
2360 5563 2501 5615 enim
2535 5572 2721 5631 aperte
2749 5563 3022 5629 declarat;
3048 5573 3100 5616 at
3126 5562 3322 5618 Justiui
3349 5572 3405 5616 et
3426 5577 3646 5622 eorum.

2091 5654 2181 5721 qui
2241 5652 2383 5709 illius
2452 5655 2617 5710 verba
2670 5664 2763 5709 aut
2825 5655 3143 5723 retulerunt,
3205 5664 3263 5710 ut
3324 5654 3559 5710 Irenaeus
3599 5664 3653 5709 et
