3932 6258
219 374 280 433 39
1300 380 1365 435 ι).
1392 379 1661 463 uanam
1690 380 1814 436 PM

1920 381 2082 438 lTlO.
2116 413 2186 423 ——
2217 380 2400 439 PARS
2421 381 2488 438 Π.
3432 388 3501 444 90

229 496 508 560 Eusebius,
544 507 641 549 aut
668 539 687 563 ,
720 508 788 551 ut
826 508 1041 555 auctor
1078 500 1340 555 carminis
1373 501 1429 555 in
1464 501 1788 556 Marcionem
1813 547 1827 569 ,
1858 511 1906 568 Α
1937 504 2003 557 ad
2036 512 2337 557 extremum
2360 503 2624 572 judicium
2654 502 2905 574 rejiciunt
2928 544 2943 569 ,
2971 519 3075 559 non
3105 504 3307 560 idcirco
3330 506 3497 559 videri

232 592 454 644 Isidorus
496 598 551 642 et
574 588 1008 651 (Ecumenius.
1041 590 1237 644 imitati
1274 601 1398 645 sunt
1421 631 1438 656 ,
1475 593 1582 645 alia
1612 594 1827 647 videtur

239 700 347 740 esse
368 697 551 734 causa.
587 681 751 735 Hanc
786 683 942 734 enim
976 683 1245 735 rationem
1279 681 1433 736 aﬁ'ert
1459 683 1697 738 lrenaeus
1728 700 1827 739 cur

238 776 436 828 diabolo
471 772 725 826 Justinus
769 773 1023 826 nondum
1077 772 1146 826 de
1180 787 1275 826 sua
1323 772 1679 827 damnatione
1725 789 1823 828 ex-

242 868 489 936 ploratum
538 864 718 919 fuisse
748 867 1019 927 dixisset,
1067 885 1087 917 ς
1122 866 1377 933 quoniam
1411 874 1467 918 et
1499 866 1553 918 in
1591 867 1825 933 parabo-

242 960 307 1015 lis
336 969 382 1013 et
424 959 710 1025 allegoriis
750 974 779 1010 λ
824 959 1112 1025 prophetis
1158 960 1237 1012 sic
1271 957 1337 1011 de
1369 973 1435 1012 eo
1466 959 1667 1011 dictum
1713 967 1820 1013 est.

244 1055 357 1109 Post
376 1064 559 1106 autem
594 1053 896 1106 adventum
925 1050 1141 1103 Domini
1163 1066 1228 1105 ex
1252 1051 1595 1106 sermonibus
1615 1050 1819 1105 Christi

250 1155 301 1197 et
353 1142 739 1211 apostolorum
784 1142 906 1209 ejus
938 1142 1156 1195 discens
1199 1140 1517 1207 manifeste,
1562 1143 1820 1209 quoniam

242 1235 374 1302 ignis
414 1242 662 1285 aeternus
716 1232 770 1285 ei
824 1240 1169 1302 prasparatus
1203 1240 1280 1284 est
1318 1246 1381 1284 ex
1416 1245 1512 1284 sua
1547 1232 1822 1284 voluntate

236 1322 544 1379 ahscedeuti
577 1338 607 1375 a
646 1322 764 1377 Deo
786 1363 801 1385 ,
835 1330 891 1376 ct
919 1323 1174 1376 omnibus
1202 1321 1292 1390 qui
1330 1322 1450 1375 sine
1492 1322 1813 1390 poenitentia

234 1420 587 1479 perseverant
629 1411 687 1463 in
731 1410 1003 1479 apostasia
1032 1427 1046 1462 :
1076 1424 1173 1477 per
1203 1410 1509 1477 hujusmodi
1565 1411 1817 1467 homines

238 1504 579 1571 blaspbemat
629 1520 759 1555 eum
817 1502 1016 1567 Deum,
1067 1503 1158 1570 qui
1209 1502 1470 1569 judicium
1526 1506 1815 1572 importat,

242 1598 391 1665 quasi
416 1597 523 1665 iam
549 1597 966 1655 condemnatus.
988 1605 1045 1649 et
1068 1605 1349 1664 peccatum
1376 1612 1489 1650 sua:
1520 1598 1815 1664 apostasia?

239 1686 516 1739 Conditori
570 1700 673 1737 suo
725 1685 986 1753 imputat,
1042 1695 1099 1738 et
1152 1699 1259 1737 non
1309 1699 1420 1739 suae
1447 1686 1710 1742 voluntati
1760 1700 1817 1744 et

243 1777 1051 1843 sententiamqnemadmodum
1095 1787 1151 1831 et
1192 1778 1283 1846 qui
1325 1781 1818 1847 supergrediuntur

1931 595 2130 648 debent
2169 595 2445 649 diabolum
2484 596 2700 649 interim
2748 596 2991 650 cruciatu
3038 598 3186 652 omni
3222 590 3492 654 eximere.

1925 684 2079 752 Quod
2121 684 2337 754 quidem
2382 702 2446 741 ex
2492 687 2577 741 his
2619 687 2677 742 S.
2732 687 2923 741 Hilarii
2971 689 3153 743 verbis
3189 690 3494 757 probatur:

1929 790 1947 823 ‹
1988 772 2230 826 Adventu
2262 774 2405 827 enim
2450 775 2694 833 Domini.
2746 776 2923 844 inquit
2968 777 3018 829 in
3056 779 3247 845 psalm.
3295 793 3497 844 cxutt,

1923 864 2200 917 confracta
2228 871 2283 917 et
2307 864 2542 917 contrita
2577 865 2777 918 diaboli
2811 875 3050 934 potestas
3079 876 3190 932 est,
3216 883 3340 921 cum
3373 869 3499 924 ﬁdei

1922 966 2237 1007 sanctorum
2287 955 2565 1009 hominum
2598 957 2876 1025 subjectus
2913 968 3026 1023 est,
3059 975 3164 1012 non
3210 962 3351 1028 quod
3392 978 3499 1017 non

1923 1046 2100 1099 adhuc
2151 1047 2405 1115 potentia:
2457 1063 2571 1101 sua!
2612 1049 2880 1103 maximas
2931 1049 3129 1103 haheat
3177 1051 3355 1116 vires,
3404 1054 3499 1107 sed

1920 1153 2020 1208 per
2080 1139 2131 1193 id
2178 1140 2319 1207 quod
2389 1151 2664 1210 utcunque
2714 1144 2990 1213 subjectus
3038 1154 3154 1209 est,
3214 1147 3499 1215 praesentis

1922 1230 2273 1296 subjectionis
2318 1235 2629 1288 conditione
2677 1236 2866 1291 ultioni
2914 1247 2969 1291 et
3029 1253 3204 1307 pmnte
3243 1239 3499 1307 legitima:

1919 1330 2256 1388 praeparatur
2288 1338 2300 1375 :
2342 1333 2398 1375 ut
2425 1339 2567 1377 nunc
2597 1340 2692 1393 per
2722 1326 2862 1379 hanc
2905 1328 3150 1381 eamdem
3194 1329 3495 1398 subjectio-

1922 1426 2046 1465 nem
2079 1421 2255 1467 tactus
2287 1413 2475 1479 fumet,
2518 1414 2644 1468 licet
2680 1415 2919 1470 nondum
2953 1426 3095 1473 totus
3131 1429 3323 1472 uratur
3357 1434 3372 1473 :
3402 1419 3497 1475 sed

1918 1517 2015 1572 per
2064 1501 2115 1554 id
2160 1504 2301 1571 quod
2344 1504 2562 1557 interim
2599 1504 2813 1561 fumare
2860 1509 3070 1574 potuit,
3111 1520 3164 1563 et
3209 1510 3289 1562 uri
3339 1524 3499 1578 posse

1921 1593 2232 1646 noscendus
2261 1602 2364 1647 est.
2408 1612 2426 1644 ι
2464 1592 2560 1647 His
2591 1595 2887 1666 adjungere
2922 1615 3209 1667 possumus
3237 1602 3380 1669 quod
3422 1601 3501 1655 ait

1919 1682 2058 1736 idem
2108 1682 2348 1737 Hilarius
2387 1684 2480 1738 Ιιι).
2512 1695 2692 1738 contra
2737 1686 3108 1743 Constantium
3134 1732 3147 1754 ,
3179 1708 3231 1746 n.
3266 1693 3299 1743 8
3323 1733 3337 1757 ,
3386 1694 3500 1747 dte-

1917 1788 2106 1827 mones
2138 1776 2203 1827 ad
2240 1785 2538 1845 martyrum
2570 1780 2871 1831 veneranda
2905 1797 3025 1833 ossa
3060 1783 3293 1849 mugire,
3325 1792 3375 1835 et
3410 1783 3498 1836 uri

244 1866 387 1935 leges
410 1908 424 1927 ,
448 1878 503 1919 et
531 1882 725 1935 poenas
752 1868 919 1929 dant,
953 1880 1263 1937 queruntur
1290 1872 1357 1924 de
1389 1871 1812 1939 legislatorihus,
1848 1883 1888 1937 Β
1917 1865 2027 1918 sine
2056 1866 2264 1934 ignibus
2292 1882 2311 1920 :
2352 1869 2494 1937 quod
2527 1870 2750 1938 quidem
2785 1870 2940 1923 multi
2988 1872 3078 1925 alii
3116 1874 3325 1941 antiqui
3359 1874 3500 1927 scri-

244 1960 332 2013 scd
381 1974 483 2011 non
536 1960 603 2010 de
652 1960 981 2027 semetipsis.
1048 1979 1066 2010 ι
1120 1959 1337 2014 Nullum
1388 1963 1476 2017 hic
1520 1966 1815 2030 vestigium

244 2050 353 2120 spei
400 2050 452 2103 in
486 2048 769 2104 Christum
807 2048 1094 2103 Dominum
1124 2068 1138 2113 ;
1175 2051 1567 2107 dubitationem
1599 2053 1819 2109 Satanae

242 2156 300 2194 ac
348 2143 513 2195 sortis
564 2158 679 2194 sua:
732 2142 1133 2209 ignorationem
1178 2158 1243 2197 ex
1288 2157 1353 2196 eo
1402 2146 1624 2214 repetit,
1673 2149 1818 2212 quod

244 2234 381 2285 illius
405 2233 792 2286 condemnatio
822 2248 926 2286 non
960 2247 1069 2287 tam
1099 2244 1282 2300 aperte
1312 2235 1365 2288 in
1401 2236 1584 2290 Veteri
1614 2237 1809 2292 Testa-

242 2333 438 2383 mento.
462 2339 627 2389 quam
663 2324 714 2375 in
742 2322 895 2377 Novo
926 2324 1120 2377 luisset
1142 2324 1451 2392 praedicata.
1478 2326 1618 2393 Quin
1653 2330 1817 2383 etiam

241 2416 489 2470 Satanam
525 2417 765 2472 lrenmus
790 2434 856 2472 eo
899 2419 1145 2474 stultitiae
1171 2422 1448 2476 existimat
1485 2429 1815 2493 pervenisse,

238 2521 294 2561 ut
323 2510 487 2562 Deum
514 2509 690 2562 latere
724 2519 996 2574 tentaret,
1028 2529 1132 2565 non
1163 2530 1258 2583 per
1289 2517 1525 2583 seipsutn
1549 2559 1565 2582 ,
1593 2519 1685 2572 sed
1720 2534 1819 2587 per

240 2602 520 2655 harcticos
568 2602 1029 2670 blasphemando.
1080 2622 1101 2655 ι
1152 2606 1283 2659 Nam
1332 2608 1445 2676 ipse
1476 2623 1573 2678 per
1618 2620 1818 2663 semet-

240 2694 441 2760 ipsum,
490 2694 672 2763 inquit
722 2695 921 2747 ibidem
975 2695 1250 2761 lrenaeus,
1323 2702 1462 2754 node
1511 2716 1616 2756 non
1655 2706 1817 2757 audet

239 2784 616 2851 blasphetnare
668 2800 829 2837 suum
882 2784 1213 2849 Dominum,
1251 2794 1710 2860 quemadmodum
1764 2804 1818 2849 et

241 2875 383 2927 initio
422 2892 524 2943 per
567 2887 892 2944 serpentem
926 2879 1145 2933 seduxit
1191 2879 1495 2947 hominem,
1532 2887 1685 2952 quasi
1735 2886 1815 2938 la-

243 2975 351 3018 tens
377 2966 574 3020 Deum.
621 2987 641 3018 ι
696 2967 985 3037 Nunquam
1028 2986 1160 3040 ergo
1206 2970 1455 3029 Justinus
1496 2985 1551 3027 et
1579 2976 1817 3030 Irenaaus

237 3055 428 3123 opinati
466 3064 602 3109 sunt
657 3058 921 3111 Satanam
975 3074 1226 3126 sperasse
1276 3060 1328 3113 in
1370 3060 1686 3125 Christum;
1722 3064 1815 3116 sed

239 3148 405 3215 potius
447 3164 731 3201 summam
784 3150 932 3202 illius
974 3149 1261 3203 stultitiam
1306 3163 1575 3221 argttunt,
1613 3153 1706 3221 qui
1757 3168 1815 3207 se

241 3239 397 3292 Deum
432 3240 608 3293 latere
646 3257 809 3309 posse
842 3242 1260 3297 existimaverit.
1298 3245 1449 3311 Quod
1486 3256 1665 3298 autem
1717 3247 1814 3300 de-

240 3331 341 3385 bita
378 3333 454 3385 illi
499 3335 649 3399 ignis
678 3334 948 3402 supplicia
980 3338 1047 3389 ad
1084 3347 1390 3391 extremum
1419 3338 1690 3405 judicium
1727 3354 1815 3393 re-

238 3421 451 3490 jiciunt;
492 3426 641 3478 hanc
670 3428 984 3493 opinionem
1017 3427 1294 3489 Petavius.
1337 3432 1433 3486 lib.
1469 3448 1554 3495 ιιι,
1601 3430 1675 3484 De
1714 3448 1815 3484 an-

243 3515 389 3581 gclt's,
427 3529 548 3583 cap.
594 3514 666 3581 4,
723 3519 1143 3584 Spectatissimis
1172 3521 1474 3589 quibusque
1523 3519 1812 3588 Patrihus,

244 3605 373 3658 inter
388 3622 528 3675 quos
553 3622 852 3660 recensere
869 3619 1080 3674 poterat
1100 3610 1360 3664 Hilarium
1384 3613 1437 3665 in
1458 3610 1602 3665 Psal.
1625 3627 1810 3676 cxun,

241 3695 545 3761 probatam,
593 3711 623 3749 a
654 3696 717 3749 S.
764 3696 973 3751 Thoma
1030 3702 1146 3754 sine
1189 3702 1396 3755 erroris
1438 3710 1565 3755 nota
1601 3717 1812 3756 memo-

243 3798 398 3839 ratam
448 3800 505 3841 et
557 3804 588 3840 a
632 3787 900 3856 Cajetano
944 3792 1062 3845 sine
1105 3794 1312 3847 erroris
1362 3793 1591 3847 crimine
1640 3793 1815 3848 fuisse

244 3890 625 3949 propugnatam
661 3884 964 3936 contendit.
1000 3900 1020 3933 t
1056 3882 1309 3937 Veterum
1350 3884 1568 3953 opinio,
1611 3883 1812 3952 inquit,

241 3974 327 4026 etsi
358 3973 459 4025 hoc
494 3982 747 4040 tempore
798 3985 1014 4041 recepta
1054 3991 1159 4029 non
1206 3983 1323 4039 est,
1359 3975 1487 4045 quia
1539 3976 1813 4031 daemones

241 4065 598 4120 damnationis
642 4081 760 4120 suae
812 4082 1001 4135 ptenas
1054 4082 1244 4121 omnes
1302 4069 1642 4137 expendere,
1693 4082 1815 4137 qua:

240 4159 444 4225 quidem
468 4161 807 4215 essentiales
828 4168 1119 4223 vocantur,
1145 4158 1379 4229 theologt
1407 4159 1524 4214 l'ere
1547 4161 1809 4223 sentiunt;

239 4267 335 4306 non
362 4264 443 4307 est
476 4265 662 4309 tamen
697 4254 943 4317 erroris,
979 4253 1172 4306 nedum
1207 4254 1430 4307 Incresis
1467 4254 1810 4308 accusandus

238 4348 319 4411 qui
364 4354 581 4399 asserat
632 4346 948 4411 diabolum,
998 4354 1051 4399 et
1087 4344 1205 4412 ejus
1257 4343 1518 4414 angelos,
1571 4345 1811 4398 nondum

237 4448 472 4491 extremo
509 4454 576 4492 ac
612 4452 830 4491 summo
874 4438 1145 4505 supplicio
1192 4435 1469 4497 cruciari,
1506 4436 1622 4489 sive
1673 4435 1813 4502 ignis

238 4528 574 4583 ellicientiam
608 4529 885 4598 experiri,
922 4529 975 4582 in
1012 4544 1117 4597 qua
1149 4528 1519 4582 damnationis
1555 4527 1768 4581 illorum
1793 4566 1808 4591 ,
1846 4527 1934 4626 Di

236 4624 369 4688 quod
399 4624 466 4675 ad
501 4638 729 4677 sensum
782 4630 837 4675 et
875 4622 1279 4690 perpeSsionem
1328 4622 1559 4682 attinet,
1597 4635 1807 4674 summa

237 4715 495 4767 consistit.
522 4733 540 4765 ι
566 4714 712 4767 Idem
737 4713 801 4766 de
827 4712 1091 4781 Cajetano
1117 4715 1194 4769 sic
1222 4714 1491 4782 loquitur:
1516 4731 1534 4763 ι
1565 4710 1809 4779 Cajetani

238 4806 557 4858 sententiam
608 4804 895 4857 catholica:
952 4804 1074 4857 ﬁdei
1126 4806 1461 4859 contrariam
1528 4818 1636 4858 non
1692 4816 1812 4857 esse

236 4905 435 4949 certum
475 4904 580 4949 est.
632 4893 767 4946 Nam
808 4909 984 4961 neque
1018 4895 1304 4963 Scriptura
1334 4934 1350 4959 ,
1402 4908 1578 4964 neque
1622 4894 1809 4948 conci-

236 4988 358 5042 lium
390 4989 564 5042 nllum
599 4989 868 5042 hactenus
902 4988 1089 5042 docuit
1124 4990 1399 5044 dzemones
1437 4999 1681 5042 extrema
1719 4989 1807 5042 illa

236 5083 492 5151 supplicia
528 5081 776 5150 perp-ti,
807 5095 929 5149 qua:
980 5091 1168 5147 parata
1211 5082 1278 5135 iis
1321 5097 1443 5135 esse
1491 5084 1609 5149 ipse
1642 5080 1809 5146 judex

236 5173 378 5227 dicit.
418 5193 439 5225 ι
501 5173 655 5226 Unde
700 5173 949 5225 eruditus
997 5186 1222 5240 operum
1274 5174 1334 5228 S.
1388 5172 1578 5226 lreuzei
1630 5172 1810 5225 editor

238 5262 296 5316 Ι).
326 5263 572 5317 Renatus
606 5261 884 5326 Massuet,
920 5239 1140 5318 dissert.
1166 5264 1236 5329 3,
1268 5272 1373 5316 art.
1405 5262 1440 5317 9
1462 5304 1476 5323 ,
1509 5270 1723 5330 captum
1754 5260 1807 5312 in

236 5354 517 5407 manifesta
540 5352 819 5406 calumnia
850 5352 1115 5408 Grabium
1147 5364 1201 5410 et
1227 5354 1584 5409 constrictum
1620 5361 1803 5417 tenet,

236 5443 530 5498 Romanam
584 5444 887 5500 Ecclesium
936 5446 1335 5516 reprehendere
1386 5462 1612 5511 ausmn,
1661 5445 1805 5512 quod

238 5546 288 5589 ut
314 5537 367 5589 in
394 5538 541 5602 aliis,
567 5538 640 5591 ita
669 5548 717 5593 st
748 5540 802 5592 in
827 5530 931 5591 hoc
970 5556 1001 5590 α
1029 5549 1335 5593 sanctorum
1368 5537 1627 5603 Patrum,
1661 5537 1806 5603 ipso-

238 5644 447 5697 rumque
463 5631 544 5682 sui
572 5630 943 5696 [Μάριοι-ωτι,
968 5630 1118 5684 Petri
1148 5642 1196 5683 et
1222 5628 1404 5696 Pauli,
1425 5630 1678 5683 sententia
1697 5629 1805 5682 dis-

240 5725 462 5778 cesserit.

303 5814 573 5871 Caterutn
624 5816 792 5873 sancti
850 5816 1075 5886 Patres,
1114 5817 1241 5870 dum
1291 5813 1432 5884 ignis
1476 5812 1802 5883 supplicium

1920 1969 2104 2025 ptores
2140 1961 2314 2013 testati
2348 1970 2473 2013 sunt
2499 2001 2514 2023 ,
2551 1972 2607 2014 ut
2649 1962 2878 2016 erudita:
2918 1964 2983 2017 ad
3034 1964 3178 2019 hunc
3214 1966 3271 2018 S.
3308 1964 3495 2018 llilarii

1920 2047 2095 2104 locum
2125 2052 2504 2106 adnotationes
2536 2054 2791 2121 probant.

1994 2183 2082 2238 Vl.
2119 2184 2177 2239 S.
2215 2194 2423 2256 martyr
2470 2201 2812 2255 nequaquam
2853 2198 2909 2241 ut
2945 2189 3279 2253 daemonum,
3315 2189 3387 2243 ita
3441 2198 3497 2246 et

1921 2277 2186 2331 malorum
2247 2279 2530 2331 hominum
2584 2280 2861 2334 cruciatus
2906 2280 2957 2334 in
3011 2290 3314 2334 extremum
3351 2281 3499 2349 judi-

1919 2369 2064 2423 cium
2098 2368 2296 2436 rejicit.
2337 2366 2519 2422 Videri
2556 2379 2735 2424 tamen
2770 2382 2955 2439 posset
2987 2371 3217 2438 rejicere
3261 2373 3314 2426 in
3346 2376 3498 2428 testi-

1918 2461 2117 2514 moniis
2142 2477 2302 2531 supra
2332 2461 2543 2528 allatis,
2578 2462 2631 2515 in
2663 2463 2861 2530 quibus
2886 2463 3059 2516 tnalos
3090 2464 3339 2518 homines
3370 2480 3493 2518 cum

1919 2552 2250 2605 dtemonibus
2280 2551 2559 2621 conjungit
2579 2593 2594 2617 ,
2628 2562 2682 2607 et
2712 2552 2958 2622 utrisque
2985 2565 3169 2617 parata
3206 2570 3327 2609 esse
3356 2556 3496 2625 ignis

1919 2645 2186 2715 supplicia
2220 2647 2486 2701 decernit.
2524 2649 2591 2700 At
2634 2645 2761 2699 alibi
2800 2647 3007 2699 diserte
3050 2646 3292 2699 declarat
3327 2649 3497 2702 malo-

1920 2753 2035 2790 rum
2060 2739 2271 2791 animas
2297 2740 2455 2793 modo
2480 2738 2747 2805 torqueri.
2779 2737 2872 2791 Sic
2903 2737 3142 2804 loquitur
3170 2738 3221 2790 in
3248 2736 3493 2803 Cohort.,

1919 2842 1972 2879 n.
2006 2826 2114 2879 55:
2153 2845 2171 2878 t
2207 2826 2352 2881 Nihil
2387 2829 2533 2882 enim
2570 2829 2622 2881 in
2658 2826 2892 2893 majores
2932 2833 3144 2880 vestros
3172 2830 3491 2894 pet-cubitis,

1917 2918 1959 2971 si
2002 2932 2143 2972 nunc
2176 2918 2229 2971 in
2275 2920 2606 2973 contrariam
2643 2917 2854 2971 illorum
2898 2918 3077 2970 errori
3122 2927 3329 2986 partem
3360 2917 3493 2971 l'erri

1916 3009 2130 3075 velitis;
2160 3024 2297 3078 quos
2325 3011 2539 3079 quidem
2565 3010 2857 3063 verisimile
2895 3018 2980 3063 est
3008 3024 3149 3062 nunc
3182 3010 3233 3062 in
3274 3009 3495 3066 inferno

1917 3116 2036 3154 sera
2070 3103 2383 3171 pmniteutia
2416 3102 2610 3155 ductos
2639 3102 2843 3168 lugere;
2876 3116 2938 3155 ac
2971 3102 3014 3155 si
3055 3102 3168 3153 ﬁeri
3201 3110 3385 3167 posset
3431 3107 3491 3154 ut

1842 3213 1884 3270 ρ
1920 3191 2041 3245 inde
2070 3193 2223 3247 vobis
2267 3194 2608 3256 nuntiarent,
2641 3209 2761 3261 qua:
2811 3194 2912 3245 sibi
2966 3204 3089 3261 post
3141 3194 3299 3247 ﬁnem
3334 3192 3493 3262 hujus

1918 3288 2040 3341 vitae
2086 3297 2416 3350 evenerunt,
2472 3289 2777 3341 nosceretis
2832 3287 3073 3356 profecto
3125 3288 3345 3356 quantis
3396 3304 3493 3345 vos

1917 3380 2073 3433 malis
2105 3380 2361 3434 liberatos
2389 3379 2577 3432 velint.
2619 3397 2638 3430 ι
2679 3379 2744 3432 Ει
2795 3379 2848 3432 in
2885 3378 3136 3447 Apologia
3184 3380 3237 3443 1,
3283 3395 3337 3432 n.
3374 3380 3441 3433 l2
3473 3398 3487 3433 :

1921 3487 1941 3521 ι
1970 3470 2131 3524 Vobis
2158 3480 2338 3523 autem
2367 3470 2645 3539 adjutores
2668 3470 2909 3523 omnium
2943 3470 3219 3523 hominum
3258 3471 3493 3524 maxime

1915 3573 1971 3617 et
2004 3561 2274 3616 auxiliarii
2324 3562 2392 3615 ad
2436 3576 2628 3630 pacem
2657 3563 2869 3623 sumus,
2900 3562 2993 3630 qui
3047 3564 3160 3616 hinc
3212 3562 3487 3624 docemus,

1916 3655 2031 3707 ﬁeri
2059 3654 2284 3707 omnino
2315 3668 2420 3707 non
2450 3668 2633 3721 posse,
2664 3664 2722 3707 ut
2749 3652 2916 3705 Deum
2960 3653 3129 3705 lateat
3172 3652 3488 3716 maleﬁcus,

1916 3754 2009 3798 aut
2053 3758 2270 3804 avarus,
2306 3751 2399 3795 aut
2447 3741 2769 3809 insidiator,
2825 3752 2919 3795 aut
2961 3743 3160 3796 virtute
3202 3743 3489 3812 praeditus,

1916 3848 1980 3886 ac
2034 3848 2476 3901 unumquemque
2507 3834 2572 3885 ad
2616 3842 2879 3887 mternum
2934 3834 3048 3886 sive
3092 3848 3335 3901 ptBnatn,
3374 3834 3490 3886 sive

1915 3924 2141 3979 salutem
2168 3939 2268 3993 pro
2295 3926 2505 3977 meritis
2530 3926 2806 3977 aetionum
2834 3923 3126 3993 proﬁcisci.
3154 3943 3172 3975 ι
3206 3924 3270 3977 Et
3302 3940 3353 3976 n.
3383 3924 3484 3977 ειη

1921 4035 1939 4067 ι
1972 4017 2106 4071 Cum
2136 4026 2315 4069 autem
2348 4016 2656 4083 iniquorum
2684 4018 2894 4071 animas
2922 4017 3101 4086 puniri
3133 4032 3294 4071 sensu
3323 4018 3485 4069 etiam

1916 4119 2037 4180 post
2074 4121 2303 4163 mortem
2347 4110 2603 4178 prwditas
2632 4110 2869 4164 dicimus
2890 4149 2905 4174 ,
2938 4112 3203 4163 bonorum
3234 4118 3412 4162 autem
3459 4122 3490 4161 a

1914 4201 2196 4271 suppliciis
2240 4201 2500 4255 liberatas
2544 4202 2809 4271 praeclare
2841 4217 2900 4255 se
2930 4201 3133 4255 habere
3160 4241 3174 4264 ,
3203 4205 3394 4255 eadem
3426 4216 3491 4257 ac

1914 4305 2088 4363 poetic
2109 4303 2165 4347 et
2194 4293 2497 4361 philosophi
2541 4293 2727 4347 dicere
2762 4294 3092 4348 videbimur.
3129 4312 3147 4344 ι
3167 4291 3364 4361 Liquet
3392 4290 3491 4346 Ju-

1915 4386 2116 4439 stinum
2173 4386 2237 4439 de
2294 4387 2605 4439 animarum
2654 4397 2781 4439 ante
2832 4386 3287 4439 resurrectionem
3340 4393 3490 4438 statu

1915 4495 2076 4548 agere
2104 4478 2325 4548 jamque
2363 4479 2580 4546 iniquos
2611 4478 2945 4532 cruciatibus
2975 4478 3217 4531 addictos
3248 4491 3492 4545 pronun-

1940 4574 2073 4628 iare.
2118 4576 2209 4629 Sic
2241 4577 2404 4630 etiam
2436 4590 2597 4629 senex
2629 4574 2717 4627 ille
2739 4574 3106 4634 Christianus,
3137 4572 3294 4640 cujus
3326 4569 3485 4622 testi-

1915 4667 2152 4720 monium
2188 4683 2348 4737 supra
2377 4670 2556 4736 attuli,
2585 4648 2847 4721 malorum
2876 4667 3084 4717 animas
3118 4664 3168 4715 in
3203 4661 3479 4715 deteriore

1915 4755 2034 4810 loco
2059 4757 2324 4823 judicium
2353 4758 2571 4813 dicebat
2594 4767 2941 4827 exspectare.
2968 4754 3335 4821 Quamobrem
3361 4766 3486 4805 cum

1912 4847 1989 4898 ait
2029 4844 2275 4901 Justinus
2312 4847 2484 4902 malos
2535 4848 2786 4901 homines
2825 4860 2950 4900 cum
2989 4843 3330 4897 daemonibus
3364 4849 3489 4908 post

1905 4937 2168 5006 judicium
2195 4948 2497 4991 extremum
2527 4947 2733 4992 aeterno
2765 4938 2874 5007 igni
2905 4937 3183 4991 addictum
3217 4936 3311 4998 iri,
3340 4934 3394 4987 id
3419 4933 3486 4986 de

1912 5043 2052 5083 novo
2081 5028 2173 5083 illo
2214 5040 2359 5084 statu
2405 5030 2782 5100 accipiendum
2804 5069 2819 5093 ,
2852 5030 2907 5084 in
2936 5044 3045 5099 quo
3094 5044 3202 5082 non
3229 5028 3339 5097 jam
3369 5025 3487 5079 sola

1912 5121 2111 5189 anima,
2142 5121 2236 5176 sed
2268 5120 2442 5191 ipsum
2472 5122 2634 5176 etiam
2659 5137 2859 5191 corpus
2888 5135 3012 5176 cum
3038 5121 3218 5173 anima
3252 5128 3476 5187 torque-

1910 5213 2080 5268 bitur.

1979 5352 2099 5423 Ipsa
2122 5350 2318 5408 Justini
2351 5353 2616 5407 sententia
2643 5353 2710 5409 de
2738 5361 2963 5407 venturo
2986 5350 3051 5405 ad
3086 5345 3484 5403 Antichristum

1910 5446 2288 5501 debellandum
2326 5446 2570 5509 Christo,
2613 5463 2674 5500 ac
2719 5446 2869 5499 illum
2909 5454 2957 5498 et
3006 5442 3301 5495 obedienles
3334 5440 3381 5491 ei
3428 5439 3485 5491 in

1909 5549 2153 5607 stagnum
2196 5540 2369 5609 ignis,
2410 5548 2469 5591 ut
2521 5538 2598 5591 ait
2638 5537 2904 5601 lrenaaus,
2947 5535 3041 5589 lib.
3086 5549 3172 5598 tv,
3224 5547 3340 5599 cap.
3374 5531 3480 5596 50,

1912 5631 2182 5694 missurn,
2238 5639 2562 5699 argumento
2615 5637 2695 5683 est
2740 5628 2891 5681 illum
2944 5625 3231 5696 agnovisse
3279 5619 3478 5675 inﬂicta

1910 5718 2067 5774 malis
2115 5720 2427 5775 hominibus
2484 5727 2612 5773 ante
2663 5726 2972 5773 extremum
3017 5714 3282 5784 judicium
3336 5708 3479 5780 ignis

1908 5812 2194 5883 supplicia.
