3932 6258
178 338 231 394 35
1273 348 1333 405 D.
1372 348 1633 407 ΜΑΒΑΝΙ
1679 351 1806 408 ΡΒΑ

1914 353 2077 413 LTIO.
2118 385 2187 396 —
2214 350 2394 410 PARS
2433 352 2498 410 II.
3413 357 3482 414 94

181 458 226 512 in
253 457 496 512 oratione
524 472 682 513 nona
731 476 998 531 regnum
1066 467 1220 522 mille
1262 484 1527 525 annorum
1558 473 1802 541 adoptat,
1834 480 1881 537 Α

184 554 233 607 in
273 562 457 607 octava
503 553 725 609 coelum
778 558 1133 629 virginibus
1162 576 1192 615 e
1217 577 1447 633 corpore
1492 565 1686 620 solutis
1718 566 1805 621 di—

188 656 315 701 serte
337 646 639 715 promittit.

1982 476 2070 530 111.
2103 475 2227 532 Haec
2253 474 2561 531 Judmorum
2598 476 2884 532 conversio
2925 485 2979 531 et
3020 476 3150 533 Elite
3194 477 3381 534 missio
3412 481 3480 533 ad

1909 570 2015 623 hoc
2051 583 2186 639 opus
2215 570 2624 637 exsequendum
2656 569 2859 624 diserte
2885 584 2915 622 a
2949 569 3008 623 S.
3037 569 3250 627 Justino
3275 586 3481 627 memo—

1908 668 2127 714 rantur.
2186 659 2437 714 Declarat
2470 659 2662 724 Eliam,
2717 675 2836 715 cum
2885 660 3058 732 gloria
3102 670 3157 717 et
3193 662 3483 731 splendore

252 737 314 793 11.
337 736 489 804 Quod
516 749 750 807 spectat
783 742 861 797 ad
899 760 1150 816 regnum
1180 748 1326 803 mille
1351 763 1642 814 annorum,
1667 766 1806 805 non-

200 830 327 883 anna
348 830 399 882 in
424 830 528 885 hoc
550 846 871 901 perperam
902 848 1230 907 exspectato
1246 850 1441 893 eventu
1465 839 1807 896 observanda

207 922 655 992 etdistinguenda
688 926 861 991 sunt,
889 937 955 981 ut
1001 930 1251 984 doctrina
1296 930 1517 995 Justini,
1568 947 1687 1000 qua:
1718 948 1809 988 ne-

210 1029 451 1083 quaquam
480 1016 692 1071 ordine
710 1021 1049 1087 exponitur,
1083 1022 1181 1077 sed
1203 1022 1369 1078 variis
1398 1021 1531 1077 locis
1558 1022 1807 1094 inspersa

209 1120 301 1170 est,
326 1108 615 1177 colligatur
634 1120 699 1164 et
735 1111 1090 1168 illustretur.

266 1201 562 1269 Antequam
607 1201 891 1258 Christus
945 1204 1188 1275 gloriose
1235 1219 1268 1260 e
1308 1206 1549 1263 nubibus
1595 1207 1805 1271 veniat,

202 1296 595 1349 Antichristum
637 1296 702 1349 in
758 1297 937 1353 terris
1010 1300 1311 1354 crudeliter
1352 1310 1702 1369 regnaturum
1751 1309 1808 1354 et

201 1387 479 1441 horribilia
512 1388 571 1442 in
612 1389 714 1443 Dei
752 1404 955 1445 servos
997 1390 1139 1443 mala
1187 1405 1252 1445 ac
1290 1391 1555 1460 supplicia
1588 1390 1807 1461 excogi-

203 1488 438 1533 tatarum
469 1479 778 1550 putabant.
820 1479 947 1535 Jam
999 1482 1152 1536 illum
1201 1497 1300 1550 pro
1348 1482 1561 1536 foribus
1613 1482 1807 1536 adesse

203 1571 554 1626 existimabat
573 1570 866 1635 Justinus,
889 1572 1133 1641 Dialog.,
1159 1589 1216 1627 n.
1249 1573 1339 1627 32.
1376 1573 1452 1627 Ex
1486 1589 1595 1643 quo
1622 1573 1808 1643 sequi-

204 1677 291 1717 tur
320 1679 675 1733 nequaquam
737 1663 813 1719 ab
851 1680 919 1721 eo
979 1665 1273 1720 adventum
1333 1666 1536 1721 Christi
1579 1666 1805 1720 dilatum

204 1757 375 1810 fuisse
406 1757 456 1810 in
484 1757 719 1826 longum
763 1766 1003 1828 tempus.
1040 1757 1175 1811 Nam
1207 1771 1435 1828 regnum
1476 1757 1803 1812 Antichristi

207 1850 364 1902 annis
390 1850 572 1903 tribus
612 1859 674 1903 et
705 1864 804 1903 sex
834 1849 1116 1904 mensibus
1154 1850 1463 1915 coercebat,
1490 1850 1623 1904 ibid.
1652 1849 1805 1905 Tunc

208 1950 389 1994 autem
429 1940 724 1995 Christum
756 1958 789 1995 e
815 1942 960 1996 caelo
989 1957 1112 1996 cum
1137 1942 1309 2012 gloria
1340 1952 1627 1997 venturum
1656 1959 1803 1998 asse-

210 2036 295 2094 rit,
328 2035 545 2102 quando
568 2045 622 2088 et
656 2033 979 2100 defectionis
1006 2034 1162 2089 homo
1185 2036 1410 2105 grandia
1434 2039 1594 2090 etiam
1619 2038 1805 2090 adver-

208 2143 293 2179 sus
326 2126 669 2178 Altissimum
693 2125 750 2179 in
781 2127 939 2179 terris
966 2127 1204 2196 loquens,
1231 2128 1463 2194 nefanda
1495 2127 1710 2181 audebit
1747 2133 1804 2181 in

212 2234 299 2270 ea:
323 2216 697 2280 Christianos,
734 2234 792 2269 n.
824 2216 949 2272 ΗΟ.
985 2217 1190 2271 Eadem
1224 2218 1487 2271 habemus
1511 2219 1653 2288 apud
1684 2218 1805 2273 Ire-

212 2326 407 2372 naeum,
446 2310 549 2363 lib.
582 2326 640 2373 ν,
675 2325 729 2363 c.
778 2308 871 2373 50,
913 2310 1162 2367 numJ:
1194 2329 1212 2361 ι
1235 2307 1371 2363 Cum
1407 2319 1589 2363 autem
1624 2319 1806 2363 vasta-

213 2404 347 2456 verit
374 2404 579 2457 Antich
592 2403 771 2457 ristus
798 2403 887 2456 hic
914 2403 1103 2458 omnia
1123 2402 1174 2456 in
1204 2404 1305 2457 hoc
1332 2403 1804 2471 mundo,rcgnans

212 2496 367 2549 annis
392 2495 574 2549 tribus
608 2504 669 2549 et
703 2496 999 2550 mensibus
1028 2510 1147 2560 sex,
1178 2504 1233 2549 et
1268 2494 1481 2549 sederit
1516 2493 1571 2546 in
1605 2492 1805 2561 templo

215 2584 634 2657 Hierosolymis,
665 2595 800 2641 tunc
830 2586 1021 2640 veniet
1050 2586 1314 2641 Dominus
1350 2586 1417 2639 de
1439 2585 1594 2640 caelis
1617 2586 1670 2638 in
1700 2600 1801 2638 nu-

215 2678 387 2745 bibus,
417 2681 472 2731 in
503 2677 692 2749 gloi-ia
738 2677 949 2743 Patris,
975 2678 1125 2731 illum
1155 2678 1372 2745 quidem
1404 2687 1459 2732 et
1489 2678 1805 2732 obedientes

213 2773 259 2823 ei
291 2774 345 2823 in
368 2780 633 2840 stagnum
667 2770 814 2841 ignis
841 2769 1098 2835 mittens;
1132 2768 1413 2823 adducens
1442 2768 1807 2837 autemjustis

217 2864 365 2931 regni
394 2872 680 2931 tempora,
731 2862 837 2915 hoc
881 2868 967 2915 est
1030 2860 1453 2930 requietionem,
1516 2861 1803 2929 septimam

218 2954 355 3005 diem
390 2952 838 3017 sanctificatam,
870 2960 925 3004 et
962 2950 1265 3006 restituens
1301 2949 1534 3005 Abrahae
1572 2950 1806 3019 promis-

216 3046 417 3100 sionem
461 3044 816 3100 haereditatis
855 3044 954 3097 :in
995 3059 1105 3113 quo
1156 3058 1350 3111 regno,
1393 3042 1470 3096 ait
1521 3042 1804 3106 Dominus,

221 3136 415 3189 multos
451 3135 524 3188 ab
567 3134 803 3190 Oriente
830 3141 886 3187 et
925 3132 1226 3188 Occidente
1260 3132 1564 3197 venientes,
1590 3146 1807 3186 recum-

218 3228 343 3282 bere
377 3244 504 3283 cum
543 3229 833 3282 Abraham
874 3235 935 3280 et
1009 3224 1160 3279 Isaac
1190 3234 1245 3279 et
1272 3223 1461 3282 Jacob.
1492 3244 1513 3278 ι
1554 3226 1625 3279 At
1663 3225 1808 3278 inter

220 3322 535 3376 Antichristi
570 3336 808 3391 regnum
852 3330 907 3376 et
934 3319 1143 3374 Christi
1175 3319 1468 3372 adventum
1501 3318 1609 3372 duo
1638 3317 1810 3371 inter-

221 3415 411 3467 cedunt
444 3411 842 3467 memorabiles
866 3422 1120 3478 eventus,
1146 3410 1275 3464 Elim
1306 3409 1495 3464 missio
1517 3420 1573 3464 et
1596 3407 1810 3463 Judazo-

226 3523 335 3561 rltn
359 3508 683 3563 conversio.

290 3599 551 3667 Quamvis
580 3598 789 3654 Judaais
807 3598 1039 3654 minime
1060 3595 1370 3653 dissimulet
1392 3595 1635 3650 Justinus
1653 3594 1812 3663 quid-

227 3695 345 3763 quid
385 3708 585 3747 eorum
641 3692 959 3747 obstinatus
1008 3691 1063 3743 in
1115 3704 1307 3744 errore
1356 3689 1574 3741 animus
1612 3685 1810 3739 merito

230 3788 470 3841 audiebat
495 3802 510 3851 ;
555 3798 830 3853 nusquam
860 3790 1045 3835 tamen
1077 3779 1159 3835 eis
1180 3781 1482 3849 exprobrat
1504 3785 1808 3832 extremum

232 3879 349 3932 illud
395 3879 608 3941 scelus,
652 3876 802 3945 quod
851 3872 1259 3927 Antichristum
1316 3872 1598 3925 adorando
1642 3883 1811 3939 seque

235 3974 371 4027 illius
400 3973 621 4042 legibus
669 3966 1021 4039 subjicienda
1050 3966 1344 4019 admissuri
1378 3964 1720 4020 ferebantur.
1752 3962 1811 4017 Id

233 4068 499 4134 conceptis
534 4062 727 4118 verbis
751 4060 1000 4116 declarat
1036 4059 1291 4122 lrenaeus,
1320 4056 1416 4111 lib.
1442 4071 1525 4119 ιιι,
1549 4071 1600 4109 c.
1623 4054 1715 4118 25,
1752 4071 1806 4109 ιι.

233 4158 264 4210 4
289 4176 305 4209 :
339 4176 357 4208 ι
389 4158 454 4211 Et
488 4156 765 4210 Dominus
793 4161 976 4206 autem
1028 4151 1133 4205 hoc
1162 4149 1292 4203 item
1323 4164 1428 4202 non
1459 4147 1811 4201 credentibus

232 4252 326 4305 sibi
349 4250 574 4305 dicebat
607 4266 621 4301 :
657 4246 771 4317 Ego
806 4246 920 4299 ueni
945 4247 999 4296 in
1046 4243 1256 4296 nomine
1288 4241 1471 4295 Patris
1500 4240 1601 4293 mei
1629 4250 1675 4292 et
1707 4254 1811 4291 non

233 4343 491 4410 recepistis
531 4355 651 4401 me;
689 4352 808 4389 cum
842 4335 982 4388 alius
1016 4334 1212 4387 venerit
1245 4333 1303 4384 in
1334 4330 1542 4383 nomine
1580 4346 1698 4397 suo,
1742 4330 1810 4381 il-

230 4434 333 4486 lum
375 4431 739 4500 recipietis";
790 4428 956 4480 alium
1009 4426 1202 4479 dicens
1252 4423 1653 4477 Antichristum
1716 4422 1807 4489 qui

1909 757 2229 811 venturum,
2306 759 2366 803 ut
2427 750 2883 819 quemadmodum
2955 750 3073 821 ejus
3125 753 3357 821 spiritus
3425 754 3479 807 in

1908 837 2118 893 Joanne
2150 840 2311 909 primi
2344 849 2398 895 et
2428 840 2648 896 humilis
2685 843 2948 897 adventus
2981 857 3287 911 praecursor
3311 844 3482 898 exsti—

1909 931 1997 995 tit,
2031 932 2103 984 ita
2128 933 2243 1002 ipse
2269 933 2498 987 secundi
2533 943 2583 988 et
2623 934 2845 1001 gloriosi
2889 943 3193 1003 praecursor
3222 935 3313 990 sit.
3344 934 3479 991 Cum

1911 1020 2122 1076 diceret
2170 1021 2396 1092 Trypho
2446 1024 2682 1077 nondum
2742 1023 2959 1079 venisse
2996 1024 3289 1091 Christum,
3353 1026 3482 1095 quia

1908 1115 2147 1168 nondum
2186 1115 2334 1168 venit
2364 1114 2506 1170 Elias
2537 1116 2628 1184 qui
2661 1114 2809 1169 illum
2842 1124 3103 1170 uncturus
3129 1125 3231 1183 est,
3258 1132 3483 1188 respon-

1908 1205 2001 1261 det
2051 1204 2300 1261 Justinus
2333 1205 2509 1260 Eliam
2546 1208 2797 1261 terribilis
2830 1215 2881 1260 et
2924 1209 3103 1277 magni
3132 1209 3269 1274 diei,
3309 1210 3365 1262 id
3403 1219 3483 1263 est

1910 1298 2130 1351 secundi
2178 1298 2461 1363 adventus,
2512 1314 2888 1366 prtecursorem
2916 1298 3178 1365 futurum.
3230 1314 3250 1350 ι
3306 1299 3485 1369 Atque

1909 1387 2015 1443 hoc
2043 1390 2241 1458 ipsum,
2278 1390 2472 1459 inquit,
2508 1406 2563 1443 ιι.
2598 1390 2689 1454 49,
2734 1389 2990 1444 Dominus
3024 1400 3207 1445 noster
3248 1391 3390 1446 inter
3417 1406 3481 1445 ea

1908 1496 2030 1552 qua:
2062 1482 2262 1550 docuit,
2294 1480 2534 1535 futurum
2566 1497 2687 1536 esse
2718 1482 2958 1546 tradidit,
2988 1498 3109 1538 cum
3151 1483 3317 1537 Eliam
3346 1498 3483 1552 quo-

1908 1589 2016 1646 que
2062 1575 2206 1630 dixit
2252 1589 2374 1629 esse
2420 1581 2728 1628 venturum.
2767 1573 2921 1639 Quod
2968 1574 3189 1643 quidem
3243 1572 3481 1628 futurum

1907 1680 2009 1721 nos
2036 1666 2418 1726 esse‘scimus,
2453 1680 2574 1719 cum
2602 1679 2633 1719 e
2668 1664 2821 1719 ccelis
2845 1665 3077 1734 gloriose
3104 1664 3359 1720 Dominus
3387 1681 3486 1720 no-

1911 1765 2025 1813 ster
2068 1756 2227 1813 Jesus
2278 1756 2528 1813 Christus
2575 1766 2836 1810 venturus
2879 1765 3000 1824 est;
3053 1758 3208 1825 cujus
3260 1758 3480 1826 quidem

1906 1849 2064 1919 primi
2100 1850 2262 1902 etiam
2290 1850 2556 1903 adventus
2583 1848 2818 1916 Spiritus
2842 1847 2957 1911 Dei,
2990 1848 3080 1917 qui
3108 1857 3229 1902 erat
3258 1849 3311 1902 in
3339 1848 3478 1913 Elia,

1906 1956 2088 2010 praeco
2119 1942 2398 2011 przecessit
2434 1941 2484 1994 in
2525 1939 2736 1994 Joanne
2786 1941 2951 1995 vestri
3001 1941 3214 2010 generis
3248 1941 3481 2009 prophe~

1906 2044 1980 2089 ta.
2007 2053 2026 2085 ι
2066 2034 2133 2088 Et
2160 2032 2321 2102 paulo
2356 2042 2479 2102 post
2512 2047 2527 2087 :
2568 2051 2586 2083 ι
2623 2032 3237 2098 Quemadmodum-cum
3271 2030 3482 2101 Moyses

1906 2127 2086 2182 adhuc
2117 2129 2260 2180 inter
2286 2126 2538 2179 homines
2572 2135 2905 2190 versaretur,
2934 2123 3205 2178 transtulit
3248 2124 3390 2178 Deus
3425 2124 3479 2177 in

1904 2217 2089 2274 Jesum
2118 2234 2184 2273 ex
2212 2233 2277 2272 eo
2314 2218 2534 2287 spiritu,
2566 2217 2657 2286 qui
2706 2225 2823 2271 erat
2853 2218 2905 2270 in
2935 2217 3080 2271 Mose
3105 2234 3119 2282 ;
3151 2218 3224 2270 ita
3267 2215 3336 2270 ab
3362 2216 3482 2270 Elia

1905 2312 1957 2366 in
2012 2309 2277 2365 Joannem
2324 2309 2623 2363 transferre
2674 2308 2846 2377 potuit
2900 2309 3069 2374 Deus;
3122 2318 3181 2363 ut
3218 2309 3481 2379 quemad-

1906 2404 2122 2458 modum
2152 2402 2403 2458 Christus
2427 2404 2606 2472 priore
2643 2404 2876 2457 adventu
2910 2402 3172 2471 inglorius
3198 2404 3476 2473 apparuit,

1906 2495 1978 2549 ita
2005 2495 2171 2549 etiam
2211 2494 2354 2549 illius
2384 2495 2632 2564 spiritus,
2667 2495 2760 2564 qui
2793 2494 2847 2548 in
2887 2494 3003 2549 Elia
3052 2509 3219 2563 purus
3260 2508 3483 2563 semper

1905 2596 1962 2644 et
2010 2587 2221 2659 integer
2273 2589 2545 2651 manebat,
2589 2587 2774 2641 itidem
2839 2596 2900 2641 ut
2957 2586 3161 2641 Christi
3211 2585 3479 2656 inglorius

1907 2679 2118 2748 primus
2156 2680 2421 2733 adventus
2450 2678 2867 2748 intelligeretur.

1980 2769 2094 2823 Hoc
2128 2770 2258 2823 Elia:
2282 2770 2644 2825 ministerium
2670 2768 2981 2824 Judmorum
3011 2770 3065 2824 in
3116 2770 3307 2841 primis
3343 2786 3479 2827 con-

1910 2863 2144 2916 versioni
2198 2863 2528 2917 destinatum
2559 2862 2865 2917 videbatur.
2909 2860 3027 2915 Non
3070 2862 3213 2916 enim
3250 2862 3481 2917 dubium

1906 2962 2027 3011 erat
2055 2953 2292 3019 Justino,
2321 2955 2450 3023 quin
2490 2953 2707 3009 Judasos
2740 2955 2994 3008 Christus
3017 2954 3318 3010 adveniens
3354 2970 3481 3009 sus-

1908 3058 2169 3116 cepturus
2223 3059 2389 3117 esset,
2418 3060 2473 3103 et
2516 3063 2639 3102 cum
2688 3048 2810 3102 aliis
2836 3048 3099 3115 ﬁdelibus
3130 3049 3399 3103 bonorum
3428 3051 3481 3103 in

1913 3142 2047 3195 urbe
2077 3140 2382 3196 Jerusalem
2428 3141 2822 3210 promissorum
2865 3141 3164 3211 participes
3205 3142 3481 3203 facturus.

1917 3248 1935 3283 ι
1976 3231 2072 3286 His
2104 3232 2307 3295 verbis,
2356 3232 2552 3300 inquit,
2588 3246 2736 3284 num.
2768 3230 2870 3296 55,
2900 3229 3113 3284 Juravit
3151 3230 3403 3287 Dominus
3433 3242 3486 3285 et

1914 3339 2017 3377 non
2048 3324 2313 3392 pwnitebit
2341 3337 2501 3383 eum;
2538 3329 2592 3372 tu
2624 3337 2676 3373 es
2710 3323 2958 3373 sacerdos
3000 3320 3055 3374 in
3102 3332 3357 3376 aeternum
3397 3338 3483 3375 se-

1911 3416 2150 3469 cundum
2179 3413 2415 3467 ordinem
2442 3409 2823 3464 Metcltisedech
2857 3411 2923 3475 “,
2955 3410 3313 3479 jurejurando
3344 3412 3484 3465 Deus

1911 3514 2133 3575 propter
2156 3501 2595 3557 incredulitatem
2632 3511 2873 3555 vestram
2915 3499 3263 3567 interposito,
3298 3502 3483 3569 ponti-

1912 3596 2070 3651 licem
2114 3594 2262 3648 illum
2296 3595 2596 3647 secundum
2636 3592 2885 3646 ordinem
2931 3591 3331 3646 Melchisedech
3362 3606 3486 3647 esse

1912 3686 2207 3744 declaravit
2243 3702 2256 3738 :
2295 3686 2399 3739 hoc
2435 3692 2539 3747 est,
2578 3684 3032 3752 quemadmodum
3087 3682 3482 3739 Melchisedech

1914 3780 2168 3837 sacerdos
2196 3778 2459 3833 Altissimi
2484 3777 2652 3831 fuisse
2690 3791 2720 3830 a
2752 3774 2903 3830 Mose
2930 3776 3166 3843 scriptus
3197 3786 3300 3845 est,
3331 3776 3485 3845 isque

1913 3889 2127 3938 eorum,
2158 3872 2249 3941 qui
2290 3871 2343 3925 in
2390 3868 2674 3939 prmputio,
2721 3867 2979 3924 sacerdos
3015 3877 3157 3930 erat,
3203 3882 3268 3921 ac
3307 3867 3485 3920 Abra-

1914 3967 2076 4021 hamo
2111 3964 2355 4018 decimas
2403 3961 2503 4031 ipsi
2554 3960 2606 4013 in
2661 3957 3079 4013 circumcisione
3114 3955 3364 4011 offerenti
3392 3956 3487 4010 be-

1913 4059 2153 4121 nedixit;
2192 4057 2273 4109 sic
2296 4054 2437 4107 Deus
2458 4060 2718 4105 aeternum
2750 4065 2906 4103 suum
2937 4048 3277 4103 sacerdotem
3306 4048 3399 4117 qui
3430 4054 3486 4101 et

1916 4149 2178 4206 Dominus
2220 4164 2250 4199 a
2289 4144 2494 4214 Spiritu
2539 4152 2728 4197 sancto
2774 4151 2999 4195 vocatus
3028 4149 3151 4206 est,
3182 4153 3370 4193 eorum
3393 4140 3485 4207 qui

1911 4243 1965 4297 in
2017 4241 2282 4312 prazputio
2335 4237 2677 4291 sacerdotem
2735 4234 2995 4297 futurum,
3028 4243 3082 4287 et
3133 4232 3489 4287 circumcisus

1912 4349 2127 4403 quoque
2180 4332 2329 4400 ipsos
2364 4330 2431 4382 ad
2480 4342 2604 4384 eum
2657 4326 3000 4389 accedentes,
3036 4324 3085 4377 id
3127 4332 3213 4378 est
3261 4324 3313 4377 in
3363 4338 3488 4377 eum

1915 4427 2204 4481 credentes
2233 4433 2286 4479 et
2316 4422 2747 4478 benedictionem
2773 4419 2841 4473 ab
2872 4432 2938 4471 eo
2965 4428 3272 4486 quaerentes
3303 4429 3490 4469 susce-

232 4526 431 4581 alienus
454 4534 547 4580 est
575 4540 607 4576 a
638 4520 893 4585 Domino,
925 4530 982 4573 et
1010 4519 1128 4587 ipse
1151 4526 1238 4571 est
1264 4517 1484 4585 iniquus
1503 4514 1695 4583 judex,
1719 4516 1810 4583 qui
1847 4513 1890 4567 D
1922 4528 2140 4588 pturum
2178 4526 2234 4571 et
2263 4516 2370 4570 illis
2398 4515 2808 4569 benedicturum
2848 4509 3167 4566 declaravit.
3210 4527 3228 4561 ι
3271 4506 3488 4562 Tertul-

236 4636 263 4673 ι
286 4620 512 4674 Domino
545 4618 733 4671 dictus
754 4624 863 4679 est,
890 4613 1149 4681 quoniam
1176 4609 1344 4664 Deum
1372 4625 1474 4662 non
1506 4608 1718 4661 timebat
1741 4609 1809 4672 ³⁸,

238 4730 400 4781 neque
432 4712 721 4766 hominem
764 4707 1144 4768 reverebatur,
1182 4704 1245 4755 ad
1284 4716 1444 4771 quem
1481 4701 1621 4771 fugit
1652 4701 1811 4755 vidua

232 4807 391 4858 oblita
438 4804 561 4865 Dei,
600 4812 825 4853 terrena
878 4796 1179 4851 Jerusalem
1236 4796 1304 4849 ad
1333 4794 1706 4848 ulciscendum
1742 4792 1812 4845 de

235 4897 465 4949 inimico.
490 4893 653 4959 Quod
682 4900 737 4944 et
770 4888 941 4942 faciet
967 4889 1020 4940 in
1055 4896 1299 4955 tempore
1318 4884 1469 4953 regni
1494 4884 1613 4937 sui:
1636 4891 1814 4935 trans-

234 4988 360 5042 feret
390 5000 621 5054 regnum
653 4982 707 5035 in
748 4996 870 5034 eam
912 4990 967 5034 et
1011 4979 1063 5032 in
1092 4979 1292 5046 templo
1321 4977 1415 5030 Dei
1447 4976 1622 5041 sedet,
1650 4976 1811 5028 sedu-

233 5095 355 5134 ceas
381 5091 481 5133 eos
505 5075 601 5145 qui
634 5076 868 5128 adorant
890 5086 1041 5137 eum,
1069 5069 1227 5140 quasi
1258 5070 1375 5137 ipse
1396 5069 1470 5122 sit
1494 5066 1802 5122 Christus.)

235 5174 569 5241 Hieronymo
604 5178 763 5233 teste,
804 5165 1098 5220 Milleuarii
1142 5164 1357 5218 Judazos
1403 5161 1803 5216 Antichristum

235 5275 559 5327 secuturos,
592 5276 658 5316 ac
704 5270 899 5329 postea
938 5258 1090 5311 illum
1135 5256 1432 5310 relicturos
1465 5253 1802 5308 sentiebant.

236 5356 357 5410 Illud
395 5357 545 5409 enim
567 5354 734 5419 Osee,
759 5353 1019 5407 reducam
1040 5366 1178 5413 eam,
1203 5363 1270 5403 ex
1300 5363 1422 5416 cap.
1456 5362 1517 5408 ιι,
1548 5347 1637 5411 14,
1670 5344 1810 5399 refe-

239 5453 418 5503 rebant
442 5450 512 5501 ad
538 5446 862 5502 Antichristi
889 5453 1124 5510 tempus,
1150 5451 1207 5493 ut
1237 5442 1327 5511 qui
1361 5439 1562 5492 Christi
1592 5455 1699 5492 non
1726 5454 1811 5492 re-

240 5542 457 5605 ceperint
514 5540 816 5599 reritatem,
861 5535 1016 5587 illius
1068 5533 1325 5599 recipiunt
1376 5531 1730 5597 mendacium,
1761 5540 1809 5584 et

240 5645 408 5696 postea
438 5631 644 5685 Christo
670 5632 983 5685 advenien'e
1005 5626 1294 5680 salvantur.

300 5781 345 5809 ”
370 5776 523 5833 Joan.
557 5795 610 5847 γ,
637 5780 723 5835 4³5.
804 5780 849 5813 ³³
875 5777 1014 5833 Luc.
1048 5788 1209 5841 XHII,
1233 5772 1289 5827 2.
1370 5769 1703 5837 “habent,
1740 5770 1791 5825 4.

1920 4612 2099 4665 lianus
2134 4611 2201 4663 ad
2229 4610 2374 4663 hunc
2402 4608 2580 4662 locum
2619 4606 2813 4661 citatus
2843 4605 2958 4658 haac
2993 4605 3060 4658 de
3097 4601 3338 4656 Judaicze
3367 4614 3494 4669 gen-

1921 4705 1992 4758 tis
2042 4703 2224 4756 t'utura
2266 4700 2623 4755 conversione
2659 4697 2945 4751 intellexit.

1990 4793 2117 4847 Haec
2160 4791 2475 4847 conﬁrmari
2511 4800 2737 4858 possunt
2763 4789 2872 4843 alio
2892 4804 2955 4843 ex
2984 4786 3128 4851 loco,
3158 4785 3247 4839 ubi
3271 4781 3493 4853 Trypho

1924 4886 2033 4951 his,
2070 4901 2193 4954 qua:
2226 4899 2291 4937 ex
2319 4882 2535 4937 Justino
2569 4881 2819 4935 audierat
2848 4879 2914 4933 de
2947 4892 3085 4931 nova
3121 4873 3366 4930 terrestri
3396 4869 3489 4926 Je-

1917 4977 2155 5033 rusalem
2199 4977 2397 5030 mirum
2450 4976 2503 5029 in
2563 4973 2780 5028 modum
2828 4972 3153 5031 delectatus,
3195 4964 3490 5034 quaeritan

1914 5083 2042 5123 vere
2071 5076 2126 5121 et
2150 5081 2218 5120 ex
2254 5067 2435 5119 animo
2464 5062 2710 5119 Justinus
2743 5064 2815 5116 ita
2859 5061 3074 5115 locutus
3116 5055 3281 5111 fuerit
3311 5070 3325 5109 :
3354 5053 3493 5107 Εἰπὲ

1913 5159 1973 5213 δέ
2021 5174 2152 5229 μοι’
2198 5156 2411 5228 ἀληθῶς
2457 5157 2612 5227 ὑμεῖς
2657 5151 3136 5223 ἀνοικοὼμηθῆναι
3190 5146 3280 5201 τὸν
3330 5148 3493 5200 τόπον

1923 5254 2090 5325 Ἰερου
2098 5254 2278 5326 σαλὴμ
2294 5252 2480 5306 τοῦτον
2495 5252 2824 5323 ὁμολογεῖτε,
2844 5249 2938 5304 καὶ
2956 5242 3382 5316 συναχθήσεσθαι
3399 5239 3497 5294 τὸν

1913 5346 2042 5400 λαὸν
2092 5346 2244 5417 ὑμῶν
2276 5346 2372 5399 σὺν
2399 5343 2477 5414 τῷ
2495 5342 2715 5413 Χριστῷ
2740 5342 2855 5411 ἅμα
2880 5342 2990 5402 τοῖς
3012 5336 3374 5407 πατριάρχαις
3397 5332 3492 5387 καὶ

1908 5441 2022 5503 τοῖς
2045 5439 2372 5510 προφήταις,
2399 5437 2493 5490 καὶ
2516 5438 2627 5499 τοῖς
2658 5434 2766 5487 ἀπὸ
2794 5432 2886 5486 τοῦ
2917 5430 3184 5502 ἡμετέρου
3221 5427 3430 5495 γένους,
3454 5422 3488 5493 ἢ

1911 5531 2143 5584 καὶτῶν
2183 5528 2538 5602 προσηλύτων
2589 5526 2893 5597 γενομένων
2938 5524 3067 5594 πρὶν
3114 5521 3287 5577 ἐλθεῖν
3336 5518 3491 5589 ὑμῶν

1915 5624 2002 5677 τὸν
2053 5623 2284 5693 Χριστὸν
2325 5622 2690 5692 προσδοκᾶτε,
2736 5619 2767 5689 ἢ
2822 5620 2907 5673 ἵνα
2947 5616 3101 5689 δόξῃς
3144 5611 3491 5685 περικρατεῖν
