3932 6258
500 372 572 429 95
1445 371 1502 426 S'.
1536 366 1870 425 JUSTINUS
1901 358 2382 420 PHILOSOPHUS
2418 358 2505 415 ET
2538 358 2851 415 MARTYR.

3689 376 3784 433 96

499 492 657 563 ἡμῶν
701 492 759 544 ὲν
799 494 918 554 ταῖς
968 490 1257 562 ζητήσεσι,
1291 490 1425 563 πρὸς
1473 492 1533 544 τὸ
1572 492 1742 545 ταῦτα
1787 491 2037 561 ὁμολογεῖ

2167 492 2221 538 et
2251 498 2440 537 omnes
2470 497 2691 552 prorsus
2722 480 3058 551 principatus
3087 486 3136 534 et
3167 486 3464 549 potestates
3497 486 3707 535 terra.
3736 496 3776 536 υ

499 581 819 654 ἐχώρησας;
857 600 875 632 ι
938 580 1042 635 Sed
1094 598 1192 650 age
1236 583 1322 635 die
1359 583 1484 635 mihi
1538 583 1725 637 :Vere
1776 584 1919 636 hunc
1969 596 2065 636 vos

496 669 960 741 Jerosolymorum
997 672 1172 727 locum
1209 672 1567 725 instauratum
1594 674 1657 726 iri
1689 673 1966 740 fatemini;
2000 689 2064 729 ac

499 762 758 830 populum
784 773 1021 817 vestrum
1058 773 1444 834 congregatum
1473 764 1573 829 iri,
1602 774 1657 817 et
1690 781 1812 818 eum
1847 766 2062 821 Christo

499 852 661 909 beate
696 853 967 907 victurum
1002 856 1334 922 exspectatis
1363 871 1467 909 una
1501 871 1621 909 cum
1651 858 1980 925 patriarchis
2010 867 2063 912 et

494 946 798 1015 prophetis,
826 962 888 1001 ac
916 947 1224 1001 hominibus
1245 949 1415 1001 nostri
1444 950 1678 1018 generis,
1706 958 1799 1002 aut
1825 952 1936 1020 qui,
1961 966 2059 1002 an-

498 1046 711 1103 tequam
743 1036 994 1090 Christus
1024 1047 1203 1090 vester
1231 1038 1507 1101 adveniat,
1540 1040 1789 1093 conversi
1822 1040 2054 1107 fuerint;

494 1143 563 1182 an
597 1138 653 1182 ut
685 1145 782 1182 nos
814 1128 1052 1182 videaris
1103 1130 1316 1183 abunde
1368 1128 1420 1181 in
1470 1133 1861 1184 controversiis
1893 1146 2057 1200 supe-

494 1235 640 1283 rare,
678 1235 744 1273 eo
768 1219 1056 1288 confugisti
1089 1229 1145 1271 ut
1178 1222 1289 1273 lucc
1329 1221 1620 1273 fatereris?
1657 1239 1674 1271 ι
1708 1220 2054 1275 Credideram

489 1308 606 1365 hare
642 1311 825 1376 verba,
854 1309 983 1379 πρὶν
1016 1308 1187 1361 ἐλθεῖν
1212 1308 1363 1379 ὑμῶν
1391 1308 1482 1363 τὸν
1505 1306 1756 1379 Χριστόν,
1791 1310 1854 1361 de
1884 1311 2056 1378 primo

487 1399 720 1452 adventu
758 1400 902 1453 dicta
932 1414 1073 1462 esse,
1105 1416 1168 1453 ac
1198 1398 1424 1466 proinde
1452 1413 1571 1465 qnte
1598 1400 1934 1467 praecedunt,
1973 1400 2054 1452 in-

489 1489 777 1557 telligenda
814 1491 880 1544 de
906 1491 1108 1545 Judacis
1138 1506 1435 1560 eorumque
1467 1489 1778 1561 proselytis,
1818 1492 1907 1558 qui
1948 1491 2054 1546 [ide

486 1591 617 1634 ante
644 1582 1081 1636 lnearnationem
1112 1582 1246 1635 salvi
1291 1582 1417 1635 facti
1463 1592 1618 1645 sunt;
1652 1583 1747 1636 sed
1788 1598 1845 1636 re
1881 1598 2049 1637 accu-

487 1676 661 1728 ratius
690 1676 1060 1739 considerata,
1095 1674 1436 1745 Tryphonem
1482 1674 1719 1728 locutum
1760 1689 1883 1729 esse
1923 1684 2050 1743 puto

485 1769 549 1819 de
582 1767 819 1839 secundo
848 1766 1080 1818 adventu
1113 1780 1177 1819 ac
1203 1766 1268 1818 de
1311 1764 1532 1817 Jmlaica
1582 1778 1739 1835 gente
1783 1766 1847 1818 ad
1888 1766 2046 1821 Chri-

2167 574 2269 637 Et,
2301 589 2451 625 num.
2489 573 2582 625 121
2616 589 2629 624 :
2664 592 2680 624 ι
2714 571 2820 641 Ipi
2867 571 3027 625 etiam
3067 572 3335 626 daemones
3376 571 3492 636 eius
3520 572 3773 626 nomini

2165 664 2547 731 subjiciuntur,
2575 679 2637 716 ac
2669 663 3003 731 principatus
3031 676 3219 715 omnes
3247 671 3299 715 et
3331 676 3492 731 regna
3526 678 3771 717 nomen

2162 755 2279 825 ejus
2326 770 2488 823 supra
2538 768 2729 807 omnes
2783 752 3069 807 defunctos
3128 750 3505 806 reformidant.
3555 771 3577 805 ι
3640 753 3767 818 Et,

2165 862 2221 901 n.
2255 847 2314 899 ll
2346 861 2360 899 :
2396 864 2415 898 ‹
2455 845 2551 898 Est
2580 844 2724 897 enim
2758 854 2811 898 et
2859 852 2975 898 erat
3018 853 3073 898 et
3103 844 3207 898 erit
3238 844 3395 899 unius
3445 860 3510 899 ac
3562 843 3769 903 solius

2160 935 2263 990 ista
2291 938 2395 999 vis,
2429 937 2584 1004 cujus
2620 937 2705 990 vel
2744 952 2937 991 nomen
2969 935 3306 1006 principatus
3337 937 3513 991 omnis
3547 936 3761 990 refor-

2160 1030 2351 1093 midat,
2386 1031 2673 1083 tabescens
2707 1030 2847 1099 quod
2898 1043 2994 1099 per
3036 1028 3183 1082 illum
3214 1032 3537 1084 evertendas
3571 1030 3675 1085 sit.
3725 1047 3749 1081 ο

2159 1119 2281 1175 Vid.
2316 1137 2369 1175 η.
2406 1120 2527 1173 151.

2229 1212 2359 1266 lllud
2389 1222 2571 1266 autem
2603 1212 2835 1266 maxime
2877 1212 3274 1267 observandum
3315 1225 3396 1267 est
3424 1211 3746 1280 Justinum,

2155 1307 2254 1359 etsi
2304 1304 2445 1358 mille
2477 1320 2648 1359 annos
2683 1305 2976 1373 interponit
3023 1304 3163 1359 inter
3194 1305 3483 1358 secundum
3511 1304 3749 1362 Christi

2156 1398 2468 1458 adventum,
2510 1408 2562 1449 et
2595 1406 2897 1450 extremum
2924 1395 3212 1465 judicium,
3254 1397 3329 1450 sic
3356 1406 3531 1450 tamen
3573 1397 3741 1465 loqui

2154 1487 2335 1540 solere
2368 1488 2523 1556 quasi
2564 1484 2695 1540 nihil
2744 1488 3009 1541 intervalli
3060 1488 3201 1543 inter
3232 1497 3519 1557 utrumque
3552 1504 3741 1543 even-

2152 1587 2266 1631 tum
2313 1578 2635 1632 intercedat.
2667 1577 2893 1639 Judaais,
2945 1594 2998 1630 n.
3044 1577 3133 1641 55,
3180 1579 3407 1633 salutem
3451 1589 3736 1634 aeternam

2151 1670 2501 1724 credentibus
2533 1670 2800 1739 promittit
2838 1670 2892 1722 in
2935 1670 3161 1723 secundo
3199 1670 3444 1734 adventu,
3474 1670 3564 1737 qui
3594 1669 3730 1740 glo-

2151 1760 2322 1812 riosus
2354 1758 2565 1825 futurus
2599 1766 2706 1823 est;
2740 1774 2844 1812 non
2873 1759 3214 1813 credentibus
3239 1770 3498 1813 aeternum
3530 1760 3731 1829 ignem

486 1831 655 1921 stum,
689 1857 818 1910 Elim
851 1856 1180 1919 ministerio,
1225 1856 1616 1929 convertenda,
1650 1865 1703 1910 et
1744 1857 1809 1910 iis
1840 1858 1932 1925 qui
1988 1873 2046 1913 se
2076 1825 2119 1880 Β
2154 1846 2407 1898 minatur-
2439 1845 2529 1899 δῖε
2556 1847 2743 1908 “iam.
2776 1862 2831 1898 η·
2861 1846 2954 1909 45η
2980 1846 3220 1900 multum
3251 1847 3351 1911 all.
3393 1857 3450 1901 υῑ
3484 1864 3629 1901 ’ποτε
3666 1850 3733 1903 in

481 1964 546 2001 ex
583 1949 669 2001 illa
721 1957 881 2018 gente.
924 1960 1051 2002 ante
1094 1947 1394 2016 generalem
1448 1947 1590 1999 illam
1638 1949 2049 2003 conversionem

479 2041 807 2095 Christianis
834 2040 1215 2107 adjunxerant,
1239 2047 1332 2091 aut
1359 2038 1666 2107 adjuncturi
1693 2049 1870 2091 erant.
1897 2039 2048 2105 Quod

479 2132 623 2183 enim
674 2140 1023 2183 concesserat
1074 2128 1340 2193 Justinus,
1398 2130 1451 2183 id
1508 2130 1854 2200 Tryphonem
1901 2141 2047 2186 tanta

479 2215 664 2268 latitia
718 2214 976 2283 perfudit,
1029 2226 1087 2268 ut
1141 2217 1227 2268 vix
1282 2216 1411 2271 illud
1461 2219 1692 2272 credat:
1743 2220 2047 2288 suspicatur

476 2302 749 2359 Justinum
807 2308 876 2359 ita
925 2309 1101 2374 egisse
1156 2308 1349 2361 ﬁducia
1400 2310 1596 2362 virium
1648 2325 1890 2376 suarum,
1941 2329 2044 2366 non

478 2396 622 2462 quod
659 2408 788 2446 vere
816 2404 870 2449 et
898 2410 963 2448 ex
999 2398 1183 2451 animo
1216 2399 1288 2451 ita
1330 2401 1578 2453 sentiret.
1626 2401 1695 2453 At
1727 2402 1968 2470 profecto
1997 2406 2042 2459 si

478 2485 583 2537 hoc
632 2494 838 2537 tantum
892 2489 1251 2542 concessisset
1302 2488 1585 2556 Justinus,
1650 2490 2040 2563 Jerosolymam

476 2574 693 2642 quidem
747 2576 1106 2630 instauratum
1152 2579 1242 2641 iri,
1291 2592 1345 2633 at
1392 2579 1604 2635 Judmos
1658 2582 1713 2635 in
1767 2597 1885 2637 eam
1935 2600 2040 2637 non

475 2664 841 2733 ingressuros,
884 2666 978 2719 sed
1008 2682 1130 2721 cum
1158 2668 1493 2722 Antichristo
1537 2670 1587 2722 in
1622 2685 1889 2723 smumum
1925 2672 2042 2725 exi-

477 2756 608 2809 tium
640 2766 930 2823 venturos;
984 2758 1251 2827 ejusmodi
1298 2763 1481 2828 Opinio
1536 2763 1761 2819 delinire
1788 2765 2037 2836 Trypho-

475 2866 595 2903 nem
629 2865 738 2903 non
771 2850 974 2916 debuit,
1005 2854 1098 2907 sed
1132 2854 1310 2921 potius
1348 2856 1427 2907 ira
1457 2866 1510 2908 et
1540 2855 1694 2909 furiis
1726 2856 2034 2913 incendere.

473 2940 579 2995 Sed
612 2959 732 2995 cum
764 2941 932 2998 Judaei
967 2956 1254 3013 sperarent
1302 2961 1360 3000 se
1395 2946 1698 3001 Jerusalem
1752 2964 1817 3002 ex
1863 2951 2038 3019 capti-

472 3034 668 3096 vitate,
700 3034 753 3086 in
787 3050 947 3102 quam
995 3036 1322 3100 inciderant,
1365 3048 1677 3092 revocatum
1729 3041 1818 3105 iri,
1853 3042 2036 3111 ibique

2150 1940 2375 1990 secundo
2412 1937 2574 2002 ipsius
2610 1936 2808 1989 Christi
2853 1938 3077 1989 adventu
3109 1938 3172 1990 ab
3221 1938 3323 2001 his,
3368 1939 3460 2010 qui
3505 1941 3559 1991 in
3596 1955 3731 1993 eum

2150 2024 2367 2077 credunt
2394 2033 2443 2076 et
2480 2027 2555 2077 ita
2586 2026 2762 2077 vivunt
2796 2035 2849 2077 ut
2880 2026 2980 2095 ipsi
3011 2024 3274 2092 placeant,
3305 2029 3509 2094 penitus
3538 2027 3727 2096 faces-

2148 2125 2251 2179 sat,
2284 2133 2375 2168 nec
2390 2116 2505 2185 jam
2538 2115 2761 2183 amplius
2788 2115 2896 2168 ulla
2927 2118 2992 2168 sit
3014 2155 3028 2180 ,
3059 2133 3179 2168 cum
3227 2117 3319 2169 alii
3359 2119 3413 2170 in
3445 2116 3728 2186 judicium

2146 2218 2193 2261 et
2230 2210 2717 2261 condemnationem
2748 2209 2880 2275 ignis
2918 2219 3161 2275 perpetuo
3198 2209 3471 2261 cruciandi
3498 2210 3728 2261 mitten-

2146 2308 2252 2361 tur,
2281 2299 2372 2351 alii
2406 2317 2518 2352 vero
2550 2300 2915 2368 perpessionis,
2946 2309 2994 2351 et
3018 2303 3392 2368 corruptionis,
3425 2311 3472 2353 et
3508 2302 3719 2355 doloris

2146 2402 2406 2461 expertem
2430 2400 2626 2443 statum
2650 2401 2805 2461 atque
2832 2392 3278 2445 immortalitatem
3307 2402 3719 2463 consequentur.

2145 2479 2282 2536 Hine
2312 2498 2451 2550 smpe
2489 2480 2823 2545 Judzeornm,
2855 2484 2945 2552 qui
2990 2482 3262 2537 Christum
3301 2484 3718 2549 cruciflxerunt,

2146 2590 2324 2629 seram
2358 2578 2411 2627 in
2444 2576 2684 2629 secundo
2716 2578 2945 2628 adventu
2995 2576 3366 2644 pmnitcntiam
3400 2586 3452 2628 et
3484 2576 3719 2632 inutiles

2140 2667 2385 2735 planctus
2420 2675 2828 2721 commemorat.
2871 2667 3013 2735 Agit,
3045 2683 3098 2719 n.
3146 2667 3245 2730 ll,
3279 2667 3345 2721 de
3383 2668 3577 2735 duplici
3613 2672 3722 2722 ad-

2139 2768 2330 2821 ventu,
2363 2774 2592 2826 quorttm
2644 2758 2695 2810 in
2733 2758 2907 2812 altero
2949 2757 3203 2828 plangent
3251 2756 3418 2812 Judmi
3476 2761 3715 2815 interfe—

2139 2859 2319 2904 ctores
2358 2850 2584 2903 Christi.
2621 2850 2704 2911 Et,
2736 2866 2787 2901 n.
2838 2850 2942 2912 52,
2982 2865 3247 2904 revocans
3301 2851 3354 2902 in
3390 2852 3715 2908 memoriam

2138 2953 2201 2991 ea
2231 2954 2459 3006 quaa,n.
2498 2939 2587 3002 14,
2622 2938 2855 3000 dixerat,
2891 2940 2969 2993 sic
3004 2940 3280 3007 loquitur:
3314 2959 3332 2992 ι
3378 2940 3436 2994 Si
3468 2957 3570 2995 non
3602 2958 3711 2997 ex-

2138 3028 2438 3096 posuissem
2487 3029 2757 3096 duplicem
2812 3029 2954 3083 illius
3007 3033 3319 3096 adventum,
3372 3032 3598 3085 alterum
3645 3033 3711 3088 in

471 3135 592 3175 eum
619 3136 682 3176 eo
725 3138 882 3190 quem
933 3126 1037 3178 sibi
1070 3124 1343 3194 fingebant
1372 3127 1587 3180 Christo
1607 3169 1620 3189 ,
1647 3129 1894 3183 omnibus
1931 3132 2033 3183 im-

2142 3133 2244 3186 quo
2274 3120 2575 3187 agnoseetis
2605 3121 2655 3172 in
2690 3136 2849 3187 quem
2882 3123 3201 3192 pupugistis,
3233 3131 3287 3177 et
3318 3124 3573 3192 plangent
3606 3124 3711 3178 tri-

470 3223 756 3283 peraturos
797 3216 1085 3284 gentibus;
1141 3233 1246 3270 non
1295 3221 1467 3287 potuit
1510 3221 1780 3290 Tryphoni
1822 3233 2030 3293 gratum

472 3321 579 3357 non
615 3306 860 3360 accidere
894 3306 1152 3374 quidquid
1194 3307 1258 3359 ad
1294 3308 1431 3363 hanc
1461 3312 1785 3365 sententiam
1816 3327 2034 3367 accom-

469 3395 684 3448 modate
711 3394 957 3451 Justinus
1001 3407 1055 3450 et
1099 3398 1187 3451 alii
1220 3398 1507 3453 Millenarii
1554 3401 1619 3452 de
1648 3400 1847 3456 Judagis
1876 3402 2031 3458 Jero-

468 3485 731 3555 solymam
766 3488 1091 3541 revocandis
1127 3489 1332 3558 opinati
1363 3500 1509 3544 sunt.
1551 3492 1753 3547 Deinde
1788 3510 1914 3549 vero
1944 3512 2032 3552 re-

468 3576 628 3643 spicit
665 3575 882 3645 Trypho
926 3578 992 3631 ad
1038 3592 1098 3629 ea
1130 3594 1249 3646 qua:
1293 3577 1539 3634 Justinus
1585 3582 1816 3643 dixerat.
1850 3602 1901 3638 η.
1936 3586 2029 3651 28,

467 3681 590 3721 eum
614 3667 691 3720 sic
713 3665 927 3721 Judteos
954 3670 1359 3724 adhortaretur.
1399 3690 1417 3721 ι
1459 3671 1536 3726 Ne
1572 3674 1853 3739 dill‘eratis,
1899 3690 2031 3733 neve

468 3758 729 3811 dubitetis
798 3759 962 3822 mihi,
1029 3761 1723 3831 homini’iucircumciso,
1786 3770 2027 3823 credere.

468 3849 639 3903 Breve
666 3851 807 3903 enim
848 3851 952 3905 hoc
982 3854 1131 3907 vobis
1165 3855 1488 3922 relinquitur
1513 3859 1577 3911 ad
1610 3874 1710 3912 nos
1741 3861 2027 3915 accedendi

468 3949 704 4009 tempus.
757 3941 813 3995 Si
873 3943 1119 3997 Christus
1163 3947 1348 3998 venire
1402 3948 1783 4015 occupaverit,
1824 3949 2027 4005 frustra

466 4048 564 4088 vos
614 4034 921 4100 pmnitebit,
964 4034 1165 4087 frustra
1218 4036 1533 4103 plorabitis;
1561 4055 1733 4107 neque
1756 4042 1898 4094 enim
1933 4058 2030 4097 vos

466 4126 742 4181 exaudiet.
780 4144 796 4176 ι
845 4125 967 4179 Haec
1017 4128 1067 4180 in
1119 4128 1376 4180 memoria
1429 4130 1633 4185 habens
1685 4131 1921 4202 Trypho,
1955 4134 2027 4187 ita

465 4231 525 4271 se
574 4219 640 4270 ad
684 4215 883 4269 Justini
938 4218 1139 4272 monita
1189 4220 1585 4286 accommodat,
1638 4232 1696 4277 ut
1732 4240 1795 4276 ex
1829 4223 2027 4279 Judazis

462 4318 590 4361 ante
634 4308 811 4376 gentis
861 4308 1273 4362 conversionem
1326 4313 1553 4365 mortuis
1603 4322 1695 4366 aut
1746 4316 2026 4369 morituris

464 4397 670 4450 nullum
722 4398 774 4450 in
830 4413 1020 4453 novam
1074 4397 1371 4456 Jerusalem
1426 4404 1713 4469 admittat,
1771 4404 1873 4457 nisi
1934 4407 2023 4473 qui

2137 3210 2235 3264 bus
2260 3220 2473 3278 vestrm,
2509 3213 2678 3266 tribus
2718 3215 2781 3266 ad
2816 3214 3015 3267 tribum
3045 3255 3057 3280 ,
3086 3216 3342 3269 mulieres
3375 3230 3615 3270 seorsum
3644 3226 3708 3272 et

2134 3302 2235 3354 viri
2267 3319 2546 3368 seorsum;
2584 3307 2816 3359 obscura
2850 3318 2903 3359 et
2929 3308 3131 3361 incerta
3179 3309 3359 3362 dicere
3398 3310 3627 3364 viderer.
3677 3329 3702 3362 ι

2134 3393 2411 3449 Planctum
2458 3396 2704 3451 Justinus
2750 3415 2852 3452 non
2903 3416 3022 3454 eum
3060 3400 3329 3469 intelligit,
3354 3416 3511 3469 quem
3538 3402 3709 3455 edent

2132 3484 2300 3540 Judaei
2363 3488 2427 3540 ad
2479 3489 2752 3542 Christum
2813 3494 3153 3554 accedentes,
3186 3492 3277 3545 sed
3320 3492 3607 3560 ploratum,
3639 3502 3705 3547 et

2132 3576 2386 3647 ejulatus,
2422 3595 2557 3648 quos
2584 3582 2887 3644 Christum,
2913 3584 2958 3634 si
2987 3584 3160 3635 venire
3183 3586 3504 3651 ocnpaverit,
3530 3599 3704 3637 exau-

2132 3673 2369 3724 diturum
2403 3684 2584 3741 negat,
2618 3689 2669 3726 n.
2698 3673 2788 3727 28.
2818 3674 3079 3727 llortatur
3120 3672 3357 3739 Judaeos,
3394 3693 3448 3730 n.
3479 3676 3597 3739 118,
3629 3688 3698 3730 ut

2131 3766 2507 3833 paenitentiam
2557 3778 2747 3834 agant,
2800 3777 3077 3837 antequam
3134 3769 3303 3822 veniat
3346 3785 3564 3837 magnus
3600 3768 3701 3824 ille

2122 3856 2317 3923 judicii
2364 3858 2496 3917 dies,
2550 3857 2604 3910 in
2637 3874 2737 3925 quo
2784 3858 3035 3925 plangent
3063 3860 3356 3929 quicunque
3384 3875 3447 3913 ea:
3481 3860 3695 3915 illorum

2130 3946 2368 3998 tribubus
2399 3946 2667 3999 Christum
2691 3957 3045 4016 pupugcrunt.
3414 3966 3415 3969 ‘

2203 4034 2423 4088 Videtur
2450 4033 2695 4090 Justinus
2727 4038 3205 4104 idcircojudicium
3236 4048 3534 4093 extremum
3566 4054 3689 4094 cum

2129 4128 2368 4181 secundo
2418 4128 2651 4181 adventu
2702 4128 3051 4199 conjungere,
3105 4132 3353 4197 quamvis
3403 4142 3690 4200 utrumque

2128 4229 2430 4288 separaret,
2459 4221 2606 4287 quia,
2637 4231 2926 4289 antequam
2957 4222 3096 4275 hanc
3129 4222 3194 4275 de
3226 4238 3389 4291 regno
3421 4224 3564 4277 mille
3587 4240 3688 4276 an-

2129 4327 2320 4364 norum
2369 4313 2671 4365 doctrinam
2722 4313 3042 4382 adoptaret,
3072 4314 3145 4367 ita
3176 4314 3321 4383 loqui
3350 4325 3684 4377 assueverat,

2128 4420 2227 4459 nec
2277 4420 2401 4458 eum
2455 4420 2589 4457 nova
2644 4404 2830 4473 Opinio
2881 4422 2908 4458 a
2953 4407 3346 4462 consuetudine
3388 4411 3687 4464 communis

462 4489 679 4544 Christo
708 4505 900 4544 nomen
928 4493 1157 4546 dederit.
1186 4494 1365 4559 Quare
1392 4496 1507 4563 ejus
1533 4496 1713 4557 verba,
1744 4495 1775 4567 ἤ
1801 4496 1892 4549 καὶ
1918 4496 2023 4549 τῶν
2054 4490 2099 4544 Ι)
2130 4498 2394 4551 sermonis
2445 4499 2733 4551 abstraxit.
2765 4496 2883 4549 Non
2932 4500 3075 4551 enim
3123 4499 3420 4553 verisimile
3450 4509 3530 4553 est
3559 4514 3681 4552 eum

462 4578 815 4650 προσηλύτων
844 4582 1169 4651 γενομένων,
1203 4600 1304 4636 non
1339 4586 1402 4637 de
1437 4584 1742 4638 Jndmornm
1784 4595 1907 4638 ante
1941 4586 2027 4638 ln-

462 4671 835 4724 earnationem
888 4672 1178 4742 proselytis
1235 4674 1571 4743 accipienda,
1629 4676 1722 4728 sed
1772 4676 1837 4730 de
1894 4678 2025 4745 ipsis

459 4762 664 4817 Judaais
696 4763 1135 4818 Christianorum
1170 4767 1328 4845 factis
1356 4766 1643 4835 proselytis
1676 4781 1800 4821 ante
1831 4784 2024 4823 secun-

459 4853 587 4907 dum
616 4855 909 4909 adventum
939 4864 1105 4924 atque
1144 4857 1285 4910 illam
1316 4858 1496 4928 populi
1523 4857 1732 4913 Judaici
1762 4862 1861 4915 sub
1894 4861 2023 4916 Elia».

460 4946 765 5002 ministerio
800 4947 1237 5001 conversionem.

530 5036 622 5090 IV.
658 5037 729 5092 Ut
752 5038 819 5091 de
844 5038 1171 5092 Antichristi
1207 5039 1365 5095 bellis
1392 5052 1442 5096 et
1488 5042 1750 5105 victoriis,
1781 5044 1849 5097 ita
1880 5054 1933 5098 et
1957 5045 2023 5100 de

456 5129 658 5197 pinnis,
687 5145 823 5198 quas
849 5132 1099 5187 Christus
1130 5132 1365 5202 gloriose
1403 5147 1433 5186 e
1462 5134 1602 5186 caelo
1626 5136 1918 5191 adveniens
1955 5137 2022 5190 ab

456 5221 795 5277 Antichristo
820 5232 876 5275 et
905 5238 934 5276 a
983 5226 1204 5294 regibus
1250 5242 1372 5279 cum
1419 5226 1756 5280 Antichristo
1796 5228 2021 5294 conjun-

456 5313 561 5367 ctis
590 5314 919 5383 repetiturus
954 5326 1094 5381 erat,
1130 5333 1236 5371 non
1276 5318 1443 5371 multa
1478 5319 1735 5373 habemus
1759 5323 1898 5385 apud
1926 5320 2021 5374 Ju-

456 5400 682 5455 stinum.
717 5401 819 5458 Vix
853 5414 1030 5459 tamen
1078 5407 1301 5460 dubium
1345 5408 1478 5475 quin
1526 5426 1588 5462 ea
1632 5412 1869 5464 senserit
1900 5429 2019 5480 quae

453 5492 695 5549 [renatus
747 5505 804 5549 et
855 5495 1170 5553 Lactantius
1218 5499 1303 5553 his
1346 5501 1414 5553 de
1463 5500 1615 5556 bellis
1664 5515 1718 5557 et
1769 5505 2019 5561 victoriis

456 5583 796 5650 scripserunt
828 5602 840 5637 :
874 5586 949 5640 ait
996 5588 1138 5640 enim
1162 5627 1176 5650 ,
1217 5603 1272 5641 η.
1322 5587 1422 5653 59,
1457 5586 1570 5642 fore
1597 5596 1657 5641 ut
1683 5590 1934 5645 Christus
1965 5592 2015 5645 in

460 5672 701 5741 glorioso
743 5675 976 5730 adventu
1018 5678 1238 5731 excidat
1270 5692 1460 5731 omnes
1504 5678 1773 5735 inimicos.
1813 5699 1831 5732 α
1860 5683 2017 5737 Chri-

456 5772 601 5818 stum
637 5765 958 5821 cruciﬁxum
982 5806 995 5831 ,
1026 5766 1234 5836 inquit,
1267 5782 1319 5821 n.
1364 5766 1452 5835 49,
1488 5774 1721 5823 tremunt
1754 5768 2015 5824 daemonia

2125 4587 2231 4639 duo
2272 4586 2557 4639 admisisse
2593 4586 2824 4652 judicia,
2873 4588 3060 4639 itidem
3102 4597 3160 4639 ut
3193 4588 3557 4651 Lactantium,
3589 4589 3681 4645 lih.

2124 4695 2223 4744 vn,
2252 4695 2303 4734 c.
2333 4679 2422 4745 20,
2451 4681 2681 4748 primqu
2726 4681 2778 4734 in
2811 4682 2927 4748 ipso
2964 4680 3164 4735 Christi
3197 4682 3454 4745 adventu,
3488 4684 3537 4735 in
3576 4696 3681 4750 quo

2116 4772 2499 4840 judicabantur
2543 4772 2583 4825 ii
2624 4782 2847 4838 tantum,
2896 4774 2986 4841 qui
3030 4784 3150 4826 sunt
3202 4775 3256 4826 in
3301 4774 3398 4827 Dei
3439 4774 3680 4843 religione

2122 4862 2331 4926 versati,
2362 4862 2590 4915 alterum
2625 4871 2746 4932 post
2788 4864 2935 4919 mille
2967 4880 3159 4918 annos.

2199 4951 2362 5007 Valde
2398 4955 2585 5008 dubito
2616 4970 2683 5008 an
2717 4957 2821 5010 hac
2858 4957 3007 5023 regni
3060 4958 3262 5011 terreni
3296 4958 3547 5026 opinione
3578 4958 3676 5011 im-

2122 5044 2282 5097 butus
2316 5045 2479 5100 fuerit
2503 5046 2768 5112 Justinus,
2800 5064 2922 5102 cmn
2951 5049 3180 5116 primam
3206 5050 3514 5118 Apologiam
3545 5052 3677 5105 scri-~

2121 5134 2243 5201 psit.
2276 5133 2327 5187 In
2355 5136 2455 5189 hac
2478 5138 2623 5190 enim
2652 5138 2860 5191 nullum
2892 5138 3047 5205 hujus
3071 5141 3363 5193 commenti
3392 5142 3668 5210 vestigium

2123 5226 2357 5294 reperio,
2388 5228 2639 5296 quamvis
2667 5229 2846 5283 multa:
2876 5230 3196 5285 occasiones
3228 5242 3579 5285 occurrerent
3609 5235 3671 5288 de

2121 5317 2205 5371 his
2238 5317 2398 5371 rebus
2441 5319 2772 5383 disserendi,
2811 5321 3080 5390 praecipue
3121 5337 3251 5375 vero
3282 5323 3347 5383 de
3396 5324 3536 5376 tristi
3573 5324 3672 5378 Ro-

2121 5409 2264 5462 mani
2311 5409 2521 5479 imperii
2553 5410 2719 5471 exitu.
2760 5427 2825 5465 ex
2858 5428 2965 5479 qtto
3019 5422 3197 5465 terror
3245 5414 3411 5467 iucuti
3472 5427 3671 5483 poterat

2118 5502 2579 5569 persecutoribus.
2637 5502 2820 5570 Neque
2868 5504 2913 5558 is
2961 5515 3079 5557 erat
3131 5503 3407 5568 Justinus,
3442 5508 3532 5574 qui
3584 5519 3670 5563 aut

2122 5601 2266 5643 metu
2296 5590 2577 5644 veritatem
2612 5592 2998 5657 dissimularet,
3025 5595 3339 5663 autjustam
3372 5596 3665 5651 libertatem

2119 5696 2240 5732 cum
2284 5681 2464 5735 debita
2516 5681 2828 5750 imperatori
2885 5686 3185 5738 reverentia
3236 5686 3530 5739 conciliare
3568 5701 3663 5739 non

2120 5781 2323 5841 posset.
2355 5770 2491 5837 Quin
2520 5773 2685 5829 etiam
2714 5774 2767 5829 in
2802 5774 2902 5830 hac
2932 5775 3185 5845 Apologia
3218 5780 3661 5832 resurrectionem
