3932 6258
170 383 238 439 9⁸1
1294 381 1353 434 D.
1398 377 1659 435 ΜΑΒΛΝΙ
1692 376 1799 431 PR.

1909 376 2089 433 ATIO.
2126 409 2196 418 —
2226 377 2408 433 PARS
2448 378 2513 434 ll.
3427 387 3497 443 98

176 504 438 555 bonorum
476 506 537 552 et
590 498 893 553 malorum
932 507 992 555 et
1030 498 1300 567 judicium
1338 512 1643 556 extremum
1684 516 1806 555 cum
1836 504 1882 560 Δ
1909 499 2229 555 haereditate
2257 509 2598 570 accepturos.
2630 518 2649 553 ι
2701 500 2852 557 Multi
2897 504 3205 572 opinionem
3248 506 3478 564 Milleua

180 590 418 646 secundo
447 589 701 644 adventu
761 592 851 646 sic
906 592 1222 660 coniungit,
1252 602 1309 646 ut
1356 608 1462 647 non
1499 607 1802 647 sermonem
1910 588 2112 642 riorum
2143 590 2365 644 sinistre
2392 604 2613 658 prorsus
2660 592 3005 662 interpretati
3051 607 3198 659 sunt,
3227 599 3353 652 dum
3388 600 3494 655 mi-

194 690 419 745 tantum,
449 680 548 733 sed
592 691 652 734 et
714 683 1079 734 sententiam
1136 697 1477 736 communem
1516 684 1668 753 sequi
1720 685 1803 737 vi—

194 774 398 826 deatur.
430 792 448 822 ι
484 770 637 825 Duos
664 771 831 825 enim
880 772 1038 826 illius
1070 772 1367 839 adventus,
1395 774 1592 844 inquit,
1627 791 1682 831 ιι.
1710 774 1801 838 5'2,

201 864 565 934 praedixerunt
618 862 948 931 prophetat,
997 879 1167 917 unum
1220 867 1310 934 qui
1364 866 1474 936 jam
1528 867 1805 921 exhibitus

213 968 310 1019 est,
341 966 606 1023 tanquam
638 959 913 1030 despecti
959 971 1020 1017 et
1061 959 1336 1032 passibilis
1367 959 1633 1023 hominis;
1669 959 1803 1012 alte-

221 1065 325 1102 rum
351 1059 553 1113 autem,
585 1052 823 1119 quando
858 1068 984 1106 eum
1024 1050 1221 1121 gloria,
1253 1066 1284 1104 e
1322 1050 1476 1105 cmlis
1524 1066 1629 1104 una
1678 1066 1799 1104 cum

221 1140 449 1206 angelico
498 1142 685 1212 ipsius
745 1145 997 1197 exercitu
1059 1148 1391 1197 adventuros
1435 1144 1799 1213 praedicatur,

217 1234 416 1301 quando
439 1242 491 1286 et
515 1249 759 1301 corpora
804 1236 1169 1289 exsuscitabit
1199 1236 1460 1298 omnium,
1491 1235 1800 1304 quicunque

214 1327 557 1391 exstiterunt,
605 1327 931 1394 hominum,
974 1343 1039 1380 ac
1083 1329 1365 1397 dignorum
1411 1328 1628 1396 quidem
1673 1341 1800 1380 cor-

216 1433 342 1485 pora
397 1419 586 1470 induet
633 1420 1098 1485 incorruptione,
1149 1420 1460 1488 iniquorum
1517 1430 1695 1474 autem
1745 1420 1796 1471 in

218 1519 476 1577 perpetuo
523 1524 697 1561 sensu
746 1524 873 1562 cum
927 1511 1111 1579 pravis
1146 1512 1482 1566 dremonibus
1530 1512 1581 1565 in
1616 1511 1796 1579 ignem

220 1614 475 1656 aeternum
500 1604 710 1655 mittet.
746 1620 766 1650 ι

290 1694 531 1759 Quonam
561 1696 618 1749 in
648 1696 770 1749 loco
792 1694 1050 1765 judicium
1080 1695 1147 1748 de
1190 1696 1439 1749 omnibus
1481 1696 1792 1750 hominibus

223 1784 457 1839 facturus
494 1788 568 1840 sit
606 1786 883 1850 Christus,
922 1803 1021 1841 nec
1057 1789 1322 1853 Irenzeus,
1357 1803 1453 1841 nec
1480 1787 1796 1844 Lactantius

1908 695 2010 733 nus
2032 680 2471 734 animadvertunt
2503 680 2800 750 Scriptura;
2830 686 3156 751 testimonia,
3208 689 3259 742 in
3295 692 3492 758 quibus

1905 786 2114 825 summa
2162 786 2341 824 rerum
2387 772 2712 827 ad'victum
2752 785 2807 829 et
2835 776 3040 830 cultum
3095 780 3489 845 pertinentium

1907 861 2081 930 c0pia,
2108 877 2171 916 ac
2205 877 2399 932 magna
2434 864 2665 918 filiorum
2699 867 2984 922 multitudo
3015 870 3379 937 promittitur,
3408 874 3491 927 sic

1906 951 2178 1006 intellecta
2210 969 2237 1006 a
2271 953 2523 1009 Patribus
2565 955 2755 1021 fuisse,
2791 967 2848 1010 ut
2894 960 3194 1027 spiritualia
3238 962 3375 1016 bona
3403 963 3490 1031 ju-

1905 1044 2004 1096 Stis
2034 1044 2307 1107 redivivis,
2339 1061 2599 1113 corporea
2626 1046 2696 1102 iis
2738 1049 3115 1116 attribuerent,
3162 1067 3297 1120 quos
3329 1054 3490 1107 Chri-

1903 1137 2095 1189 stusiu
2134 1145 2274 1189 terra
2305 1138 2454 1191 vivos
2488 1138 2745 1193 inveniet.
2790 1139 2909 1194 Vid.
2957 1143 3381 1197 Adnotationem
3417 1147 3484 1200 ad

1904 1242 1960 1280 ιι.
1990 1227 2080 1280 8|.
2119 1227 2400 1281 Manifesta
2431 1239 2513 1281 eSt
2544 1230 2653 1285 huic
2686 1230 2963 1285 distinctio
3002 1236 3143 1302 apud
3193 1236 3485 1303 Irenaeum,

1902 1320 2013 1388 qui,
2045 1320 2136 1375 lib.
2166 1336 2222 1383 v,
2252 1336 2301 1375 c.
2334 1320 2427 1384 35,
2462 1338 2512 1373 ιι.
2545 1324 2597 1387 1,
2623 1325 2929 1377 testimonia
2965 1324 3261 1395 Scriptura:
3298 1331 3353 1381 in
3406 1347 3491 1384 re-

1899 1412 2272 1463 surrectionem
2303 1424 2600 1478 Justornm.
2631 1416 2741 1466 sine
2790 1418 3145 1469 controversia
3195 1418 3335 1472 dicta
3378 1437 3490 1477 esse

1902 1508 2187 1567 contendit,
2223 1522 2339 1574 quin
2393 1507 2454 1575 ﬁt
2479 1518 2592 1575 post
2636 1510 2919 1563 adventum
2954 1512 3287 1577 Antichristi,
3336 1528 3386 1568 et
3414 1517 3487 1569 il-

1900 1593 1977 1647 los
2019 1612 2148 1662 quos
2203 1596 2462 1650 Dominus
2507 1600 2563 1650 in
2623 1615 2780 1653 carne
2831 1602 3076 1667 inveniet,
3117 1617 3482 1673 exspectantes

1899 1700 2017 1736 eum
2050 1687 2113 1737 de
2143 1687 2307 1749 ralis,
2337 1698 2382 1739 et
2410 1705 2680 1756 perpessos
2714 1690 3128 1758 tribulationem,
3158 1698 3250 1763 qui
3279 1707 3326 1749 et
3350 1699 3489 1766 e/fu-

1900 1787 2083 1844 gernnt
2122 1778 2289 1846 iniqui
2324 1795 2533 1833 manus.
2562 1779 2675 1845 Ipsi
2705 1791 2876 1833 autem
2913 1794 3035 1834 sunt
3069 1786 3133 1837 de
3168 1788 3359 1853 quibus
3408 1788 3486 1839 ait

226 1880 580 1934 dixerunt.At
609 1878 868 1933 Justinus
899 1881 948 1931 id
982 1895 1085 1933 non
1116 1880 1305 1934 tacuit.
1337 1880 1600 1933 Futurum
1646 1884 1793 1933 enim

1909 1868 2155 1932 propheta
2184 1878 2202 1916 :
2235 1865 2301 1918 Et
2330 1868 2564 1919 derelicti
2599 1867 3087 1935 multiplicabuntur
3142 1870 3198 1923 in
3251 1881 3390 1924 terra
3419 1871 3486 1916 ’⁸ο

227 1973 299 2022 ait
357 1970 584 2039 Dialog.,
636 1988 694 2025 ιι.
752 1971 846 2033 40,
890 1982 945 2023 ut
986 1970 1155 2029 Judaei
1195 1971 1247 2023 in
1301 1973 1478 2025 eodem
1526 1973 1801 2042 Jerosoly-

225 2078 425 2113 amnt
453 2065 569 2115 loco
603 2078 730 2117 eum
788 2074 1103 2132 agnoscant,
1126 2076 1286 2134 quem
1317 2065 1640 2118 contumelia
1672 2065 1800 2121 alte-

224 2166 430 2207 terunt.

296 2243 357 2299 ν.
394 2243 511 2298 Non
544 2260 745 2313 magno
772 2256 967 2299 conatu
996 2260 1134 2315 opus
1166 2255 1270 2310 est,
1304 2254 1361 2298 ut
1409 2261 1436 2298 a
1486 2244 1700 2300 Iustino
1750 2256 1805 2300 et

220 2332 419 2387 Irenaeo
467 2345 527 2388 et
576 2336 703 2388 aliis
753 2336 1015 2404 ejusmodi
1096 2336 1473 2405 propulsemus
1539 2336 1801 2404 quidquid

224 2426 367 2493 regni
398 2427 687 2480 terrestris
716 2428 903 2495 Opinio
934 2426 1121 2481 habuit
1171 2429 1403 2481 maxime
1430 2422 1637 2491 'vitiosi,
1670 2427 1805 2482 Sab-

222 2514 361 2577 bata,
386 2516 689 2580 sacrificia,
741 2517 1207 2570 circumcisionem
1249 2528 1300 2570 et
1338 2532 1626 2586 corporeas
1654 2520 1806 2573 volu-

219 2616 410 2674 ptates.
467 2606 612 2672 Quia
663 2617 847 2659 tamen
894 2607 1157 2669 nonnulli,
1204 2608 1254 2660 in
1300 2608 1382 2662 his
1431 2609 1806 2665 Tillemontius

222 2705 345 2750 tam.
372 2697 435 2761 ll,
467 2712 523 2765 p.
561 2696 689 2761 424,
727 2709 920 2767 negant
943 2714 1037 2753 eos
1089 2700 1391 2755 exclusisse
1439 2702 1507 2754 ab
1533 2703 1635 2756 hoc
1661 2712 1805 2756 statu

218 2794 601 2846 necessitatem
652 2794 852 2847 edendi
880 2804 935 2846 et
964 2794 1221 2856 bibendi;
1272 2809 1378 2848 non
1430 2795 1625 2849 leviter
1670 2810 1808 2863 pra:-

223 2883 564 2937 termittenda
608 2897 700 2937 res
732 2893 834 2936 est.
872 2883 1118 2938 Justinus
1158 2885 1390 2955 Dialog.,
1431 2901 1582 2943 num.
1611 2886 1699 2950 51,
1730 2886 1807 2940 ait

220 2973 529 3039 praedixisse
561 2972 868 3036 Christum,
920 2992 974 3027 se
1009 2968 1175 3029 multa
1223 2994 1254 3028 a
1299 2977 1499 3031 Scribis
1529 2987 1576 3031 et
1604 2977 1805 3032 Phari-

221 3066 332 3118 scis
370 3067 484 3132 pati
509 3076 777 3134 oportere,
800 3078 848 3120 et
876 3068 1115 3136 cruciﬁgi
1148 3078 1199 3121 et
1224 3070 1377 3122 tertio
1402 3070 1487 3123 die
1511 3086 1802 3139 resurgere,

223 3170 281 3206 oc
311 3156 576 3221 futurum,
607 3166 665 3208 ut
700 3158 895 3210 iterum
923 3155 1309 3227 Jerosolymam
1343 3161 1558 3225 veniret,
1596 3170 1805 3231 tumque
1830 3187 1875 3249 ο

226 3263 322 3298 una
346 3264 463 3299 mm
490 3248 777 3315 discipulis
801 3249 977 3302 ederet
1005 3264 1069 3303 ac
1107 3250 1321 3316 biberet,
1350 3267 1412 3303 ac
1443 3252 1643 3304 interea
1676 3257 1801 3304 dum

227 3342 428 3400 mirer,
452 3342 509 3390 in
532 3342 706 3407 ipsius
738 3341 949 3393 nomine
978 3342 1275 3394 sacerdotes
1308 3352 1356 3394 et
1386 3343 1650 3411 propheta:
1674 3342 1802 3410 falsi

228 3431 505 3492 prodirent.
540 3429 683 3482 Cum
708 3430 981 3484 Christum
1031 3427 1149 3498 lego
1200 3445 1303 3483 una
1349 3446 1472 3484 cum
1518 3431 1803 3499 discipulis

231 3518 377 3571 edere
405 3532 459 3573 et
485 3520 713 3586 bibere,
748 3538 855 3577 non
888 3533 1066 3578 metuo
1092 3540 1156 3577 ne
1180 3524 1353 3593 justos
1400 3523 1672 3578 redivivos
1717 3538 1805 3579 as-

232 3612 417 3677 tringat
436 3611 693 3666 Justinus
721 3614 1038 3681 quotidiana
1066 3616 1172 3669 cibi
1198 3624 1253 3669 et
1280 3626 1442 3684 potus
1468 3615 1800 3683 indigentia;

231 3702 312 3754 sed
370 3702 691 3771 spirituales
751 3703 979 3757 delicias
1014 3704 1273 3773 intelligo,
1299 3706 1497 3772 quibus
1526 3703 1803 3758 Christum

232 3790 278 3845 in
318 3809 450 3845 nova
492 3793 801 3848 Jerusalem
843 3794 1029 3863 justos
1074 3804 1381 3863 potaturum
1433 3795 1800 3849 existimabat.

232 3882 589 3951 Spiritualiter
640 3885 785 3938 enim
835 3884 1085 3953 intelligit
1135 3884 1261 3937 illud
1299 3883 1526 3951 Christi,
1567 3902 1622 3939 n.
1655 3886 1801 3941 19.0:

236 3972 439 4029 Venient
479 3980 626 4029 enim
658 3976 723 4029 ab
752 3974 973 4030 Oriente
1016 3986 1063 4029 et
1108 3976 1390 4029 Occidente
1426 3985 1474 4029 et
1504 3977 1803 4030 recumbent

230 4083 332 4119 me
358 4068 655 4133 Abraham,
681 4079 730 4120 et
757 4065 937 4130 Isaac,
957 4076 1005 4120 et
1026 4066 1188 4120 Jacob
1218 4067 1271 4119 in
1294 4082 1452 4135 regno
1470 4066 1715 4122 malorum
1734 4070 1802 4126 ³⁷.

234 4157 391 4213 Vitam
418 4162 491 4215 ab
514 4160 665 4214 omni
697 4161 1048 4227 corruptione
1082 4160 1377 4216 immunem
1408 4164 1459 4214 in
1499 4162 1602 4215 hoc
1634 4171 1805 4215 terre-

231 4267 294 4306 no
339 4269 506 4322 regno
556 4251 849 4321 promittit,
897 4267 1047 4304 num.
1109 4251 1198 4316 24,
1244 4253 1332 4307 ubi
1384 4253 1463 4307 sic
1512 4252 1801 4321 loquitur:

235 4361 253 4392 ι
282 4347 476 4399 Adeste
500 4344 661 4408 mihi,
698 4358 909 4408 omnes,
935 4342 1027 4412 qui
1051 4342 1253 4399 timetis
1297 4346 1486 4408 Deum,
1526 4345 1617 4413 qui
1668 4345 1805 4397 bona

230 4437 517 4494 Jerusalem
548 4438 737 4492 videre
768 4438 989 4506 cupitis.
1023 4436 1232 4500 Venite,
1268 4437 1591 4490 accedamus
1625 4436 1690 4489 ad
1724 4436 1806 4487 lu-

1908 1956 2059 2010 Haud
2086 1957 2305 2011 dubium
2339 1960 2465 2026 quin
2498 1961 2794 2027 postremis
2849 1961 3011 2014 etiam
3057 1962 3321 2016 attribuat
3366 1979 3486 2032 qua:

1907 2056 2208 2115 sequuntur
2233 2050 2371 2115 apud
2395 2048 2587 2103 Isaiam
2622 2066 2749 2113 va,
2793 2052 2886 2113 21,
2917 2067 3143 2120 quaeque
3176 2053 3334 2121 paulo
3363 2066 3488 2110 ante

1906 2138 2066 2191 citata
2095 2138 2161 2193 ab
2190 2139 2395 2193 Irenaeo
2420 2140 2636 2195 fuerant
2668 2158 2684 2196 :
2721 2142 2785 2194 Et
2816 2143 3151 2210 mdiﬁcabunt
3191 2147 3396 2211 domos,
3437 2156 3487 2198 et

1904 2229 2005 2299 ipsi
2058 2230 2432 2284 inhabitabant
2461 2242 2509 2284 et
2537 2234 2871 2300 pastinabunt
2908 2235 3080 2288 vineae
3105 2246 3153 2288 et
3192 2239 3483 2290 manduca-

1907 2322 2050 2374 bunt.
2075 2320 2252 2388 Quare
2278 2338 2396 2391 quae
2425 2326 2489 2377 de
2526 2325 2687 2393 justis
2736 2342 2857 2379 cum
2915 2327 3135 2381 Christo
3174 2327 3486 2384 bibentibus

1906 2412 1973 2466 de
2022 2414 2292 2483 genimine
2341 2416 2468 2469 vitis
2515 2416 2648 2471 dicit
2688 2417 2949 2484 lrenznus,
2978 2435 3028 2473 c.
3082 2420 3172 2483 55,
3220 2438 3272 2473 ιι.
3313 2439 3351 2485 ι,
3382 2438 3485 2477 non

1907 2510 2013 2556 tam
2047 2504 2175 2557 mihi
2208 2507 2460 2559 videntur
2492 2510 2866 2576 quotidianum
2898 2511 3003 2564 cibi
3033 2521 3089 2564 et
3135 2524 3293 2580 potus
3346 2515 3488 2567 indi-

1908 2608 2033 2648 care
2065 2612 2217 2648 usum
2250 2598 2317 2649 ad
2350 2596 2679 2650 iniciendam
2714 2600 3089 2669 indigentiam,
3127 2617 3286 2670 quam
3317 2602 3487 2657 facul-

1909 2695 2073 2739 tatem
2095 2688 2285 2742 edendi
2310 2698 2360 2742 et
2389 2689 2622 2749 bibendi,
2650 2692 2863 2758 qualem
2884 2690 3133 2745 Christus
3160 2692 3345 2746 habuit
3367 2702 3488 2762 post

1908 2781 2431 2849 resurreCtionncm,
2456 2783 2523 2835 ad
2553 2782 2734 2836 carnis
2764 2784 3050 2837 veritatem
3087 2786 3457 2841 astruendam.

2488 2914 2715 2971 CAPUT
2756 2914 2891 2970 Xlll.

1908 3024 1984 3079 De
2021 3025 2286 3079 nonnullis
2309 3026 2363 3079 in
2396 3024 2609 3099 Iustino
2637 3042 2906 3099 perperam
2944 3027 3267 3099 reprehensi:
3280 3044 3299 3092 ;
3331 3038 3486 3099 atque

1977 3106 2155 3148 utrum
2186 3112 2246 3147 ea
2274 3112 2391 3165 qua:
2424 3097 2604 3148 merito
2634 3096 3089 3161 reprehenduntur
3120 3096 3263 3152 illius
3296 3096 3484 3152 aucto-

1977 3167 2184 3218 ritatem
2212 3167 2267 3218 in
2291 3166 2413 3217 aliis
2444 3166 2597 3216 rebus
2628 3167 2889 3219 minuant.

1904 3273 1941 3323 Ι.
1966 3275 2123 3324 Leves
2146 3277 2397 3323 nonnullae
2423 3275 2840 3336 reprehensiones
2860 3275 3024 3322 obiter
3063 3275 3377 3332 refelluntur.
3415 3276 3478 3327 Π.

1965 3340 2039 3386 Au
2082 3338 2260 3384 merito
2294 3339 2517 3399 Justinus
2558 3336 2823 3399 laudaverit
2874 3344 3133 3399 martyres,
3178 3340 3261 3398 qui
3290 3351 3483 3399 scipsos

1964 3399 2267 3446 obtulerunt.
2300 3398 2379 3445 Ill.
2408 3397 2648 3445 Nonnulla
2678 3404 2837 3444 errata
2878 3398 3057 3445 Justini
3084 3397 3482 3457 ejus’auctorita-

1965 3465 2065 3507 tem
2092 3460 2315 3506 minuere
2355 3472 2452 3505 non
2496 3458 2699 3505 debent.
2743 3457 2822 3504 1V.
2851 3458 3050 3506 Frustra
3075 3460 3133 3508 ad
3157 3460 3480 3510 evertendam

1967 3522 2281 3569 traditionem
2302 3518 2527 3581 objicitur
2544 3516 2710 3579 opinio
2743 3519 2805 3567 de
2826 3532 2983 3581 regno
3007 3518 3146 3570 mille
3166 3534 3421 3572 annorum.

1975 3621 2014 3675 Ι.
2062 3620 2292 3688 Tempus
2317 3630 2490 3674 terere
2514 3635 2620 3674 non
2661 3620 2787 3674 libet
2834 3621 2886 3675 in
2940 3622 3217 3677 nonnullis
3258 3625 3483 3679 uberius

1905 3710 2239 3774 refellendis,
2264 3723 2384 3777 quae
2414 3710 2658 3764 censoris
2696 3712 3015 3765 malevolum
3042 3714 3218 3780 potius
3242 3714 3481 3769 animum

1906 3805 2200 3869 declarant,
2222 3792 2395 3874 quam
2437 3820 2643 3871 naevum
2674 3814 2976 3872 opportune
3018 3807 3339 3875 castigatum
3387 3824 3480 3860 ar-

1905 3906 2093 3966 guunt.
2118 3894 2389 3950 Justinum
2424 3895 2637 3949 vellicat
2671 3894 2716 3948 .I.
2750 3894 3122 3963 Barbeyracus
3150 3899 3203 3950 in
3231 3898 3373 3952 libro
3407 3898 3483 3953 De

1905 3992 2145 4045 doctrina
2174 3990 2361 4044 morali
2389 3987 2610 4043 Patrum
2637 3986 2909 4051 Ecclesiae.
2945 3990 3085 4056 quod
3142 3990 3225 4044 his
3277 3990 3480 4045 Christi

1907 4082 2086 4137 verbis
2114 4101 2127 4136 :
2164 4080 2245 4136 Ne
2267 4081 2463 4150 juretis
2494 4079 2725 4143 omnino,
2771 4076 2915 4130 nulla
2948 4092 3173 4146 prorsus
3204 4082 3483 4148 exceptio-

1906 4186 1974 4225 ne
2000 4170 2265 4225 restrictis
2290 4169 2442 4237 Apol.
2483 4169 2528 4231 Ι,
2557 4184 2708 4222 num.
2734 4167 2818 4233 16,
2855 4184 2977 4221 cum
3004 4167 3119 4235 ipse
3147 4167 3200 4220 in
3226 4169 3481 4238 ambiguo

1906 4262 2206 4329 reliquerit,
2230 4257 2800 4326 utrumjusjurandum
2825 4259 2989 4311 etiam
3039 4258 3359 4326 gravissima
3414 4259 3481 4311 de

1906 4367 2068 4408 causa
2118 4351 2413 4420 legitimmn
2471 4349 2705 4410 duxerit,
2754 4358 2864 4401 tum
2898 4349 3189 4417 gentilibus
3226 4348 3481 4402 credendi

1910 4442 2084 4497 locum
2110 4440 2317 4494 dederit
2342 4438 2726 4506 jusjurandum
2752 4453 2780 4491 a
2808 4437 3022 4493 Christo
3049 4452 3269 4504 prorsus
3296 4437 3483 4491 subla-

232 4545 336 4583 αῐιι
380 4529 631 4591 Domini;
685 4529 942 4582 libefaVit
1002 4529 1148 4583 enim
1201 4528 1455 4597 populum
1494 4543 1674 4591 suum,
1702 4528 1799 4581 do-
1830 4542 1874 4597 ι)
1907 4545 2017 4587 tum
2048 4543 2100 4586 et
2124 4531 2467 4586 interdictum
2503 4529 2692 4582 fuisse.
2726 4529 2974 4597 Magnum
3023 4544 3154 4583 sane
3198 4531 3471 4598 piaculum

232 4639 362 4677 mum
388 4621 583 4678 Jacob.
618 4619 833 4685 Venite,
852 4634 1041 4676 omnes
1062 4632 1271 4690 gentes,
1320 4623 1708 4676 conveniamus
1738 4622 1792 4676 in

232 4713 540 4778 Jerusalem,
568 4729 690 4781 quae
744 4729 850 4766 non
905 4712 1133 4782 amplius
1185 4722 1524 4782 expugnatur
1570 4721 1795 4781 propter

234 4818 436 4873 peccata
469 4806 815 4875 populorum.
846 4823 866 4856 ι
895 4804 978 4866 Ει,
1014 4819 1068 4857 n.
1099 4804 1200 4858 159
1226 4818 1239 4854 :
1279 4820 1297 4853 ι
1326 4802 1575 4857 Christus
1599 4818 1795 4857 secun-

235 4900 344 4951 dum
364 4896 754 4966 omnipotentis
783 4896 962 4949 Patris
985 4897 1240 4948 virtutem
1281 4894 1380 4961 ipsi
1417 4894 1668 4948 traditam
1698 4894 1794 4945 ad-

236 4991 387 5048 venit,
404 5004 466 5041 ac
494 4988 549 5041 in
570 4987 956 5049 amicitiam,et
979 4983 1425 5049 benedictionem,
1453 4994 1506 5037 et
1527 4986 1793 5054 poeniten-

236 5081 369 5143 tiam,
400 5087 454 5131 et
479 5078 789 5131 convictum
834 5089 1057 5139 vocans,
1086 5074 1321 5127 futuram
1350 5074 1402 5126 in
1430 5074 1615 5127 eadem
1649 5084 1793 5126 terra

233 5179 527 5222 sanctorum
582 5169 825 5219 omnium
868 5165 1286 5234 possessionem,
1330 5172 1387 5215 ut
1427 5161 1540 5229 jam
1573 5163 1795 5217 demou-

234 5270 445 5312 stratum
472 5267 580 5322 est,
610 5258 879 5327 promisit.
909 5254 1057 5309 Unde
1087 5259 1414 5324 quacunque
1463 5268 1530 5306 ex
1570 5252 1793 5322 regione

234 5354 333 5407 site
358 5352 655 5414 servi,sive
683 5350 861 5412 liberi,
891 5344 1178 5402 credentes
1201 5348 1253 5401 in
1282 5345 1576 5411 Christum,
1602 5353 1656 5396 et
1701 5358 1795 5397 eo-

237 5460 359 5509 rum,
396 5459 519 5513 quae
575 5453 685 5497 tum
732 5444 799 5497 ab
839 5443 983 5511 ipso,
1041 5451 1153 5494 tum
1202 5455 1232 5494 a
1279 5438 1560 5509 prophetis
1595 5439 1792 5491 tradita

236 5548 363 5602 sunt,
386 5538 670 5591 veritatem
698 5543 1085 5605 agnoscentes,
1116 5534 1292 5587 sciunt
1341 5546 1399 5586 se
1447 5545 1550 5584 una
1576 5545 1698 5583 cum
1727 5542 1793 5583 eo

238 5632 284 5683 ta
309 5628 390 5683 illa
413 5638 552 5682 terra
580 5630 807 5695 futuros,
845 5638 903 5682 et
933 5634 1144 5680 aeterna
1186 5639 1248 5679 ac
1289 5624 1605 5695 incorrupta
1649 5620 1791 5677 bona

307 5808 341 5839 ⁸⁷
369 5808 551 5864 Matth.
584 5822 699 5872 vni.
736 5810 818 5865 11.
904 5804 951 5838 ’⁸
980 5803 1110 5860 lsai.
1135 5803 1307 5869 v1,12.

1896 4645 1925 4682 a
1985 4628 2043 4682 S.
2095 4637 2338 4695 martyre
2394 4624 2714 4686 admissum,
2780 4623 3069 4693 magnique
3117 4623 3322 4677 erroris
3357 4624 3482 4677 data

1894 4720 2113 4775 occasio
2142 4716 2453 4786 gentilibus,
2485 4715 2630 4783 quod
2671 4729 2764 4783 per
2812 4712 2998 4767 Jovem
3044 4712 3235 4781 jurare
3287 4713 3480 4767 solitos

1898 4827 2003 4865 non
2029 4809 2275 4864 docuerit
2299 4808 2495 4877 quibus
2514 4806 2643 4859 locis
2660 4816 2710 4859 et
2742 4805 3069 4873 temporibus
3086 4804 3271 4871 jurare
3299 4803 3481 4858 liceat.

1895 4902 2147 4971 quodque
2195 4900 2300 4953 illis
2340 4898 2674 4965 persuaserit
2725 4896 3061 4949 Christianos
3111 4894 3313 4948 Christi
3348 4909 3485 4959 prae-

1895 5005 2050 5062 cepto
2068 5006 2280 5061 parere,
2302 4991 2426 5042 dum
2448 5004 2513 5043 ne
2546 4987 2882 5056 gravissimis
2911 4986 3122 5055 quidem
3149 4984 3483 5039 cruciatibus

1898 5086 2089 5139 adduci
2130 5092 2375 5152 possunt,
2397 5091 2453 5134 ut
2483 5096 2577 5149 per
2605 5079 2878 5132 fortunam
2899 5075 3345 5141 Czesarisjurent.
3372 5073 3477 5129 Sed

1900 5185 2078 5230 tamen
2109 5174 2313 5228 Christi
2347 5173 2508 5227 verba
2538 5188 2646 5226 non
2674 5171 2888 5237 videtur
2917 5165 3164 5218 Justinus
3209 5168 3327 5218 sine
3371 5165 3477 5219 ulla

1895 5282 2119 5336 prorsus
2140 5264 2459 5334 exceptione
2481 5262 2751 5330 accipere.
2779 5259 2869 5312 Sic
2886 5257 3027 5309 enim
3057 5255 3200 5308 illius
3220 5256 3283 5308 de
3303 5254 3502 5322 jureju-

1896 5359 2065 5411 rando
2109 5364 2437 5426 praeceptum
2471 5353 2680 5407 refert:
2713 5350 2849 5423 Περὶ
2883 5351 2939 5403 δὲ
2990 5349 3081 5402 τοῦ
3131 5349 3204 5419 μὴ
3256 5347 3481 5419 ὀμνύναι

1894 5448 2059 5511 ὅλως,
2109 5444 2317 5515 τάληοῆ
2386 5443 2442 5496 δὲ
2493 5442 2669 5509 λέγειν
2729 5441 2815 5494 ἀεὶ
2842 5480 2856 5504 ,
2914 5440 3086 5502 οὕτως
3146 5438 3479 5511 παρεκελεύι

1896 5534 2044 5590 σάτον
2077 5536 2172 5603 Μὴ
2208 5534 2465 5603 όμόσητε
2508 5531 2680 5596 ὅλως⁸
2730 5532 2884 5584 ἔστω
2915 5529 2983 5582 δὲ
3014 5527 3179 5599 ὑμῶν
3234 5529 3300 5581 τὸ
3355 5527 3478 5593 ναι,

1892 5628 2012 5693 ναι,
2048 5627 2145 5682 καὶ
2179 5626 2244 5680 τὸ
2277 5624 2370 5689 οῦ,
2402 5623 2494 5689 οὔ,
2530 5632 2637 5679 etc.
2677 5640 2695 5675 ι
2726 5621 2806 5679 Ne
2864 5631 3047 5678 autem
3088 5621 3333 5690 juremus
3358 5633 3475 5674 om-
